Datum,<15_m,<15_w,15-24_1_m,15-24_1_w,25-34_1_m,25-34_1_w,35-44_1_m,35-44_1_w,45-54_1_m,45-54_1_w,55-64_1_m,55-64_1_w,65-74_1_m,65-74_1_w,75-84_1_m,75-84_1_w,>84_1_m,>84_1_w,<24_2_m,<24_2_w,25-34_2_m,25-34_2_w,35-44_2_m,35-44_2_w,45-54_2_m,45-54_2_w,55-64_2_m,55-64_2_w,65-74_2_m,65-74_2_w,75-84_2_m,75-84_2_w,>84_2_m,>84_2_w,bp_1,bp_2,mo_1,mo_2,az_1,az_2,ja,unb_1,unb_2
2021-09-16T23:59:59+02:00,4833,4520,41516,39929,55307,47959,59834,56382,71885,70427,86727,84947,60209,64346,39210,50502,12121,21624,37380,35897,51591,43949,56450,52283,68087,65895,82771,80850,58040,61823,37913,48716,11725,20864,646265,604890,79234,75925,110020,103848,36717,49,57
2021-09-15T23:59:59+02:00,4773,4463,41314,39697,55101,47701,59650,56194,71757,70293,86623,84855,60169,64298,39182,50474,12113,21603,37203,35736,51448,43760,56328,52160,67992,65805,82686,80765,58000,61797,37891,48695,11722,20850,644674,603825,79232,75924,110020,103848,36290,49,57
2021-09-14T23:59:59+02:00,4745,4439,41194,39572,54978,47609,59561,56080,71660,70203,86547,84796,60149,64271,39163,50460,12107,21597,37130,35661,51362,43707,56259,52091,67917,65744,82629,80728,57983,61771,37876,48675,11716,20842,643909,603416,79232,75924,110020,103847,35926,49,57
2021-09-13T23:59:59+02:00,4717,4424,41097,39462,54886,47513,59497,55978,71585,70150,86504,84754,60118,64239,39155,50447,12103,21591,37059,35596,51276,43647,56201,52025,67851,65709,82589,80702,57962,61745,37867,48661,11715,20834,643192,602977,79227,75874,110019,103832,35738,49,57
2021-09-12T23:59:59+02:00,4708,4410,41066,39435,54867,47490,59473,55948,71558,70120,86489,84734,60110,64231,39153,50444,12101,21587,37022,35567,51257,43628,56176,52006,67832,65680,82566,80682,57949,61731,37861,48647,11715,20832,642986,602764,79218,75869,110018,103830,35658,49,57
2021-09-11T23:59:59+02:00,4699,4408,41050,39409,54839,47463,59454,55932,71535,70109,86478,84726,60109,64228,39152,50443,12101,21585,37004,35556,51236,43608,56163,51994,67810,65670,82553,80678,57947,61730,37859,48647,11715,20831,642889,602717,79218,75868,110018,103830,35551,49,57
2021-09-10T23:59:59+02:00,4654,4369,40878,39237,54687,47330,59340,55782,71410,70007,86389,84645,60081,64200,39141,50430,12097,21578,36884,35468,51132,43519,56076,51903,67719,65606,82481,80624,57928,61709,37850,48633,11708,20825,641982,602302,79217,75868,110018,103830,34992,49,57
2021-09-09T23:59:59+02:00,4578,4283,40642,39021,54493,47110,59168,55564,71263,69844,86284,84551,60056,64154,39118,50401,12088,21572,36679,35292,50958,43370,55930,51742,67577,65485,82370,80544,57886,61662,37831,48611,11702,20816,640505,601165,79216,75866,110018,103830,34404,49,56
2021-09-08T23:59:59+02:00,4479,4189,40425,38763,54305,46928,58998,55395,71153,69725,86191,84475,60019,64115,39111,50368,12082,21565,36402,35020,50735,43159,55738,51558,67442,65357,82257,80440,57853,61605,37808,48572,11691,20802,639094,599435,79211,75858,110018,103830,33915,49,56
2021-09-07T23:59:59+02:00,4408,4131,40225,38591,54178,46812,58893,55288,71077,69639,86129,84410,59995,64087,39101,50351,12079,21562,36276,34910,50634,43081,55659,51494,67373,65290,82190,80383,57817,61574,37796,48549,11684,20794,638093,598777,79203,75845,110014,103829,33598,49,56
2021-09-06T23:59:59+02:00,4367,4083,40122,38490,54102,46740,58824,55214,71031,69582,86083,84373,59975,64071,39098,50346,12078,21558,36162,34792,50542,43011,55576,51410,67314,65219,82135,80321,57789,61543,37783,48536,11683,20792,637417,598018,79203,75807,110013,103818,33456,49,56
2021-09-05T23:59:59+02:00,4354,4066,40088,38461,54078,46709,58788,55186,71003,69559,86059,84350,59972,64069,39095,50341,12077,21554,36136,34770,50513,42989,55546,51389,67295,65202,82117,80305,57781,61538,37780,48530,11681,20789,637196,597870,79202,75802,110012,103818,33351,49,56
2021-09-04T23:59:59+02:00,4354,4064,40079,38459,54073,46702,58787,55184,71001,69555,86055,84343,59972,64067,39095,50341,12077,21554,36125,34767,50510,42982,55542,51388,67293,65198,82114,80301,57780,61536,37780,48530,11681,20789,637177,597856,79202,75801,110012,103816,33323,49,56
2021-09-03T23:59:59+02:00,4315,4033,39965,38345,53975,46635,58709,55102,70933,69495,85990,84312,59954,64051,39089,50336,12074,21551,36048,34697,50427,42940,55483,51336,67236,65156,82068,80269,57765,61522,37772,48524,11675,20788,636600,597546,79202,75796,110012,103816,33002,49,56
2021-09-02T23:59:59+02:00,4275,3991,39790,38184,53838,46473,58576,54975,70808,69376,85912,84247,59907,64014,39066,50309,12072,21541,35926,34616,50320,42855,55386,51248,67136,65073,81994,80206,57717,61489,37755,48500,11669,20781,635599,596991,79202,75795,110012,103812,32493,49,56
2021-09-01T23:59:59+02:00,4215,3920,39599,38012,53677,46327,58462,54863,70715,69288,85851,84171,59863,63983,39050,50296,12070,21530,35597,34272,50094,42599,55192,51056,66977,64904,81861,80096,57669,61432,37723,48471,11663,20775,634481,594790,79191,75783,110011,103811,32161,49,56
2021-08-31T23:59:59+02:00,4164,3873,39464,37861,53549,46216,58362,54754,70629,69214,85775,84116,59832,63954,39032,50268,12068,21527,35477,34168,49953,42500,55085,50970,66884,64837,81781,80042,57627,61397,37709,48451,11657,20772,633554,594215,79189,75782,110009,103583,31858,49,56
2021-08-30T23:59:59+02:00,4113,3829,39357,37737,53448,46131,58278,54679,70568,69135,85714,84069,59815,63929,39020,50257,12066,21521,35403,34095,49878,42436,55009,50898,66824,64776,81727,79984,57599,61369,37694,48428,11656,20761,632732,593625,79186,75747,110009,103571,31691,49,56
2021-08-29T23:59:59+02:00,4103,3819,39339,37719,53429,46116,58264,54660,70561,69125,85697,84052,59813,63927,39017,50253,12065,21520,35372,34070,49847,42419,54996,50872,66802,64748,81704,79969,57589,61353,37689,48422,11653,20760,632615,593424,79183,75730,110009,103571,31624,49,56
2021-08-28T23:59:59+02:00,4103,3819,39338,37719,53428,46114,58264,54660,70560,69123,85697,84052,59813,63927,39017,50253,12065,21520,35372,34069,49847,42419,54994,50872,66800,64747,81704,79969,57589,61353,37689,48422,11653,20760,632610,593421,79183,75729,110009,103571,31622,49,56
2021-08-27T23:59:59+02:00,4067,3777,39216,37619,53330,46009,58183,54566,70470,69045,85636,83993,59787,63903,39005,50243,12065,21518,35270,34009,49745,42358,54919,50797,66711,64685,81649,79930,57562,61333,37678,48411,11652,20759,631970,593007,79183,75727,110004,103569,31227,49,56
2021-08-26T23:59:59+02:00,3984,3714,39024,37435,53170,45842,58052,54417,70342,68929,85511,83902,59740,63857,38981,50223,12057,21507,35098,33837,49592,42196,54762,50638,66584,64556,81502,79816,57515,61274,37649,48385,11647,20751,630788,591849,79181,75715,109998,103564,30672,49,56
2021-08-25T23:59:59+02:00,3891,3647,38857,37237,53017,45653,57938,54278,70242,68828,85417,83809,59704,63815,38962,50204,12055,21500,34711,33424,49322,41879,54526,50374,66391,64353,81321,79646,57424,61194,37627,48347,11635,20739,629550,589107,79180,75711,109998,103564,30278,49,56
2021-08-24T23:59:59+02:00,3870,3631,38768,37163,52936,45583,57883,54225,70188,68781,85372,83769,59672,63788,38953,50187,12052,21490,34562,33301,49202,41789,54439,50290,66287,64260,81231,79567,57376,61148,37617,48331,11630,20730,629103,588182,79177,75706,109996,103559,29987,49,56
2021-08-23T23:59:59+02:00,3843,3596,38674,37068,52855,45516,57827,54157,70130,68729,85318,83730,59654,63762,38943,50173,12050,21482,34422,33161,49079,41711,54341,50205,66194,64164,81143,79503,57340,61099,37596,48311,11629,20719,628570,587305,79175,75671,109993,103546,29721,49,56
2021-08-22T23:59:59+02:00,3836,3596,38645,37057,52839,45497,57808,54144,70105,68712,85300,83717,59645,63751,38941,50164,12045,21480,34374,33122,49053,41673,54304,50176,66152,64140,81107,79476,57325,61084,37593,48302,11624,20715,628470,587013,79173,75661,109992,103545,29599,49,56
2021-08-21T23:59:59+02:00,3834,3593,38626,37050,52831,45486,57794,54138,70091,68700,85294,83708,59638,63749,38940,50164,12045,21480,34360,33116,49044,41664,54291,50171,66140,64129,81101,79469,57321,61083,37593,48302,11624,20715,628430,586996,79172,75660,109991,103545,29520,49,56
2021-08-20T23:59:59+02:00,3813,3561,38554,36980,52746,45415,57718,54075,70017,68646,85232,83660,59621,63730,38937,50160,12045,21474,34259,33011,48930,41596,54202,50098,66045,64062,81031,79414,57301,61060,37587,48297,11623,20711,628058,586478,79170,75657,109991,103542,29117,49,56
2021-08-19T23:59:59+02:00,3785,3528,38385,36837,52585,45276,57595,53974,69887,68527,85134,83582,59591,63687,38922,50143,12041,21462,33908,32754,48643,41354,53984,49903,65836,63877,80855,79280,57244,60987,37541,48259,11617,20700,627166,584562,79168,75562,109990,103529,28569,49,56
2021-08-18T23:59:59+02:00,3734,3477,38198,36681,52467,45155,57498,53868,69776,68431,85059,83518,59551,63643,38907,50123,12039,21454,33525,32342,48344,41097,53731,49624,65619,63667,80671,79119,57161,60901,37505,48217,11613,20688,626166,581994,79165,75435,109988,103522,28212,49,56
2021-08-17T23:59:59+02:00,3674,3429,38039,36523,52353,45032,57416,53772,69681,68344,84987,83455,59516,63610,38894,50100,12034,21445,33133,31898,48020,40787,53439,49332,65370,63423,80472,78911,57050,60789,37463,48167,11601,20677,625213,578878,79165,75419,109983,103501,27895,49,56
2021-08-16T23:59:59+02:00,3619,3376,37890,36375,52256,44933,57339,53698,69611,68276,84931,83408,59493,63578,38879,50084,12028,21437,32570,31338,47623,40370,53049,48949,65063,63159,80250,78716,56973,60673,37431,48113,11592,20655,624284,574849,79161,75382,109983,103480,27735,49,56
2021-08-15T23:59:59+02:00,3609,3367,37858,36350,52223,44914,57313,53665,69594,68259,84920,83397,59481,63574,38876,50075,12028,21435,32493,31240,47553,40306,52986,48889,65018,63118,80207,78688,56955,60653,37423,48100,11591,20651,624094,574292,79161,75351,109982,103469,27653,49,56
2021-08-14T23:59:59+02:00,3604,3363,37850,36343,52218,44910,57306,53659,69590,68256,84912,83393,59474,63569,38875,50073,12028,21435,32485,31234,47544,40303,52977,48882,65015,63115,80199,78686,56950,60647,37422,48098,11591,20651,624062,574262,79158,75351,109982,103469,27608,49,56
2021-08-13T23:59:59+02:00,3587,3350,37781,36301,52159,44860,57240,53609,69520,68215,84848,83357,59452,63557,38864,50059,12025,21429,32348,31121,47416,40204,52859,48783,64913,63035,80110,78636,56927,60626,37409,48088,11589,20646,623756,573463,79158,75349,109982,103469,27269,49,56
2021-08-12T23:59:59+02:00,3547,3322,37653,36179,52068,44770,57171,53522,69423,68140,84773,83291,59424,63533,38850,50047,12025,21426,31822,30633,47028,39854,52473,48437,64587,62804,79892,78427,56835,60538,37364,48045,11584,20629,623027,569992,79158,75320,109980,103362,26951,49,56
2021-08-11T23:59:59+02:00,3503,3280,37499,36032,51957,44664,57051,53402,69326,68048,84690,83211,59384,63495,38829,50031,12021,21422,31181,30016,46518,39466,52046,47999,64284,62525,79681,78223,56738,60430,37328,47971,11571,20611,622125,565951,79153,75296,109978,103274,26541,49,56
2021-08-10T23:59:59+02:00,3455,3233,37340,35881,51842,44543,56945,53293,69259,67977,84622,83154,59360,63457,38811,50017,12014,21417,30288,29038,45787,38763,51383,47395,63897,62162,79433,77979,56632,60325,37283,47902,11563,20599,621168,559743,79151,75294,109975,103271,26278,49,56
2021-08-09T23:59:59+02:00,3419,3203,37245,35773,51767,44473,56886,53251,69228,67934,84592,83121,59342,63442,38799,49998,12013,21415,29578,28293,45121,38185,50808,46818,63523,61805,79154,77730,56506,60227,37239,47847,11556,20585,620576,555639,79149,73837,109974,103245,26154,49,56
2021-08-08T23:59:59+02:00,3410,3189,37219,35757,51743,44448,56867,53241,69210,67916,84572,83106,59339,63437,38794,49991,12012,21414,29450,28151,44974,38089,50713,46734,63467,61748,79106,77690,56471,60209,37229,47836,11556,20582,620402,554710,79148,73829,109973,103213,26094,49,56
2021-08-07T23:59:59+02:00,3410,3189,37215,35751,51733,44447,56865,53241,69206,67913,84571,83104,59338,63437,38794,49991,12012,21414,29439,28145,44962,38083,50712,46730,63464,61742,79103,77686,56469,60208,37228,47835,11556,20581,620392,554674,79147,73825,109973,103213,26071,49,56
2021-08-06T23:59:59+02:00,3399,3175,37147,35695,51655,44385,56800,53197,69163,67881,84539,83075,59325,63417,38783,49985,12009,21412,29202,27918,44758,37898,50530,46588,63327,61625,79003,77618,56444,60183,37213,47825,11553,20578,620110,553224,79144,73819,109973,103212,25767,49,56
2021-08-05T23:59:59+02:00,3366,3134,36995,35560,51538,44251,56681,53078,69048,67767,84412,83001,59282,63363,38760,49964,12000,21402,28501,27300,44174,37418,49977,46132,62969,61328,78709,77395,56335,60086,37173,47773,11545,20562,619305,548909,79142,73809,109973,103033,25134,49,56
2021-08-04T23:59:59+02:00,3307,3071,36792,35390,51389,44105,56540,52962,68925,67640,84298,82889,59214,63304,38742,49935,11995,21392,27351,26176,43212,36540,49013,45228,62378,60721,78214,76955,56125,59906,37114,47682,11532,20542,618221,540553,79130,73769,109973,102979,24518,49,56
2021-08-03T23:59:59+02:00,3233,3013,36572,35187,51234,43962,56415,52836,68792,67524,84210,82816,59172,63260,38721,49904,11986,21377,26273,25061,42286,35647,48112,44345,61839,60189,77761,76547,55956,59718,37054,47595,11512,20511,616841,532220,79122,73722,109969,102953,24234,49,56
2021-08-02T23:59:59+02:00,3189,2959,36426,35036,51124,43852,56323,52736,68706,67432,84123,82739,59134,63212,38706,49885,11978,21365,25373,24059,41445,34909,47378,43604,61356,59721,77377,76202,55794,59570,37004,47518,11495,20490,615861,525259,79121,73667,109968,102811,23927,49,56
2021-08-01T23:59:59+02:00,3184,2953,36409,35014,51098,43834,56304,52711,68677,67419,84109,82726,59128,63207,38704,49881,11978,21365,25112,23811,41202,34709,47147,43407,61215,59585,77261,76106,55758,59540,36989,47505,11491,20486,615719,523397,79117,73626,109967,102746,23850,49,56
2021-07-31T23:59:59+02:00,3183,2952,36403,35013,51097,43833,56302,52710,68675,67418,84109,82725,59128,63207,38704,49881,11978,21364,25105,23797,41192,34702,47141,43401,61206,59583,77259,76105,55758,59537,36989,47505,11491,20485,615704,523330,79116,73625,109967,102746,23847,49,56
2021-07-30T23:59:59+02:00,3167,2938,36344,34949,51026,43782,56243,52651,68620,67377,84071,82685,59116,63193,38700,49874,11975,21361,24786,23486,40917,34487,46883,43204,61021,59453,77110,75988,55727,59497,36975,47493,11491,20484,615416,521390,79112,73623,109964,102638,23532,49,56
2021-07-29T23:59:59+02:00,3144,2910,36205,34826,50896,43654,56150,52549,68550,67313,84000,82634,59089,63175,38688,49865,11975,21360,23829,22494,40041,33739,45986,42421,60475,59012,76750,75684,55607,59359,36935,47437,11484,20473,614535,514333,79091,73496,109964,102471,23345,49,56
2021-07-28T23:59:59+02:00,3094,2855,35963,34586,50672,43481,55948,52400,68406,67172,83885,82535,59035,63128,38666,49828,11965,21352,22614,21243,38718,32635,44675,41249,59681,58353,76245,75225,55411,59170,36866,47333,11470,20448,613149,504534,79085,73330,109963,102312,22726,49,56
2021-07-27T23:59:59+02:00,3068,2836,35856,34466,50590,43398,55868,52348,68344,67104,83824,82464,58995,63085,38654,49813,11964,21343,21375,19846,37288,31297,43304,39948,59056,57758,75823,74815,55248,58994,36808,47278,11458,20424,612423,494102,79069,73154,109963,102199,22517,49,56
2021-07-26T23:59:59+02:00,3049,2817,35793,34370,50533,43345,55825,52299,68299,67066,83788,82436,58981,63069,38642,49801,11963,21341,20353,18743,36035,30182,42037,38798,58558,57358,75539,74563,55150,58894,36787,47243,11452,20410,611893,485856,79064,72824,109963,102038,22449,49,56
2021-07-25T23:59:59+02:00,3038,2812,35741,34328,50492,43300,55797,52276,68276,67041,83758,82413,58966,63062,38639,49798,11960,21335,19951,18377,35616,29852,41628,38492,58365,57203,75379,74457,55104,58856,36765,47223,11448,20406,611598,483124,79059,72549,109963,102010,22364,49,56
2021-07-24T23:59:59+02:00,3038,2812,35737,34324,50490,43297,55795,52275,68274,67041,83756,82412,58966,63062,38638,49798,11960,21335,19946,18367,35608,29843,41622,38491,58362,57201,75375,74455,55104,58856,36764,47223,11448,20406,611589,483087,79058,72549,109963,102008,22352,49,56
2021-07-23T23:59:59+02:00,3013,2787,35585,34207,50341,43197,55679,52169,68177,66947,83666,82360,58935,63033,38628,49793,11955,21332,19708,18145,35347,29668,41350,38310,58197,57072,75239,74379,55065,58832,36752,47213,11442,20400,610961,481968,79058,72254,109963,102006,21774,49,56
2021-07-22T23:59:59+02:00,2962,2702,35145,33835,50030,42958,55414,51942,67947,66763,83490,82208,58848,62939,38592,49746,11944,21314,18918,17482,34250,28933,40227,37478,57461,56603,74687,74006,54886,58653,36687,47129,11421,20374,608796,476442,79043,70825,109959,101785,20933,49,56
2021-07-21T23:59:59+02:00,2906,2644,34833,33502,49787,42746,55226,51755,67756,66577,83361,82082,58782,62885,38560,49706,11933,21304,18089,16650,32938,27937,38960,36519,56771,56040,74236,73644,54740,58478,36621,47045,11409,20341,606955,470534,78992,68629,109958,101572,20392,49,56
2021-07-20T23:59:59+02:00,2830,2581,34474,33117,49504,42511,55050,51560,67573,66419,83222,81961,58717,62829,38531,49660,11932,21289,16938,15525,31224,26534,37231,35062,55972,55392,73693,73197,54574,58289,36571,46960,11391,20302,604849,461354,78956,66888,109955,101234,19952,49,56
2021-07-19T23:59:59+02:00,2745,2509,33911,32553,49184,42200,54774,51292,67377,66204,83050,81790,58650,62747,38486,49608,11925,21274,16285,14950,30285,25852,36371,34348,55535,54969,73366,72959,54487,58203,36534,46910,11385,20280,601621,457667,78895,64720,109954,101064,19761,49,56
2021-07-18T23:59:59+02:00,2717,2491,33811,32439,49093,42143,54718,51235,67316,66153,83007,81748,58622,62721,38475,49594,11923,21267,15966,14685,29714,25471,35877,34000,55280,54807,73220,72858,54445,58164,36526,46896,11384,20276,601012,456225,78880,63184,109953,101036,19580,49,56
2021-07-17T23:59:59+02:00,2717,2491,33809,32437,49088,42141,54717,51233,67316,66152,83007,81747,58622,62720,38475,49594,11923,21267,15961,14679,29705,25456,35872,33996,55276,54806,73220,72858,54445,58164,36526,46896,11384,20276,601001,456181,78877,63180,109951,101036,19579,49,56
2021-07-16T23:59:59+02:00,2659,2426,33197,31911,48591,41794,54318,50896,66935,65829,82694,81514,58503,62607,38425,49545,11919,21260,15542,14358,29213,25086,35424,33665,54938,54553,72961,72666,54333,58075,36491,46858,11381,20272,598771,454795,78873,63051,109950,101027,17381,49,56
2021-07-15T23:59:59+02:00,2526,2294,32332,31129,47965,41220,53740,50414,66508,65481,82440,81275,58414,62511,38391,49502,11911,21241,14702,13687,27890,24254,34121,32854,54253,54152,72547,72437,54233,57978,36460,46822,11374,20256,593741,450606,78861,60656,109949,100447,16694,49,56
2021-07-14T23:59:59+02:00,2420,2207,31780,30599,47472,40777,53314,50015,66179,65197,82201,81027,58309,62415,38358,49452,11901,21228,13458,12541,25895,22800,32218,31331,53503,53561,72038,72098,54096,57853,36418,46761,11364,20241,589852,441474,78842,58728,109948,100112,16160,49,55
2021-07-13T23:59:59+02:00,2363,2137,31510,30331,47199,40552,53063,49789,65974,65007,82034,80878,58242,62339,38333,49415,11891,21215,12471,11693,24167,21488,30272,29745,52309,52392,71220,71308,53849,57576,36330,46644,11345,20214,587690,434746,78825,55803,109939,96958,15769,49,54
2021-07-12T23:59:59+02:00,2136,1930,30645,29400,46545,40018,52491,49220,65584,64616,81756,80606,58106,62211,38291,49357,11881,21194,11724,11066,22774,20507,28533,28365,51353,51534,70480,70691,53592,57298,36263,46526,11332,20183,581442,426643,78808,53238,109939,96805,15749,49,54
2021-07-11T23:59:59+02:00,2091,1892,30524,29290,46480,39946,52439,49155,65527,64560,81695,80563,58084,62191,38285,49338,11876,21189,11557,10917,22499,20322,28170,28093,51149,51389,70309,70547,53539,57217,36241,46509,11323,20176,580615,424572,78802,53195,109937,96672,15722,49,53
2021-07-10T23:59:59+02:00,2091,1890,30519,29283,46478,39941,52435,49154,65524,64559,81694,80561,58084,62189,38284,49338,11876,21189,11545,10899,22487,20308,28154,28081,51142,51385,70306,70544,53539,57217,36240,46509,11323,20176,580585,424488,78802,53193,109937,96662,15716,49,53
2021-07-09T23:59:59+02:00,2046,1852,30286,29047,46260,39761,52252,48982,65363,64447,81590,80481,58054,62159,38268,49323,11871,21187,11163,10626,21845,19871,27488,27530,50433,50817,69725,70133,53436,57128,36217,46475,11318,20165,579383,423413,78796,52879,109932,93206,15069,49,53
2021-07-08T23:59:59+02:00,1908,1724,29620,28512,45657,39256,51690,48513,64960,64139,81291,80246,57962,62069,38236,49271,11866,21173,9978,9516,19899,18235,25024,25545,49398,50018,69095,69594,53210,56914,36141,46389,11303,20139,575117,412873,78776,50440,109915,92980,14236,49,53
2021-07-07T23:59:59+02:00,1695,1528,28509,27296,44613,38289,50584,47515,64299,63498,80751,79763,57758,61836,38169,49187,11852,21132,9446,9036,18811,17399,23626,24339,48574,49372,68548,69106,53009,56671,36064,46291,11287,20099,565820,406526,78759,48826,109914,92690,13732,49,53
2021-07-06T23:59:59+02:00,1494,1370,27420,26248,43585,37368,49645,46577,63694,62933,80314,79354,57577,61652,38112,49093,11828,21104,8725,8289,17470,16392,22011,23055,47968,48920,68172,68838,52891,56556,36014,46254,11280,20083,557537,399050,78747,48400,109911,92394,13124,49,53
2021-07-05T23:59:59+02:00,1337,1246,26272,24993,42498,36365,48589,45506,63025,62355,79878,78951,57402,61462,38059,49016,11819,21081,8472,8064,16972,16078,21450,22669,47661,48694,67977,68689,52839,56482,35988,46235,11277,20078,548194,396470,78739,48086,109910,92137,12962,49,51
2021-07-04T23:59:59+02:00,1272,1182,25949,24664,42195,36106,48335,45322,62878,62220,79763,78856,57365,61422,38049,48997,11816,21078,8216,7908,16704,15881,21169,22470,47536,48595,67899,68614,52815,56457,35973,46230,11275,20077,545874,395441,78713,47423,109908,92052,12925,49,51
2021-07-03T23:59:59+02:00,1272,1181,25942,24652,42181,36099,48333,45322,62875,62219,79762,78855,57364,61422,38049,48997,11816,21078,8211,7900,16692,15871,21162,22463,47531,48594,67894,68613,52814,56457,35973,46230,11275,20077,545842,395406,78711,47422,109908,92042,12909,49,51
2021-07-02T23:59:59+02:00,1204,1124,25624,24298,41858,35817,48076,45064,62731,62071,79688,78784,57347,61400,38042,48985,11812,21073,8032,7748,16322,15602,20718,22155,46563,47814,67397,68263,52731,56365,35958,46212,11274,20074,543444,392914,78710,47418,109903,90022,12892,49,51
2021-07-01T23:59:59+02:00,1149,1074,25245,23934,41475,35468,47680,44711,62479,61832,79496,78613,57284,61337,38011,48944,11805,21063,7641,7413,15502,14822,19548,21121,45025,46324,66183,67178,52421,56062,35861,46092,11250,20047,540288,387082,78606,46591,109894,86062,12763,49,51
2021-06-30T23:59:59+02:00,1075,1010,24821,23484,41043,35092,47267,44334,62250,61620,79323,78464,57205,61259,37984,48894,11797,21042,7267,7053,14554,14014,18114,19911,41812,43588,64483,65732,51954,55564,35712,45898,11223,19997,536822,375051,78573,45895,109890,83295,12630,49,50
2021-06-29T23:59:59+02:00,983,901,24316,22948,40523,34673,46832,43916,61986,61341,79109,78285,57126,61193,37956,48850,11791,21023,6988,6742,13888,13521,16950,18990,37481,39892,63126,64477,51466,55064,35579,45720,11192,19954,532727,359722,78564,45684,109890,83086,12522,49,50
2021-06-28T23:59:59+02:00,954,868,23976,22553,40064,34289,46408,43547,61747,61084,78918,78128,57054,61125,37927,48820,11788,21008,6678,6422,13227,13017,15937,18152,33824,36843,62002,63445,51110,54669,35484,45570,11167,19915,530963,351034,76871,40983,109889,82933,12486,49,50
2021-06-27T23:59:59+02:00,940,855,23883,22461,39991,34226,46349,43488,61715,61047,78883,78097,57039,61112,37921,48813,11787,21003,6587,6346,12993,12875,15514,17914,32991,36197,61745,63246,51020,54599,35466,45548,11165,19911,530347,348130,76866,40719,109883,82775,12465,49,50
2021-06-26T23:59:59+02:00,939,855,23877,22455,39984,34223,46348,43487,61714,61046,78883,78097,57039,61112,37921,48812,11787,21003,6584,6339,12987,12862,15506,17907,32987,36196,61738,63244,51018,54593,35466,45548,11165,19910,530319,348065,76866,40718,109883,82774,12465,49,50
2021-06-25T23:59:59+02:00,916,829,23762,22340,39897,34136,46264,43416,61670,60999,78835,78076,57028,61098,37918,48809,11786,21001,6486,6225,12877,12729,15368,17746,32268,35535,61350,62920,50940,54509,35458,45526,11162,19909,529521,345050,76866,40706,109880,82758,12464,49,50
2021-06-24T23:59:59+02:00,849,771,23371,21912,39546,33825,45911,43113,61464,60804,78674,77937,56973,61042,37895,48779,11781,20991,6146,5924,12313,12262,14662,17062,28958,32813,59058,61063,50353,53910,35322,45318,11144,19861,526548,331206,76817,40441,109877,82141,12347,49,50
2021-06-23T23:59:59+02:00,744,677,22729,21249,38968,33234,45254,42401,61098,60412,78425,77685,56870,60904,37849,48726,11771,20971,5991,5732,11944,11916,14155,16533,25588,30051,57416,59537,49828,53372,35203,45144,11123,19818,520947,321774,76762,37499,109873,81706,12336,49,50
2021-06-22T23:59:59+02:00,683,613,22303,20805,38563,32815,44820,41935,60823,60126,78219,77443,56772,60792,37812,48653,11758,20949,5800,5595,11621,11652,13729,16157,21247,26519,55341,57836,49229,52768,35026,44929,11103,19774,517132,307413,76635,37442,109867,81231,12201,49,50
2021-06-21T23:59:59+02:00,646,572,22051,20568,38311,32584,44573,41659,60632,59914,78087,77302,56720,60708,37787,48612,11749,20933,5667,5485,11312,11455,13389,15895,19695,25288,54422,57067,46999,50308,34425,44206,11080,19715,515086,302090,76431,37375,109850,74910,11992,49,50
2021-06-20T23:59:59+02:00,617,552,21761,20272,38015,32308,44289,41404,60479,59746,77948,77155,56671,60664,37767,48595,11746,20926,5610,5440,11179,11367,13236,15768,19302,24963,54154,56885,45339,48322,33858,43571,11060,19695,512691,301467,76351,36623,109838,69634,11986,49,48
2021-06-19T23:59:59+02:00,615,552,21756,20260,37999,32303,44286,41400,60473,59742,77946,77152,56668,60663,37767,48594,11746,20926,5604,5431,11174,11364,13227,15762,19294,24955,54140,56873,45330,48312,33857,43571,11060,19695,512629,301383,76346,36620,109838,69621,11986,49,48
2021-06-18T23:59:59+02:00,601,538,21658,20149,37932,32248,44211,41313,60418,59695,77902,77110,56644,60641,37762,48581,11745,20925,5509,5265,10877,10826,12854,15179,18751,23932,53284,55565,45127,48149,33829,43522,11054,19683,511870,299809,76339,36619,109830,64954,11985,49,48
2021-06-17T23:59:59+02:00,515,446,20937,19426,37171,31612,43412,40558,60008,59327,77604,76855,56527,60511,37713,48513,11732,20900,5315,5052,10493,10270,12329,14405,17819,22568,51710,53618,43974,46799,33510,43125,11007,19600,505851,292484,76246,36491,109820,60779,11801,49,48
2021-06-16T23:59:59+02:00,408,368,20135,18467,36179,30670,42395,39580,59463,58840,77202,76536,56380,60352,37654,48425,11722,20877,5125,4895,9982,9947,11594,13906,16270,21263,47829,50068,42219,44791,33046,42553,10944,19474,498427,276311,75702,36291,109802,59593,11673,49,47
2021-06-15T23:59:59+02:00,298,265,19319,17610,35255,29813,41465,38692,59024,58398,76865,76204,56235,60182,37595,48355,11707,20843,4920,4768,9457,9686,10889,13434,14758,20073,43559,45981,40666,42946,32564,41931,10877,19346,491184,259123,75586,36256,109792,58924,11514,49,46
2021-06-14T23:59:59+02:00,194,174,18199,16369,33999,28536,39997,37282,58431,57833,76469,75862,56106,60036,37550,48284,11698,20828,4793,4674,9110,9476,10410,13116,13585,19064,40915,43420,39588,41792,32271,41528,10845,19260,481401,247926,75147,36230,109787,58189,11464,48,46
2021-06-13T23:59:59+02:00,153,135,17692,15964,33517,28131,39505,36898,58216,57649,76320,75761,56079,59995,37528,48262,11695,20819,4707,4624,8963,9403,10247,13047,12978,18607,40442,43026,39350,41570,32210,41443,10839,19246,478312,246952,74845,34805,109779,57572,11335,48,46
2021-06-12T23:59:59+02:00,153,135,17688,15946,33504,28122,39498,36894,58211,57646,76316,75759,56078,59993,37527,48262,11695,20819,4700,4619,8952,9398,10235,13040,12966,18594,40258,42879,39323,41555,32206,41441,10839,19245,478244,246512,74841,34805,109779,57561,11334,48,46
2021-06-11T23:59:59+02:00,151,135,17604,15887,33358,28053,39323,36839,58090,57608,76245,75732,56065,59988,37525,48259,11695,20818,4616,4427,8791,8832,10041,12318,12730,17517,39768,41576,39168,41424,32188,41405,10837,19244,477907,246020,74428,34803,109667,52696,11325,48,46
2021-06-10T23:59:59+02:00,136,115,16757,15167,31936,27134,38077,35925,57407,57148,75834,75461,55974,59896,37486,48214,11684,20800,4361,4233,8231,8334,9357,11560,11994,16449,36916,38531,38363,40622,32022,41223,10821,19214,474008,238954,71445,34670,109386,48305,10264,48,46
2021-06-09T23:59:59+02:00,114,89,15977,14459,30655,26229,36855,35038,56829,56760,75489,75234,55889,59788,37459,48169,11671,20779,4179,4080,7871,8145,8891,11341,11373,16070,31831,33665,36863,39093,31777,40954,10800,19165,469337,225036,68998,34546,109339,46719,9761,48,44
2021-06-08T23:59:59+02:00,87,71,15053,13584,29272,25136,35482,34026,56211,56355,75187,75013,55813,59708,37436,48137,11667,20769,4099,4016,7716,8029,8738,11225,11081,15864,29012,30853,35908,38159,31617,40758,10776,19132,464724,217572,65546,34488,109292,45490,9397,48,44
2021-06-07T23:59:59+02:00,79,58,14418,12993,27896,24322,34323,33246,55733,56096,74940,74901,55775,59668,37420,48126,11667,20765,4006,3942,7522,7904,8436,11092,10713,15617,24680,26473,34444,36625,31395,40491,10748,19104,461573,205791,62509,34423,109254,43901,9042,48,43
2021-06-06T23:59:59+02:00,78,55,14095,12802,27112,23902,33672,32827,55423,55931,74781,74830,55753,59644,37406,48117,11665,20764,3939,3906,7371,7860,8280,11008,10392,15416,21855,23595,33441,35544,31255,40337,10741,19089,460426,203000,60453,29177,109226,43114,8704,48,42
2021-06-05T23:59:59+02:00,78,53,14066,12774,27070,23860,33643,32808,55418,55921,74775,74823,55748,59639,37401,48115,11665,20764,3917,3892,7335,7839,8233,10991,10330,15374,20427,22043,32647,34665,31185,40255,10737,19082,460304,198029,60347,29174,109219,43012,8703,48,42
2021-06-04T23:59:59+02:00,72,49,13836,12511,26760,23545,33306,32497,55358,55840,74735,74803,55738,59634,37400,48113,11665,20763,3886,3863,7256,7760,8176,10912,10250,15250,20320,21925,32574,34610,31153,40218,10734,19079,458404,197946,60285,29162,109185,42121,8703,48,42
2021-06-03T23:59:59+02:00,54,44,13267,12020,25721,22857,32169,31746,54865,55507,74420,74610,55665,59553,37365,48081,11658,20746,3758,3771,6983,7590,7895,10740,9923,15013,18434,20063,30593,32305,30880,39887,10711,19031,454054,189353,58784,29142,109169,40758,8293,48,39
2021-06-02T23:59:59+02:00,39,32,12575,11264,24722,21954,31028,30789,54600,55242,74226,74469,55613,59471,37348,48059,11650,20739,3723,3751,6926,7535,7838,10692,9838,14921,17914,19515,28663,30130,30781,39743,10704,19020,447718,183816,58605,29141,109167,40423,8283,47,39
2021-06-01T23:59:59+02:00,25,17,11444,10374,22584,20516,28486,28886,53187,54177,73220,73684,55306,59142,37224,47884,11613,20677,3494,3577,6427,7228,7234,10269,8982,14320,15967,17697,24882,25880,30098,38861,10628,18866,438167,169819,54125,29004,109127,38578,6980,47,37
2021-05-31T23:59:59+02:00,20,13,10578,9706,20742,19345,26435,27377,52077,53326,72515,73135,55087,58879,37149,47778,11599,20641,3352,3425,6092,6982,6834,9969,8441,13964,14902,16719,23688,24507,29710,38374,10568,18772,431350,164077,49747,28967,109107,37076,6151,47,36
2021-05-30T23:59:59+02:00,18,10,10226,9358,20018,18844,25728,26796,51737,53044,72281,72938,55010,58800,37124,47750,11591,20632,3169,3233,5742,6715,6545,9726,8224,13758,14641,16448,23393,24190,29600,38265,10553,18744,428755,163250,49339,28910,109074,36068,4690,47,36
2021-05-29T23:59:59+02:00,18,10,10210,9346,20000,18817,25709,26770,51725,53040,72276,72928,55008,58795,37123,47750,11590,20632,3167,3225,5739,6711,6540,9724,8216,13750,14631,16443,23382,24182,29596,38260,10552,18743,428597,163180,49339,28908,109074,36055,4690,47,36
2021-05-28T23:59:59+02:00,18,10,10145,9250,19861,18648,25447,26540,51566,52865,72129,72797,54969,58745,37109,47730,11587,20619,3120,3149,5647,6570,6437,9522,8102,13472,14438,16166,23230,24027,29543,38197,10545,18734,426945,162791,49301,28907,109054,34485,4689,46,35
2021-05-27T23:59:59+02:00,18,10,8879,8045,17450,16828,22662,24384,50471,52049,71460,72306,54770,58521,37011,47635,11573,20589,2821,2814,4802,5947,5543,8738,7308,12484,13310,14973,22238,22991,29158,37744,10490,18647,414985,158968,48341,28643,108908,29989,2381,46,35
2021-05-26T23:59:59+02:00,17,10,8477,7627,16572,16023,21471,23372,49865,51501,71041,71918,54618,58356,36943,47557,11562,20559,2634,2640,4432,5611,5065,8231,6830,11834,12336,13989,21338,21956,28845,37301,10444,18562,409376,155111,47608,28555,108827,26723,1633,45,34
2021-05-25T23:59:59+02:00,17,10,7902,7022,15325,15137,20020,22197,49387,51100,70793,71732,54532,58260,36918,47528,11558,20549,2555,2537,4242,5481,4819,8004,6550,11524,11778,13457,19191,19792,28472,36766,10409,18513,402555,149435,47365,28542,108782,24847,1240,45,34
2021-05-24T23:59:59+02:00,17,10,7814,6921,15102,15010,19734,22017,49286,50981,70749,71692,54528,58254,36915,47525,11556,20546,2512,2474,4158,5315,4725,7759,6425,11240,11638,13216,19077,19678,28421,36719,10402,18502,401416,149283,47286,28499,108685,23229,1225,45,33
2021-05-23T23:59:59+02:00,16,10,7798,6908,15066,14994,19680,21989,49276,50979,70745,71686,54526,58250,36915,47523,11556,20546,2510,2470,4151,5310,4715,7755,6420,11227,11617,13193,18936,19480,28390,36680,10400,18500,401229,148795,47286,28497,108685,23220,1218,45,32
2021-05-22T23:59:59+02:00,16,10,7795,6900,15056,14982,19669,21982,49276,50977,70742,71686,54526,58249,36915,47523,11556,20546,2508,2463,4144,5304,4713,7755,6417,11224,11608,13190,18923,19474,28389,36680,10400,18500,401174,148758,47286,28497,108685,23196,1216,45,32
2021-05-21T23:59:59+02:00,16,9,7721,6803,14926,14846,19464,21822,49034,50743,70600,71580,54499,58222,36908,47516,11550,20540,2436,2378,4057,5163,4610,7540,6294,10925,11437,12901,18857,19408,28373,36650,10397,18498,399599,148506,47283,28496,108660,21684,1213,44,32
2021-05-20T23:59:59+02:00,16,9,7447,6507,14338,14320,18522,20947,46347,48384,69443,70601,54140,57854,36800,47374,11519,20509,2174,2215,3692,4796,4167,6989,5739,10091,10347,11801,17580,18114,27866,36051,10322,18351,388576,143252,47117,28205,108349,17818,995,40,32
2021-05-19T23:59:59+02:00,15,8,7207,6283,13674,13837,17251,19945,42356,44894,67950,69291,53683,57328,36636,47146,11482,20457,2098,2015,3527,4455,3919,6463,5292,9405,9352,10684,16103,16463,27173,35134,10196,18142,373772,136080,46544,28062,108112,15289,975,40,22
2021-05-18T23:59:59+02:00,15,6,7008,6105,13127,13407,16152,19084,37632,40865,66494,67966,53126,56787,36485,46921,11440,20400,2051,1885,3389,4264,3733,6148,4958,8922,8485,9812,14518,14728,26464,34281,10106,17970,357637,129444,46480,27499,107953,13846,910,40,22
2021-05-17T23:59:59+02:00,15,6,6873,6010,12804,13157,15655,18692,35448,38995,65654,67184,52853,56471,36402,46813,11426,20363,1980,1823,3201,4083,3512,5919,4635,8550,7706,9112,11256,10706,25553,33130,10022,17801,353903,124223,42201,21408,107872,12538,805,40,22
2021-05-16T23:59:59+02:00,15,6,6810,5926,12678,13003,15482,18523,34958,38525,65468,67014,52796,56408,36389,46785,11421,20358,1922,1725,3097,3960,3431,5817,4529,8405,7523,8923,9061,8105,25070,32446,9988,17744,352422,123082,41692,16048,107836,12025,576,39,22
2021-05-15T23:59:59+02:00,15,6,6805,5917,12672,12997,15478,18519,34953,38522,65466,67012,52796,56407,36389,46785,11421,20358,1921,1724,3094,3954,3426,5814,4524,8402,7521,8920,9059,8103,25069,32446,9988,17744,352380,123051,41692,16048,107834,12022,573,39,22
2021-05-14T23:59:59+02:00,15,6,6607,5819,12428,12932,15245,18427,33978,37729,64928,66602,52700,56320,36372,46751,11419,20353,1805,1636,2983,3884,3369,5706,4474,8255,7474,8791,9052,8097,25068,32446,9988,17743,349003,122994,41657,16044,107371,11157,562,38,21
2021-05-13T23:59:59+02:00,15,6,6356,5631,12017,12676,14677,17977,30440,34936,62445,64519,52068,55644,36234,46530,11407,20305,1762,1597,2926,3807,3337,5613,4431,8151,7391,8672,9013,8038,25048,32404,9983,17739,334974,122743,41432,16020,106940,10635,499,38,21
2021-05-12T23:59:59+02:00,15,6,6339,5607,11944,12613,14567,17868,29803,34360,61939,64066,51895,55471,36198,46485,11400,20292,1762,1594,2925,3806,3332,5613,4429,8150,7389,8666,9006,8035,25048,32402,9983,17738,331977,122721,41420,16009,106935,10634,499,37,21
2021-05-11T23:59:59+02:00,14,6,6014,5472,11499,12335,14020,17485,25537,30865,59555,62060,51233,54790,36009,46239,11379,20229,1720,1478,2822,3544,3209,5236,4290,7706,7235,8340,8922,7952,25019,32362,9980,17727,317020,122479,41367,15820,105946,8856,374,34,19
2021-05-10T23:59:59+02:00,14,6,5886,5399,11333,12220,13800,17315,22064,28104,58304,60944,50870,54437,35917,46116,11364,20198,1682,1382,2736,3314,3106,4904,4179,7216,7113,7902,8881,7892,25007,32341,9978,17723,307091,122333,41205,15671,105652,7030,309,34,19
2021-05-09T23:59:59+02:00,14,6,5809,5367,11244,12155,13700,17234,20461,26921,57839,60558,50767,54338,35891,46075,11357,20193,1665,1360,2677,3189,3052,4763,4134,7096,7058,7806,8869,7879,25000,32335,9977,17723,306523,122282,37629,15624,105448,6368,296,33,19
2021-05-08T23:59:59+02:00,14,6,5806,5364,11232,12151,13690,17225,20453,26915,57830,60552,50764,54330,35887,46072,11355,20190,1664,1360,2677,3187,3052,4763,4131,7093,7057,7805,8868,7879,24999,32333,9977,17723,306432,122267,37628,15624,105447,6368,296,33,19
2021-05-07T23:59:59+02:00,14,6,5766,5329,11166,12102,13582,17146,19997,26555,56830,59742,50634,54199,35857,46041,11352,20176,1560,1316,2597,3142,3010,4733,4097,7069,7034,7772,8860,7871,24997,32332,9977,17722,303258,122233,37611,15616,105302,5936,291,32,19
2021-05-06T23:59:59+02:00,14,6,5510,5216,10648,11793,12875,16692,18695,25566,52560,56080,49435,52818,35526,45640,11300,20073,1335,1184,2360,2970,2840,4567,3946,6868,6882,7620,8786,7792,24976,32296,9974,17715,288088,121964,37425,15477,104744,4495,162,28,19
2021-05-05T23:59:59+02:00,14,6,5250,5117,10153,11556,12118,16239,17360,24584,48187,51936,47765,50893,35088,45069,11225,19953,1289,1089,2297,2843,2756,4388,3852,6629,6774,7421,8671,7698,24914,32221,9968,17699,270885,121484,37199,15432,104354,3533,47,28,19
2021-05-04T23:59:59+02:00,14,6,5166,5031,9835,11342,11665,15849,16381,23715,46314,49901,46695,49585,34713,44581,11159,19844,1277,1070,2268,2802,2715,4302,3799,6521,6702,7345,8628,7658,24894,32205,9967,17694,260496,121265,37175,15371,104073,3174,24,28,19
2021-05-03T23:59:59+02:00,14,6,5063,4944,9485,11172,11202,15585,15317,22848,44736,48274,45813,48627,34491,44234,11131,19754,1262,1044,2236,2770,2673,4238,3751,6467,6627,7291,8058,6968,23150,29872,9829,17457,251441,115442,37166,15289,104045,2933,16,28,19
2021-05-02T23:59:59+02:00,14,6,5001,4924,9370,11136,11056,15523,14703,22357,44212,47864,45670,48459,34440,44169,11125,19742,1258,1039,2218,2767,2660,4230,3722,6453,6607,7277,7869,6724,21178,27458,9782,17369,250215,115419,35526,10277,103991,2890,11,28,19
2021-05-01T23:59:59+02:00,14,6,5001,4922,9365,11132,11052,15520,14699,22353,44210,47860,45669,48459,34440,44169,11125,19742,1257,1039,2218,2767,2660,4230,3721,6453,6604,7277,7869,6723,21178,27458,9782,17369,250184,115414,35526,10277,103989,2889,11,28,19
2021-04-30T23:59:59+02:00,14,6,4954,4899,9298,11117,10997,15495,14623,22327,42724,46444,45334,48127,34403,44117,11120,19732,1048,944,2019,2677,2559,4169,3635,6393,6541,7218,7862,6706,21177,27456,9782,17369,246189,115405,35526,10274,103977,1854,11,28,16
2021-04-29T23:59:59+02:00,14,5,4711,4817,8827,10966,10391,15323,13936,22119,37785,42121,44321,47096,34282,43999,11116,19702,866,865,1845,2598,2472,4102,3525,6322,6467,7170,7840,6687,21172,27450,9782,17369,232433,115367,35423,10170,103636,973,11,28,16
2021-04-28T23:59:59+02:00,14,5,4534,4782,8576,10880,10038,15233,13578,21965,33140,37613,43075,45841,34156,43851,11102,19684,824,835,1807,2552,2439,4026,3489,6213,6417,7079,7820,6668,21160,27437,9777,17362,219202,115282,35405,10122,103424,481,10,26,15
2021-04-27T23:59:59+02:00,13,4,4303,4567,8230,10431,9653,14648,13109,21316,32009,36485,42796,45558,34140,43823,11098,19681,796,821,1773,2528,2421,4004,3471,6194,6382,7052,7809,6660,21155,27432,9774,17356,216474,115224,35395,10091,99959,293,10,26,15
2021-04-26T23:59:59+02:00,13,4,4281,4539,8155,10394,9545,14593,12960,21257,27593,32092,41577,44335,34060,43723,11085,19670,763,810,1743,2509,2392,3983,3447,6173,6329,7006,7761,6611,21124,27401,9774,17349,204579,115020,35386,10047,99876,88,10,25,15
2021-04-25T23:59:59+02:00,13,4,4258,4525,8123,10367,9482,14561,12867,21211,25622,30048,40875,43573,34013,43665,11081,19665,751,802,1731,2495,2374,3968,3423,6152,6297,6977,7741,6594,21107,27380,9773,17345,203910,114994,30268,9813,99741,84,9,25,15
2021-04-24T23:59:59+02:00,13,4,4239,4514,8093,10338,9441,14545,12816,21189,24119,28383,40117,42733,33948,43589,11078,19659,750,801,1728,2493,2373,3964,3423,6148,6297,6974,7739,6592,21106,27380,9773,17345,198844,114974,30268,9812,99672,81,9,25,15
2021-04-23T23:59:59+02:00,12,4,3974,4362,7622,10041,9011,14189,12253,20786,23637,28081,40029,42671,33927,43555,11072,19652,736,791,1711,2480,2353,3948,3400,6125,6275,6955,7725,6574,21101,27369,9773,17344,198494,114959,30253,9613,96099,69,9,23,15
2021-04-22T23:59:59+02:00,12,4,3881,4304,7431,9924,8733,13994,11809,20458,21309,25721,37270,39419,33400,42886,11001,19531,723,782,1683,2450,2295,3891,3329,6053,6166,6856,7645,6488,21048,27325,9770,17329,185454,114838,30063,8910,95538,67,9,23,14
2021-04-21T23:59:59+02:00,12,4,3853,4272,7303,9846,8550,13823,11475,20168,20044,24516,34058,35699,32916,42183,10939,19405,699,764,1649,2422,2251,3866,3295,6020,6124,6816,7616,6461,21029,27301,9767,17325,173687,114727,29888,8597,95459,63,9,23,14
2021-04-20T23:59:59+02:00,12,4,3819,4245,7197,9777,8336,13666,11108,19870,18948,23365,30746,32046,32442,41584,10880,19296,691,754,1634,2410,2218,3844,3252,5975,6083,6775,7576,6415,21004,27277,9761,17322,162045,114571,29865,8341,95399,61,9,23,14
2021-04-19T23:59:59+02:00,12,4,3800,4228,7123,9739,8218,13556,10852,19684,18283,22701,29874,30916,32150,41218,10838,19221,683,749,1612,2396,2194,3814,3217,5942,6049,6744,7531,6382,20973,27249,9759,17318,157204,114438,29848,8097,95333,59,9,23,14
2021-04-18T23:59:59+02:00,12,4,3797,4222,7107,9725,8203,13538,10817,19659,18195,22619,29752,30791,32122,41196,10835,19213,681,745,1597,2384,2177,3799,3192,5916,6020,6721,7509,6369,20954,27227,9756,17315,156712,114379,29781,7907,95283,58,9,22,14
2021-04-17T23:59:59+02:00,12,4,3796,4220,7105,9723,8200,13538,10811,19652,18182,22608,29729,30778,32120,41194,10835,19213,680,745,1596,2383,2175,3798,3189,5915,6018,6719,7509,6369,20954,27227,9756,17315,156632,114366,29780,7907,95277,57,9,22,14
2021-04-16T23:59:59+02:00,12,4,3629,4182,6759,9593,7831,13351,10413,19406,17728,22333,29527,30618,32038,41105,10820,19194,668,727,1584,2368,2148,3783,3135,5878,5976,6669,7416,6280,20541,26661,9726,17254,155880,113041,29772,7701,92860,54,9,22,14
2021-04-15T23:59:59+02:00,12,4,3528,4103,6403,9220,7253,12848,9635,18570,16402,21094,28326,29321,31516,40463,10740,19019,638,704,1532,2330,2067,3696,3025,5758,5648,6431,6918,5891,19805,25747,9630,17086,150120,109683,29476,7156,88830,49,9,22,14
2021-04-14T23:59:59+02:00,11,4,3474,4053,6167,8979,6920,12465,9012,18015,15280,20060,26915,27811,30885,39584,10632,18824,604,678,1486,2292,1991,3618,2882,5635,5338,6195,6374,5379,18791,24460,9545,16913,143306,105423,29276,6697,86479,43,9,21,14
2021-04-13T23:59:59+02:00,11,4,3442,4021,6075,8901,6771,12335,8707,17767,14476,19366,23556,24246,29950,38400,10528,18652,599,669,1473,2270,1963,3584,2786,5564,5122,6011,6011,5039,18492,24116,9506,16847,131643,103326,29265,6667,86270,42,9,21,13
2021-04-12T23:59:59+02:00,11,4,3420,4000,6025,8842,6683,12251,8488,17572,13859,18836,22551,23092,29525,37842,10459,18530,589,661,1463,2262,1940,3563,2730,5513,4974,5906,5692,4758,18197,23811,9468,16787,126554,101734,29246,6521,86160,42,9,21,13
2021-04-11T23:59:59+02:00,11,4,3414,3994,6007,8818,6655,12234,8448,17549,13770,18775,22420,22943,29474,37777,10450,18505,586,656,1450,2252,1927,3555,2713,5496,4936,5869,5632,4699,18024,23577,9447,16758,126012,101069,29179,6449,86027,42,9,21,13
2021-04-10T23:59:59+02:00,11,4,3406,3993,5984,8817,6633,12233,8425,17548,13744,18773,22415,22940,29470,37776,10450,18505,585,654,1444,2245,1922,3552,2707,5488,4920,5858,5620,4682,17861,23324,9433,16734,125989,100556,29087,6415,86022,42,8,21,13
2021-04-09T23:59:59+02:00,10,4,3368,3981,5936,8805,6573,12215,8386,17521,13692,18727,20458,20528,28989,37160,10420,18455,572,641,1418,2223,1895,3528,2665,5452,4849,5796,5503,4578,17282,22591,9395,16663,125296,98786,23967,6216,85940,34,7,18,13
2021-04-08T23:59:59+02:00,10,4,3344,3962,5866,8773,6497,12176,8295,17455,13546,18608,17861,17457,28464,36493,10380,18405,530,611,1329,2141,1801,3431,2485,5265,4353,5432,4696,3968,15500,20358,9208,16361,124424,91786,18092,5645,85056,24,6,18,13
2021-04-07T23:59:59+02:00,8,4,3265,3934,5655,8723,6290,12116,8086,17380,13285,18513,15190,14383,27786,35693,10350,18352,507,583,1275,2086,1706,3351,2332,5124,3940,5099,3978,3402,14645,19493,9096,16180,124217,87465,16557,5298,78216,21,5,18,13
2021-04-06T23:59:59+02:00,7,4,3235,3924,5609,8705,6220,12093,7999,17343,13211,18442,13199,12017,27152,34977,10337,18322,476,560,1205,2031,1621,3269,2170,5004,3567,4820,3451,2991,13804,18491,9021,16064,124088,83821,16355,4697,72330,16,5,18,11
2021-04-05T23:59:59+02:00,7,4,3233,3921,5573,8691,6183,12081,7954,17327,13139,18406,13153,11970,27141,34961,10336,18319,444,530,1153,1994,1569,3228,2102,4950,3479,4744,3394,2939,13661,18321,9012,16046,124064,83330,16146,4210,72167,16,4,18,11
2021-04-04T23:59:59+02:00,7,4,3232,3919,5573,8689,6181,12080,7953,17324,13139,18406,13150,11970,27140,34961,10336,18319,443,529,1152,1994,1569,3228,2101,4950,3479,4744,3394,2939,13660,18321,9012,16046,124053,83325,16146,4210,72162,16,4,18,11
2021-04-03T23:59:59+02:00,7,4,3231,3919,5573,8688,6181,12080,7953,17324,13139,18406,13150,11969,27139,34958,10336,18319,443,527,1152,1994,1568,3228,2101,4949,3473,4741,3387,2928,13573,18185,9003,16030,124048,83046,16146,4210,72160,16,4,18,11
2021-04-02T23:59:59+02:00,7,4,3231,3916,5570,8683,6177,12071,7944,17312,13114,18375,13103,11917,27111,34939,10333,18315,440,520,1150,1990,1556,3219,2091,4927,3443,4708,3356,2899,12643,16940,8938,15922,123881,80589,16143,4129,72076,16,4,18,9
2021-04-01T23:59:59+02:00,7,4,3216,3902,5531,8663,6110,12039,7873,17276,12999,18302,12988,11790,27053,34863,10324,18300,393,476,1053,1923,1456,3131,1941,4814,3241,4575,3124,2699,10611,14346,8828,15747,123566,74995,16016,3340,71637,16,3,18,9
2021-03-31T23:59:59+02:00,7,4,3215,3889,5514,8629,6077,12002,7830,17231,12918,18233,12872,11665,27001,34800,10316,18291,355,454,1017,1881,1383,3091,1837,4711,2984,4379,2711,2383,8037,11115,8652,15507,123251,67476,15976,3000,71247,15,3,17,7
2021-03-30T23:59:59+02:00,7,4,3207,3878,5489,8601,6045,11971,7791,17191,12841,18167,12785,11525,26964,34752,10311,18281,334,435,994,1849,1323,3055,1713,4630,2735,4207,2342,2134,7151,10025,8586,15378,123118,64151,15944,2721,70729,14,2,17,7
2021-03-29T23:59:59+02:00,7,4,3195,3874,5460,8582,6009,11937,7747,17158,12767,18089,12140,10767,25095,32253,10162,18025,328,432,987,1834,1302,3030,1678,4589,2589,4121,2056,1984,6501,9315,8542,15300,117115,61853,15774,2718,70363,12,2,17,7
2021-03-28T23:59:59+02:00,7,4,3165,3858,5412,8543,5959,11894,7666,17103,12657,18019,11876,10464,23108,29784,10107,17926,327,430,985,1833,1294,3026,1674,4587,2577,4113,2031,1964,6478,9300,8540,15295,117056,61723,10583,2716,69894,12,2,17,5
2021-03-27T23:59:59+01:00,7,4,3153,3854,5373,8532,5922,11879,7619,17088,12611,17972,11842,10421,23104,29776,10107,17926,327,430,985,1833,1294,3026,1673,4585,2575,4111,2029,1962,6429,9225,8507,15246,116987,61506,10582,2716,69602,12,2,17,5
2021-03-26T23:59:59+01:00,7,4,3017,3529,4922,7370,5426,10557,7004,15030,11800,15684,11622,10240,22621,29049,10062,17855,326,426,981,1830,1288,3021,1670,4583,2570,4104,2021,1956,6299,9037,8364,15061,115441,60828,10328,2704,60011,2,2,17,5
2021-03-25T23:59:59+01:00,7,3,2891,3261,4762,6597,5200,9405,6678,13303,11072,13876,10763,9434,21904,28207,9989,17700,321,416,975,1820,1273,3002,1650,4547,2533,4055,1954,1897,6008,8609,8091,14614,112531,59062,9640,2699,52862,1,2,17,5
2021-03-24T23:59:59+01:00,7,3,2843,3217,4686,6536,5066,9299,6472,13132,10561,13469,9929,8612,20892,26948,9892,17519,319,411,967,1814,1256,2991,1635,4523,2486,3998,1884,1821,5645,8137,7679,13948,108519,56827,9291,2685,51257,1,0,16,5
2021-03-23T23:59:59+01:00,7,3,2814,3184,4618,6470,4954,9205,6261,12970,10102,13047,9214,7944,20381,26344,9840,17414,307,398,949,1804,1241,2970,1607,4501,2432,3949,1804,1756,5368,7757,7290,13333,106141,54780,8959,2684,49658,1,0,14,5
2021-03-22T23:59:59+01:00,7,3,2796,3145,4558,6432,4878,9137,6122,12832,9741,12771,8607,7375,19962,25906,9780,17320,305,394,937,1798,1226,2955,1594,4487,2405,3923,1778,1735,5231,7583,6848,12518,104661,53035,8699,2679,47998,1,0,14,4
2021-03-21T23:59:59+01:00,7,3,2789,3130,4513,6410,4827,9100,6030,12764,9553,12583,8300,7115,19791,25739,9768,17295,305,394,936,1798,1224,2955,1593,4486,2402,3923,1770,1729,5222,7578,6818,12461,104460,52930,8464,2661,46779,1,0,14,4
2021-03-20T23:59:59+01:00,7,3,2789,3125,4505,6405,4820,9097,6026,12756,9533,12569,8267,7084,19617,25462,9752,17269,305,394,936,1797,1223,2955,1592,4485,2398,3915,1758,1716,5209,7529,6642,12225,103903,52439,8452,2637,46717,1,0,14,4
2021-03-19T23:59:59+01:00,7,3,2754,3101,4431,6361,4711,9047,5886,12698,9267,12380,7959,6859,19132,24869,9720,17210,305,394,935,1796,1223,2952,1589,4484,2392,3910,1742,1707,5173,7486,6239,11609,102596,51316,8208,2617,45577,1,0,14,4
2021-03-18T23:59:59+01:00,7,3,2688,3027,4268,6225,4462,8841,5526,12386,8358,11705,6690,5840,17879,23508,9571,16985,302,389,930,1786,1209,2939,1550,4468,2324,3863,1664,1665,5100,7379,5509,10500,97692,49001,7665,2575,42598,0,0,14,3
2021-03-17T23:59:59+01:00,7,3,2650,2988,4188,6127,4324,8733,5271,12108,7677,11132,5699,4942,16530,21973,9405,16731,298,387,926,1776,1205,2931,1533,4446,2257,3837,1598,1620,5055,7315,4937,9622,92265,47222,7161,2520,41048,0,0,14,3
2021-03-16T23:59:59+01:00,7,3,2630,2959,4125,6060,4231,8636,5095,11951,7224,10741,4932,4322,15677,20992,9302,16562,294,385,923,1771,1202,2924,1525,4436,2235,3818,1568,1603,5018,7272,4434,8817,88618,45783,7125,2441,39693,0,0,13,3
2021-03-15T23:59:59+01:00,7,3,2627,2948,4109,6042,4200,8610,5045,11904,7107,10627,4786,4161,15358,20580,9273,16503,292,381,922,1765,1195,2917,1511,4427,2213,3794,1527,1586,4958,7198,3857,7956,87849,44197,7029,2301,38999,0,0,13,3
2021-03-14T23:59:59+01:00,7,2,2622,2939,4088,6022,4170,8591,5003,11871,7011,10538,4681,4047,15227,20410,9257,16467,290,380,922,1763,1189,2910,1506,4416,2202,3787,1517,1578,4950,7190,3852,7943,87543,44136,7011,2258,38387,0,0,12,3
2021-03-13T23:59:59+01:00,7,2,2618,2931,4083,6010,4162,8585,4995,11862,6991,10523,4658,4021,14910,19973,9237,16431,290,380,922,1763,1189,2910,1506,4416,2202,3787,1517,1578,4950,7189,3852,7943,86657,44135,6988,2258,38342,0,0,12,3
2021-03-12T23:59:59+01:00,7,2,2555,2855,3972,5840,4043,8363,4856,11558,6813,10253,4504,3883,13983,18716,9176,16329,290,379,920,1760,1189,2907,1504,4411,2201,3780,1509,1576,4942,7170,3850,7928,84187,44058,6926,2257,36585,0,0,10,3
2021-03-11T23:59:59+01:00,6,2,2430,2629,3746,5510,3787,7925,4530,10793,6185,9437,3983,3378,12378,16718,9078,16182,290,378,916,1756,1186,2893,1495,4399,2189,3753,1465,1547,4901,7135,3838,7901,79855,43907,6764,2134,32069,0,0,9,3
2021-03-10T23:59:59+01:00,6,2,2307,2495,3594,5275,3592,7601,4260,10304,5627,8866,3410,2932,10109,13998,8932,15955,287,374,912,1747,1179,2882,1491,4383,2167,3737,1436,1539,4871,7120,3829,7893,73549,43841,6593,2005,29115,0,0,8,3
2021-03-09T23:59:59+01:00,6,2,2280,2442,3528,5189,3478,7512,4089,10107,5234,8513,2927,2574,8595,11978,8830,15804,286,373,912,1741,1172,2873,1487,4375,2158,3725,1422,1534,4863,7114,3826,7890,68672,43796,6443,1954,27965,0,0,8,3
2021-03-08T23:59:59+01:00,6,2,2256,2369,3470,5122,3403,7427,3965,9993,4939,8320,2477,2311,6669,9575,8710,15628,286,370,911,1731,1166,2857,1481,4364,2154,3718,1411,1527,4847,7094,3819,7881,62975,43688,6108,1928,27551,0,0,8,3
2021-03-07T23:59:59+01:00,6,2,2193,2313,3373,5014,3307,7337,3868,9906,4804,8225,2426,2260,6647,9554,8710,15620,286,369,910,1731,1166,2857,1479,4364,2154,3718,1411,1527,4847,7094,3819,7881,62847,43686,5427,1928,27283,0,0,8,1
2021-03-06T23:59:59+01:00,6,2,2185,2300,3361,5005,3303,7332,3859,9897,4793,8222,2424,2258,6601,9484,8678,15571,286,369,909,1727,1165,2856,1479,4361,2150,3713,1410,1522,4841,7089,3817,7872,62638,43639,5367,1928,27268,0,0,8,1
2021-03-05T23:59:59+01:00,6,2,2054,2215,3137,4815,3062,7020,3582,9501,4463,7885,2337,2197,6394,9166,8486,15310,286,367,907,1724,1165,2855,1478,4355,2147,3707,1404,1520,4835,7082,3816,7866,61659,43587,4528,1928,25437,0,0,8,1
2021-03-04T23:59:59+01:00,6,2,1800,1994,2727,4379,2603,6376,3014,8597,3774,7068,2122,2037,6103,8800,8210,14856,283,366,906,1716,1163,2838,1477,4339,2138,3695,1393,1518,4822,7068,3809,7855,60011,43462,3255,1925,21194,0,0,8,1
2021-03-03T23:59:59+01:00,6,2,1728,1904,2618,4193,2469,6146,2871,8309,3583,6798,2033,1958,5764,8324,7856,14276,282,362,906,1706,1161,2815,1473,4315,2133,3680,1369,1507,4817,7062,3805,7848,57980,43317,3112,1925,19738,0,0,8,1
2021-03-02T23:59:59+01:00,6,2,1692,1822,2550,4075,2387,5995,2765,8126,3464,6643,1954,1890,5455,7885,7456,13608,280,357,903,1687,1158,2794,1470,4296,2132,3669,1344,1501,4807,7046,3799,7841,55881,43160,2861,1925,19025,0,0,8,1
2021-03-01T23:59:59+01:00,2,2,1682,1794,2511,3966,2336,5877,2727,8023,3409,6564,1908,1869,5316,7720,6985,12743,279,355,899,1681,1156,2782,1468,4283,2130,3654,1339,1496,4804,7044,3798,7835,54002,43079,2849,1925,18575,0,0,8,1
2021-02-28T23:59:59+01:00,2,2,1665,1756,2476,3895,2306,5822,2684,7943,3382,6516,1902,1865,5308,7715,6950,12684,279,355,898,1681,1156,2782,1468,4282,2130,3653,1339,1496,4804,7043,3798,7835,53880,43076,2847,1924,18138,0,0,8,1
2021-02-27T23:59:59+01:00,2,2,1663,1750,2472,3887,2302,5822,2683,7942,3379,6513,1896,1855,5299,7671,6780,12465,279,355,888,1676,1146,2775,1458,4273,2113,3644,1338,1493,4804,7042,3798,7835,53417,43072,2847,1846,18111,0,0,8,1
2021-02-26T23:59:59+01:00,2,1,1473,1591,2346,3641,2223,5415,2589,7436,3292,6055,1881,1830,5274,7638,6521,12076,278,353,881,1669,1138,2755,1452,4251,2103,3630,1331,1484,4796,7030,3794,7823,52674,42993,2826,1777,15776,0,0,8,0
2021-02-25T23:59:59+01:00,2,1,1256,1312,2125,3203,2049,4657,2390,6486,3048,5150,1792,1759,5223,7559,5952,11236,276,345,875,1609,1104,2660,1419,4140,2046,3555,1292,1463,4755,6989,3775,7771,50801,42527,2812,1549,11580,0,0,7,0
2021-02-24T23:59:59+01:00,2,1,1203,1101,2016,2931,1943,4318,2257,6078,2876,4877,1716,1704,5164,7467,5197,10058,274,339,837,1562,1054,2569,1358,4024,1957,3426,1252,1436,4740,6963,3765,7754,48459,42270,2800,1042,9643,0,0,7,0
2021-02-23T23:59:59+01:00,2,1,1188,1051,1982,2867,1917,4220,2231,5993,2842,4816,1708,1689,5129,7418,4566,9036,274,338,810,1534,1006,2517,1305,3946,1851,3351,1200,1411,4717,6938,3754,7720,46687,42072,2773,602,9189,0,0,7,0
2021-02-22T23:59:59+01:00,2,1,1180,1009,1931,2724,1872,4074,2176,5797,2788,4709,1696,1678,5094,7368,3962,8151,272,327,767,1495,952,2434,1217,3838,1709,3254,1111,1354,4676,6869,3728,7617,45075,41613,2753,9,8378,0,0,6,0
2021-02-21T23:59:59+01:00,2,1,1178,995,1900,2662,1846,3977,2149,5693,2768,4646,1688,1672,5091,7359,3962,8147,270,325,762,1489,944,2402,1215,3802,1696,3214,1102,1339,4660,6844,3706,7576,45022,41339,2742,9,7966,0,0,6,0
2021-02-20T23:59:59+01:00,2,1,1178,995,1900,2661,1845,3977,2149,5693,2766,4641,1679,1663,5087,7353,3960,8144,270,325,762,1488,943,2398,1214,3798,1695,3212,1102,1339,4607,6783,3658,7516,45007,41104,2717,8,7964,0,0,6,0
2021-02-19T23:59:59+01:00,2,1,1178,992,1897,2656,1844,3968,2148,5684,2763,4638,1659,1655,5073,7336,3957,8138,269,324,758,1479,934,2374,1207,3755,1668,3159,1075,1301,4415,6530,3481,7224,44925,39947,2698,8,7960,0,0,6,0
2021-02-18T23:59:59+01:00,2,1,1146,909,1858,2537,1805,3829,2095,5477,2701,4463,1643,1639,5057,7302,3952,8112,241,295,713,1354,885,2168,1120,3413,1551,2862,966,1114,3931,5757,3087,6371,44770,35822,2665,8,7087,0,0,6,0
2021-02-17T23:59:59+01:00,2,1,1097,778,1777,2304,1728,3530,1986,5117,2626,4213,1618,1630,5037,7288,3944,8109,236,292,703,1336,876,2146,1108,3378,1532,2841,960,1111,3548,5230,2795,5947,44729,34033,2609,8,5441,0,0,6,0
2021-02-16T23:59:59+01:00,2,1,1056,742,1719,2201,1657,3358,1915,4909,2548,4106,1583,1616,5008,7267,3935,8097,230,286,689,1302,855,2092,1077,3261,1493,2756,937,1088,3195,4683,2455,5457,44676,31853,2444,5,4594,0,0,6,0
2021-02-15T23:59:59+01:00,2,1,1049,723,1699,2124,1637,3258,1896,4799,2533,4027,1555,1602,4979,7250,3903,8041,218,276,674,1267,836,2042,1057,3195,1450,2691,906,1057,2775,4132,2129,4895,44547,29598,2358,4,4167,0,0,6,0
2021-02-14T23:59:59+01:00,2,1,953,689,1620,2090,1575,3239,1851,4777,2496,4014,1548,1598,4969,7238,3900,8036,211,264,665,1249,817,2002,1041,3129,1420,2623,875,1012,2686,3992,2057,4712,44505,28754,2320,3,3768,0,0,3,0
2021-02-13T23:59:59+01:00,2,1,900,665,1590,2067,1560,3230,1835,4770,2488,4013,1547,1597,4969,7238,3899,8035,209,263,663,1249,817,1998,1041,3127,1419,2621,874,1012,2583,3864,1992,4611,44499,28342,2320,3,3584,0,0,3,0
2021-02-12T23:59:59+01:00,2,1,564,517,1240,1950,1388,3126,1695,4687,2378,3943,1527,1588,4960,7226,3892,8029,197,257,649,1223,803,1954,1015,3042,1363,2521,812,938,2358,3553,1849,4309,44381,26843,2320,2,2009,0,0,3,0
2021-02-11T23:59:59+01:00,2,1,397,440,1050,1837,1285,3007,1596,4573,2289,3853,1418,1543,4897,7176,3871,7981,156,193,549,979,666,1507,814,2370,1080,1927,571,689,1755,2678,1364,3109,44024,20408,2119,1,1070,0,0,3,0
2021-02-10T23:59:59+01:00,2,1,284,368,924,1732,1185,2881,1501,4388,2176,3729,1381,1530,4878,7165,3866,7979,134,131,378,618,492,1018,644,1758,912,1593,550,674,1346,2115,1049,2613,43948,16027,2014,0,5,0,0,3,0
2021-02-09T23:59:59+01:00,2,1,284,367,923,1726,1182,2872,1501,4382,2175,3724,1374,1527,4876,7163,3865,7977,131,129,369,588,473,991,623,1727,887,1562,548,671,965,1648,771,2209,43923,14294,1991,0,4,0,0,3,0
2021-02-08T23:59:59+01:00,2,1,284,365,922,1724,1179,2862,1494,4376,2173,3720,1369,1523,4874,7163,3864,7974,126,123,358,577,465,974,612,1695,869,1536,540,666,571,1160,466,1783,43894,12523,1968,0,4,0,0,3,0
2021-02-07T23:59:59+01:00,2,1,284,365,920,1724,1178,2862,1492,4374,2173,3720,1369,1523,4874,7162,3863,7974,122,120,354,571,464,967,609,1683,859,1520,532,662,570,1150,461,1768,43890,12414,1967,0,0,0,0,3,0
2021-02-06T23:59:59+01:00,2,1,284,365,920,1724,1178,2862,1492,4374,2173,3720,1369,1523,4874,7162,3863,7974,119,117,352,567,463,966,609,1681,859,1519,531,661,570,1150,461,1768,43890,12395,1967,0,0,0,0,3,0
2021-02-05T23:59:59+01:00,2,1,284,364,919,1724,1178,2861,1490,4373,2172,3720,1369,1523,4873,7160,3863,7971,118,109,349,563,455,953,605,1671,845,1496,526,651,564,1134,451,1746,43877,12238,1967,0,0,0,0,3,0
2021-02-04T23:59:59+01:00,2,1,280,359,912,1686,1171,2815,1489,4320,2159,3676,1360,1516,4845,7129,3852,7941,89,72,232,390,331,694,476,1281,634,1125,395,518,474,926,394,1504,43545,9536,1966,0,0,0,0,2,0
2021-02-03T23:59:59+01:00,2,1,278,350,907,1661,1167,2780,1478,4270,2150,3640,1352,1500,4822,7100,3840,7915,55,34,80,166,152,346,232,603,306,551,212,279,275,581,230,952,43245,5055,1966,0,0,0,0,2,0
2021-02-02T23:59:59+01:00,2,1,277,348,906,1649,1163,2761,1475,4238,2143,3614,1344,1494,4815,7086,3832,7893,16,10,25,49,60,100,73,165,97,122,45,75,66,127,51,193,43073,1275,1966,0,0,0,0,2,0
2021-02-01T23:59:59+01:00,2,1,277,343,906,1647,1162,2760,1474,4234,2142,3608,1343,1493,4813,7085,3832,7893,14,9,21,43,51,91,60,137,74,103,39,66,56,117,50,180,43047,1112,1966,0,0,0,0,2,0
2021-01-31T23:59:59+01:00,2,1,277,342,906,1643,1161,2756,1474,4229,2142,3605,1342,1493,4813,7084,3832,7893,13,8,20,38,44,83,54,126,64,97,34,55,47,108,47,174,43027,1013,1966,0,0,0,0,2,0
2021-01-30T23:59:59+01:00,2,1,277,342,901,1640,1153,2748,1466,4223,2138,3602,1342,1493,4760,7024,3785,7833,13,8,20,37,44,83,53,125,64,97,34,55,47,108,47,174,42796,1010,1932,0,0,0,0,2,0
2021-01-29T23:59:59+01:00,2,1,276,341,886,1631,1141,2725,1454,4189,2115,3574,1333,1487,4596,6821,3621,7628,11,8,20,37,41,83,52,123,61,96,32,50,46,108,47,174,42000,990,1819,0,0,0,0,2,0
2021-01-28T23:59:59+01:00,2,1,272,328,867,1544,1101,2615,1417,4088,2045,3499,1305,1474,4262,6348,3357,7274,7,4,9,17,22,42,21,56,36,63,20,32,31,70,37,117,40225,585,1572,0,0,0,0,2,0
2021-01-27T23:59:59+01:00,2,1,266,325,825,1489,1054,2521,1353,3990,1971,3391,1265,1447,3849,5777,3037,6809,3,4,9,8,12,21,8,22,14,29,11,14,15,39,15,56,38254,281,1116,0,0,0,0,2,0
2021-01-26T23:59:59+01:00,2,1,260,316,791,1442,989,2436,1292,3863,1854,3284,1207,1396,3502,5221,2688,6298,1,1,5,3,5,7,4,2,3,8,6,5,3,7,3,8,36174,72,667,0,0,0,0,1,0
2021-01-25T23:59:59+01:00,2,1,250,307,739,1381,928,2317,1191,3718,1692,3164,1128,1366,3108,4709,2378,5831,1,1,5,2,3,7,2,2,3,8,6,5,3,7,3,8,34148,67,62,0,0,0,0,0,0
2021-01-24T23:59:59+01:00,2,1,247,307,733,1376,917,2301,1186,3702,1664,3134,1122,1364,3082,4673,2361,5809,1,1,3,2,3,7,2,2,3,8,6,5,3,7,3,8,33973,65,8,0,0,0,0,0,0
2021-01-23T23:59:59+01:00,2,1,246,306,732,1376,917,2297,1185,3700,1661,3132,1121,1364,2977,4545,2295,5707,1,1,3,2,2,7,2,2,3,8,6,5,3,7,3,8,33557,64,7,0,0,0,0,0,0
2021-01-22T23:59:59+01:00,2,1,245,303,730,1360,915,2284,1179,3684,1657,3128,1119,1363,2817,4350,2192,5565,1,1,3,2,2,7,2,2,3,8,6,5,3,7,3,8,32887,64,7,0,0,0,0,0,0
2021-01-21T23:59:59+01:00,2,1,241,274,667,1204,846,2071,1098,3396,1559,2920,1075,1321,2469,3881,1897,5119,1,0,3,1,2,7,2,2,3,8,6,4,3,7,3,8,30034,61,7,0,0,0,0,0,0
2021-01-20T23:59:59+01:00,2,1,215,210,506,852,669,1580,896,2691,1320,2449,975,1186,1936,3130,1482,4353,1,0,3,1,2,7,2,2,3,6,5,4,3,7,3,8,24446,58,7,0,0,0,0,0,0
2021-01-19T23:59:59+01:00,2,1,187,191,459,745,614,1424,808,2390,1142,2141,807,929,1293,2201,1024,3287,0,0,2,1,0,0,0,0,2,1,1,0,0,0,0,0,19641,7,4,0,0,0,0,0,0
2021-01-18T23:59:59+01:00,1,1,139,136,381,620,490,1069,653,1843,949,1649,600,719,643,1278,516,1975,0,0,1,0,0,0,0,0,1,0,0,0,0,0,0,0,13659,2,3,0,0,0,0,0,0
2021-01-17T23:59:59+01:00,1,1,128,122,367,583,475,1003,624,1726,890,1550,551,678,595,1180,474,1832,0,0,0,0,0,0,0,0,0,0,0,0,0,0,0,0,12780,0,0,0,0,0,0,0,0
2021-01-16T23:59:59+01:00,1,1,121,118,364,579,473,992,618,1713,884,1543,550,677,594,1175,470,1820,0,0,0,0,0,0,0,0,0,0,0,0,0,0,0,0,12693,0,0,0,0,0,0,0,0
2021-01-15T23:59:59+01:00,1,1,119,111,361,574,465,976,614,1702,869,1519,544,665,587,1159,462,1798,0,0,0,0,0,0,0,0,0,0,0,0,0,0,0,0,12527,0,0,0,0,0,0,0,0
2021-01-14T23:59:59+01:00,1,1,98,89,276,465,394,793,511,1431,710,1226,425,535,507,964,406,1613,0,0,0,0,0,0,0,0,0,0,0,0,0,0,0,0,10445,0,0,0,0,0,0,0,0
2021-01-13T23:59:59+01:00,1,1,68,49,164,283,257,527,358,936,488,792,263,330,316,638,261,1034,0,0,0,0,0,0,0,0,0,0,0,0,0,0,0,0,6766,0,0,0,0,0,0,0,0
2021-01-12T23:59:59+01:00,1,1,32,21,49,101,114,218,154,389,206,336,138,180,166,354,149,569,0,0,0,0,0,0,0,0,0,0,0,0,0,0,0,0,3178,0,0,0,0,0,0,0,0
2021-01-11T23:59:59+01:00,1,0,19,11,33,64,61,114,77,169,95,127,41,66,60,122,50,181,0,0,0,0,0,0,0,0,0,0,0,0,0,0,0,0,1291,0,0,0,0,0,0,0,0
2021-01-10T23:59:59+01:00,1,0,15,7,27,53,54,102,67,154,76,111,34,56,50,112,46,172,0,0,0,0,0,0,0,0,0,0,0,0,0,0,0,0,1137,0,0,0,0,0,0,0,0
2021-01-09T23:59:59+01:00,1,0,14,7,26,51,53,101,64,153,76,109,34,56,50,112,46,172,0,0,0,0,0,0,0,0,0,0,0,0,0,0,0,0,1125,0,0,0,0,0,0,0,0
2021-01-08T23:59:59+01:00,1,0,11,7,24,48,48,96,60,140,70,105,31,50,49,112,46,172,0,0,0,0,0,0,0,0,0,0,0,0,0,0,0,0,1070,0,0,0,0,0,0,0,0
2021-01-07T23:59:59+01:00,1,0,7,4,9,18,22,44,23,56,38,65,19,33,36,75,36,116,0,0,0,0,0,0,0,0,0,0,0,0,0,0,0,0,602,0,0,0,0,0,0,0,0
2021-01-06T23:59:59+01:00,1,0,7,4,9,15,15,32,15,39,25,53,15,25,30,67,34,101,0,0,0,0,0,0,0,0,0,0,0,0,0,0,0,0,487,0,0,0,0,0,0,0,0
2021-01-05T23:59:59+01:00,1,0,7,4,9,15,15,32,15,39,25,53,15,25,29,67,34,101,0,0,0,0,0,0,0,0,0,0,0,0,0,0,0,0,486,0,0,0,0,0,0,0,0
2021-01-04T23:59:59+01:00,1,0,2,4,8,5,4,15,4,7,6,16,6,5,6,16,4,13,0,0,0,0,0,0,0,0,0,0,0,0,0,0,0,0,122,0,0,0,0,0,0,0,0
2021-01-03T23:59:59+01:00,1,0,1,1,3,2,2,7,3,3,3,9,4,4,3,8,3,8,0,0,0,0,0,0,0,0,0,0,0,0,0,0,0,0,65,0,0,0,0,0,0,0,0
2021-01-02T23:59:59+01:00,1,0,1,1,3,2,2,7,3,3,3,9,4,4,3,8,3,8,0,0,0,0,0,0,0,0,0,0,0,0,0,0,0,0,65,0,0,0,0,0,0,0,0
2021-01-01T23:59:59+01:00,1,0,1,1,3,2,2,7,2,3,3,9,4,4,3,8,3,8,0,0,0,0,0,0,0,0,0,0,0,0,0,0,0,0,64,0,0,0,0,0,0,0,0
2020-12-31T23:59:59+01:00,1,0,1,1,3,1,2,7,2,2,3,8,4,4,3,8,3,8,0,0,0,0,0,0,0,0,0,0,0,0,0,0,0,0,61,0,0,0,0,0,0,0,0
2020-12-30T23:59:59+01:00,1,0,1,1,3,1,2,7,2,2,3,6,4,4,3,8,3,8,0,0,0,0,0,0,0,0,0,0,0,0,0,0,0,0,59,0,0,0,0,0,0,0,0
2020-12-29T23:59:59+01:00,1,0,1,1,2,1,2,6,2,2,3,6,2,2,2,8,2,7,0,0,0,0,0,0,0,0,0,0,0,0,0,0,0,0,50,0,0,0,0,0,0,0,0
2020-12-28T23:59:59+01:00,1,0,0,0,2,1,0,2,1,0,1,3,0,1,0,1,1,4,0,0,0,0,0,0,0,0,0,0,0,0,0,0,0,0,18,0,0,0,0,0,0,0,0
2020-12-27T23:59:59+01:00,0,0,0,0,0,0,0,1,1,0,1,2,0,1,0,1,1,4,0,0,0,0,0,0,0,0,0,0,0,0,0,0,0,0,12,0,0,0,0,0,0,0,0
