Datum,<15_m,<15_w,15-24_1_m,15-24_1_w,25-34_1_m,25-34_1_w,35-44_1_m,35-44_1_w,45-54_1_m,45-54_1_w,55-64_1_m,55-64_1_w,65-74_1_m,65-74_1_w,75-84_1_m,75-84_1_w,>84_1_m,>84_1_w,<24_2_m,<24_2_w,25-34_2_m,25-34_2_w,35-44_2_m,35-44_2_w,45-54_2_m,45-54_2_w,55-64_2_m,55-64_2_w,65-74_2_m,65-74_2_w,75-84_2_m,75-84_2_w,>84_2_m,>84_2_w,bp_1,bp_2,mo_1,mo_2,az_1,az_2,ja,unb_1,unb_2
2021-09-13T23:59:59+02:00,4712,4413,41082,39451,54868,47495,59483,55960,71571,70134,86491,84738,60111,64234,39152,50438,12103,21588,37036,35579,51244,43629,56180,52006,67830,65694,82556,80672,57941,61729,37849,48641,11707,20821,643077,602738,79223,75869,110002,103805,35679,47,55
2021-09-12T23:59:59+02:00,4703,4399,41051,39425,54850,47472,59459,55930,71545,70106,86476,84719,60103,64226,39150,50435,12101,21584,36999,35552,51226,43610,56155,51987,67812,65667,82535,80653,57928,61716,37843,48627,11707,20820,642876,602535,79214,75864,110001,103803,35600,47,55
2021-09-11T23:59:59+02:00,4694,4397,41035,39399,54822,47446,59440,55914,71522,70095,86465,84711,60102,64223,39149,50434,12101,21582,36981,35541,51205,43590,56142,51975,67790,65657,82522,80649,57926,61715,37841,48627,11707,20819,642780,602488,79214,75863,110001,103803,35493,47,55
2021-09-10T23:59:59+02:00,4649,4358,40863,39226,54669,47313,59326,55766,71397,69993,86376,84632,60074,64195,39138,50422,12097,21575,36861,35454,51103,43501,56055,51885,67699,65593,82450,80595,57907,61694,37832,48613,11700,20813,641875,602077,79213,75863,110001,103803,34935,47,55
2021-09-09T23:59:59+02:00,4575,4279,40638,39014,54485,47104,59167,55562,71258,69835,86274,84543,60051,64151,39115,50395,12088,21569,36669,35282,50941,43355,55920,51731,67566,65475,82346,80520,57868,61650,37813,48592,11694,20804,640454,600981,79212,75861,110001,103803,34390,47,54
2021-09-08T23:59:59+02:00,4476,4185,40420,38756,54297,46922,58998,55393,71148,69717,86181,84467,60015,64112,39108,50362,12082,21562,36392,35010,50718,43144,55728,51547,67431,65347,82233,80416,57835,61593,37790,48553,11683,20790,639045,599250,79207,75853,110001,103803,33901,47,54
2021-09-07T23:59:59+02:00,4405,4127,40220,38584,54170,46806,58893,55286,71072,69631,86119,84402,59991,64084,39098,50345,12079,21559,36266,34900,50617,43066,55649,51483,67362,65280,82166,80359,57799,61562,37778,48530,11676,20782,638044,598592,79199,75840,109997,103802,33584,47,54
2021-09-06T23:59:59+02:00,4364,4079,40117,38483,54094,46735,58824,55212,71025,69576,86074,84365,59971,64068,39095,50340,12078,21555,36152,34783,50525,42997,55566,51399,67304,65209,82111,80298,57771,61532,37764,48517,11675,20780,637370,597835,79199,75802,109996,103792,33443,47,54
2021-09-05T23:59:59+02:00,4351,4062,40083,38454,54071,46704,58788,55184,70997,69555,86050,84342,59968,64066,39092,50335,12077,21552,36126,34761,50496,42975,55536,51378,67285,65193,82093,80282,57763,61527,37761,48511,11673,20777,637152,597687,79198,75797,109995,103792,33339,47,54
2021-09-04T23:59:59+02:00,4351,4060,40074,38452,54066,46697,58787,55182,70995,69551,86046,84335,59968,64064,39092,50335,12077,21552,36115,34758,50493,42969,55533,51377,67283,65189,82090,80278,57762,61525,37761,48511,11673,20777,637133,597673,79198,75796,109995,103792,33311,47,54
2021-09-03T23:59:59+02:00,4311,4029,39960,38338,53967,46628,58708,55099,70926,69491,85980,84304,59950,64048,39086,50330,12074,21549,36038,34688,50411,42929,55475,51326,67227,65147,82045,80246,57747,61511,37753,48505,11667,20776,636548,597371,79198,75791,109995,103792,32990,47,54
2021-09-02T23:59:59+02:00,4271,3987,39786,38177,53830,46467,58575,54972,70801,69373,85902,84239,59903,64011,39063,50303,12072,21539,35916,34607,50304,42844,55378,51238,67127,65064,81971,80183,57699,61478,37736,48481,11660,20768,635550,596814,79198,75790,109995,103788,32481,47,54
2021-09-01T23:59:59+02:00,4211,3916,39595,38005,53669,46321,58461,54860,70708,69285,85841,84163,59859,63980,39047,50290,12070,21528,35587,34263,50078,42588,55184,51046,66968,64894,81838,80073,57651,61421,37702,48449,11654,20762,634432,594607,79187,75778,109994,103787,32149,47,54
2021-08-31T23:59:59+02:00,4160,3869,39460,37854,53541,46210,58361,54751,70622,69211,85765,84108,59828,63951,39029,50262,12068,21525,35467,34159,49937,42489,55077,50960,66875,64827,81758,80019,57609,61386,37688,48429,11648,20759,633505,594032,79185,75777,109992,103559,31846,47,54
2021-08-30T23:59:59+02:00,4109,3825,39353,37730,53440,46125,58277,54676,70561,69132,85704,84061,59811,63926,39017,50251,12066,21519,35393,34086,49863,42426,55001,50888,66815,64766,81704,79961,57581,61358,37673,48406,11647,20748,632683,593444,79182,75742,109992,103547,31679,47,54
2021-08-29T23:59:59+02:00,4099,3815,39335,37712,53421,46110,58263,54657,70554,69122,85687,84044,59809,63924,39014,50247,12065,21518,35362,34061,49832,42409,54987,50862,66793,64738,81681,79946,57571,61342,37668,48400,11644,20747,632566,593242,79179,75725,109992,103547,31612,47,54
2021-08-28T23:59:59+02:00,4099,3815,39334,37712,53420,46108,58263,54657,70553,69120,85687,84044,59809,63924,39014,50247,12065,21518,35362,34060,49832,42409,54985,50862,66791,64737,81681,79946,57571,61342,37668,48400,11644,20747,632561,593239,79179,75724,109992,103547,31610,47,54
2021-08-27T23:59:59+02:00,4063,3773,39212,37612,53322,46003,58182,54563,70463,69042,85626,83985,59783,63900,39002,50237,12065,21516,35260,34000,49730,42348,54910,50787,66703,64675,81626,79908,57544,61322,37657,48389,11643,20746,631921,592827,79179,75722,109987,103545,31215,47,54
2021-08-26T23:59:59+02:00,3980,3710,39020,37428,53162,45836,58051,54414,70335,68926,85501,83894,59736,63854,38978,50217,12057,21505,35088,33828,49577,42187,54753,50628,66576,64546,81479,79794,57497,61263,37628,48363,11638,20738,630739,591671,79177,75710,109981,103540,30660,47,54
2021-08-25T23:59:59+02:00,3888,3644,38853,37231,53009,45647,57937,54275,70235,68825,85407,83801,59700,63812,38959,50198,12055,21498,34701,33415,49307,41870,54518,50364,66383,64343,81298,79624,57406,61183,37606,48325,11626,20726,629503,588929,79176,75706,109981,103540,30267,47,54
2021-08-24T23:59:59+02:00,3869,3629,38764,37157,52929,45578,57882,54222,70181,68778,85362,83761,59668,63785,38950,50181,12052,21488,34552,33292,49188,41780,54431,50281,66280,64250,81208,79546,57359,61137,37596,48309,11621,20717,629061,588009,79173,75701,109979,103535,29976,47,54
2021-08-23T23:59:59+02:00,3842,3594,38670,37062,52848,45511,57826,54154,70123,68726,85308,83722,59650,63759,38940,50167,12050,21480,34413,33152,49065,41702,54333,50196,66187,64154,81120,79482,57323,61088,37575,48289,11620,20706,628528,587132,79171,75667,109976,103522,29710,47,54
2021-08-22T23:59:59+02:00,3835,3594,38641,37051,52832,45492,57807,54141,70098,68709,85290,83709,59641,63748,38938,50158,12045,21478,34366,33113,49039,41664,54296,50167,66145,64130,81084,79455,57308,61073,37572,48280,11615,20702,628428,586843,79169,75657,109975,103521,29588,47,54
2021-08-21T23:59:59+02:00,3833,3591,38622,37044,52824,45481,57793,54135,70084,68697,85284,83700,59634,63746,38937,50158,12045,21478,34352,33107,49030,41655,54283,50162,66133,64119,81078,79449,57304,61072,37572,48280,11615,20702,628388,586827,79168,75656,109974,103521,29509,47,54
2021-08-20T23:59:59+02:00,3812,3559,38550,36974,52740,45410,57717,54072,70010,68643,85222,83652,59617,63727,38934,50154,12045,21472,34251,33002,48917,41587,54194,50089,66038,64052,81008,79394,57284,61049,37566,48275,11614,20698,628016,586309,79166,75653,109974,103518,29107,47,54
2021-08-19T23:59:59+02:00,3784,3526,38380,36831,52579,45271,57594,53971,69880,68523,85123,83574,59587,63684,38919,50137,12041,21460,33901,32745,48630,41345,53976,49895,65829,63867,80833,79260,57227,60975,37520,48237,11608,20687,627122,584396,79164,75558,109973,103505,28558,47,54
2021-08-18T23:59:59+02:00,3733,3475,38193,36675,52461,45150,57497,53864,69769,68427,85048,83511,59548,63640,38904,50117,12039,21452,33518,32333,48331,41088,53722,49617,65612,63657,80649,79099,57144,60889,37484,48195,11604,20675,626123,581828,79161,75431,109971,103498,28201,47,54
2021-08-17T23:59:59+02:00,3673,3427,38034,36517,52347,45027,57415,53768,69674,68339,84976,83448,59513,63607,38891,50094,12034,21443,33126,31890,48008,40778,53430,49325,65363,63413,80450,78891,57033,60777,37442,48145,11592,20664,625169,578714,79161,75415,109966,103477,27884,47,54
2021-08-16T23:59:59+02:00,3619,3374,37885,36369,52250,44927,57338,53694,69604,68271,84920,83401,59490,63575,38876,50078,12028,21435,32563,31330,47611,40362,53040,48942,65056,63149,80228,78696,56956,60661,37410,48091,11583,20641,624240,574685,79157,75378,109966,103456,27724,47,54
2021-08-15T23:59:59+02:00,3609,3365,37853,36344,52218,44908,57312,53661,69587,68254,84909,83390,59478,63571,38873,50069,12028,21433,32486,31232,47541,40298,52977,48882,65011,63108,80185,78668,56938,60641,37402,48078,11582,20637,624051,574128,79157,75347,109965,103445,27642,47,54
2021-08-14T23:59:59+02:00,3604,3361,37845,36337,52213,44904,57305,53655,69583,68251,84902,83386,59471,63566,38872,50067,12028,21433,32478,31226,47532,40295,52968,48875,65008,63105,80178,78666,56933,60635,37401,48076,11582,20637,624019,574098,79154,75347,109965,103445,27598,47,54
2021-08-13T23:59:59+02:00,3587,3348,37776,36295,52154,44855,57239,53605,69513,68210,84838,83350,59449,63554,38861,50053,12025,21427,32341,31113,47404,40196,52850,48776,64906,63025,80089,78616,56910,60614,37388,48066,11580,20632,623714,573299,79154,75345,109965,103445,27259,47,54
2021-08-12T23:59:59+02:00,3547,3320,37648,36173,52063,44765,57170,53518,69416,68136,84764,83284,59421,63530,38847,50041,12025,21424,31815,30625,47016,39846,52465,48430,64580,62795,79872,78407,56818,60526,37343,48023,11575,20615,622985,569829,79154,75316,109963,103338,26943,47,54
2021-08-11T23:59:59+02:00,3503,3278,37494,36026,51952,44659,57051,53398,69320,68045,84681,83205,59381,63492,38826,50025,12021,21420,31174,30008,46506,39458,52038,47992,64277,62516,79661,78203,56721,60418,37307,47949,11562,20597,622087,565788,79149,75292,109961,103250,26533,47,54
2021-08-10T23:59:59+02:00,3455,3231,37335,35875,51837,44538,56945,53289,69253,67974,84614,83148,59357,63454,38808,50011,12014,21415,30281,29030,45776,38755,51375,47388,63890,62153,79413,77959,56615,60313,37262,47880,11554,20585,621131,559581,79147,75290,109958,103247,26270,47,54
2021-08-09T23:59:59+02:00,3419,3201,37240,35767,51762,44468,56886,53247,69222,67931,84584,83115,59340,63439,38796,49992,12013,21413,29571,28285,45110,38177,50800,46811,63516,61796,79134,77710,56489,60215,37218,47825,11547,20571,620539,555477,79145,73833,109958,103221,26146,47,54
2021-08-08T23:59:59+02:00,3410,3187,37214,35751,51738,44443,56867,53237,69204,67913,84564,83100,59337,63434,38791,49985,12012,21412,29443,28143,44963,38081,50705,46727,63460,61739,79086,77670,56454,60197,37208,47814,11547,20568,620365,554548,79144,73825,109957,103189,26086,47,54
2021-08-07T23:59:59+02:00,3410,3187,37210,35745,51728,44442,56865,53237,69200,67910,84563,83098,59336,63434,38791,49985,12012,21412,29432,28137,44951,38075,50704,46723,63457,61733,79083,77666,56452,60196,37207,47813,11547,20567,620355,554512,79143,73821,109957,103189,26063,47,54
2021-08-06T23:59:59+02:00,3399,3173,37142,35689,51650,44380,56800,53193,69157,67878,84531,83069,59323,63414,38780,49979,12009,21410,29195,27910,44747,37890,50522,46582,63321,61617,78983,77598,56427,60171,37192,47803,11544,20564,620073,553065,79140,73815,109957,103188,25759,47,54
2021-08-05T23:59:59+02:00,3366,3133,36990,35554,51533,44247,56681,53074,69042,67765,84404,82995,59280,63360,38757,49958,12000,21400,28494,27292,44163,37409,49969,46126,62963,61321,78689,77375,56318,60074,37152,47751,11536,20548,619270,548749,79138,73805,109957,103009,25127,47,54
2021-08-04T23:59:59+02:00,3307,3070,36787,35384,51384,44100,56540,52958,68919,67638,84290,82883,59212,63301,38739,49929,11995,21390,27345,26168,43200,36532,49006,45222,62372,60714,78194,76935,56108,59894,37093,47660,11523,20528,618185,540395,79126,73765,109957,102955,24511,47,54
2021-08-03T23:59:59+02:00,3233,3012,36567,35181,51230,43957,56415,52833,68787,67522,84202,82811,59170,63257,38718,49898,11986,21375,26267,25053,42275,35639,48105,44339,61834,60182,77741,76527,55939,59706,37033,47573,11503,20497,616806,532063,79118,73718,109955,102929,24228,47,54
2021-08-02T23:59:59+02:00,3189,2958,36421,35030,51120,43847,56323,52733,68701,67430,84115,82734,59132,63209,38703,49879,11978,21363,25367,24051,41434,34902,47371,43598,61351,59715,77357,76182,55777,59558,36983,47496,11486,20476,615826,525104,79117,73663,109954,102787,23921,47,54
2021-08-01T23:59:59+02:00,3184,2953,36405,35008,51095,43829,56304,52708,68672,67417,84101,82721,59126,63204,38701,49875,11978,21363,25106,23803,41191,34702,47140,43401,61210,59579,77241,76086,55741,59528,36968,47483,11482,20472,615687,523242,79113,73622,109953,102722,23844,47,54
2021-07-31T23:59:59+02:00,3183,2952,36399,35007,51094,43828,56302,52707,68670,67416,84101,82720,59126,63204,38701,49875,11978,21362,25099,23789,41181,34695,47134,43395,61201,59577,77239,76085,55741,59525,36968,47483,11482,20471,615672,523175,79112,73621,109953,102722,23841,47,54
2021-07-30T23:59:59+02:00,3167,2938,36340,34943,51023,43777,56243,52648,68615,67375,84063,82680,59114,63190,38697,49868,11975,21359,24780,23478,40906,34480,46876,43198,61016,59447,77090,75969,55710,59485,36954,47471,11482,20470,615384,521236,79108,73619,109950,102614,23526,47,54
2021-07-29T23:59:59+02:00,3144,2910,36201,34820,50893,43649,56150,52546,68545,67311,83992,82629,59087,63172,38685,49859,11975,21358,23823,22486,40030,33732,45979,42415,60470,59006,76730,75665,55590,59347,36914,47415,11475,20459,614503,514179,79087,73492,109950,102447,23339,47,54
2021-07-28T23:59:59+02:00,3094,2855,35959,34580,50669,43476,55948,52397,68401,67170,83877,82530,59034,63125,38663,49822,11965,21350,22608,21236,38707,32628,44669,41243,59676,58346,76225,75206,55393,59158,36845,47311,11461,20434,613118,504380,79081,73326,109949,102288,22720,47,54
2021-07-27T23:59:59+02:00,3068,2836,35852,34461,50587,43393,55868,52345,68339,67102,83816,82459,58994,63082,38651,49807,11964,21341,21369,19839,37280,31290,43298,39942,59051,57751,75803,74796,55230,58982,36787,47256,11449,20410,612393,493951,79065,73150,109949,102175,22511,47,54
2021-07-26T23:59:59+02:00,3049,2817,35789,34365,50530,43340,55825,52296,68294,67063,83780,82431,58980,63066,38639,49795,11963,21339,20347,18736,36027,30175,42031,38792,58553,57352,75519,74544,55132,58882,36766,47221,11443,20396,611862,485706,79060,72820,109949,102014,22443,47,54
2021-07-25T23:59:59+02:00,3038,2812,35737,34323,50489,43295,55797,52273,68271,67038,83750,82408,58965,63059,38636,49792,11960,21333,19945,18370,35608,29845,41622,38486,58360,57197,75359,74438,55086,58844,36744,47201,11439,20392,611567,482974,79055,72545,109949,101986,22358,47,54
2021-07-24T23:59:59+02:00,3038,2812,35733,34319,50487,43292,55795,52272,68269,67038,83748,82407,58965,63059,38635,49792,11960,21333,19940,18360,35600,29836,41616,38485,58357,57195,75355,74436,55086,58844,36743,47201,11439,20392,611558,482937,79054,72545,109949,101984,22346,47,54
2021-07-23T23:59:59+02:00,3013,2787,35581,34202,50338,43192,55679,52166,68172,66944,83658,82355,58934,63030,38625,49787,11955,21330,19702,18138,35339,29661,41344,38304,58192,57066,75219,74360,55047,58820,36731,47191,11433,20386,610930,481818,79054,72250,109949,101982,21768,47,54
2021-07-22T23:59:59+02:00,2962,2702,35141,33830,50027,42953,55414,51939,67942,66760,83482,82203,58845,62936,38589,49740,11944,21312,18912,17475,34242,28926,40221,37472,57456,56597,74667,73987,54870,58641,36666,47107,11412,20360,608763,476294,79039,70821,109945,101761,20927,47,54
2021-07-21T23:59:59+02:00,2906,2644,34828,33497,49784,42741,55225,51752,67751,66574,83353,82077,58779,62882,38557,49700,11933,21302,18084,16643,32930,27930,38954,36513,56766,56034,74216,73625,54724,58466,36600,47023,11400,20327,606920,470387,78988,68625,109944,101548,20386,47,54
2021-07-20T23:59:59+02:00,2830,2581,34469,33112,49501,42506,55049,51557,67568,66416,83214,81957,58714,62826,38528,49654,11932,21287,16933,15518,31216,26527,37227,35056,55967,55386,73673,73178,54558,58277,36550,46938,11382,20288,604815,461209,78952,66884,109941,101210,19946,47,54
2021-07-19T23:59:59+02:00,2745,2509,33905,32548,49180,42195,54773,51289,67372,66201,83042,81786,58647,62744,38483,49602,11925,21272,16281,14943,30278,25845,36367,34342,55530,54963,73346,72940,54471,58191,36513,46888,11376,20266,601585,457524,78891,64716,109940,101040,19755,47,54
2021-07-18T23:59:59+02:00,2717,2491,33805,32434,49089,42138,54717,51232,67311,66150,82999,81744,58619,62718,38472,49588,11923,21265,15962,14678,29707,25464,35873,33994,55275,54801,73200,72839,54429,58152,36505,46874,11375,20262,600976,456082,78876,63180,109939,101012,19574,47,54
2021-07-17T23:59:59+02:00,2717,2491,33803,32432,49084,42136,54716,51230,67311,66149,82999,81744,58619,62717,38472,49588,11923,21265,15957,14672,29698,25449,35868,33990,55271,54800,73200,72839,54429,58152,36505,46874,11375,20262,600966,456038,78873,63176,109937,101012,19573,47,54
2021-07-16T23:59:59+02:00,2659,2426,33192,31906,48587,41788,54317,50893,66930,65826,82686,81511,58500,62604,38422,49539,11919,21258,15538,14351,29206,25080,35420,33659,54933,54547,72941,72647,54317,58063,36470,46836,11372,20258,598736,454653,78869,63047,109936,101003,17375,47,54
2021-07-15T23:59:59+02:00,2526,2294,32327,31124,47961,41214,53739,50411,66502,65478,82432,81272,58411,62508,38388,49496,11911,21239,14698,13680,27883,24248,34118,32848,54250,54146,72527,72418,54217,57966,36440,46800,11365,20242,593705,450467,78857,60652,109935,100423,16689,47,54
2021-07-14T23:59:59+02:00,2420,2207,31775,30594,47467,40770,53313,50012,66173,65194,82194,81024,58306,62412,38355,49446,11901,21226,13454,12534,25888,22795,32215,31325,53500,53555,72019,72079,54080,57841,36398,46739,11355,20227,589814,441336,78838,58724,109934,100088,16156,47,53
2021-07-13T23:59:59+02:00,2363,2137,31505,30326,47194,40545,53062,49786,65968,65004,82027,80875,58240,62336,38330,49409,11891,21213,12467,11686,24160,21483,30269,29739,52306,52387,71201,71289,53833,57564,36310,46622,11336,20200,587653,434608,78821,55800,109925,96934,15765,47,52
2021-07-12T23:59:59+02:00,2136,1930,30640,29395,46540,40011,52490,49217,65578,64613,81750,80603,58104,62208,38288,49351,11881,21192,11720,11060,22768,20502,28530,28359,51350,51529,70461,70672,53576,57286,36243,46504,11323,20169,581406,426507,78804,53235,109925,96781,15745,47,52
2021-07-11T23:59:59+02:00,2091,1892,30519,29284,46475,39939,52438,49152,65521,64557,81689,80560,58082,62188,38282,49332,11876,21187,11553,10912,22493,20317,28168,28087,51146,51384,70290,70528,53523,57205,36221,46487,11314,20162,580578,424438,78798,53192,109923,96648,15718,47,51
2021-07-10T23:59:59+02:00,2091,1890,30514,29277,46473,39934,52434,49151,65518,64556,81688,80558,58082,62186,38281,49332,11876,21187,11541,10894,22481,20303,28152,28075,51139,51380,70287,70525,53523,57205,36220,46487,11314,20162,580548,424354,78798,53190,109923,96638,15712,47,51
2021-07-09T23:59:59+02:00,2046,1852,30282,29041,46255,39754,52251,48979,65357,64444,81584,80478,58052,62156,38265,49317,11871,21185,11160,10621,21839,19866,27486,27524,50430,50812,69706,70114,53420,57116,36197,46453,11309,20151,579346,423279,78792,52876,109918,93182,15066,47,51
2021-07-08T23:59:59+02:00,1908,1724,29616,28506,45652,39249,51689,48510,64954,64136,81285,80243,57960,62066,38233,49265,11866,21171,9975,9511,19893,18230,25022,25539,49395,50012,69077,69575,53194,56902,36121,46367,11294,20125,575080,412739,78772,50437,109901,92956,14233,47,51
2021-07-07T23:59:59+02:00,1695,1528,28505,27290,44608,38283,50583,47512,64293,63495,80745,79760,57756,61833,38166,49181,11852,21130,9443,9031,18805,17394,23624,24334,48571,49366,68531,69087,52993,56659,36044,46269,11278,20085,565783,406394,78756,48823,109900,92666,13729,47,51
2021-07-06T23:59:59+02:00,1494,1370,27416,26242,43580,37362,49642,46574,63688,62930,80308,79351,57575,61649,38109,49087,11828,21102,8722,8284,17464,16387,22010,23050,47965,48914,68155,68819,52875,56544,35994,46232,11271,20069,557498,398919,78744,48397,109897,92370,13121,47,51
2021-07-05T23:59:59+02:00,1337,1246,26268,24987,42494,36359,48586,45503,63019,62352,79872,78948,57400,61459,38056,49010,11819,21079,8470,8059,16967,16073,21449,22664,47658,48688,67960,68670,52823,56470,35968,46213,11268,20064,548155,396340,78736,48083,109896,92113,12960,47,49
2021-07-04T23:59:59+02:00,1272,1182,25945,24658,42190,36100,48332,45319,62872,62217,79757,78853,57363,61419,38046,48991,11816,21076,8215,7903,16700,15876,21168,22466,47533,48589,67882,68595,52799,56445,35953,46208,11266,20063,545834,395314,78710,47420,109894,92028,12923,47,49
2021-07-03T23:59:59+02:00,1272,1181,25938,24646,42176,36093,48330,45319,62869,62216,79756,78852,57362,61419,38046,48991,11816,21076,8210,7895,16688,15866,21161,22459,47528,48588,67877,68594,52798,56445,35953,46208,11266,20063,545802,395279,78708,47419,109894,92018,12907,47,49
2021-07-02T23:59:59+02:00,1204,1124,25620,24292,41853,35811,48073,45061,62725,62068,79682,78781,57345,61397,38039,48979,11812,21071,8031,7743,16318,15597,20717,22151,46560,47808,67380,68244,52715,56353,35938,46190,11265,20060,543404,392787,78707,47415,109889,89998,12890,47,49
2021-07-01T23:59:59+02:00,1149,1074,25241,23928,41470,35462,47677,44708,62473,61829,79490,78610,57282,61334,38008,48938,11805,21061,7640,7408,15498,14817,19547,21117,45022,46318,66166,67159,52405,56048,35841,46070,11241,20033,540248,386953,78603,46588,109880,86038,12761,47,49
2021-06-30T23:59:59+02:00,1075,1010,24817,23478,41038,35086,47264,44331,62244,61617,79317,78461,57203,61256,37981,48888,11797,21040,7266,7048,14550,14009,18113,19907,41810,43582,64466,65713,51938,55550,35692,45876,11214,19983,536782,374922,78570,45892,109876,83272,12628,47,48
2021-06-29T23:59:59+02:00,983,901,24312,22942,40518,34667,46831,43913,61980,61338,79103,78282,57124,61190,37953,48844,11791,21021,6987,6737,13884,13516,16949,18986,37479,39886,63109,64458,51450,55050,35559,45698,11183,19940,532689,359593,78561,45681,109876,83063,12520,47,48
2021-06-28T23:59:59+02:00,954,868,23972,22547,40059,34283,46407,43544,61741,61081,78912,78125,57052,61122,37924,48814,11788,21006,6677,6417,13223,13012,15936,18148,33822,36837,61985,63426,51094,54655,35464,45548,11158,19901,530925,350905,76868,40980,109875,82910,12484,47,48
2021-06-27T23:59:59+02:00,940,855,23879,22455,39986,34220,46348,43485,61709,61044,78877,78094,57037,61109,37918,48807,11787,21001,6586,6341,12989,12870,15513,17910,32989,36191,61729,63227,51004,54585,35446,45526,11156,19897,530309,348002,76863,40716,109869,82752,12463,47,48
2021-06-26T23:59:59+02:00,939,855,23873,22449,39979,34217,46347,43484,61708,61043,78877,78094,57037,61109,37918,48806,11787,21001,6583,6334,12983,12857,15505,17903,32985,36190,61722,63225,51002,54579,35446,45526,11156,19896,530281,347937,76863,40715,109869,82751,12463,47,48
2021-06-25T23:59:59+02:00,916,829,23758,22335,39892,34130,46263,43413,61664,60996,78829,78073,57026,61095,37915,48803,11786,20999,6485,6220,12873,12724,15367,17742,32266,35529,61334,62901,50924,54495,35438,45504,11153,19895,529484,344922,76863,40703,109866,82735,12462,47,48
2021-06-24T23:59:59+02:00,849,771,23367,21907,39541,33819,45910,43110,61459,60801,78668,77934,56971,61039,37892,48773,11781,20989,6145,5919,12309,12258,14661,17058,28956,32808,59042,61045,50337,53896,35302,45296,11135,19847,526512,331079,76814,40439,109863,82119,12345,47,48
2021-06-23T23:59:59+02:00,744,677,22725,21244,38963,33228,45254,42398,61093,60409,78419,77682,56868,60901,37846,48721,11771,20969,5990,5727,11940,11912,14154,16529,25586,30046,57400,59519,49812,53358,35183,45122,11114,19804,520913,321647,76759,37497,109859,81684,12334,47,48
2021-06-22T23:59:59+02:00,683,613,22299,20801,38558,32809,44820,41932,60819,60123,78213,77440,56770,60789,37809,48648,11758,20947,5799,5591,11617,11648,13728,16153,21246,26514,55325,57818,49213,52754,35006,44907,11094,19760,517098,307286,76632,37440,109853,81209,12201,47,48
2021-06-21T23:59:59+02:00,646,572,22047,20564,38307,32578,44573,41656,60629,59912,78081,77298,56718,60705,37784,48607,11749,20931,5666,5481,11308,11451,13388,15892,19694,25283,54406,57050,46983,50294,34405,44184,11071,19701,515054,301965,76428,37373,109836,74888,11992,47,48
2021-06-20T23:59:59+02:00,617,552,21757,20268,38011,32302,44289,41401,60476,59744,77942,77151,56669,60661,37764,48590,11746,20924,5609,5436,11175,11363,13235,15765,19301,24958,54138,56868,45325,48308,33838,43549,11051,19681,512659,301342,76348,36621,109824,69614,11986,47,46
2021-06-19T23:59:59+02:00,615,552,21752,20256,37995,32297,44286,41397,60470,59740,77940,77148,56666,60660,37764,48589,11746,20924,5603,5427,11170,11360,13226,15759,19293,24950,54124,56856,45316,48298,33837,43549,11051,19681,512597,301258,76343,36618,109824,69601,11986,47,46
2021-06-18T23:59:59+02:00,601,538,21654,20145,37928,32242,44211,41310,60415,59693,77896,77106,56642,60638,37759,48576,11745,20923,5508,5261,10873,10822,12853,15176,18750,23927,53268,55549,45113,48135,33809,43500,11045,19669,511838,299684,76336,36617,109816,64935,11985,47,46
2021-06-17T23:59:59+02:00,515,446,20933,19422,37167,31606,43412,40555,60005,59325,77598,76851,56525,60508,37710,48508,11732,20898,5314,5048,10489,10267,12328,14402,17818,22564,51694,53602,43960,46785,33490,43103,10998,19586,505819,292360,76243,36489,109806,60761,11801,47,46
2021-06-16T23:59:59+02:00,408,368,20131,18463,36175,30665,42395,39578,59460,58838,77197,76532,56378,60349,37651,48420,11722,20875,5124,4891,9978,9944,11593,13903,16269,21259,47813,50052,42205,44777,33026,42532,10935,19460,498398,276188,75699,36289,109788,59575,11673,47,45
2021-06-15T23:59:59+02:00,298,265,19315,17606,35251,29808,41465,38690,59021,58396,76860,76200,56233,60178,37592,48350,11707,20841,4919,4765,9453,9683,10888,13431,14757,20069,43543,45966,40652,42932,32544,41911,10868,19332,491154,259003,75583,36254,109778,58906,11514,47,44
2021-06-14T23:59:59+02:00,194,174,18195,16365,33995,28531,39998,37280,58428,57831,76464,75858,56104,60033,37547,48279,11698,20826,4792,4671,9106,9473,10409,13113,13584,19060,40899,43405,39574,41778,32251,41508,10836,19246,481373,247806,75144,36228,109773,58171,11464,46,44
2021-06-13T23:59:59+02:00,153,135,17688,15960,33513,28126,39506,36896,58213,57647,76315,75757,56077,59992,37525,48257,11695,20817,4706,4621,8959,9400,10246,13044,12977,18603,40426,43011,39336,41556,32190,41423,10830,19232,478284,246832,74842,34803,109765,57554,11335,46,44
2021-06-12T23:59:59+02:00,153,135,17684,15942,33500,28117,39499,36892,58208,57644,76311,75755,56076,59990,37524,48257,11695,20817,4699,4616,8948,9395,10234,13037,12965,18590,40242,42864,39309,41541,32186,41421,10830,19231,478216,246392,74838,34803,109765,57543,11334,46,44
2021-06-11T23:59:59+02:00,151,135,17600,15883,33354,28048,39324,36837,58087,57606,76240,75728,56063,59985,37522,48254,11695,20816,4615,4424,8787,8830,10040,12315,12729,17513,39752,41562,39154,41410,32168,41386,10828,19230,477879,245900,74425,34801,109653,52681,11325,46,44
2021-06-10T23:59:59+02:00,136,115,16753,15163,31932,27129,38078,35923,57404,57147,75828,75457,55972,59893,37483,48209,11684,20798,4360,4230,8227,8333,9356,11557,11993,16445,36901,38517,38350,40608,32002,41204,10812,19200,473979,238835,71443,34668,109372,48292,10264,46,44
2021-06-09T23:59:59+02:00,114,89,15973,14455,30651,26224,36856,35036,56826,56759,75483,75230,55887,59785,37456,48164,11671,20777,4178,4077,7867,8144,8890,11338,11372,16066,31816,33652,36851,39080,31757,40935,10791,19151,469308,224918,68995,34544,109326,46707,9761,46,43
2021-06-08T23:59:59+02:00,87,71,15049,13580,29268,25131,35483,34024,56208,56354,75181,75009,55811,59704,37433,48132,11667,20767,4098,4013,7712,8028,8737,11222,11080,15860,28998,30841,35896,38147,31597,40739,10767,19118,464694,217456,65543,34486,109279,45479,9397,46,43
2021-06-07T23:59:59+02:00,79,58,14414,12989,27892,24317,34324,33244,55730,56095,74934,74897,55773,59664,37417,48121,11667,20763,4005,3940,7518,7903,8435,11089,10712,15613,24669,26461,34432,36614,31375,40472,10739,19090,461543,205679,62506,34421,109241,43891,9042,46,42
2021-06-06T23:59:59+02:00,78,55,14092,12798,27108,23897,33673,32825,55420,55930,74775,74826,55751,59640,37403,48112,11665,20762,3938,3904,7367,7859,8279,11005,10391,15412,21846,23583,33429,35533,31235,40318,10732,19075,460397,202889,60450,29176,109213,43104,8704,46,41
2021-06-05T23:59:59+02:00,78,53,14063,12770,27066,23855,33644,32806,55415,55920,74769,74819,55746,59635,37398,48110,11665,20762,3916,3890,7331,7838,8232,10988,10329,15370,20418,22032,32635,34654,31165,40236,10728,19068,460275,197919,60344,29173,109206,43002,8703,46,41
2021-06-04T23:59:59+02:00,72,49,13833,12507,26756,23540,33307,32495,55355,55839,74729,74799,55736,59630,37397,48108,11665,20761,3885,3861,7253,7759,8175,10909,10249,15246,20311,21914,32562,34599,31133,40199,10725,19065,458375,197836,60282,29161,109172,42112,8703,46,41
2021-06-03T23:59:59+02:00,54,44,13264,12016,25717,22852,32170,31744,54862,55506,74414,74606,55663,59549,37362,48076,11658,20744,3757,3769,6980,7589,7894,10737,9922,15009,18426,20053,30582,32295,30860,39868,10702,19017,454025,189247,58781,29141,109156,40749,8293,46,38
2021-06-02T23:59:59+02:00,39,32,12573,11260,24718,21949,31029,30787,54597,55241,74220,74465,55611,59467,37345,48054,11650,20737,3722,3749,6923,7534,7837,10689,9837,14917,17906,19505,28652,30122,30761,39724,10695,19006,447690,183712,58602,29140,109154,40414,8283,45,38
2021-06-01T23:59:59+02:00,25,17,11443,10370,22580,20511,28487,28884,53184,54176,73214,73680,55304,59138,37221,47879,11613,20675,3493,3575,6424,7227,7233,10266,8981,14316,15959,17687,24871,25871,30078,38842,10619,18852,438139,169714,54123,29003,109114,38569,6980,45,36
2021-05-31T23:59:59+02:00,20,13,10577,9702,20741,19340,26436,27375,52074,53325,72509,73131,55083,58875,37146,47773,11599,20639,3351,3423,6089,6981,6833,9966,8440,13960,14894,16709,23679,24498,29690,38355,10559,18758,431324,163973,49745,28966,109093,37068,6151,45,35
2021-05-30T23:59:59+02:00,18,10,10225,9354,20018,18839,25729,26794,51734,53043,72275,72934,55006,58796,37121,47745,11591,20630,3168,3231,5739,6714,6544,9723,8223,13754,14633,16438,23385,24181,29580,38246,10544,18730,428730,163146,49337,28909,109060,36061,4690,45,35
2021-05-29T23:59:59+02:00,18,10,10209,9342,20000,18812,25710,26768,51722,53039,72270,72924,55004,58791,37120,47745,11590,20630,3166,3223,5736,6710,6539,9721,8215,13746,14623,16433,23374,24173,29576,38241,10543,18729,428572,163076,49337,28907,109060,36048,4690,45,35
2021-05-28T23:59:59+02:00,18,10,10144,9246,19861,18643,25448,26538,51563,52863,72123,72793,54965,58741,37106,47725,11587,20617,3119,3147,5644,6569,6436,9519,8101,13468,14430,16156,23222,24018,29523,38178,10536,18720,426919,162687,49299,28906,109040,34478,4689,44,34
2021-05-27T23:59:59+02:00,18,10,8878,8041,17450,16823,22663,24382,50468,52046,71454,72302,54765,58517,37008,47630,11573,20587,2820,2812,4799,5946,5542,8735,7307,12481,13302,14963,22231,22982,29139,37725,10481,18633,414958,158866,48339,28642,108893,29983,2381,44,34
2021-05-26T23:59:59+02:00,17,10,8476,7623,16572,16018,21472,23370,49862,51498,71035,71914,54613,58352,36940,47552,11562,20557,2633,2638,4430,5610,5064,8228,6829,11831,12328,13979,21331,21947,28826,37282,10435,18548,409349,155009,47606,28554,108812,26718,1633,43,33
2021-05-25T23:59:59+02:00,17,10,7901,7019,15325,15132,20021,22195,49384,51097,70787,71728,54527,58255,36915,47523,11558,20547,2554,2535,4240,5480,4818,8001,6549,11521,11770,13448,19184,19786,28453,36747,10400,18499,402528,149336,47363,28541,108767,24843,1240,43,33
2021-05-24T23:59:59+02:00,17,10,7813,6918,15102,15005,19735,22015,49283,50978,70743,71688,54523,58249,36912,47520,11556,20544,2511,2472,4156,5314,4724,7755,6425,11237,11630,13207,19070,19672,28402,36700,10393,18488,401389,149185,47284,28498,108670,23224,1225,43,32
2021-05-23T23:59:59+02:00,16,10,7797,6905,15066,14989,19681,21987,49273,50976,70739,71682,54521,58245,36912,47518,11556,20544,2509,2468,4149,5309,4714,7751,6420,11224,11609,13184,18929,19474,28371,36661,10391,18486,401202,148697,47284,28496,108670,23215,1218,43,31
2021-05-22T23:59:59+02:00,16,10,7794,6897,15056,14977,19670,21980,49273,50974,70736,71682,54521,58244,36912,47518,11556,20544,2507,2461,4142,5303,4712,7751,6417,11221,11600,13181,18916,19468,28370,36661,10391,18486,401147,148660,47284,28496,108670,23191,1216,43,31
2021-05-21T23:59:59+02:00,16,9,7720,6800,14926,14841,19465,21820,49031,50740,70594,71576,54494,58216,36905,47511,11550,20538,2435,2376,4055,5162,4609,7536,6294,10922,11429,12892,18850,19403,28354,36631,10388,18484,399571,148409,47281,28495,108645,21679,1213,42,31
2021-05-20T23:59:59+02:00,16,9,7446,6504,14338,14315,18523,20945,46344,48381,69437,70597,54135,57848,36797,47369,11519,20507,2173,2213,3691,4796,4165,6985,5739,10088,10339,11792,17573,18109,27847,36032,10313,18337,388548,143154,47115,28204,108334,17815,995,38,31
2021-05-19T23:59:59+02:00,15,8,7206,6280,13674,13832,17252,19943,42353,44891,67944,69287,53678,57322,36633,47141,11482,20455,2097,2013,3526,4455,3917,6459,5292,9402,9344,10675,16097,16458,27154,35115,10187,18128,373744,135983,46542,28061,108097,15286,975,38,21
2021-05-18T23:59:59+02:00,15,6,7007,6102,13127,13402,16153,19082,37629,40862,66488,67962,53121,56781,36482,46916,11440,20398,2050,1883,3388,4264,3731,6144,4958,8919,8477,9803,14512,14723,26445,34262,10097,17956,357609,129347,46478,27498,107938,13843,910,38,21
2021-05-17T23:59:59+02:00,15,6,6872,6007,12804,13152,15656,18690,35445,38992,65648,67180,52848,56465,36399,46808,11426,20361,1980,1821,3200,4083,3510,5916,4635,8547,7698,9103,11250,10701,25534,33111,10013,17787,353875,124126,42199,21407,107857,12537,805,38,21
2021-05-16T23:59:59+02:00,15,6,6809,5923,12678,12998,15483,18521,34955,38522,65463,67010,52791,56402,36386,46780,11421,20356,1922,1723,3096,3960,3429,5814,4529,8402,7515,8914,9055,8100,25051,32427,9979,17730,352395,122985,41690,16047,107821,12024,576,37,21
2021-05-15T23:59:59+02:00,15,6,6804,5914,12672,12992,15479,18517,34950,38519,65461,67008,52791,56401,36386,46780,11421,20356,1921,1722,3093,3954,3424,5811,4524,8399,7513,8911,9053,8098,25050,32427,9979,17730,352353,122954,41690,16047,107819,12021,573,37,21
2021-05-14T23:59:59+02:00,15,6,6606,5816,12428,12927,15246,18425,33975,37726,64923,66598,52695,56314,36369,46746,11419,20351,1805,1634,2982,3884,3367,5703,4474,8251,7466,8782,9046,8092,25049,32427,9979,17729,348976,122897,41655,16043,107356,11155,562,36,20
2021-05-13T23:59:59+02:00,15,6,6355,5628,12017,12671,14678,17975,30437,34933,62439,64515,52063,55638,36231,46525,11407,20303,1762,1595,2925,3807,3335,5610,4431,8147,7384,8663,9007,8033,25029,32385,9974,17725,334946,122647,41430,16019,106925,10633,499,36,20
2021-05-12T23:59:59+02:00,15,6,6338,5604,11944,12608,14568,17866,29800,34357,61933,64062,51890,55465,36195,46480,11400,20290,1762,1592,2924,3806,3330,5610,4429,8146,7382,8657,9000,8030,25029,32383,9974,17724,331949,122625,41418,16008,106920,10632,499,35,20
2021-05-11T23:59:59+02:00,14,6,6013,5469,11499,12330,14021,17483,25533,30862,59549,62056,51228,54783,36006,46234,11379,20227,1720,1476,2821,3544,3207,5233,4290,7702,7228,8331,8916,7947,25000,32343,9971,17713,316990,122383,41365,15819,105931,8854,374,32,18
2021-05-10T23:59:59+02:00,14,6,5885,5396,11333,12215,13801,17314,22060,28101,58298,60940,50865,54430,35914,46111,11364,20196,1682,1380,2735,3314,3104,4901,4179,7212,7106,7893,8875,7887,24988,32322,9969,17709,307062,122237,41203,15670,105637,7028,309,32,18
2021-05-09T23:59:59+02:00,14,6,5808,5364,11244,12150,13701,17233,20457,26918,57833,60554,50763,54331,35888,46070,11357,20191,1665,1358,2677,3189,3050,4760,4134,7092,7051,7797,8863,7874,24981,32316,9968,17709,306494,122186,37627,15623,105433,6367,296,32,18
2021-05-08T23:59:59+02:00,14,6,5805,5361,11232,12146,13691,17224,20449,26912,57824,60548,50760,54323,35884,46067,11355,20188,1664,1358,2677,3187,3050,4760,4131,7089,7050,7796,8862,7874,24980,32314,9968,17709,306403,122171,37626,15623,105432,6367,296,32,18
2021-05-07T23:59:59+02:00,14,6,5765,5326,11166,12097,13583,17145,19993,26552,56824,59738,50630,54192,35854,46037,11352,20174,1560,1314,2597,3142,3008,4731,4097,7065,7027,7763,8854,7866,24978,32313,9968,17708,303230,122137,37609,15615,105287,5936,291,31,18
2021-05-06T23:59:59+02:00,14,6,5509,5213,10648,11788,12876,16691,18691,25563,52554,56076,49431,52811,35523,45636,11300,20071,1335,1182,2360,2970,2838,4565,3946,6864,6875,7611,8780,7787,24957,32277,9965,17701,288060,121868,37423,15476,104729,4495,162,27,18
2021-05-05T23:59:59+02:00,14,6,5249,5114,10153,11551,12119,16238,17356,24581,48181,51932,47761,50886,35085,45064,11225,19951,1289,1087,2297,2843,2754,4386,3852,6625,6767,7412,8665,7693,24895,32203,9959,17685,270856,121389,37197,15431,104339,3533,47,27,18
2021-05-04T23:59:59+02:00,14,6,5165,5028,9835,11337,11666,15848,16377,23712,46308,49897,46691,49578,34710,44576,11159,19842,1277,1068,2268,2802,2713,4300,3799,6517,6695,7336,8622,7653,24875,32187,9958,17680,260467,121170,37173,15370,104058,3174,24,27,18
2021-05-03T23:59:59+02:00,14,6,5062,4941,9485,11167,11203,15584,15313,22845,44730,48269,45809,48620,34488,44229,11131,19752,1262,1042,2236,2770,2671,4236,3751,6463,6620,7282,8052,6963,23131,29854,9820,17443,251411,115347,37164,15288,104030,2933,16,27,18
2021-05-02T23:59:59+02:00,14,6,5000,4921,9370,11131,11057,15522,14699,22354,44206,47859,45666,48452,34437,44164,11125,19740,1258,1037,2218,2767,2658,4228,3722,6449,6600,7268,7863,6719,21159,27440,9773,17355,250185,115324,35524,10276,103976,2890,11,27,18
2021-05-01T23:59:59+02:00,14,6,5000,4919,9365,11127,11053,15519,14695,22350,44204,47855,45665,48452,34437,44164,11125,19740,1257,1037,2218,2767,2658,4228,3721,6449,6597,7268,7863,6718,21159,27440,9773,17355,250154,115319,35524,10276,103974,2889,11,27,18
2021-04-30T23:59:59+02:00,14,6,4953,4896,9298,11112,10998,15494,14619,22324,42718,46439,45330,48120,34400,44112,11120,19730,1048,942,2019,2677,2557,4167,3635,6389,6534,7209,7856,6701,21158,27438,9773,17355,246159,115310,35524,10273,103962,1854,11,27,15
2021-04-29T23:59:59+02:00,14,5,4710,4814,8827,10961,10392,15322,13932,22116,37779,42116,44317,47089,34279,43994,11116,19700,866,863,1845,2598,2470,4100,3525,6318,6460,7160,7834,6682,21153,27432,9773,17355,232403,115271,35421,10169,103621,973,11,27,15
2021-04-28T23:59:59+02:00,14,5,4533,4779,8576,10876,10039,15232,13574,21962,33134,37608,43071,45834,34153,43846,11102,19682,824,833,1807,2552,2437,4024,3489,6209,6410,7069,7814,6663,21141,27419,9768,17348,219172,115186,35403,10121,103410,481,10,25,14
2021-04-27T23:59:59+02:00,13,4,4302,4564,8230,10427,9654,14647,13105,21313,32003,36480,42792,45551,34137,43818,11098,19679,796,819,1773,2528,2419,4002,3471,6190,6375,7042,7803,6655,21136,27414,9765,17342,216444,115128,35393,10090,99945,293,10,25,14
2021-04-26T23:59:59+02:00,13,4,4280,4536,8155,10390,9546,14592,12956,21254,27589,32087,41574,44328,34057,43718,11085,19668,763,808,1743,2509,2390,3981,3447,6169,6322,6996,7755,6606,21105,27383,9765,17335,204551,114924,35384,10046,99863,88,10,24,14
2021-04-25T23:59:59+02:00,13,4,4257,4522,8123,10363,9483,14560,12863,21208,25618,30043,40872,43566,34010,43660,11081,19663,751,800,1731,2495,2372,3966,3423,6148,6290,6967,7735,6589,21088,27362,9764,17331,203882,114898,30266,9812,99728,84,9,24,14
2021-04-24T23:59:59+02:00,13,4,4238,4511,8093,10334,9442,14544,12812,21186,24115,28378,40114,42726,33945,43584,11078,19657,750,799,1728,2493,2371,3962,3423,6144,6290,6964,7733,6587,21087,27362,9764,17331,198816,114878,30266,9811,99659,81,9,24,14
2021-04-23T23:59:59+02:00,12,4,3973,4359,7622,10037,9012,14188,12249,20783,23633,28077,40026,42664,33924,43550,11072,19650,736,789,1711,2480,2351,3946,3400,6121,6268,6945,7719,6569,21082,27351,9764,17330,198467,114863,30251,9612,96086,69,9,22,14
2021-04-22T23:59:59+02:00,12,4,3880,4301,7431,9920,8734,13993,11805,20455,21305,25719,37268,39412,33397,42881,11001,19529,723,780,1683,2450,2293,3889,3328,6049,6159,6846,7640,6483,21029,27307,9761,17315,185429,114742,30061,8909,95526,67,9,22,13
2021-04-21T23:59:59+02:00,12,4,3852,4269,7303,9842,8551,13822,11471,20165,20040,24514,34056,35693,32913,42178,10939,19403,699,762,1649,2422,2249,3864,3294,6016,6117,6806,7611,6456,21010,27283,9758,17311,173663,114631,29886,8596,95447,63,9,22,13
2021-04-20T23:59:59+02:00,12,4,3818,4242,7197,9773,8337,13665,11104,19867,18944,23363,30744,32040,32439,41579,10880,19294,691,752,1634,2410,2216,3842,3251,5971,6076,6765,7571,6410,20985,27259,9752,17308,162021,114475,29863,8340,95387,61,9,22,13
2021-04-19T23:59:59+02:00,12,4,3799,4225,7123,9735,8219,13555,10848,19681,18279,22699,29871,30910,32147,41213,10838,19219,683,747,1612,2396,2192,3812,3216,5938,6042,6734,7526,6377,20954,27231,9750,17304,157179,114342,29846,8096,95321,59,9,22,13
2021-04-18T23:59:59+02:00,12,4,3796,4219,7107,9721,8204,13537,10813,19656,18191,22617,29749,30785,32119,41191,10835,19211,681,743,1597,2384,2175,3797,3191,5912,6013,6711,7504,6364,20935,27209,9747,17301,156687,114283,29779,7906,95271,58,9,21,13
2021-04-17T23:59:59+02:00,12,4,3795,4217,7105,9719,8201,13537,10807,19649,18178,22606,29726,30772,32117,41189,10835,19211,680,743,1596,2383,2173,3796,3188,5911,6011,6709,7504,6364,20935,27209,9747,17301,156607,114270,29778,7906,95265,57,9,21,13
2021-04-16T23:59:59+02:00,12,4,3628,4179,6759,9589,7832,13350,10409,19403,17725,22331,29524,30612,32035,41100,10820,19192,668,725,1584,2368,2146,3781,3134,5874,5969,6659,7411,6275,20522,26643,9717,17240,155855,112945,29770,7700,92849,54,9,21,13
2021-04-15T23:59:59+02:00,12,4,3527,4100,6403,9216,7254,12847,9631,18567,16399,21092,28323,29315,31513,40458,10740,19017,638,702,1532,2330,2065,3694,3024,5754,5641,6421,6913,5886,19786,25729,9621,17072,150095,109587,29474,7155,88819,49,9,21,13
2021-04-14T23:59:59+02:00,11,4,3473,4050,6167,8975,6921,12464,9009,18012,15277,20058,26912,27806,30882,39579,10632,18822,604,676,1486,2292,1989,3616,2881,5631,5331,6185,6369,5375,18773,24443,9536,16899,143282,105330,29274,6696,86469,43,9,20,13
2021-04-13T23:59:59+02:00,11,4,3441,4018,6075,8897,6772,12334,8704,17764,14473,19364,23553,24243,29947,38395,10528,18650,599,667,1473,2270,1961,3582,2785,5560,5115,6001,6007,5036,18474,24099,9497,16833,131621,103235,29263,6666,86260,42,9,20,12
2021-04-12T23:59:59+02:00,11,4,3419,3997,6025,8838,6684,12250,8486,17569,13856,18834,22548,23089,29522,37837,10459,18528,589,659,1463,2262,1938,3561,2729,5509,4967,5896,5688,4755,18181,23796,9459,16773,126533,101647,29244,6520,86150,42,9,20,12
2021-04-11T23:59:59+02:00,11,4,3413,3991,6007,8814,6656,12233,8446,17546,13767,18773,22417,22940,29471,37772,10450,18503,586,654,1450,2252,1925,3553,2712,5492,4929,5859,5628,4696,18008,23562,9438,16744,125991,100982,29177,6448,86017,42,9,20,12
2021-04-10T23:59:59+02:00,11,4,3405,3990,5984,8813,6634,12232,8423,17545,13741,18771,22412,22937,29467,37771,10450,18503,585,652,1444,2245,1920,3550,2706,5484,4913,5848,5616,4679,17845,23309,9424,16720,125968,100469,29085,6414,86012,42,8,20,12
2021-04-09T23:59:59+02:00,10,4,3367,3978,5936,8801,6574,12214,8384,17518,13689,18725,20455,20525,28986,37155,10420,18453,572,639,1418,2223,1893,3526,2664,5448,4842,5786,5499,4575,17266,22575,9386,16649,125275,98698,23965,6215,85930,34,7,17,12
2021-04-08T23:59:59+02:00,10,4,3343,3959,5866,8769,6498,12175,8293,17452,13543,18606,17858,17455,28461,36488,10380,18403,530,609,1329,2141,1799,3429,2484,5261,4346,5422,4691,3965,15486,20343,9199,16348,124403,91701,18091,5644,85046,24,6,17,12
2021-04-07T23:59:59+02:00,8,4,3264,3931,5655,8719,6291,12115,8084,17377,13282,18511,15188,14381,27783,35688,10350,18350,507,581,1275,2086,1704,3349,2331,5120,3933,5089,3973,3399,14631,19479,9087,16167,124196,87381,16556,5297,78207,21,5,17,12
2021-04-06T23:59:59+02:00,7,4,3234,3921,5609,8701,6221,12092,7997,17340,13208,18440,13197,12015,27149,34972,10337,18320,476,558,1205,2031,1619,3267,2169,5000,3560,4810,3447,2988,13790,18477,9012,16051,124067,83738,16354,4696,72321,16,5,17,10
2021-04-05T23:59:59+02:00,7,4,3232,3918,5573,8687,6184,12080,7952,17324,13136,18404,13151,11969,27138,34956,10336,18317,444,528,1153,1994,1567,3226,2101,4946,3472,4734,3390,2936,13647,18307,9003,16033,124043,83247,16146,4209,72158,16,4,17,10
2021-04-04T23:59:59+02:00,7,4,3231,3916,5573,8685,6182,12079,7951,17321,13136,18404,13148,11969,27137,34956,10336,18317,443,527,1152,1994,1567,3226,2100,4946,3472,4734,3390,2936,13646,18307,9003,16033,124032,83242,16146,4209,72153,16,4,17,10
2021-04-03T23:59:59+02:00,7,4,3230,3916,5573,8684,6182,12079,7951,17321,13136,18404,13148,11968,27136,34953,10336,18317,443,525,1152,1994,1566,3226,2100,4945,3466,4731,3383,2925,13559,18171,8994,16017,124027,82963,16146,4209,72151,16,4,17,10
2021-04-02T23:59:59+02:00,7,4,3230,3913,5570,8679,6178,12070,7942,17309,13111,18373,13101,11916,27108,34935,10333,18313,440,518,1150,1990,1554,3217,2090,4923,3436,4698,3352,2896,12629,16926,8929,15909,123861,80506,16143,4128,72067,16,4,17,8
2021-04-01T23:59:59+02:00,7,4,3215,3899,5531,8659,6111,12037,7871,17273,12996,18300,12986,11789,27050,34859,10324,18298,393,474,1053,1923,1455,3129,1940,4810,3234,4565,3120,2696,10599,14333,8819,15734,123546,74916,16016,3339,71627,16,3,17,8
2021-03-31T23:59:59+02:00,7,4,3214,3886,5514,8625,6078,12000,7828,17228,12915,18231,12870,11664,26998,34796,10316,18289,355,452,1017,1881,1382,3089,1836,4707,2977,4370,2707,2380,8025,11102,8643,15494,123231,67398,15976,2999,71237,15,3,16,6
2021-03-30T23:59:59+02:00,7,4,3206,3875,5489,8597,6046,11969,7789,17188,12838,18165,12783,11524,26961,34748,10311,18279,334,433,994,1849,1322,3053,1712,4626,2728,4198,2338,2132,7141,10012,8577,15365,123098,64076,15944,2720,70719,14,2,16,6
2021-03-29T23:59:59+02:00,7,4,3194,3871,5460,8578,6010,11935,7745,17155,12764,18087,12138,10766,25092,32249,10162,18023,328,430,987,1834,1301,3028,1677,4585,2582,4112,2052,1983,6491,9302,8533,15287,117095,61779,15774,2717,70353,12,2,16,6
2021-03-28T23:59:59+02:00,7,4,3164,3855,5412,8539,5960,11892,7664,17100,12654,18017,11874,10463,23105,29779,10107,17924,327,428,985,1833,1293,3024,1673,4583,2570,4104,2027,1963,6468,9287,8531,15282,117036,61649,10582,2715,69884,12,2,16,4
2021-03-27T23:59:59+01:00,7,4,3152,3851,5373,8528,5923,11877,7617,17085,12608,17970,11840,10420,23101,29771,10107,17924,327,428,985,1833,1293,3024,1672,4581,2568,4102,2025,1961,6419,9212,8498,15233,116967,61432,10581,2715,69592,12,2,16,4
2021-03-26T23:59:59+01:00,7,4,3016,3526,4922,7366,5427,10555,7002,15027,11797,15684,11620,10239,22618,29044,10062,17853,326,424,981,1830,1287,3019,1669,4579,2563,4095,2017,1955,6289,9024,8355,15048,115421,60754,10327,2703,60003,2,2,16,4
2021-03-25T23:59:59+01:00,7,3,2890,3258,4762,6595,5201,9403,6676,13300,11069,13876,10761,9433,21901,28202,9989,17698,321,414,975,1820,1272,3000,1649,4543,2526,4046,1950,1896,5999,8596,8082,14601,112511,58989,9639,2698,52856,1,2,16,4
2021-03-24T23:59:59+01:00,7,3,2842,3214,4686,6534,5067,9297,6470,13129,10558,13469,9927,8611,20889,26943,9892,17517,319,409,967,1814,1255,2989,1634,4519,2479,3989,1880,1820,5636,8124,7670,13935,108499,56754,9290,2684,51251,1,0,15,4
2021-03-23T23:59:59+01:00,7,3,2813,3181,4618,6468,4955,9203,6259,12967,10100,13047,9213,7943,20378,26340,9840,17412,307,396,949,1804,1240,2968,1606,4497,2425,3940,1800,1755,5359,7744,7281,13320,106124,54707,8958,2683,49652,1,0,13,4
2021-03-22T23:59:59+01:00,7,3,2795,3142,4558,6430,4879,9135,6120,12829,9739,12771,8606,7375,19959,25902,9780,17318,305,392,937,1798,1225,2953,1593,4483,2398,3914,1774,1734,5222,7570,6839,12505,104644,52962,8698,2678,47993,1,0,13,3
2021-03-21T23:59:59+01:00,7,3,2788,3127,4513,6408,4828,9098,6028,12761,9551,12583,8299,7115,19789,25735,9768,17293,305,392,936,1798,1223,2953,1592,4482,2395,3914,1766,1728,5213,7565,6809,12448,104443,52857,8464,2660,46774,1,0,13,3
2021-03-20T23:59:59+01:00,7,3,2788,3122,4505,6403,4821,9095,6024,12753,9531,12569,8266,7084,19615,25458,9752,17267,305,392,936,1797,1222,2953,1591,4481,2391,3906,1754,1715,5200,7516,6633,12212,103886,52366,8452,2636,46712,1,0,13,3
2021-03-19T23:59:59+01:00,7,3,2753,3098,4431,6359,4712,9045,5884,12695,9265,12380,7959,6859,19130,24865,9720,17208,305,392,935,1796,1222,2950,1588,4480,2385,3901,1738,1706,5164,7473,6230,11596,102580,51243,8208,2616,45572,1,0,13,3
2021-03-18T23:59:59+01:00,7,3,2687,3024,4268,6223,4463,8839,5524,12383,8356,11705,6690,5840,17878,23504,9571,16983,302,388,930,1786,1208,2937,1549,4464,2317,3854,1660,1664,5091,7366,5500,10488,97677,48930,7665,2574,42593,0,0,13,2
2021-03-17T23:59:59+01:00,7,3,2649,2985,4188,6125,4325,8731,5269,12106,7676,11132,5699,4942,16529,21970,9406,16729,298,387,926,1776,1204,2929,1532,4442,2250,3828,1594,1619,5046,7302,4928,9610,92252,47152,7161,2519,41045,0,0,13,2
2021-03-16T23:59:59+01:00,7,3,2629,2956,4125,6058,4232,8634,5093,11948,7223,10741,4933,4322,15676,20989,9303,16560,294,385,923,1771,1201,2922,1524,4432,2228,3809,1564,1602,5009,7259,4425,8805,88605,45713,7125,2440,39690,0,0,12,2
2021-03-15T23:59:59+01:00,7,3,2626,2945,4109,6040,4201,8608,5043,11901,7106,10627,4787,4161,15357,20577,9274,16501,292,381,922,1765,1194,2915,1510,4423,2206,3785,1523,1585,4949,7185,3848,7944,87836,44127,7029,2300,38996,0,0,12,2
2021-03-14T23:59:59+01:00,7,2,2621,2936,4088,6020,4171,8589,5001,11868,7010,10538,4682,4047,15226,20407,9258,16465,290,380,922,1763,1188,2908,1505,4412,2195,3778,1513,1577,4941,7177,3843,7931,87530,44066,7011,2257,38384,0,0,11,2
2021-03-13T23:59:59+01:00,7,2,2617,2928,4083,6008,4163,8583,4993,11859,6990,10523,4659,4021,14909,19970,9238,16429,290,380,922,1763,1188,2908,1505,4412,2195,3778,1513,1577,4941,7176,3843,7931,86644,44065,6988,2257,38339,0,0,11,2
2021-03-12T23:59:59+01:00,7,2,2554,2852,3972,5838,4044,8361,4854,11555,6812,10253,4505,3883,13982,18713,9177,16327,290,379,920,1760,1188,2905,1503,4407,2194,3771,1505,1575,4933,7157,3841,7916,84174,43988,6926,2256,36582,0,0,9,2
2021-03-11T23:59:59+01:00,6,2,2429,2626,3746,5508,3788,7923,4528,10790,6184,9437,3984,3378,12378,16716,9079,16180,290,378,916,1756,1185,2891,1494,4395,2182,3744,1461,1546,4892,7122,3829,7889,79844,43837,6764,2133,32066,0,0,8,2
2021-03-10T23:59:59+01:00,6,2,2306,2492,3594,5274,3593,7599,4258,10301,5626,8866,3411,2932,10109,13996,8933,15953,287,374,912,1747,1178,2880,1490,4379,2160,3728,1432,1538,4862,7107,3820,7881,73538,43771,6593,2004,29113,0,0,7,2
2021-03-09T23:59:59+01:00,6,2,2279,2439,3528,5188,3479,7510,4087,10104,5233,8513,2928,2574,8596,11976,8831,15802,286,373,912,1741,1171,2871,1486,4371,2151,3716,1418,1533,4854,7101,3817,7878,68662,43726,6443,1953,27963,0,0,7,2
2021-03-08T23:59:59+01:00,6,2,2255,2366,3470,5121,3404,7425,3963,9990,4939,8320,2478,2311,6670,9573,8711,15626,286,370,911,1731,1165,2855,1480,4360,2147,3709,1407,1526,4838,7081,3810,7869,62966,43618,6108,1927,27549,0,0,7,2
2021-03-07T23:59:59+01:00,6,2,2192,2310,3373,5013,3308,7336,3866,9903,4804,8225,2427,2260,6648,9552,8711,15618,286,369,910,1731,1165,2855,1478,4360,2147,3709,1407,1526,4838,7081,3810,7869,62838,43616,5427,1927,27282,0,0,7,0
2021-03-06T23:59:59+01:00,6,2,2184,2297,3361,5004,3304,7331,3857,9894,4793,8222,2425,2258,6602,9482,8679,15569,286,369,909,1727,1164,2854,1478,4357,2143,3704,1406,1521,4832,7076,3808,7860,62629,43569,5367,1927,27267,0,0,7,0
2021-03-05T23:59:59+01:00,6,2,2053,2212,3137,4814,3063,7019,3580,9498,4463,7885,2338,2197,6395,9164,8487,15308,286,367,907,1724,1164,2853,1477,4351,2140,3698,1400,1519,4826,7069,3807,7854,61650,43517,4528,1927,25436,0,0,7,0
2021-03-04T23:59:59+01:00,6,2,1799,1991,2727,4378,2604,6375,3012,8594,3774,7068,2123,2037,6104,8798,8211,14854,283,366,906,1716,1162,2836,1476,4335,2131,3686,1389,1517,4813,7055,3800,7843,60002,43392,3255,1924,21193,0,0,7,0
2021-03-03T23:59:59+01:00,6,2,1727,1901,2618,4192,2470,6145,2869,8306,3583,6798,2034,1958,5765,8322,7857,14274,282,362,906,1706,1160,2813,1472,4311,2126,3671,1365,1506,4808,7049,3796,7836,57971,43247,3112,1924,19737,0,0,7,0
2021-03-02T23:59:59+01:00,6,2,1691,1819,2550,4074,2388,5994,2763,8123,3464,6643,1955,1890,5456,7883,7457,13606,280,357,903,1687,1157,2792,1469,4292,2125,3660,1340,1500,4798,7033,3790,7829,55872,43090,2861,1924,19024,0,0,7,0
2021-03-01T23:59:59+01:00,2,2,1682,1791,2511,3965,2337,5876,2725,8020,3409,6564,1909,1869,5317,7718,6986,12741,279,355,899,1681,1155,2780,1467,4279,2123,3645,1335,1495,4795,7031,3789,7823,53993,43009,2849,1924,18575,0,0,7,0
2021-02-28T23:59:59+01:00,2,2,1665,1753,2476,3894,2307,5821,2682,7940,3382,6516,1903,1865,5309,7713,6951,12682,279,355,898,1681,1155,2780,1467,4278,2123,3644,1335,1495,4795,7030,3789,7823,53871,43006,2847,1923,18138,0,0,7,0
2021-02-27T23:59:59+01:00,2,2,1663,1747,2472,3886,2303,5821,2681,7939,3379,6513,1897,1855,5300,7669,6781,12463,279,355,888,1676,1145,2773,1457,4269,2106,3635,1334,1492,4795,7029,3789,7823,53408,43002,2847,1845,18111,0,0,7,0
2021-02-26T23:59:59+01:00,2,1,1473,1588,2346,3640,2224,5414,2587,7433,3292,6055,1882,1830,5275,7636,6522,12074,278,353,881,1669,1137,2753,1451,4247,2096,3622,1327,1483,4787,7017,3785,7811,52665,42923,2826,1776,15776,0,0,7,0
2021-02-25T23:59:59+01:00,2,1,1256,1310,2125,3202,2050,4656,2388,6483,3048,5149,1793,1759,5224,7557,5953,11234,276,345,875,1609,1103,2658,1418,4136,2039,3547,1288,1462,4746,6976,3767,7759,50793,42458,2812,1548,11579,0,0,6,0
2021-02-24T23:59:59+01:00,2,1,1203,1100,2016,2930,1944,4317,2255,6075,2876,4876,1717,1704,5166,7465,5198,10056,274,339,837,1562,1053,2567,1357,4020,1950,3418,1248,1435,4731,6950,3757,7742,48453,42201,2800,1041,9642,0,0,6,0
2021-02-23T23:59:59+01:00,2,1,1188,1050,1982,2866,1918,4219,2229,5990,2842,4815,1709,1689,5131,7416,4566,9033,274,338,810,1534,1005,2515,1304,3942,1844,3343,1196,1410,4708,6925,3746,7708,46679,42003,2773,601,9188,0,0,6,0
2021-02-22T23:59:59+01:00,2,1,1180,1008,1931,2723,1873,4073,2174,5794,2788,4707,1697,1678,5095,7366,3962,8148,272,327,767,1495,951,2432,1216,3834,1702,3248,1107,1353,4667,6856,3720,7605,45066,41545,2752,9,8377,0,0,5,0
2021-02-21T23:59:59+01:00,2,1,1178,994,1900,2661,1847,3976,2147,5690,2768,4644,1689,1672,5092,7357,3962,8144,270,325,762,1489,943,2400,1214,3798,1689,3208,1098,1338,4651,6831,3698,7564,45013,41271,2741,9,7965,0,0,5,0
2021-02-20T23:59:59+01:00,2,1,1178,994,1900,2660,1846,3976,2147,5690,2766,4639,1680,1663,5088,7351,3960,8141,270,325,762,1488,942,2396,1213,3794,1688,3206,1098,1338,4598,6770,3651,7504,44998,41037,2716,8,7963,0,0,5,0
2021-02-19T23:59:59+01:00,2,1,1178,991,1897,2655,1845,3967,2146,5681,2763,4636,1660,1655,5074,7334,3957,8135,269,324,758,1479,933,2372,1206,3751,1661,3153,1071,1300,4408,6517,3474,7213,44916,39883,2697,8,7959,0,0,5,0
2021-02-18T23:59:59+01:00,2,1,1146,908,1858,2536,1806,3828,2093,5474,2701,4461,1644,1639,5058,7300,3952,8109,241,295,713,1354,884,2166,1119,3409,1544,2856,962,1113,3924,5744,3081,6361,44761,35760,2664,8,7086,0,0,5,0
2021-02-17T23:59:59+01:00,2,1,1097,778,1777,2303,1729,3529,1984,5114,2626,4211,1619,1630,5038,7286,3944,8106,236,292,703,1336,875,2144,1107,3374,1525,2835,956,1110,3542,5220,2789,5939,44720,33977,2608,8,5441,0,0,5,0
2021-02-16T23:59:59+01:00,2,1,1056,742,1719,2200,1658,3357,1913,4906,2548,4104,1584,1616,5009,7265,3935,8094,230,286,689,1302,854,2090,1076,3257,1486,2750,933,1087,3189,4673,2449,5449,44667,31797,2443,5,4594,0,0,5,0
2021-02-15T23:59:59+01:00,2,1,1049,723,1699,2123,1638,3257,1894,4796,2533,4025,1556,1602,4980,7248,3903,8038,218,276,674,1267,835,2040,1056,3191,1443,2685,902,1056,2769,4122,2123,4887,44538,29542,2357,4,4167,0,0,5,0
2021-02-14T23:59:59+01:00,2,1,953,689,1620,2089,1576,3238,1849,4774,2496,4012,1549,1598,4970,7236,3900,8033,211,264,665,1249,816,2000,1040,3125,1413,2617,872,1011,2680,3982,2051,4704,44496,28699,2319,3,3768,0,0,2,0
2021-02-13T23:59:59+01:00,2,1,900,665,1590,2066,1561,3229,1833,4767,2488,4011,1548,1597,4970,7236,3899,8032,209,263,663,1249,816,1996,1040,3123,1412,2615,871,1011,2577,3855,1986,4603,44490,28288,2319,3,3584,0,0,2,0
2021-02-12T23:59:59+01:00,2,1,564,517,1240,1949,1389,3125,1693,4684,2378,3941,1528,1588,4961,7224,3892,8026,197,257,649,1223,802,1952,1014,3038,1356,2515,809,937,2353,3544,1843,4301,44372,26790,2319,2,2009,0,0,2,0
2021-02-11T23:59:59+01:00,2,1,397,440,1050,1836,1286,3006,1594,4570,2289,3851,1419,1543,4898,7174,3871,7978,156,193,549,979,666,1505,813,2366,1075,1923,569,688,1751,2669,1359,3102,44015,20364,2118,1,1070,0,0,2,0
2021-02-10T23:59:59+01:00,2,1,284,368,924,1731,1186,2880,1499,4385,2176,3727,1382,1530,4879,7163,3866,7976,134,131,378,618,492,1016,643,1754,907,1589,548,673,1342,2107,1044,2606,43939,15984,2013,0,5,0,0,2,0
2021-02-09T23:59:59+01:00,2,1,284,367,923,1725,1183,2871,1499,4379,2175,3722,1375,1527,4877,7161,3865,7974,131,129,369,588,473,989,622,1723,882,1558,546,670,961,1640,766,2202,43914,14251,1990,0,4,0,0,2,0
2021-02-08T23:59:59+01:00,2,1,284,365,922,1723,1180,2861,1492,4373,2173,3718,1370,1523,4875,7161,3864,7971,126,123,358,577,465,972,611,1691,864,1532,538,665,567,1152,461,1776,43885,12480,1967,0,4,0,0,2,0
2021-02-07T23:59:59+01:00,2,1,284,365,920,1723,1179,2861,1490,4371,2173,3718,1370,1523,4875,7160,3863,7971,122,120,354,571,464,965,608,1679,854,1516,530,661,566,1142,456,1761,43881,12371,1966,0,0,0,0,2,0
2021-02-06T23:59:59+01:00,2,1,284,365,920,1723,1179,2861,1490,4371,2173,3718,1370,1523,4875,7160,3863,7971,119,117,352,567,463,964,608,1677,854,1515,529,660,566,1142,456,1761,43881,12352,1966,0,0,0,0,2,0
2021-02-05T23:59:59+01:00,2,1,284,364,919,1723,1179,2860,1488,4370,2172,3718,1370,1523,4874,7158,3863,7968,118,109,349,563,455,951,604,1667,840,1492,524,650,560,1126,446,1739,43868,12195,1966,0,0,0,0,2,0
2021-02-04T23:59:59+01:00,2,1,280,359,912,1685,1172,2814,1487,4317,2159,3675,1361,1516,4846,7127,3852,7938,89,72,232,390,331,692,475,1277,629,1122,393,517,470,918,389,1497,43536,9494,1965,0,0,0,0,2,0
2021-02-03T23:59:59+01:00,2,1,278,350,907,1660,1168,2779,1476,4267,2150,3639,1353,1500,4823,7098,3840,7912,55,34,80,166,152,346,232,602,304,550,211,279,273,575,226,945,43236,5031,1965,0,0,0,0,2,0
2021-02-02T23:59:59+01:00,2,1,277,348,906,1648,1164,2760,1473,4235,2143,3613,1345,1494,4816,7084,3832,7890,16,10,25,49,60,100,73,164,97,122,45,75,66,127,51,193,43064,1274,1965,0,0,0,0,2,0
2021-02-01T23:59:59+01:00,2,1,277,343,906,1646,1163,2759,1472,4231,2142,3607,1344,1493,4814,7083,3832,7890,14,9,21,43,51,91,60,136,74,103,39,66,56,117,50,180,43038,1111,1965,0,0,0,0,2,0
2021-01-31T23:59:59+01:00,2,1,277,342,906,1642,1162,2755,1472,4226,2142,3604,1343,1493,4814,7082,3832,7890,13,8,20,38,44,83,54,125,64,97,34,55,47,108,47,174,43018,1012,1965,0,0,0,0,2,0
2021-01-30T23:59:59+01:00,2,1,277,342,901,1639,1154,2747,1464,4220,2138,3601,1343,1493,4761,7022,3785,7830,13,8,20,37,44,83,53,124,64,97,34,55,47,108,47,174,42787,1009,1931,0,0,0,0,2,0
2021-01-29T23:59:59+01:00,2,1,276,341,886,1630,1142,2724,1452,4186,2115,3573,1334,1487,4597,6819,3621,7625,11,8,20,37,41,83,52,122,61,96,32,50,46,108,47,174,41991,989,1818,0,0,0,0,2,0
2021-01-28T23:59:59+01:00,2,1,272,328,867,1543,1102,2614,1415,4085,2045,3498,1306,1474,4263,6346,3357,7271,7,4,9,17,22,42,21,56,36,63,20,32,31,70,37,117,40216,585,1571,0,0,0,0,2,0
2021-01-27T23:59:59+01:00,2,1,266,325,825,1488,1055,2520,1351,3987,1971,3390,1266,1447,3851,5779,3037,6807,3,4,9,8,12,21,8,22,14,29,11,14,15,39,15,56,38250,281,1116,0,0,0,0,2,0
2021-01-26T23:59:59+01:00,2,1,260,316,791,1441,990,2435,1290,3860,1854,3283,1208,1396,3504,5223,2688,6296,1,1,5,3,5,7,4,2,3,8,6,5,3,7,3,8,36170,72,667,0,0,0,0,1,0
2021-01-25T23:59:59+01:00,2,1,250,307,739,1380,929,2316,1189,3715,1692,3163,1129,1366,3110,4711,2378,5829,1,1,5,2,3,7,2,2,3,8,6,5,3,7,3,8,34144,67,62,0,0,0,0,0,0
2021-01-24T23:59:59+01:00,2,1,247,307,733,1376,918,2300,1184,3699,1664,3133,1123,1364,3084,4675,2361,5807,1,1,3,2,3,7,2,2,3,8,6,5,3,7,3,8,33970,65,8,0,0,0,0,0,0
2021-01-23T23:59:59+01:00,2,1,246,306,732,1376,918,2296,1183,3697,1661,3131,1122,1364,2979,4547,2295,5705,1,1,3,2,2,7,2,2,3,8,6,5,3,7,3,8,33554,64,7,0,0,0,0,0,0
2021-01-22T23:59:59+01:00,2,1,245,303,730,1360,916,2283,1177,3681,1657,3127,1120,1363,2819,4352,2192,5563,1,1,3,2,2,7,2,2,3,8,6,5,3,7,3,8,32884,64,7,0,0,0,0,0,0
2021-01-21T23:59:59+01:00,2,1,241,274,667,1204,847,2070,1096,3394,1559,2919,1076,1321,2471,3883,1897,5117,1,0,3,1,2,7,2,2,3,8,6,4,3,7,3,8,30032,61,7,0,0,0,0,0,0
2021-01-20T23:59:59+01:00,2,1,215,210,506,852,670,1579,895,2690,1320,2448,975,1186,1937,3132,1482,4352,1,0,3,1,2,7,2,2,3,6,5,4,3,7,3,8,24445,58,7,0,0,0,0,0,0
2021-01-19T23:59:59+01:00,2,1,187,191,459,745,615,1423,807,2389,1142,2140,807,929,1294,2203,1024,3287,0,0,2,1,0,0,0,0,2,1,1,0,0,0,0,0,19641,7,4,0,0,0,0,0,0
2021-01-18T23:59:59+01:00,1,1,139,136,381,620,490,1068,652,1842,949,1649,600,719,644,1279,516,1975,0,0,1,0,0,0,0,0,1,0,0,0,0,0,0,0,13658,2,3,0,0,0,0,0,0
2021-01-17T23:59:59+01:00,1,1,128,122,367,583,475,1002,623,1725,890,1550,551,678,596,1181,474,1832,0,0,0,0,0,0,0,0,0,0,0,0,0,0,0,0,12779,0,0,0,0,0,0,0,0
2021-01-16T23:59:59+01:00,1,1,121,118,364,579,473,991,617,1712,884,1543,550,677,595,1176,470,1820,0,0,0,0,0,0,0,0,0,0,0,0,0,0,0,0,12692,0,0,0,0,0,0,0,0
2021-01-15T23:59:59+01:00,1,1,119,111,361,574,465,975,613,1701,869,1519,544,665,588,1160,462,1798,0,0,0,0,0,0,0,0,0,0,0,0,0,0,0,0,12526,0,0,0,0,0,0,0,0
2021-01-14T23:59:59+01:00,1,1,98,89,276,465,394,792,510,1430,710,1226,425,535,508,965,406,1613,0,0,0,0,0,0,0,0,0,0,0,0,0,0,0,0,10444,0,0,0,0,0,0,0,0
2021-01-13T23:59:59+01:00,1,1,68,49,164,283,257,526,358,935,488,792,263,330,316,638,261,1034,0,0,0,0,0,0,0,0,0,0,0,0,0,0,0,0,6764,0,0,0,0,0,0,0,0
2021-01-12T23:59:59+01:00,1,1,32,21,49,101,114,218,154,388,206,336,138,180,166,354,149,569,0,0,0,0,0,0,0,0,0,0,0,0,0,0,0,0,3177,0,0,0,0,0,0,0,0
2021-01-11T23:59:59+01:00,1,0,19,11,33,64,61,114,77,168,95,127,41,66,60,122,50,181,0,0,0,0,0,0,0,0,0,0,0,0,0,0,0,0,1290,0,0,0,0,0,0,0,0
2021-01-10T23:59:59+01:00,1,0,15,7,27,53,54,102,67,153,76,111,34,56,50,112,46,172,0,0,0,0,0,0,0,0,0,0,0,0,0,0,0,0,1136,0,0,0,0,0,0,0,0
2021-01-09T23:59:59+01:00,1,0,14,7,26,51,53,101,64,152,76,109,34,56,50,112,46,172,0,0,0,0,0,0,0,0,0,0,0,0,0,0,0,0,1124,0,0,0,0,0,0,0,0
2021-01-08T23:59:59+01:00,1,0,11,7,24,48,48,96,60,139,70,105,31,50,49,112,46,172,0,0,0,0,0,0,0,0,0,0,0,0,0,0,0,0,1069,0,0,0,0,0,0,0,0
2021-01-07T23:59:59+01:00,1,0,7,4,9,18,22,44,23,56,38,65,19,33,36,75,36,116,0,0,0,0,0,0,0,0,0,0,0,0,0,0,0,0,602,0,0,0,0,0,0,0,0
2021-01-06T23:59:59+01:00,1,0,7,4,9,15,15,32,15,39,25,53,15,25,30,67,34,101,0,0,0,0,0,0,0,0,0,0,0,0,0,0,0,0,487,0,0,0,0,0,0,0,0
2021-01-05T23:59:59+01:00,1,0,7,4,9,15,15,32,15,39,25,53,15,25,29,67,34,101,0,0,0,0,0,0,0,0,0,0,0,0,0,0,0,0,486,0,0,0,0,0,0,0,0
2021-01-04T23:59:59+01:00,1,0,2,4,8,5,4,15,4,7,6,16,6,5,6,16,4,13,0,0,0,0,0,0,0,0,0,0,0,0,0,0,0,0,122,0,0,0,0,0,0,0,0
2021-01-03T23:59:59+01:00,1,0,1,1,3,2,2,7,3,3,3,9,4,4,3,8,3,8,0,0,0,0,0,0,0,0,0,0,0,0,0,0,0,0,65,0,0,0,0,0,0,0,0
2021-01-02T23:59:59+01:00,1,0,1,1,3,2,2,7,3,3,3,9,4,4,3,8,3,8,0,0,0,0,0,0,0,0,0,0,0,0,0,0,0,0,65,0,0,0,0,0,0,0,0
2021-01-01T23:59:59+01:00,1,0,1,1,3,2,2,7,2,3,3,9,4,4,3,8,3,8,0,0,0,0,0,0,0,0,0,0,0,0,0,0,0,0,64,0,0,0,0,0,0,0,0
2020-12-31T23:59:59+01:00,1,0,1,1,3,1,2,7,2,2,3,8,4,4,3,8,3,8,0,0,0,0,0,0,0,0,0,0,0,0,0,0,0,0,61,0,0,0,0,0,0,0,0
2020-12-30T23:59:59+01:00,1,0,1,1,3,1,2,7,2,2,3,6,4,4,3,8,3,8,0,0,0,0,0,0,0,0,0,0,0,0,0,0,0,0,59,0,0,0,0,0,0,0,0
2020-12-29T23:59:59+01:00,1,0,1,1,2,1,2,6,2,2,3,6,2,2,2,8,2,7,0,0,0,0,0,0,0,0,0,0,0,0,0,0,0,0,50,0,0,0,0,0,0,0,0
2020-12-28T23:59:59+01:00,1,0,0,0,2,1,0,2,1,0,1,3,0,1,0,1,1,4,0,0,0,0,0,0,0,0,0,0,0,0,0,0,0,0,18,0,0,0,0,0,0,0,0
2020-12-27T23:59:59+01:00,0,0,0,0,0,0,0,1,1,0,1,2,0,1,0,1,1,4,0,0,0,0,0,0,0,0,0,0,0,0,0,0,0,0,12,0,0,0,0,0,0,0,0
