Datum,<15_1_m,<15_1_w,15-24_1_m,15-24_1_w,25-34_1_m,25-34_1_w,35-44_1_m,35-44_1_w,45-54_1_m,45-54_1_w,55-64_1_m,55-64_1_w,65-74_1_m,65-74_1_w,75-84_1_m,75-84_1_w,>84_1_m,>84_1_w,<15_2_m,<15_2_w,15-24_2_m,15-24_2_w,25-34_2_m,25-34_2_w,35-44_2_m,35-44_2_w,45-54_2_m,45-54_2_w,55-64_2_m,55-64_2_w,65-74_2_m,65-74_2_w,75-84_2_m,75-84_2_w,>84_2_m,>84_2_w,bp_1,bp_2,mo_1,mo_2,az_1,az_2,ja,unb_1,unb_2
2021-10-25T23:59:59+02:00,5957,5766,45139,43274,58991,51436,62769,59099,74237,72490,88360,86214,60800,64954,39784,51114,12623,22701,5047,4821,41253,39603,55104,47401,59303,55285,70325,68111,84498,82416,58850,62732,38520,49397,12109,21715,673632,633492,79470,76223,109680,103806,42906,48,63
2021-10-24T23:59:59+02:00,5930,5743,45046,43209,58872,51347,62678,59032,74151,72436,88314,86184,60792,64943,39781,51108,12621,22699,5038,4810,41199,39558,55036,47349,59256,55245,70292,68080,84473,82395,58838,62719,38514,49391,12108,21714,672962,633172,79463,76214,109680,103806,42760,48,63
2021-10-23T23:59:59+02:00,5930,5743,45045,43209,58872,51346,62678,59031,74151,72436,88314,86184,60792,64943,39781,51108,12621,22699,5038,4810,41199,39558,55035,47349,59256,55245,70292,68080,84473,82395,58838,62719,38514,49391,12108,21714,672959,633171,79463,76214,109680,103806,42760,48,63
2021-10-22T23:59:59+02:00,5907,5712,44956,43140,58768,51260,62567,58952,74075,72372,88264,86156,60792,64939,39779,51106,12619,22699,5020,4791,41129,39504,54980,47297,59195,55200,70262,68046,84435,82383,58831,62714,38509,49384,12107,21714,672316,632829,79452,76212,109680,103804,42593,48,63
2021-10-21T23:59:59+02:00,5846,5670,44809,43015,58613,51126,62415,58834,73955,72282,88178,86104,60774,64925,39769,51089,12615,22693,4974,4754,41005,39374,54870,47184,59095,55076,70178,67977,84375,82337,58809,62681,38493,49366,12102,21706,671123,631836,79434,76200,109680,103804,42453,48,63
2021-10-20T23:59:59+02:00,5810,5618,44670,42885,58441,50973,62291,58739,73855,72208,88130,86058,60765,64909,39751,51073,12610,22681,4925,4683,40860,39217,54709,47025,58975,54934,70088,67879,84304,82274,58771,62644,38475,49344,12099,21695,669997,630497,79411,76180,109679,103804,42357,48,63
2021-10-19T23:59:59+02:00,5782,5579,44545,42780,58306,50870,62222,58669,73812,72140,88088,86028,60741,64892,39736,51058,12603,22669,4861,4626,40658,39032,54543,46860,58873,54791,70004,67783,84238,82214,58733,62601,38459,49322,12097,21675,669125,629043,79401,76169,109679,103803,42292,48,63
2021-10-18T23:59:59+02:00,5763,5565,44489,42720,58248,50817,62190,58631,73783,72107,88066,86015,60723,64877,39733,51049,12601,22664,4846,4612,40603,38984,54490,46801,58840,54740,69967,67742,84202,82185,58715,62586,38452,49306,12095,21665,668711,628578,79399,76160,109679,103801,42229,48,63
2021-10-17T23:59:59+02:00,5751,5547,44453,42699,58218,50787,62159,58607,73765,72088,88044,85999,60716,64873,39727,51041,12599,22656,4828,4589,40563,38954,54468,46765,58817,54714,69950,67726,84182,82166,58705,62577,38450,49302,12094,21660,668433,628288,79391,76155,109679,103801,42203,48,63
2021-10-16T23:59:59+02:00,5749,5545,44453,42699,58218,50785,62159,58607,73765,72088,88044,85999,60716,64873,39727,51041,12599,22656,4828,4588,40562,38952,54468,46763,58817,54714,69950,67726,84182,82166,58705,62577,38450,49302,12094,21660,668427,628283,79391,76154,109679,103801,42203,48,63
2021-10-15T23:59:59+02:00,5734,5524,44396,42649,58163,50738,62115,58577,73728,72050,88014,85974,60703,64870,39722,51036,12596,22653,4806,4567,40508,38901,54425,46730,58777,54672,69917,67696,84154,82148,58700,62572,38441,49299,12093,21656,668033,627924,79389,76154,109677,103801,42120,48,63
2021-10-14T23:59:59+02:00,5688,5493,44320,42561,58091,50646,62044,58508,73668,71988,87953,85938,60690,64851,39708,51017,12586,22635,4759,4508,40403,38765,54361,46653,58695,54577,69846,67617,84116,82108,58666,62550,38434,49282,12090,21647,667293,627066,79380,76137,109677,103799,42012,48,63
2021-10-13T23:59:59+02:00,5647,5430,44220,42446,57983,50546,61969,58422,73612,71919,87905,85899,60673,64824,39700,51006,12583,22626,4671,4439,40220,38531,54212,46425,58569,54406,69761,67489,84031,82031,58636,62513,38414,49241,12085,21634,666385,625374,79368,76115,109677,103799,41957,48,63
2021-10-12T23:59:59+02:00,5610,5400,44097,42322,57870,50429,61885,58336,73525,71854,87843,85851,60649,64792,39693,50988,12578,22610,4619,4373,39978,38302,54002,46228,58421,54257,69668,67376,83951,81961,58602,62469,38393,49211,12076,21620,665391,623653,79363,76113,109676,103799,41879,48,63
2021-10-11T23:59:59+02:00,5592,5387,44052,42267,57820,50367,61846,58295,73486,71822,87813,85827,60634,64779,39686,50974,12572,22598,4601,4358,39931,38255,53947,46180,58375,54215,69638,67340,83931,81928,58581,62445,38380,49184,12068,21598,664921,623145,79356,76108,109676,103798,41841,48,63
2021-10-10T23:59:59+02:00,5578,5374,44025,42237,57785,50342,61813,58267,73466,71802,87798,85815,60625,64774,39685,50970,12571,22595,4592,4348,39898,38231,53909,46146,58341,54193,69614,67323,83917,81916,58576,62438,38374,49178,12066,21596,664677,622898,79351,76103,109676,103797,41795,48,63
2021-10-09T23:59:59+02:00,5577,5373,44024,42233,57785,50342,61811,58267,73466,71802,87798,85815,60625,64774,39685,50970,12571,22595,4591,4348,39896,38229,53908,46146,58339,54193,69614,67323,83917,81916,58575,62438,38374,49178,12066,21596,664670,622893,79351,76103,109676,103795,41793,48,63
2021-10-08T23:59:59+02:00,5553,5352,43977,42186,57732,50285,61761,58234,73418,71775,87773,85803,60617,64765,39679,50961,12569,22592,4579,4326,39861,38190,53880,46112,58303,54151,69580,67302,83900,81903,58571,62426,38371,49174,12065,21594,664274,622620,79349,76100,109676,103795,41710,48,63
2021-10-07T23:59:59+02:00,5489,5275,43832,42050,57618,50158,61672,58147,73342,71700,87719,85765,60604,64742,39669,50951,12566,22584,4488,4233,39671,37961,53742,45919,58178,53990,69475,67193,83845,81841,58542,62383,38350,49159,12058,21586,663230,621050,79334,76086,109676,103795,41620,48,63
2021-10-06T23:59:59+02:00,5464,5236,43693,41934,57504,50069,61593,58056,73277,71634,87660,85721,60587,64717,39655,50926,12563,22567,4427,4180,39509,37782,53611,45768,58075,53853,69384,67084,83780,81767,58508,62344,38335,49133,12056,21568,662309,619689,79314,76084,109675,103795,41533,48,63
2021-10-05T23:59:59+02:00,5423,5199,43565,41794,57391,49934,61475,57979,73207,71570,87607,85663,60568,64696,39644,50908,12559,22549,4381,4132,39377,37636,53494,45640,57980,53731,69284,67006,83721,81707,58483,62312,38317,49108,12050,21564,661269,618536,79308,76076,109675,103794,41454,48,63
2021-10-04T23:59:59+02:00,5394,5186,43487,41724,57322,49860,61427,57938,73153,71525,87574,85638,60549,64677,39639,50900,12555,22537,4362,4114,39304,37584,53426,45579,57942,53683,69247,66953,83691,81680,58457,62292,38307,49098,12048,21561,660717,618057,79304,76054,109675,103790,41364,48,63
2021-10-03T23:59:59+02:00,5384,5170,43459,41687,57269,49825,61391,57904,73124,71499,87550,85614,60538,64668,39628,50893,12552,22526,4354,4104,39274,37553,53396,45560,57916,53653,69227,66933,83671,81662,58446,62279,38301,49097,12047,21556,660391,617835,79302,76053,109675,103790,41288,48,63
2021-10-02T23:59:59+02:00,5384,5170,43458,41686,57266,49824,61391,57904,73124,71498,87550,85614,60538,64668,39628,50893,12552,22526,4354,4104,39274,37553,53396,45560,57916,53653,69227,66933,83671,81662,58446,62279,38301,49097,12047,21556,660386,617835,79300,76053,109675,103790,41288,48,63
2021-10-01T23:59:59+02:00,5371,5149,43383,41618,57199,49761,61329,57869,73072,71459,87512,85583,60523,64658,39623,50885,12552,22526,4337,4092,39218,37498,53348,45531,57876,53615,69192,66906,83647,81639,58439,62278,38298,49095,12047,21555,659905,617539,79299,76052,109675,103789,41168,48,63
2021-09-30T23:59:59+02:00,5300,5068,43206,41428,57040,49592,61208,57724,72977,71351,87439,85535,60500,64619,39604,50865,12548,22518,4218,3964,38987,37230,53188,45341,57736,53446,69091,66787,83571,81566,58422,62242,38282,49069,12041,21552,658593,615890,79287,76052,109675,103786,40942,48,63
2021-09-29T23:59:59+02:00,5265,5031,43065,41278,56901,49460,61112,57624,72892,71262,87381,85486,60475,64596,39587,50846,12544,22508,4134,3905,38798,37007,53046,45192,57644,53319,68996,66680,83505,81481,58379,62216,38270,49053,12038,21542,657570,614529,79262,76047,109675,103785,40781,48,63
2021-09-28T23:59:59+02:00,5223,4987,42857,41120,56756,49322,61007,57518,72808,71172,87321,85419,60446,64572,39573,50825,12537,22487,4075,3851,38603,36820,52903,45058,57544,53207,68912,66595,83429,81411,58351,62185,38254,49033,12036,21535,656377,613291,79254,76046,109674,103782,40620,48,63
2021-09-27T23:59:59+02:00,5191,4965,42767,41041,56663,49238,60922,57438,72745,71119,87271,85378,60423,64545,39551,50803,12528,22453,4061,3835,38516,36762,52823,45007,57471,53153,68875,66552,83386,81376,58328,62163,38244,49018,12033,21524,655719,612898,79248,76015,109674,103776,40375,48,63
2021-09-26T23:59:59+02:00,5178,4939,42723,41007,56632,49203,60904,57415,72721,71100,87257,85357,60415,64538,39547,50798,12527,22452,4051,3828,38494,36746,52789,44978,57448,53136,68853,66529,83367,81362,58322,62155,38239,49014,12033,21524,655478,612725,79242,76010,109674,103776,40294,48,63
2021-09-25T23:59:59+02:00,5178,4938,42719,41005,56632,49202,60904,57414,72720,71098,87257,85357,60415,64538,39547,50798,12527,22452,4051,3828,38490,36743,52788,44978,57448,53134,68852,66527,83367,81362,58321,62154,38239,49014,12033,21524,655472,612714,79240,76010,109674,103776,40290,48,63
2021-09-24T23:59:59+02:00,5159,4927,42633,40923,56568,49137,60838,57358,72659,71038,87219,85318,60403,64529,39542,50794,12526,22450,4046,3820,38432,36692,52738,44934,57397,53092,68806,66472,83334,81338,58310,62148,38236,49011,12032,21522,655125,612554,79236,76007,109674,103776,39960,48,63
2021-09-23T23:59:59+02:00,5087,4826,42363,40651,56342,48926,60667,57158,72505,70900,87086,85225,60348,64484,39523,50756,12520,22421,3968,3733,38191,36513,52547,44769,57246,52952,68675,66362,83234,81253,58273,62109,38223,48985,12025,21505,653528,611393,79223,75996,109673,103774,39337,48,63
2021-09-22T23:59:59+02:00,5048,4771,42208,40467,56165,48747,60519,57002,72396,70764,86993,85144,60312,64433,39501,50719,12517,22406,3927,3683,38053,36367,52386,44636,57117,52826,68597,66263,83145,81171,58239,62073,38206,48964,12022,21495,652221,610360,79209,75992,109672,103772,38983,48,63
2021-09-21T23:59:59+02:00,5012,4715,42009,40220,55941,48523,60354,56854,72305,70643,86904,85063,60272,64389,39483,50679,12508,22392,3880,3649,37891,36221,52233,44496,56997,52729,68529,66183,83069,81106,58210,62049,38182,48942,12016,21482,650647,609326,79208,75992,109672,103771,38712,48,63
2021-09-20T23:59:59+02:00,4986,4693,41903,40139,55810,48429,60252,56771,72227,70578,86846,85007,60247,64369,39470,50659,12502,22373,3872,3636,37809,36150,52118,44421,56914,52669,68467,66132,83018,81063,58187,62031,38172,48915,12013,21477,649939,608878,79198,75940,109672,103758,38425,48,63
2021-09-19T23:59:59+02:00,4981,4689,41858,40111,55735,48382,60203,56730,72186,70565,86819,84993,60240,64360,39469,50651,12502,22371,3862,3633,37777,36127,52073,44405,56880,52658,68431,66116,82996,81046,58179,62025,38169,48911,12013,21475,649680,608745,79196,75938,109669,103757,38273,48,63
2021-09-18T23:59:59+02:00,4979,4687,41846,40105,55717,48368,60184,56720,72174,70552,86809,84989,60235,64357,39468,50651,12502,22370,3862,3633,37773,36124,52057,44400,56867,52648,68422,66108,82986,81042,58174,62022,38167,48909,12013,21475,649625,608729,79195,75938,109669,103757,38195,48,63
2021-09-17T23:59:59+02:00,4924,4636,41699,39984,55599,48222,60042,56595,72038,70436,86740,84916,60199,64335,39459,50645,12499,22364,3830,3606,37666,36037,51960,44283,56776,52556,68314,66030,82926,80984,58143,62005,38160,48901,12011,21471,648792,608255,79194,75938,109669,103757,37646,48,63
2021-09-16T23:59:59+02:00,4827,4535,41413,39710,55344,47935,59807,56324,71848,70257,86611,84784,60147,64279,39436,50622,12488,22349,3726,3503,37389,35818,51757,44048,56592,52352,68169,65886,82816,80885,58090,61970,38142,48877,12002,21460,646868,606779,79190,75932,109661,103742,36966,48,63
2021-09-15T23:59:59+02:00,4762,4470,41172,39455,55099,47653,59592,56106,71690,70114,86491,84679,60104,64224,39408,50593,12479,22325,3666,3455,37179,35632,51583,43839,56451,52209,68062,65785,82720,80782,58044,61938,38118,48852,12000,21446,645076,605569,79188,75929,109661,103742,36458,48,63
2021-09-14T23:59:59+02:00,4734,4442,41049,39331,54969,47561,59503,55991,71592,70021,86414,84620,60085,64197,39394,50581,12476,22320,3652,3442,37106,35559,51491,43783,56378,52139,67986,65723,82661,80745,58026,61912,38103,48832,11994,21438,644316,605155,79188,75929,109661,103741,36082,48,63
2021-09-13T23:59:59+02:00,4706,4428,40946,39226,54878,47465,59439,55890,71520,69965,86371,84579,60054,64165,39388,50570,12472,22315,3631,3423,37031,35489,51404,43722,56319,52074,67921,65689,82621,80718,58003,61885,38094,48821,11993,21432,643604,604710,79187,75878,109660,103726,35893,48,63
2021-09-12T23:59:59+02:00,4697,4414,40915,39199,54857,47442,59413,55859,71492,69933,86357,84559,60046,64157,39386,50567,12470,22311,3622,3420,36994,35459,51386,43703,56294,52056,67901,65661,82600,80699,57992,61872,38089,48810,11993,21430,643390,604507,79178,75873,109659,103724,35814,48,63
2021-09-11T23:59:59+02:00,4688,4412,40900,39173,54828,47415,59394,55842,71468,69921,86346,84551,60045,64154,39385,50566,12470,22309,3619,3418,36977,35448,51364,43684,56281,52043,67878,65650,82587,80695,57990,61871,38087,48810,11993,21429,643294,604462,79178,75872,109659,103724,35703,48,63
2021-09-10T23:59:59+02:00,4643,4373,40719,38999,54672,47280,59274,55690,71341,69819,86257,84468,60017,64126,39375,50554,12466,22302,3601,3399,36851,35359,51254,43592,56190,51952,67785,65584,82515,80640,57971,61850,38078,48796,11986,21423,642383,604045,79176,75872,109659,103724,35122,48,63
2021-09-09T23:59:59+02:00,4569,4286,40475,38780,54475,47057,59097,55469,71192,69652,86153,84374,59991,64081,39351,50526,12457,22296,3543,3335,36640,35183,51079,43441,56037,51787,67642,65463,82407,80561,57932,61804,38061,48774,11981,21415,640887,602905,79175,75870,109659,103724,34524,48,62
2021-09-08T23:59:59+02:00,4470,4191,40247,38521,54274,46875,58922,55300,71079,69535,86060,84295,59954,64041,39343,50494,12451,22289,3433,3230,36354,34913,50844,43225,55837,51602,67507,65333,82293,80457,57899,61748,38038,48735,11970,21401,639458,601154,79170,75862,109659,103724,34017,48,62
2021-09-07T23:59:59+02:00,4396,4129,40043,38349,54144,46756,58819,55192,71002,69446,85998,84228,59930,64013,39332,50478,12448,22286,3404,3204,36226,34805,50739,43144,55755,51538,67437,65264,82228,80400,57866,61715,38026,48712,11964,21393,638439,600494,79164,75848,109655,103723,33693,48,62
2021-09-06T23:59:59+02:00,4355,4081,39938,38248,54064,46683,58751,55116,70956,69390,85953,84190,59910,63996,39329,50473,12446,22282,3371,3180,36110,34689,50643,43074,55671,51453,67378,65193,82174,80338,57839,61684,38015,48699,11963,21391,637755,599732,79164,75810,109653,103711,33550,48,62
2021-09-05T23:59:59+02:00,4342,4063,39903,38218,54042,46652,58715,55089,70928,69367,85929,84167,59907,63993,39326,50468,12445,22278,3367,3174,36084,34668,50615,43051,55638,51433,67359,65176,82156,80322,57831,61679,38012,48693,11961,21388,637532,599582,79163,75806,109652,103711,33446,48,62
2021-09-04T23:59:59+02:00,4342,4061,39894,38215,54039,46644,58714,55087,70926,69363,85925,84160,59907,63991,39326,50468,12445,22278,3366,3173,36073,34665,50612,43044,55634,51432,67357,65172,82153,80318,57830,61677,38012,48693,11961,21388,637512,599565,79163,75805,109652,103709,33419,48,62
2021-09-03T23:59:59+02:00,4303,4031,39780,38100,53938,46573,58633,55005,70856,69303,85861,84129,59889,63975,39320,50463,12442,22275,3354,3158,35994,34594,50527,42998,55571,51377,67298,65129,82108,80286,57815,61663,38004,48687,11955,21387,636933,599245,79163,75800,109652,103709,33089,48,62
2021-09-02T23:59:59+02:00,4263,3988,39602,37942,53794,46413,58492,54878,70729,69185,85783,84064,59841,63938,39297,50435,12440,22265,3337,3143,35867,34511,50414,42913,55471,51288,67198,65048,82035,80224,57768,61631,37987,48664,11950,21380,635919,598688,79163,75799,109652,103704,32576,48,62
2021-09-01T23:59:59+02:00,4202,3918,39407,37770,53629,46270,58373,54763,70634,69097,85722,83987,59797,63907,39281,50422,12438,22254,3203,3022,35531,34164,50181,42653,55273,51094,67036,64882,81903,80116,57719,61574,37955,48637,11945,21374,634792,596471,79152,75789,109651,103703,32237,48,62
2021-08-31T23:59:59+02:00,4152,3871,39270,37619,53497,46158,58269,54658,70547,69023,85644,83931,59767,63879,39264,50393,12436,22251,3183,3005,35411,34060,50039,42553,55161,51009,66941,64815,81821,80062,57679,61538,37941,48617,11939,21371,633860,595887,79150,75788,109649,103476,31932,47,62
2021-08-30T23:59:59+02:00,4101,3827,39158,37494,53391,46074,58183,54579,70485,68945,85583,83884,59749,63853,39252,50382,12434,22245,3170,2986,35338,33987,49962,42492,55085,50938,66881,64752,81767,80004,57652,61510,37926,48596,11938,21360,633017,595297,79147,75753,109649,103464,31768,47,62
2021-08-29T23:59:59+02:00,4090,3818,39140,37475,53372,46057,58168,54560,70477,68935,85567,83867,59747,63851,39248,50378,12433,22244,3164,2979,35309,33962,49931,42473,55073,50912,66858,64725,81744,79990,57642,61494,37921,48591,11935,21359,632897,595101,79144,75736,109649,103464,31699,47,62
2021-08-28T23:59:59+02:00,4090,3818,39139,37475,53371,46056,58167,54560,70476,68933,85567,83867,59747,63851,39248,50378,12433,22244,3164,2979,35309,33961,49931,42473,55070,50912,66857,64724,81744,79990,57642,61494,37921,48591,11935,21359,632893,595098,79144,75736,109649,103464,31696,47,62
2021-08-27T23:59:59+02:00,4054,3776,39017,37375,53270,45950,58084,54466,70386,68855,85506,83809,59721,63827,39236,50368,12433,22242,3158,2963,35207,33901,49829,42411,54997,50840,66766,64661,81690,79951,57617,61474,37910,48581,11934,21358,632254,594693,79144,75736,109644,103462,31295,47,62
2021-08-26T23:59:59+02:00,3970,3713,38820,37193,53098,45781,57947,54316,70257,68740,85379,83717,59673,63779,39212,50348,12426,22232,3131,2925,35032,33727,49676,42245,54836,50678,66638,64531,81545,79838,57570,61413,37881,48555,11929,21350,631060,593532,79141,75725,109638,103457,30724,47,62
2021-08-25T23:59:59+02:00,3875,3645,38651,36995,52943,45591,57833,54177,70156,68639,85285,83624,59637,63738,39194,50329,12424,22225,3014,2791,34648,33312,49403,41929,54598,50413,66443,64328,81365,79666,57482,61332,37859,48517,11917,21338,629816,590784,79140,75723,109638,103457,30329,47,62
2021-08-24T23:59:59+02:00,3854,3629,38563,36922,52863,45521,57777,54124,70102,68594,85239,83584,59605,63712,39185,50312,12421,22215,2971,2761,34500,33186,49282,41841,54510,50328,66340,64234,81274,79589,57433,61287,37851,48501,11912,21329,629377,589861,79136,75719,109636,103452,30035,47,62
2021-08-23T23:59:59+02:00,3826,3592,38467,36826,52783,45455,57722,54058,70043,68542,85185,83545,59587,63685,39175,50299,12419,22207,2953,2731,34360,33049,49157,41764,54409,50243,66246,64138,81185,79526,57397,61237,37831,48481,11911,21318,628842,588981,79133,75685,109634,103439,29769,47,62
2021-08-22T23:59:59+02:00,3818,3592,38438,36813,52768,45436,57705,54045,70017,68523,85168,83531,59577,63675,39173,50290,12414,22205,2945,2713,34312,33010,49129,41727,54373,50216,66203,64113,81149,79499,57382,61223,37828,48472,11906,21315,628738,588693,79131,75674,109633,103438,29648,47,62
2021-08-21T23:59:59+02:00,3816,3589,38418,36807,52759,45425,57690,54039,70003,68511,85162,83522,59570,63673,39172,50290,12414,22205,2945,2713,34300,33006,49119,41718,54359,50211,66191,64102,81143,79492,57378,61222,37828,48472,11906,21315,628697,588680,79130,75672,109632,103438,29568,47,62
2021-08-20T23:59:59+02:00,3796,3557,38348,36736,52675,45354,57614,53975,69930,68457,85100,83474,59553,63653,39169,50286,12414,22199,2927,2699,34200,32900,49004,41650,54267,50136,66096,64035,81073,79439,57358,61198,37822,48467,11905,21311,628330,588159,79128,75669,109632,103435,29162,47,62
2021-08-19T23:59:59+02:00,3768,3523,38176,36592,52513,45212,57490,53869,69798,68335,85003,83398,59523,63609,39154,50269,12410,22187,2893,2646,33849,32646,48716,41406,54050,49941,65888,63848,80897,79304,57302,61125,37776,48429,11900,21300,627430,586249,79126,75572,109623,103421,28612,47,62
2021-08-18T23:59:59+02:00,3718,3473,37986,36435,52386,45090,57393,53764,69688,68239,84927,83334,59484,63566,39139,50249,12408,22179,2823,2573,33467,32233,48413,41148,53793,49663,65669,63636,80713,79142,57220,61038,37740,48387,11896,21288,626425,583672,79123,75443,109621,103414,28251,47,62
2021-08-17T23:59:59+02:00,3657,3425,37823,36276,52266,44963,57311,53667,69593,68153,84855,83271,59449,63533,39126,50226,12403,22170,2723,2496,33076,31791,48085,40831,53502,49369,65421,63394,80513,78933,57110,60927,37698,48338,11884,21277,625463,580557,79123,75429,109616,103393,27927,47,62
2021-08-16T23:59:59+02:00,3601,3369,37675,36130,52169,44865,57236,53596,69523,68083,84800,83225,59427,63503,39111,50209,12397,22162,2590,2389,32516,31229,47693,40418,53110,48981,65115,63126,80293,78738,57034,60812,37666,48283,11875,21255,624537,576523,79119,75394,109616,103373,27771,47,62
2021-08-15T23:59:59+02:00,3592,3360,37641,36105,52136,44847,57209,53563,69508,68067,84789,83214,59415,63499,39108,50200,12397,22160,2573,2378,32438,31132,47620,40354,53047,48920,65071,63084,80250,78710,57016,60792,37658,48270,11874,21251,624349,575961,79119,75364,109615,103362,27689,47,62
2021-08-14T23:59:59+02:00,3587,3355,37633,36098,52130,44843,57203,53556,69504,68064,84781,83210,59408,63494,39108,50198,12397,22160,2572,2376,32430,31125,47609,40350,53038,48912,65068,63081,80243,78708,57011,60787,37658,48268,11874,21251,624316,575930,79116,75363,109615,103362,27644,47,62
2021-08-13T23:59:59+02:00,3570,3341,37563,36055,52069,44793,57136,53506,69435,68024,84715,83174,59386,63482,39097,50183,12394,22154,2549,2348,32289,31012,47480,40251,52916,48811,64966,63001,80153,78658,56988,60766,37645,48258,11872,21246,624008,575123,79116,75362,109615,103362,27300,47,62
2021-08-12T23:59:59+02:00,3530,3313,37434,35932,51979,44703,57064,53421,69341,67950,84640,83108,59357,63458,39085,50170,12394,22151,2471,2259,31760,30524,47095,39900,52524,48458,64640,62769,79932,78446,56896,60678,37600,48215,11867,21229,623284,571634,79115,75332,109613,103255,26980,47,62
2021-08-11T23:59:59+02:00,3488,3273,37276,35786,51867,44595,56940,53299,69245,67860,84557,83027,59317,63420,39064,50154,12390,22147,2351,2179,31116,29905,46588,39510,52095,48022,64337,62492,79719,78242,56800,60572,37564,48142,11854,21212,622378,567594,79109,75308,109611,103167,26569,47,62
2021-08-10T23:59:59+02:00,3440,3228,37117,35636,51753,44473,56834,53194,69179,67790,84490,82970,59293,63383,39046,50140,12383,22142,2184,2030,30229,28925,45850,38809,51427,47416,63951,62128,79471,77999,56695,60467,37519,48073,11846,21200,621431,561379,79107,75307,109608,103164,26307,47,62
2021-08-09T23:59:59+02:00,3404,3199,37023,35530,51676,44404,56774,53152,69148,67748,84460,82938,59276,63368,39034,50121,12382,22140,2048,1909,29518,28181,45180,38223,50855,46834,63579,61770,79193,77749,56574,60371,37475,48018,11839,21186,620845,557262,79106,73859,109607,103138,26181,47,62
2021-08-08T23:59:59+02:00,3395,3185,36997,35513,51651,44378,56757,53141,69130,67730,84440,82923,59272,63363,39029,50114,12381,22139,2014,1884,29393,28040,45036,38128,50757,46748,63523,61713,79144,77708,56537,60353,37465,48007,11839,21183,620670,556334,79105,73851,109606,103106,26119,47,62
2021-08-07T23:59:59+02:00,3395,3185,36995,35507,51641,44377,56755,53141,69126,67727,84439,82921,59271,63363,39029,50114,12381,22139,2014,1884,29384,28032,45021,38125,50756,46743,63520,61708,79141,77705,56534,60352,37464,48007,11839,21182,620662,556299,79104,73849,109606,103105,26096,47,62
2021-08-06T23:59:59+02:00,3384,3170,36928,35451,51559,44312,56688,53099,69084,67693,84407,82894,59259,63343,39018,50108,12378,22137,1976,1841,29145,27799,44812,37941,50572,46597,63382,61590,79041,77637,56509,60327,37449,47997,11836,21179,620380,554836,79101,73842,109606,103103,25787,47,62
2021-08-05T23:59:59+02:00,3351,3131,36776,35317,51445,44179,56567,52984,68968,67579,84282,82819,59216,63290,38995,50087,12369,22127,1857,1711,28445,27180,44224,37460,50016,46141,63023,61292,78749,77417,56400,60232,37410,47944,11828,21163,619581,550518,79100,73832,109606,102923,25157,47,62
2021-08-04T23:59:59+02:00,3292,3068,36575,35145,51293,44030,56427,52868,68843,67449,84167,82705,59148,63232,38977,50058,12364,22117,1656,1534,27300,26061,43263,36582,49056,45237,62430,60686,78252,76977,56190,60050,37351,47855,11815,21143,618484,542174,79089,73791,109606,102870,24541,47,62
2021-08-03T23:59:59+02:00,3219,3010,36358,34947,51137,43889,56302,52743,68710,67335,84079,82632,59105,63187,38956,50028,12355,22102,1454,1329,26220,24946,42329,35684,48157,44352,61886,60155,77802,76572,56021,59865,37290,47767,11796,21112,617124,533840,79081,73742,109602,102844,24249,47,62
2021-08-02T23:59:59+02:00,3174,2956,36215,34796,51027,43779,56209,52642,68625,67242,83993,82557,59066,63139,38941,50008,12347,22090,1265,1164,25319,23950,41478,34940,47427,43608,61401,59684,77416,76229,55857,59716,37240,47688,11779,21091,616147,526862,79080,73687,109601,102701,23940,47,62
2021-08-01T23:59:59+02:00,3169,2950,36198,34774,51000,43760,56189,52616,68595,67229,83979,82545,59060,63134,38939,50004,12347,22090,1220,1133,25060,23699,41231,34738,47195,43411,61260,59547,77300,76132,55821,59687,37225,47675,11775,21087,616002,524992,79077,73646,109600,102635,23861,47,62
2021-07-31T23:59:59+02:00,3168,2949,36193,34773,51000,43759,56187,52615,68594,67228,83979,82544,59060,63134,38939,50004,12347,22089,1217,1132,25053,23684,41223,34730,47190,43405,61251,59545,77298,76129,55821,59684,37225,47675,11775,21086,615989,524924,79077,73645,109600,102634,23858,47,62
2021-07-30T23:59:59+02:00,3151,2936,36132,34710,50930,43708,56124,52554,68538,67187,83941,82504,59048,63120,38935,49997,12344,22086,1160,1077,24732,23372,40950,34514,46930,43209,61062,59414,77148,76014,55789,59645,37211,47663,11775,21086,615697,522985,79073,73642,109597,102523,23540,47,61
2021-07-29T23:59:59+02:00,3128,2908,35992,34586,50799,43580,56030,52454,68467,67124,83870,82452,59022,63102,38923,49988,12344,22085,1017,960,23777,22383,40067,33767,46027,42428,60514,58969,76787,75710,55669,59507,37171,47608,11768,21075,614819,515927,79054,73516,109597,102354,23346,47,61
2021-07-28T23:59:59+02:00,3079,2853,35749,34348,50575,43408,55828,52302,68321,66982,83756,82353,58970,63055,38901,49951,12334,22077,818,805,22559,21145,38744,32661,44710,41251,59711,58308,76281,75249,55474,59318,37102,47504,11754,21050,613438,506118,79047,73346,109596,102196,22723,47,61
2021-07-27T23:59:59+02:00,3053,2834,35641,34228,50492,43326,55745,52251,68259,66913,83696,82281,58929,63012,38889,49936,12333,22068,664,646,21320,19753,37316,31327,43343,39950,59084,57712,75860,74837,55311,59141,37044,47449,11743,21027,612708,495699,79031,73168,109595,102085,22514,47,61
2021-07-26T23:59:59+02:00,3034,2815,35579,34133,50433,43272,55700,52202,68215,66876,83660,82254,58916,62996,38877,49924,12332,22066,562,561,20301,18653,36068,30212,42074,38799,58587,57309,75574,74583,55213,59041,37023,47414,11737,21013,612182,487457,79024,72841,109595,101920,22445,47,61
2021-07-25T23:59:59+02:00,3024,2810,35532,34091,50388,43224,55673,52180,68192,66851,83631,82231,58900,62989,38874,49921,12329,22060,493,490,19900,18288,35652,29881,41666,38492,58391,57154,75415,74474,55166,59003,37001,47394,11734,21009,611890,484726,79018,72567,109595,101890,22359,47,61
2021-07-24T23:59:59+02:00,3024,2810,35527,34088,50386,43221,55671,52179,68190,66851,83629,82230,58900,62989,38873,49921,12329,22060,493,490,19893,18276,35641,29871,41660,38491,58387,57151,75411,74472,55166,59003,37000,47394,11734,21009,611883,484681,79016,72566,109595,101888,22346,47,61
2021-07-23T23:59:59+02:00,3000,2784,35376,33970,50237,43120,55552,52072,68093,66756,83537,82179,58869,62961,38863,49916,12324,22057,467,474,19654,18052,35379,29694,41388,38309,58221,57021,75274,74394,55127,58979,36988,47384,11728,21003,611254,483553,79016,72273,109595,101886,21763,47,61
2021-07-22T23:59:59+02:00,2949,2700,34938,33599,49929,42886,55286,51843,67862,66572,83361,82028,58782,62868,38827,49869,12313,22039,423,425,18863,17392,34284,28958,40265,37476,57480,56551,74722,74020,54947,58799,36922,47300,11707,20977,609101,478033,79003,70834,109591,101667,20917,47,60
2021-07-21T23:59:59+02:00,2894,2642,34627,33271,49686,42673,55098,51654,67671,66389,83233,81901,58717,62815,38796,49829,12302,22029,382,385,18038,16569,32970,27966,39003,36518,56785,55987,74273,73659,54801,58624,36856,47216,11695,20944,607269,472135,78952,68644,109590,101455,20377,47,60
2021-07-20T23:59:59+02:00,2818,2580,34271,32881,49401,42440,54924,51458,67489,66231,83092,81779,58652,62759,38767,49783,12301,22014,326,306,16888,15453,31256,26570,37272,35062,55990,55338,73726,73213,54635,58435,36806,47131,11677,20906,605161,462975,78917,66906,109588,101114,19935,47,60
2021-07-19T23:59:59+02:00,2734,2508,33710,32317,49089,42130,54651,51193,67292,66018,82922,81611,58585,62677,38722,49731,12294,21999,292,259,16231,14883,30312,25890,36407,34346,55550,54914,73398,72973,54548,58349,36769,47080,11671,20884,601957,459275,78856,64736,109587,100941,19744,47,60
2021-07-18T23:59:59+02:00,2706,2490,33612,32201,48998,42075,54595,51133,67231,65969,82878,81569,58558,62651,38711,49718,12292,21992,276,238,15912,14619,29744,25513,35913,33994,55294,54752,73252,72872,54506,58309,36761,47065,11670,20880,601352,457827,78840,63209,109586,100913,19562,47,59
2021-07-17T23:59:59+02:00,2706,2490,33611,32199,48992,42074,54592,51131,67231,65968,82878,81568,58558,62650,38711,49718,12292,21992,276,238,15907,14612,29732,25498,35908,33989,55289,54751,73252,72872,54506,58309,36761,47065,11670,20880,601342,457780,78838,63205,109581,100910,19561,47,59
2021-07-16T23:59:59+02:00,2647,2425,33005,31677,48495,41726,54196,50798,66849,65644,82564,81336,58439,62538,38661,49669,12288,21985,268,227,15491,14288,29239,25125,35461,33657,54950,54497,72992,72679,54394,58221,36726,47027,11667,20876,599123,456382,78834,63076,109580,100902,17366,47,59
2021-07-15T23:59:59+02:00,2514,2293,32143,30895,47873,41155,53621,50313,66420,65296,82310,81094,58348,62441,38627,49626,12280,21966,239,201,14653,13615,27914,24300,34160,32846,54270,54097,72578,72453,54300,58124,36696,46993,11660,20860,594096,452197,78822,60707,109579,100318,16678,47,59
2021-07-14T23:59:59+02:00,2408,2207,31598,30368,47384,40715,53200,49912,66094,65016,82072,80846,58243,62345,38593,49576,12270,21953,192,162,13410,12480,25915,22843,32259,31326,53519,53501,72067,72114,54162,57998,36654,46932,11650,20844,590234,443056,78805,58790,109578,99981,16143,47,58
2021-07-13T23:59:59+02:00,2351,2137,31333,30098,47114,40489,52949,49682,65891,64828,81905,80698,58176,62269,38568,49539,12260,21941,168,140,12420,11634,24182,21529,30312,29738,52324,52332,71248,71320,53913,57721,36567,46817,11633,20817,588085,436326,78791,55866,109569,96822,15743,47,58
2021-07-12T23:59:59+02:00,2124,1930,30474,29168,46461,39955,52379,49114,65501,64440,81626,80425,58040,62143,38526,49482,12251,21920,147,123,11669,11011,22784,20547,28570,28359,51365,51471,70506,70700,53655,57441,36500,46699,11620,20786,581857,428208,78772,53300,109569,96666,15721,47,58
2021-07-11T23:59:59+02:00,2079,1893,30354,29060,46397,39884,52327,49051,65444,64384,81565,80382,58019,62123,38520,49464,12246,21915,144,115,11507,10863,22511,20360,28205,28087,51160,51325,70333,70556,53602,57361,36478,46682,11611,20779,581038,426139,78766,53258,109567,96531,15696,47,55
2021-07-10T23:59:59+02:00,2079,1891,30351,29052,46394,39878,52325,49049,65441,64383,81564,80379,58019,62121,38519,49464,12246,21915,144,115,11495,10844,22497,20345,28189,28074,51153,51320,70330,70553,53602,57361,36477,46682,11611,20779,581009,426051,78765,53256,109567,96520,15689,47,55
2021-07-09T23:59:59+02:00,2035,1853,30119,28820,46177,39698,52140,48878,65279,64270,81460,80298,57989,62091,38504,49449,12242,21913,143,109,11112,10573,21852,19907,27521,27522,50445,50750,69747,70141,53500,57274,36454,46648,11606,20768,579811,424969,78759,52941,109562,93063,15044,46,55
2021-07-08T23:59:59+02:00,1897,1726,29456,28289,45569,39195,51585,48410,64877,63960,81159,80064,57897,62000,38472,49398,12237,21899,105,81,9930,9473,19908,18279,25057,25540,49410,49948,69120,69603,53275,57060,36378,46561,11591,20742,575554,414446,78737,50514,109546,92832,14214,46,55
2021-07-07T23:59:59+02:00,1684,1529,28343,27085,44519,38230,50486,47415,64218,63321,80618,79581,57694,61770,38406,49313,12224,21858,81,70,9397,8996,18821,17437,23658,24338,48585,49302,68573,69113,53075,56818,36302,46463,11575,20702,566283,408102,78721,48898,109544,92544,13707,46,55
2021-07-06T23:59:59+02:00,1483,1371,27263,26048,43497,37308,49552,46485,63618,62761,80183,79172,57512,61586,38349,49218,12200,21831,60,45,8681,8253,17492,16432,22043,23056,47978,48847,68197,68847,52958,56704,36253,46426,11568,20687,558030,400632,78710,48473,109541,92250,13117,46,55
2021-07-05T23:59:59+02:00,1327,1247,26119,24795,42417,36315,48501,45416,62951,62185,79746,78771,57339,61397,38296,49143,12191,21808,48,35,8427,8026,16990,16111,21479,22668,47670,48619,68002,68699,52906,56631,36227,46406,11565,20682,548726,398035,78702,48157,109541,91991,12955,46,53
2021-07-04T23:59:59+02:00,1262,1183,25797,24470,42109,36056,48249,45231,62804,62049,79633,78673,57303,61357,38285,49124,12189,21805,41,34,8171,7869,16718,15913,21195,22470,47545,48519,67923,68624,52882,56607,36212,46401,11563,20681,546410,396999,78674,47494,109540,91907,12915,46,53
2021-07-03T23:59:59+02:00,1262,1182,25789,24456,42096,36049,48247,45231,62800,62048,79632,78672,57302,61357,38285,49124,12189,21805,41,34,8165,7861,16707,15902,21188,22463,47538,48518,67918,68623,52881,56607,36212,46401,11563,20681,546378,396965,78673,47493,109540,91897,12895,46,53
2021-07-02T23:59:59+02:00,1194,1125,25474,24109,41775,35771,47989,44976,62656,61900,79558,78601,57285,61334,38279,49112,12185,21800,40,31,7987,7713,16338,15635,20744,22156,46572,47739,67421,68273,52797,56515,36197,46383,11562,20678,543997,394481,78672,47490,109535,89878,12879,46,53
2021-07-01T23:59:59+02:00,1139,1075,25099,23745,41392,35422,47593,44626,62406,61660,79368,78430,57222,61271,38248,49071,12178,21790,34,27,7596,7376,15522,14852,19571,21120,45033,46252,66205,67194,52488,56212,36100,46263,11538,20651,540850,388647,78570,46662,109526,85923,12749,46,53
2021-06-30T23:59:59+02:00,1066,1010,24675,23297,40965,35050,47183,44246,62177,61450,79196,78282,57143,61193,38220,49021,12170,21769,27,20,7222,7018,14574,14051,18136,19910,41814,43522,64505,65747,52019,55713,35951,46069,11511,20601,537399,376610,78537,45965,109522,83168,12615,46,52
2021-06-29T23:59:59+02:00,976,901,24173,22763,40444,34631,46750,43832,61917,61170,78983,78105,57064,61129,38191,48977,12164,21750,18,18,6946,6709,13909,13552,16973,18983,37481,39836,63148,64489,51531,55213,35818,45890,11480,20558,533325,361282,78528,45751,109522,82962,12505,46,52
2021-06-28T23:59:59+02:00,947,868,23836,22373,39985,34239,46330,43465,61678,60914,78791,77951,56990,61060,38162,48947,12161,21735,16,10,6634,6394,13254,13050,15955,18144,33835,36787,62021,63453,51176,54817,35723,45740,11455,20520,531561,352604,76843,41054,109520,82806,12468,46,52
2021-06-27T23:59:59+02:00,933,855,23744,22280,39909,34177,46271,43405,61646,60877,78755,77921,56975,61049,38156,48940,12160,21730,15,9,6542,6322,13017,12907,15530,17906,32999,36140,61762,63252,51085,54746,35705,45718,11453,20516,530948,349695,76838,40786,109514,82648,12443,46,52
2021-06-26T23:59:59+02:00,933,855,23738,22274,39899,34173,46269,43403,61644,60876,78755,77921,56975,61049,38156,48939,12160,21730,15,9,6539,6315,13009,12893,15522,17899,32995,36139,61755,63250,51083,54740,35705,45718,11453,20515,530916,349627,76837,40785,109513,82647,12443,46,52
2021-06-25T23:59:59+02:00,910,828,23625,22157,39816,34085,46187,43331,61599,60828,78708,77899,56964,61037,38153,48936,12159,21728,14,8,6442,6200,12901,12762,15383,17736,32278,35478,61363,62924,51005,54656,35697,45697,11450,20514,530120,346613,76836,40773,109512,82628,12442,46,52
2021-06-24T23:59:59+02:00,843,770,23238,21739,39462,33772,45837,43029,61393,60634,78548,77761,56910,60983,38130,48906,12154,21718,13,5,6104,5902,12339,12300,14674,17048,28972,32762,59076,61068,50419,54058,35561,45488,11432,20466,527165,332789,76787,40508,109510,82013,12325,46,52
2021-06-23T23:59:59+02:00,739,676,22594,21079,38889,33183,45181,42321,61026,60240,78298,77510,56806,60848,38083,48853,12144,21698,11,4,5949,5707,11971,11947,14164,16517,25610,30002,57430,59537,49896,53519,35440,45314,11411,20423,521577,323340,76731,37572,109507,81575,12313,46,52
2021-06-22T23:59:59+02:00,678,611,22166,20638,38482,32762,44745,41858,60752,59953,78092,77268,56709,60737,38047,48781,12131,21676,9,3,5760,5571,11644,11680,13733,16143,21266,26468,55351,57833,49295,52914,35263,45097,11390,20379,517764,308955,76604,37520,109502,81096,12176,46,52
2021-06-21T23:59:59+02:00,641,570,21911,20401,38226,32529,44500,41582,60561,59742,77959,77127,56655,60653,38022,48740,12122,21660,7,3,5628,5460,11334,11480,13392,15878,19714,25233,54431,57063,47071,50449,34663,44374,11367,20320,515704,303617,76403,37452,109485,74781,11965,45,52
2021-06-20T23:59:59+02:00,612,551,21620,20105,37928,32251,44216,41326,60409,59574,77822,76980,56606,60609,38002,48723,12119,21653,7,3,5570,5416,11201,11392,13236,15750,19316,24907,54162,56879,45411,48465,34096,43738,11347,20299,513309,302983,76321,36697,109474,69506,11959,44,50
2021-06-19T23:59:59+02:00,610,551,21615,20092,37912,32246,44213,41321,60403,59570,77820,76977,56603,60608,38002,48722,12119,21653,7,3,5564,5407,11196,11388,13226,15744,19308,24899,54148,56867,45402,48455,34095,43738,11347,20299,513245,302897,76316,36694,109474,69493,11959,44,50
2021-06-18T23:59:59+02:00,596,537,21519,19979,37844,32190,44138,41235,60348,59524,77775,76935,56581,60586,37997,48709,12118,21652,7,3,5471,5244,10899,10851,12851,15162,18767,23880,53291,55556,45198,48291,34067,43689,11341,20287,512484,301325,76309,36693,109469,64829,11958,44,50
2021-06-17T23:59:59+02:00,511,445,20799,19263,37087,31559,43344,40483,59939,59156,77476,76682,56464,60457,37947,48641,12105,21628,7,3,5281,5030,10516,10299,12325,14388,17833,22518,51714,53612,44045,46940,33749,43291,11294,20203,506494,293993,76216,36564,109458,60666,11775,44,50
2021-06-16T23:59:59+02:00,405,366,20002,18314,36097,30626,42335,39508,59395,58673,77081,76364,56319,60301,37889,48553,12095,21605,7,3,5093,4873,10002,9974,11589,13890,16286,21212,47831,50064,42287,44927,33281,42719,11231,20076,499110,277800,75679,36363,109442,59479,11654,44,49
2021-06-15T23:59:59+02:00,295,263,19192,17463,35172,29767,41405,38619,58958,58233,76746,76034,56176,60134,37830,48483,12080,21571,6,3,4893,4749,9479,9709,10879,13416,14773,20021,43555,45969,40734,43078,32799,42096,11164,19948,491890,260594,75561,36327,109432,58807,11495,44,48
2021-06-14T23:59:59+02:00,191,172,18080,16234,33926,28491,39943,37208,58367,57666,76353,75692,56047,59989,37787,48413,12071,21556,6,3,4770,4656,9132,9500,10397,13097,13601,19017,40910,43414,39660,41928,32506,41695,11132,19863,482142,249416,75126,36300,109429,58076,11447,43,48
2021-06-13T23:59:59+02:00,150,133,17573,15830,33449,28089,39450,36826,58153,57484,76204,75590,56020,59949,37765,48391,12068,21547,6,3,4683,4607,8983,9427,10233,13028,12995,18563,40440,43021,39423,41705,32446,41610,11126,19849,479064,248449,74823,34873,109422,57458,11320,43,48
2021-06-12T23:59:59+02:00,150,133,17566,15810,33433,28080,39443,36822,58146,57480,76200,75588,56019,59947,37764,48391,12068,21547,6,3,4676,4601,8972,9422,10221,13021,12983,18550,40256,42874,39400,41690,32442,41608,11126,19848,478985,248014,74819,34873,109422,57445,11319,43,48
2021-06-11T23:59:59+02:00,148,133,17482,15750,33285,28007,39271,36765,58026,57444,76129,75564,56006,59942,37762,48388,12068,21546,6,3,4594,4408,8814,8862,10030,12302,12749,17479,39767,41572,39245,41559,32424,41572,11124,19847,478642,247524,74405,34872,109317,52603,11310,43,48
2021-06-10T23:59:59+02:00,133,113,16642,15034,31873,27095,38028,35848,57343,56986,75720,75292,55916,59850,37723,48343,12057,21528,6,3,4342,4214,8255,8359,9347,11538,12012,16408,36910,38531,38443,40753,32258,41391,11108,19817,474755,240444,71435,34740,109041,48212,10251,43,48
2021-06-09T23:59:59+02:00,111,88,15867,14329,30592,26197,36813,34962,56764,56598,75376,75064,55832,59743,37696,48298,12044,21508,6,3,4158,4063,7894,8170,8878,11318,11391,16028,31824,33659,36944,39215,32013,41122,11087,19767,470092,226505,69004,34615,108997,46625,9749,41,46
2021-06-08T23:59:59+02:00,84,70,14953,13469,29211,25109,35449,33953,56148,56191,75078,74849,55757,59668,37673,48266,12040,21498,6,3,4076,4001,7736,8048,8726,11203,11096,15821,28991,30839,35985,38271,31853,40926,11063,19734,465518,218999,65571,34554,108951,45393,9386,41,46
2021-06-07T23:59:59+02:00,76,57,14316,12895,27844,24295,34288,33171,55671,55933,74834,74739,55721,59628,37657,48255,12040,21494,6,3,3983,3928,7541,7920,8426,11071,10728,15575,24652,26456,34517,36730,31631,40659,11035,19704,462389,207197,62532,34488,108919,43801,9033,41,46
2021-06-06T23:59:59+02:00,75,54,13994,12700,27056,23875,33633,32752,55361,55767,74676,74673,55700,59604,37643,48246,12038,21493,6,3,3916,3891,7388,7878,8268,10986,10405,15372,21824,23576,33514,35646,31491,40504,11028,19689,461242,204401,60472,29238,108892,43008,8693,41,45
2021-06-05T23:59:59+02:00,75,52,13964,12671,27013,23835,33604,32733,55356,55757,74670,74667,55695,59599,37638,48244,12038,21493,6,3,3894,3875,7353,7856,8221,10967,10342,15330,20396,22021,32716,34765,31421,40423,11024,19682,461118,199420,60367,29235,108886,42903,8692,41,45
2021-06-04T23:59:59+02:00,69,48,13734,12409,26699,23518,33266,32422,55295,55677,74631,74647,55686,59594,37637,48242,12038,21492,6,3,3865,3847,7274,7777,8166,10889,10263,15207,20289,21904,32642,34710,31389,40386,11021,19679,459214,199339,60304,29222,108853,42019,8692,41,45
2021-06-03T23:59:59+02:00,51,43,13167,11924,25664,22833,32130,31671,54800,55344,74315,74453,55615,59515,37602,48211,12031,21475,6,3,3736,3757,6998,7607,7884,10716,9935,14971,18401,20039,30662,32396,31116,40053,10998,19630,454884,190730,58800,29201,108838,40654,8281,41,42
2021-06-02T23:59:59+02:00,37,31,12477,11181,24665,21930,30993,30717,54534,55079,74123,74313,55562,59434,37585,48189,12023,21468,6,3,3702,3737,6938,7550,7828,10666,9852,14880,17881,19489,28733,30217,31017,39910,10991,19619,448573,185190,58622,29200,108836,40317,8270,40,42
2021-06-01T23:59:59+02:00,23,17,11348,10300,22538,20498,28456,28825,53120,54016,73116,73530,55260,59109,37462,48016,11988,21408,6,2,3473,3563,6439,7240,7227,10240,8992,14278,15931,17674,24942,25955,30328,39025,10914,19463,439069,171159,54159,29063,108798,38466,6964,40,40
2021-05-31T23:59:59+02:00,18,13,10486,9634,20700,19326,26407,27311,52010,53165,72410,72980,55045,58846,37388,47911,11973,21372,6,2,3332,3409,6104,6992,6828,9944,8451,13921,14862,16693,23743,24578,29939,38534,10854,19369,432259,165395,49782,29025,108779,36967,6135,40,39
2021-05-30T23:59:59+02:00,16,10,10138,9290,19977,18832,25701,26732,51671,52883,72173,72783,54968,58768,37363,47883,11965,21363,6,2,3151,3219,5756,6725,6540,9703,8233,13715,14603,16422,23451,24259,29829,38428,10839,19341,429672,164565,49372,28968,108747,35965,4685,40,39
2021-05-29T23:59:59+02:00,16,10,10122,9278,19959,18802,25681,26706,51660,52878,72168,72773,54966,58763,37362,47883,11964,21363,6,2,3149,3211,5752,6720,6534,9701,8225,13707,14593,16416,23440,24251,29825,38422,10838,19340,429510,164492,49372,28966,108747,35950,4685,40,39
2021-05-28T23:59:59+02:00,16,10,10056,9184,19819,18633,25417,26475,51500,52702,72021,72642,54927,58713,37348,47863,11961,21350,6,2,3101,3133,5659,6581,6431,9500,8109,13433,14401,16140,23287,24095,29771,38359,10831,19331,427852,164102,49335,28965,108727,34381,4684,39,38
2021-05-27T23:59:59+02:00,16,10,8797,7996,17417,16826,22640,24325,50407,51887,71355,72151,54729,58488,37253,47768,11947,21320,6,2,2802,2799,4815,5955,5538,8720,7317,12442,13272,14947,22295,23058,29384,37903,10776,19245,415948,160277,48377,28702,108585,29876,2383,39,38
2021-05-26T23:59:59+02:00,15,10,8396,7582,16541,16020,21451,23315,49802,51341,70933,71763,54578,58323,37185,47690,11936,21290,6,2,2618,2627,4446,5617,5060,8213,6839,11794,12302,13966,21393,22024,29072,37460,10729,19160,410347,156414,47645,28615,108504,26625,1637,38,37
2021-05-25T23:59:59+02:00,15,10,7827,6982,15298,15139,20004,22142,49323,50938,70685,71576,54503,58239,37160,47662,11932,21280,6,2,2542,2527,4255,5489,4814,7983,6558,11485,11744,13432,19230,19845,28698,36921,10694,19111,403577,150707,47405,28602,108456,24751,1239,38,37
2021-05-24T23:59:59+02:00,15,10,7739,6882,15074,15011,19719,21963,49222,50819,70641,71537,54500,58233,37157,47659,11931,21277,6,2,2500,2464,4169,5321,4721,7740,6433,11202,11606,13190,19114,19731,28647,36875,10687,19100,402443,150558,47326,28559,108358,23132,1224,38,35
2021-05-23T23:59:59+02:00,14,10,7723,6869,15036,14994,19664,21935,49211,50817,70636,71531,54499,58229,37157,47657,11931,21277,6,2,2497,2459,4163,5317,4710,7736,6427,11189,11583,13167,18972,19533,28616,36836,10685,19098,402254,150067,47326,28557,108357,23123,1215,38,34
2021-05-22T23:59:59+02:00,14,10,7720,6861,15027,14982,19653,21927,49211,50815,70633,71531,54499,58228,37157,47657,11931,21277,5,2,2495,2452,4156,5311,4708,7736,6423,11186,11575,13164,18959,19527,28615,36836,10685,19098,402199,150030,47326,28557,108357,23099,1213,38,34
2021-05-21T23:59:59+02:00,14,10,7645,6761,14901,14847,19448,21769,48972,50581,70490,71423,54472,58201,37149,47650,11925,21271,5,2,2425,2368,4067,5171,4604,7527,6299,10889,11402,12875,18893,19460,28599,36806,10682,19096,400627,149773,47323,28556,108332,21597,1210,37,34
2021-05-20T23:59:59+02:00,14,10,7369,6466,14317,14324,18510,20890,46293,48224,69332,70447,54114,57834,37040,47507,11893,21240,5,2,2162,2200,3708,4808,4162,6978,5744,10057,10313,11774,17612,18162,28092,36206,10606,18948,389612,144507,47156,28262,108027,17743,993,36,34
2021-05-19T23:59:59+02:00,13,9,7129,6245,13650,13837,17242,19889,42303,44744,67841,69137,53659,57308,36876,47276,11856,21189,5,2,2085,1996,3543,4470,3913,6457,5299,9374,9316,10657,16129,16513,27395,35286,10478,18738,374823,137323,46583,28118,107787,15217,974,36,24
2021-05-18T23:59:59+02:00,13,7,6933,6068,13100,13403,16145,19030,37580,40725,66386,67812,53104,56769,36725,47052,11814,21133,5,2,2039,1872,3403,4279,3728,6139,4965,8889,8450,9785,14545,14772,26685,34428,10387,18563,358709,130675,46518,27552,107627,13776,909,36,24
2021-05-17T23:59:59+02:00,13,7,6799,5973,12775,13152,15644,18641,35400,38859,65552,67025,52828,56454,36642,46943,11799,21096,5,2,1968,1809,3216,4096,3508,5907,4643,8517,7669,9085,11280,10740,25775,33276,10306,18392,354979,125446,42241,21447,107542,12473,804,36,24
2021-05-16T23:59:59+02:00,13,7,6735,5887,12650,12998,15472,18473,34908,38388,65366,66855,52772,56392,36629,46916,11794,21091,5,2,1909,1712,3112,3973,3428,5805,4535,8370,7486,8896,9085,8139,25290,32591,10272,18333,353499,124298,41732,16087,107506,11960,574,35,24
2021-05-15T23:59:59+02:00,13,7,6730,5878,12643,12992,15467,18467,34899,38385,65364,66853,52771,56391,36629,46916,11794,21091,5,2,1908,1712,3110,3968,3423,5802,4530,8367,7484,8893,9083,8137,25289,32591,10272,18333,353451,124268,41732,16087,107501,11959,571,35,24
2021-05-14T23:59:59+02:00,13,7,6530,5782,12402,12929,15234,18375,33925,37594,64827,66444,52675,56304,36612,46882,11792,21086,5,2,1791,1624,2998,3896,3366,5694,4480,8221,7436,8764,9076,8131,25288,32591,10272,18332,350078,124209,41701,16083,107039,11091,561,34,23
2021-05-13T23:59:59+02:00,13,7,6284,5597,11997,12674,14665,17927,30395,34803,62346,64365,52043,55631,36474,46662,11780,21038,4,2,1749,1584,2942,3820,3334,5603,4437,8118,7354,8645,9037,8071,25269,32549,10267,18328,336081,123958,41476,16059,106611,10574,499,34,23
2021-05-12T23:59:59+02:00,13,7,6267,5572,11924,12610,14552,17817,29760,34226,61838,63912,51870,55458,36437,46617,11773,21025,4,2,1749,1581,2940,3819,3330,5603,4434,8117,7352,8639,9030,8068,25269,32547,10267,18327,333078,123935,41462,16048,106606,10573,499,33,23
2021-05-11T23:59:59+02:00,12,7,5949,5439,11479,12326,14005,17433,25500,30738,59455,61903,51209,54779,36248,46370,11749,20962,4,2,1708,1466,2837,3557,3209,5229,4294,7675,7199,8317,8945,7985,25240,32507,10263,18316,318128,123693,41409,15858,105619,8803,376,31,23
2021-05-10T23:59:59+02:00,12,7,5823,5365,11319,12209,13784,17261,22024,27976,58201,60786,50848,54425,36156,46246,11734,20931,4,2,1668,1368,2752,3329,3106,4897,4183,7185,7077,7877,8905,7925,25228,32485,10261,18312,308191,123544,41250,15709,105326,6980,309,31,22
2021-05-09T23:59:59+02:00,12,7,5746,5333,11230,12143,13681,17180,20423,26794,57737,60401,50745,54325,36131,46205,11727,20926,4,2,1651,1346,2696,3205,3055,4756,4138,7065,7028,7783,8894,7913,25221,32479,10260,18312,307619,123503,37680,15663,105121,6324,296,30,22
2021-05-08T23:59:59+02:00,12,7,5743,5331,11219,12138,13671,17171,20415,26788,57728,60395,50742,54317,36127,46202,11725,20923,4,2,1650,1346,2695,3202,3055,4756,4135,7062,7027,7782,8892,7913,25220,32477,10260,18312,307529,123486,37679,15663,105120,6323,296,30,22
2021-05-07T23:59:59+02:00,12,7,5703,5295,11153,12090,13564,17091,19962,26431,56731,59585,50613,54187,36097,46171,11722,20909,4,2,1549,1303,2615,3157,3013,4727,4101,7038,7006,7750,8884,7904,25218,32476,10260,18311,304367,123451,37662,15654,104974,5900,291,29,22
2021-05-06T23:59:59+02:00,12,7,5453,5183,10637,11781,12855,16636,18664,25445,52468,55930,49417,52807,35765,45770,11670,20808,4,2,1328,1170,2378,2985,2842,4561,3949,6839,6853,7599,8809,7823,25198,32441,10257,18304,289231,123177,37472,15513,104416,4466,164,25,22
2021-05-05T23:59:59+02:00,12,7,5196,5085,10144,11544,12098,16183,17334,24461,48102,51790,47750,50886,35326,45198,11595,20685,4,2,1282,1077,2315,2857,2757,4382,3855,6599,6746,7400,8694,7727,25136,32366,10251,18288,272047,122693,37246,15468,104030,3507,48,25,22
2021-05-04T23:59:59+02:00,12,7,5113,5000,9828,11327,11645,15793,16354,23593,46226,49757,46680,49578,34951,44711,11526,20576,4,2,1271,1058,2287,2816,2716,4298,3802,6491,6674,7322,8652,7688,25115,32349,10250,18283,261654,122475,37222,15405,103751,3151,25,25,22
2021-05-03T23:59:59+02:00,12,7,5012,4912,9474,11155,11180,15528,15297,22732,44652,48140,45798,48625,34729,44367,11498,20484,4,2,1256,1033,2252,2783,2674,4234,3753,6437,6599,7268,8079,6996,23368,30013,10112,18045,252631,116638,37212,15323,103718,2909,16,25,22
2021-05-02T23:59:59+02:00,12,7,4949,4894,9358,11117,11032,15467,14685,22241,44133,47730,45658,48459,34679,44305,11491,20473,4,1,1252,1027,2234,2780,2661,4226,3724,6422,6579,7254,7889,6753,21389,27598,10065,17957,251418,116616,35573,10302,103663,2864,11,25,22
2021-05-01T23:59:59+02:00,12,7,4949,4892,9354,11112,11029,15465,14681,22237,44131,47726,45657,48459,34679,44305,11491,20473,4,1,1251,1027,2234,2780,2661,4226,3723,6422,6578,7254,7889,6752,21389,27598,10065,17957,251388,116613,35573,10302,103662,2863,11,25,22
2021-04-30T23:59:59+02:00,12,7,4903,4868,9287,11096,10973,15440,14605,22211,42651,46314,45323,48128,34642,44253,11486,20463,4,1,1045,933,2039,2690,2562,4166,3637,6362,6515,7195,7882,6735,21388,27596,10065,17957,247403,116604,35573,10299,103650,1837,11,25,21
2021-04-29T23:59:59+02:00,12,7,4666,4785,8811,10947,10368,15265,13920,22002,37714,42001,44313,47097,34520,44135,11482,20432,4,1,865,855,1865,2610,2477,4100,3528,6291,6446,7147,7859,6715,21383,27589,10065,17957,233662,116570,35470,10194,103309,961,11,25,21
2021-04-28T23:59:59+02:00,12,7,4489,4750,8560,10860,10015,15175,13564,21847,33065,37492,43067,45841,34394,43987,11467,20414,4,1,823,828,1827,2563,2445,4024,3492,6182,6398,7057,7839,6696,21370,27576,10060,17950,220428,116485,35451,10146,103094,474,10,23,20
2021-04-27T23:59:59+02:00,11,6,4259,4537,8215,10412,9627,14593,13093,21200,31933,36364,42785,45554,34378,43959,11463,20411,4,1,795,814,1792,2540,2427,4006,3474,6163,6363,7030,7828,6688,21365,27572,10057,17944,217694,116428,35436,10116,99637,289,10,23,20
2021-04-26T23:59:59+02:00,11,6,4237,4510,8143,10374,9522,14540,12943,21139,27525,31990,41566,44334,34298,43858,11450,20400,4,1,763,803,1762,2521,2398,3986,3449,6142,6311,6984,7780,6639,21334,27541,10057,17937,205833,116227,35427,10071,99553,85,10,23,19
2021-04-25T23:59:59+02:00,11,6,4214,4497,8111,10349,9459,14508,12850,21092,25555,29947,40865,43574,34251,43799,11446,20394,4,1,751,795,1750,2507,2380,3971,3425,6121,6279,6955,7760,6622,21317,27520,10056,17933,205166,116201,30312,9837,99418,81,9,23,19
2021-04-24T23:59:59+02:00,11,6,4195,4486,8080,10320,9417,14492,12798,21071,24052,28283,40106,42731,34186,43723,11443,20388,4,1,750,794,1747,2505,2379,3967,3425,6117,6279,6952,7758,6619,21316,27520,10056,17933,200097,116180,30312,9836,99347,78,9,23,19
2021-04-23T23:59:59+02:00,10,6,3930,4335,7610,10025,8989,14137,12236,20668,23570,27983,40017,42669,34165,43689,11437,20381,4,1,737,784,1730,2492,2359,3951,3402,6094,6257,6933,7744,6600,21311,27509,10056,17932,199747,116165,30297,9636,95783,67,9,21,19
2021-04-22T23:59:59+02:00,10,6,3837,4276,7421,9908,8710,13943,11790,20342,21240,25625,37259,39425,33638,43016,11366,20258,4,1,724,775,1701,2461,2301,3894,3331,6022,6147,6836,7665,6513,21255,27465,10053,17917,186717,116048,30105,8926,95218,65,9,21,17
2021-04-21T23:59:59+02:00,10,4,3810,4243,7290,9829,8528,13771,11453,20051,19981,24420,34046,35705,33155,42316,11301,20129,4,1,700,757,1666,2433,2257,3869,3298,5989,6107,6797,7633,6486,21235,27441,10049,17913,174944,115935,29930,8613,95138,61,9,21,17
2021-04-20T23:59:59+02:00,10,4,3776,4216,7185,9760,8317,13612,11083,19753,18884,23269,30734,32060,32678,41717,11243,20012,4,1,692,747,1651,2421,2223,3847,3255,5943,6066,6755,7591,6441,21209,27418,10043,17910,163300,115777,29907,8355,95076,59,9,21,17
2021-04-19T23:59:59+02:00,10,4,3758,4200,7111,9722,8199,13502,10828,19568,18219,22608,29858,30928,32385,41352,11201,19938,4,1,684,742,1629,2407,2199,3817,3219,5910,6032,6724,7547,6408,21178,27389,10041,17906,158461,115643,29889,8111,95011,57,9,21,17
2021-04-18T23:59:59+02:00,10,4,3755,4193,7095,9709,8185,13485,10791,19542,18131,22525,29736,30802,32357,41329,11198,19930,4,1,682,738,1614,2395,2182,3802,3194,5884,6002,6701,7524,6395,21160,27367,10038,17903,157968,115584,29820,7920,94960,56,9,20,17
2021-04-17T23:59:59+02:00,10,4,3754,4191,7092,9706,8182,13485,10785,19535,18118,22514,29713,30789,32355,41326,11198,19930,4,1,681,738,1613,2394,2180,3801,3190,5883,6000,6699,7524,6395,21160,27367,10038,17903,157885,115570,29819,7920,94954,55,9,20,17
2021-04-16T23:59:59+02:00,10,4,3587,4153,6747,9577,7811,13298,10387,19290,17665,22239,29508,30628,32272,41236,11183,19911,4,1,668,719,1601,2379,2153,3786,3136,5846,5958,6649,7431,6304,20747,26800,10008,17842,157128,114240,29811,7714,92538,52,9,20,17
2021-04-15T23:59:59+02:00,10,4,3486,4074,6396,9205,7232,12798,9609,18457,16342,21011,28309,29334,31753,40594,11102,19735,4,1,638,696,1548,2340,2068,3699,3027,5726,5629,6411,6932,5916,20004,25880,9909,17672,151382,110857,29517,7170,88523,47,9,20,17
2021-04-14T23:59:59+02:00,9,4,3434,4026,6162,8964,6901,12421,8988,17909,15221,19977,26892,27832,31122,39712,10990,19537,4,1,605,670,1502,2301,1993,3621,2885,5603,5320,6177,6387,5407,18981,24589,9822,17492,144563,106578,29317,6715,86193,41,9,19,17
2021-04-13T23:59:59+02:00,9,4,3402,3994,6073,8886,6753,12290,8685,17663,14421,19284,23547,24269,30186,38531,10884,19361,4,1,600,661,1489,2278,1961,3587,2787,5532,5104,5994,6021,5065,18679,24241,9780,17425,132921,104462,29307,6682,85986,40,9,19,16
2021-04-12T23:59:59+02:00,9,4,3380,3973,6023,8826,6665,12204,8467,17469,13805,18755,22540,23118,29762,37972,10815,19234,4,1,590,653,1479,2270,1938,3566,2730,5482,4955,5889,5700,4782,18383,23937,9741,17364,127831,102865,29287,6534,85875,40,9,19,16
2021-04-11T23:59:59+02:00,9,4,3374,3967,6005,8802,6636,12187,8425,17446,13714,18695,22411,22968,29712,37908,10805,19210,4,1,587,648,1466,2260,1925,3559,2713,5465,4918,5852,5641,4722,18210,23703,9720,17333,127290,102200,29221,6462,85739,40,9,19,16
2021-04-10T23:59:59+02:00,9,4,3366,3966,5982,8801,6614,12186,8403,17445,13690,18693,22406,22965,29708,37907,10805,19210,4,1,584,645,1458,2253,1920,3556,2706,5456,4902,5844,5629,4705,18046,23449,9706,17309,127269,101679,29130,6430,85734,40,8,19,16
2021-04-09T23:59:59+02:00,8,4,3328,3954,5934,8787,6555,12167,8364,17418,13640,18647,20450,20548,29222,37288,10775,19160,4,1,571,632,1432,2231,1893,3532,2664,5420,4829,5782,5513,4602,17468,22717,9668,17238,126569,99912,24002,6230,85653,32,7,18,16
2021-04-08T23:59:59+02:00,8,4,3303,3935,5866,8755,6481,12128,8274,17354,13495,18530,17851,17472,28701,36621,10737,19109,4,1,529,603,1344,2149,1798,3435,2484,5236,4329,5419,4710,3996,15675,20478,9478,16929,125701,92893,18125,5659,84774,23,6,18,16
2021-04-07T23:59:59+02:00,6,4,3225,3907,5659,8705,6273,12068,8066,17279,13233,18434,15183,14395,28023,35820,10707,19056,4,1,505,574,1289,2092,1703,3355,2331,5096,3916,5088,3988,3426,14816,19606,9362,16742,125490,88542,16585,5311,77945,20,5,18,16
2021-04-06T23:59:59+02:00,5,4,3196,3897,5614,8685,6202,12044,7981,17242,13160,18363,13193,12026,27387,35103,10694,19026,4,1,475,551,1221,2037,1617,3272,2169,4977,3545,4812,3463,3012,13970,18603,9286,16621,125359,84892,16381,4709,72059,16,5,18,14
2021-04-05T23:59:59+02:00,5,4,3194,3894,5579,8670,6165,12031,7936,17225,13087,18327,13148,11980,27376,35087,10693,19023,4,1,443,521,1169,2000,1566,3231,2101,4923,3456,4736,3406,2960,13826,18431,9277,16603,125334,84397,16172,4223,71896,16,4,18,14
2021-04-04T23:59:59+02:00,5,4,3193,3892,5579,8668,6163,12030,7935,17223,13087,18327,13145,11980,27375,35087,10693,19023,4,1,442,520,1168,2000,1565,3231,2100,4923,3456,4736,3406,2960,13825,18431,9277,16603,125324,84391,16172,4223,71891,16,4,18,14
2021-04-03T23:59:59+02:00,5,4,3192,3892,5579,8667,6163,12030,7935,17223,13087,18327,13145,11979,27374,35084,10693,19023,4,1,442,518,1168,2000,1564,3231,2100,4922,3450,4733,3400,2950,13738,18294,9268,16587,125319,84113,16172,4223,71889,16,4,18,14
2021-04-02T23:59:59+02:00,5,4,3192,3889,5576,8662,6159,12021,7927,17210,13060,18296,13098,11926,27346,35065,10690,19019,4,1,439,511,1166,1996,1552,3222,2089,4900,3420,4700,3368,2921,12801,17043,9201,16478,125150,81639,16169,4141,71804,16,4,18,12
2021-04-01T23:59:59+02:00,5,4,3178,3875,5537,8643,6092,11988,7856,17175,12947,18224,12983,11799,27288,34989,10681,19004,4,1,391,467,1068,1928,1452,3133,1937,4787,3215,4569,3132,2719,10764,14443,9088,16297,124835,76016,16045,3348,71368,16,3,17,12
2021-03-31T23:59:59+02:00,5,4,3177,3861,5520,8609,6057,11953,7812,17130,12866,18155,12869,11677,27237,34926,10673,18994,3,1,353,444,1032,1885,1378,3093,1832,4683,2957,4368,2717,2404,8165,11210,8907,16055,124524,68454,16005,3004,70977,15,3,16,11
2021-03-30T23:59:59+02:00,5,4,3170,3850,5495,8583,6024,11921,7772,17090,12788,18089,12783,11540,27199,34878,10667,18984,3,1,332,426,1010,1853,1319,3058,1707,4602,2710,4197,2349,2156,7275,10125,8840,15926,124392,65132,15973,2729,70459,15,2,16,11
2021-03-29T23:59:59+02:00,5,4,3158,3846,5466,8563,5987,11886,7727,17057,12713,18012,12135,10781,25327,32387,10518,18727,3,1,326,423,1003,1838,1299,3033,1673,4561,2561,4109,2061,2005,6615,9414,8796,15848,118387,62817,15802,2726,70093,13,2,15,11
2021-03-28T23:59:59+02:00,5,4,3128,3830,5418,8525,5936,11841,7646,17002,12603,17942,11870,10478,23342,29919,10463,18628,3,1,325,421,1000,1837,1290,3029,1669,4559,2549,4101,2036,1985,6592,9399,8794,15843,118328,62685,10615,2724,69620,13,2,15,9
2021-03-27T23:59:59+01:00,5,4,3116,3826,5379,8514,5900,11826,7598,16987,12557,17895,11835,10434,23338,29911,10463,18628,3,1,325,421,1000,1837,1290,3029,1668,4557,2547,4098,2034,1983,6544,9324,8761,15794,118259,62468,10614,2724,69326,13,2,15,9
2021-03-26T23:59:59+01:00,5,4,2983,3505,4929,7362,5406,10507,6986,14939,11749,15608,11614,10250,22853,29181,10418,18557,3,1,324,417,995,1834,1284,3024,1665,4555,2542,4091,2026,1977,6414,9135,8617,15605,116704,61783,10357,2712,59778,3,2,15,9
2021-03-25T23:59:59+01:00,5,3,2861,3242,4770,6597,5177,9357,6661,13217,11022,13805,10753,9447,22123,28333,10341,18400,3,1,319,408,988,1825,1269,3005,1646,4521,2506,4041,1958,1919,6122,8706,8336,15152,113779,60004,9654,2708,52664,2,2,15,9
2021-03-24T23:59:59+01:00,5,3,2814,3197,4694,6533,5043,9251,6455,13046,10509,13400,9914,8623,21103,27074,10243,18212,3,1,317,403,980,1819,1252,2994,1631,4497,2459,3985,1890,1844,5756,8232,7920,14477,109746,57753,9307,2696,51052,2,0,14,9
2021-03-23T23:59:59+01:00,5,3,2786,3164,4626,6465,4932,9157,6241,12884,10051,12978,9196,7954,20588,26465,10188,18105,3,1,305,390,963,1809,1237,2972,1601,4475,2409,3936,1811,1778,5472,7849,7516,13852,107344,55674,8972,2695,49458,1,0,14,9
2021-03-22T23:59:59+01:00,5,3,2769,3126,4567,6426,4856,9089,6102,12745,9689,12704,8594,7387,20167,26026,10127,18011,1,1,303,387,951,1803,1223,2958,1588,4462,2382,3908,1784,1756,5333,7675,7065,13027,105855,53908,8714,2690,47810,1,0,14,8
2021-03-21T23:59:59+01:00,5,3,2762,3110,4521,6402,4805,9053,6009,12678,9500,12516,8288,7127,19999,25859,10115,17983,1,1,303,387,950,1803,1221,2958,1587,4461,2379,3908,1777,1750,5324,7670,7034,12969,105653,53801,8481,2673,46587,1,0,14,8
2021-03-20T23:59:59+01:00,5,3,2761,3103,4513,6397,4798,9050,6005,12670,9480,12502,8255,7095,19826,25583,10099,17957,1,1,303,387,950,1802,1220,2958,1586,4460,2375,3900,1765,1737,5309,7621,6856,12729,105098,53303,8468,2648,46522,1,0,14,8
2021-03-19T23:59:59+01:00,5,3,2725,3078,4441,6352,4691,9000,5865,12612,9212,12314,7951,6869,19342,24993,10067,17898,1,1,303,386,949,1801,1220,2955,1584,4459,2368,3895,1750,1726,5272,7578,6444,12109,103796,52166,8225,2626,45383,1,0,14,8
2021-03-18T23:59:59+01:00,5,3,2659,3005,4276,6214,4441,8794,5507,12305,8299,11644,6687,5854,18082,23629,9912,17665,1,1,300,381,944,1791,1206,2942,1545,4443,2303,3849,1671,1684,5197,7471,5701,10990,98870,49829,7681,2584,42416,0,0,14,7
2021-03-17T23:59:59+01:00,5,3,2622,2965,4196,6116,4303,8686,5252,12029,7623,11076,5697,4952,16729,22090,9745,17405,1,1,296,379,940,1783,1202,2933,1528,4422,2237,3824,1607,1639,5152,7405,5120,10097,93425,48032,7180,2527,40875,0,0,14,7
2021-03-16T23:59:59+01:00,5,3,2602,2937,4134,6049,4209,8589,5075,11873,7173,10686,4932,4333,15867,21107,9639,17230,1,1,292,377,937,1778,1199,2926,1520,4412,2215,3805,1575,1622,5114,7362,4609,9276,89763,46567,7141,2448,39526,0,0,13,6
2021-03-15T23:59:59+01:00,5,3,2599,2926,4118,6029,4178,8563,5025,11826,7055,10568,4785,4171,15546,20694,9607,17171,1,1,290,373,936,1772,1193,2919,1506,4403,2194,3783,1531,1605,5054,7288,4025,8413,88988,44975,7042,2306,38826,0,0,13,6
2021-03-14T23:59:59+01:00,5,2,2594,2917,4096,6009,4148,8544,4984,11793,6961,10479,4680,4058,15415,20525,9590,17131,1,1,288,372,936,1770,1187,2912,1501,4392,2183,3776,1521,1599,5046,7280,4019,8399,88681,44912,7024,2265,38214,0,0,12,6
2021-03-13T23:59:59+01:00,5,2,2588,2908,4088,5997,4140,8537,4975,11783,6942,10466,4658,4032,15099,20085,9570,17095,1,1,288,372,936,1770,1187,2912,1501,4392,2183,3776,1520,1599,5046,7279,4019,8399,87787,44911,7003,2264,38168,0,0,12,6
2021-03-12T23:59:59+01:00,5,2,2525,2832,3977,5826,4020,8315,4838,11484,6764,10195,4505,3894,14170,18823,9508,16993,1,1,288,371,934,1767,1187,2908,1499,4387,2182,3769,1513,1597,5039,7260,4017,8382,85308,44833,6942,2263,36416,0,0,10,6
2021-03-11T23:59:59+01:00,4,2,2399,2607,3749,5499,3763,7878,4511,10722,6133,9384,3985,3391,12555,16825,9406,16844,1,1,288,370,930,1763,1184,2894,1490,4375,2169,3742,1472,1569,4998,7223,4005,8355,80951,44684,6778,2139,31918,0,0,10,6
2021-03-10T23:59:59+01:00,4,2,2277,2476,3592,5261,3568,7555,4239,10239,5579,8814,3411,2949,10266,14103,9257,16613,1,1,285,366,925,1753,1177,2883,1486,4359,2147,3727,1443,1562,4967,7208,3996,8345,74609,44619,6606,2006,28980,0,0,10,6
2021-03-09T23:59:59+01:00,4,2,2252,2425,3524,5172,3454,7465,4068,10042,5184,8465,2929,2589,8741,12085,9151,16462,1,1,284,365,925,1747,1170,2874,1482,4351,2139,3716,1428,1557,4959,7203,3993,8343,69724,44578,6457,1955,27823,0,0,10,5
2021-03-08T23:59:59+01:00,4,2,2228,2351,3465,5104,3380,7381,3946,9929,4887,8271,2481,2324,6801,9682,9030,16284,1,1,284,362,924,1737,1164,2858,1476,4340,2135,3709,1417,1550,4943,7183,3986,8333,64002,44469,6121,1929,27417,0,0,10,5
2021-03-07T23:59:59+01:00,4,2,2166,2295,3369,4996,3283,7292,3847,9842,4750,8176,2430,2272,6778,9661,9030,16276,1,1,284,361,923,1737,1164,2856,1476,4340,2135,3709,1417,1550,4942,7183,3986,8333,63873,44466,5438,1927,27148,0,0,10,5
2021-03-06T23:59:59+01:00,4,2,2158,2282,3356,4986,3279,7288,3838,9832,4740,8171,2428,2270,6732,9591,8997,16226,1,1,284,361,922,1733,1163,2855,1476,4337,2131,3704,1416,1545,4936,7178,3984,8323,63661,44418,5378,1927,27131,0,0,10,5
2021-03-05T23:59:59+01:00,4,2,2028,2195,3132,4799,3040,6976,3559,9437,4406,7835,2339,2208,6525,9269,8800,15961,1,1,284,359,920,1730,1163,2854,1475,4331,2128,3698,1410,1543,4930,7172,3983,8316,62669,44366,4530,1927,25306,0,0,10,5
2021-03-04T23:59:59+01:00,4,2,1778,1974,2721,4362,2584,6337,2993,8536,3721,7021,2120,2048,6229,8902,8516,15498,1,1,281,358,919,1722,1161,2837,1474,4315,2119,3686,1399,1541,4918,7158,3976,8305,61008,44242,3251,1924,21077,0,0,10,5
2021-03-03T23:59:59+01:00,4,2,1707,1886,2614,4177,2451,6111,2852,8249,3533,6758,2036,1970,5888,8426,8152,14908,1,1,280,354,919,1712,1158,2814,1470,4291,2114,3671,1374,1529,4913,7152,3972,8297,58981,44094,3107,1924,19626,0,0,10,4
2021-03-02T23:59:59+01:00,4,2,1671,1810,2544,4058,2370,5961,2745,8068,3418,6605,1961,1902,5571,7985,7738,14229,1,1,278,349,916,1693,1155,2794,1467,4272,2113,3660,1349,1523,4903,7135,3967,8289,56849,43937,2865,1924,18918,0,0,10,4
2021-03-01T23:59:59+01:00,2,2,1661,1783,2505,3951,2322,5846,2709,7967,3365,6526,1919,1881,5433,7822,7256,13353,1,1,277,347,912,1687,1153,2782,1465,4259,2111,3645,1344,1518,4900,7133,3965,8282,54968,43854,2854,1924,18471,0,0,10,4
2021-02-28T23:59:59+01:00,2,2,1645,1744,2471,3879,2291,5791,2666,7887,3338,6478,1913,1877,5425,7817,7219,13293,1,1,277,347,911,1687,1153,2782,1465,4258,2111,3644,1344,1518,4900,7132,3965,8282,54842,43851,2852,1923,18034,0,0,10,4
2021-02-27T23:59:59+01:00,2,2,1643,1737,2468,3871,2287,5791,2664,7886,3335,6475,1907,1867,5415,7773,7046,13069,1,1,277,347,901,1682,1143,2775,1455,4249,2094,3635,1343,1515,4900,7131,3965,8282,54370,43847,2852,1845,18006,0,0,10,4
2021-02-26T23:59:59+01:00,2,1,1455,1580,2340,3629,2209,5384,2572,7382,3248,6017,1892,1842,5390,7740,6777,12676,1,1,275,345,893,1675,1135,2755,1449,4227,2084,3621,1336,1506,4893,7119,3961,8269,53613,43766,2832,1776,15681,0,0,10,3
2021-02-25T23:59:59+01:00,2,1,1241,1298,2121,3198,2037,4632,2374,6439,3007,5119,1801,1771,5338,7660,6195,11824,1,1,273,337,886,1614,1101,2659,1416,4117,2028,3546,1299,1485,4849,7077,3941,8214,51713,43292,2820,1549,11516,0,0,9,3
2021-02-24T23:59:59+01:00,2,1,1188,1089,2015,2933,1931,4295,2241,6035,2837,4850,1724,1716,5277,7571,5424,10630,1,1,271,331,850,1566,1051,2568,1355,4001,1939,3417,1259,1457,4831,7050,3931,8193,49350,43027,2808,1042,9592,0,0,9,3
2021-02-23T23:59:59+01:00,2,1,1173,1038,1980,2869,1905,4196,2215,5950,2803,4787,1715,1701,5241,7523,4776,9595,1,1,271,330,823,1539,1001,2516,1302,3923,1833,3342,1207,1430,4807,7024,3918,8154,47547,42820,2781,599,9134,0,0,8,3
2021-02-22T23:59:59+01:00,2,1,1165,996,1931,2725,1861,4051,2159,5755,2749,4682,1704,1690,5207,7475,4161,8705,1,1,269,321,780,1501,948,2433,1213,3815,1693,3244,1117,1371,4764,6952,3890,8044,45922,42344,2763,10,8327,0,0,7,3
2021-02-21T23:59:59+01:00,2,1,1163,982,1902,2663,1834,3954,2132,5650,2729,4619,1697,1684,5204,7466,4161,8701,1,1,267,319,775,1495,940,2401,1211,3779,1680,3204,1108,1356,4746,6928,3865,8000,45869,42063,2753,10,7915,0,0,7,3
2021-02-20T23:59:59+01:00,2,1,1163,982,1902,2662,1833,3954,2132,5650,2727,4613,1688,1675,5197,7459,4159,8698,1,1,267,319,775,1494,939,2397,1210,3775,1679,3202,1108,1356,4694,6868,3818,7943,45854,41834,2725,9,7911,0,0,7,3
2021-02-19T23:59:59+01:00,2,1,1163,979,1899,2657,1833,3944,2131,5641,2723,4610,1670,1666,5182,7441,4156,8693,1,1,266,318,771,1484,930,2372,1203,3732,1650,3149,1080,1317,4501,6615,3639,7643,45774,40660,2704,9,7906,0,0,7,3
2021-02-18T23:59:59+01:00,2,1,1132,897,1859,2538,1794,3807,2078,5435,2661,4437,1653,1649,5166,7408,4151,8664,1,1,238,289,726,1359,882,2166,1117,3395,1534,2852,970,1127,4005,5832,3223,6737,45620,36442,2671,9,7034,0,0,7,3
2021-02-17T23:59:59+01:00,2,1,1084,770,1778,2306,1717,3511,1969,5075,2586,4190,1628,1640,5145,7393,4142,8661,1,1,233,286,716,1341,873,2144,1105,3360,1515,2831,964,1124,3621,5305,2924,6309,45580,34641,2611,9,5400,0,0,7,3
2021-02-16T23:59:59+01:00,2,1,1043,732,1724,2203,1648,3339,1899,4868,2507,4082,1589,1626,5118,7370,4133,8649,1,1,226,280,700,1306,851,2090,1074,3242,1476,2744,940,1101,3263,4755,2580,5810,45526,32431,2444,6,4557,0,0,6,3
2021-02-15T23:59:59+01:00,2,1,1036,713,1704,2126,1630,3239,1880,4759,2493,4003,1559,1612,5088,7354,4100,8593,1,1,214,270,684,1273,832,2040,1053,3176,1434,2679,910,1070,2834,4196,2243,5229,45399,30131,2358,5,4129,0,0,6,3
2021-02-14T23:59:59+01:00,2,1,942,680,1626,2093,1568,3220,1837,4737,2458,3990,1552,1610,5079,7342,4097,8587,1,1,207,259,675,1255,814,2000,1037,3110,1403,2611,880,1024,2742,4054,2164,5030,45355,29261,2323,4,3738,0,0,5,2
2021-02-13T23:59:59+01:00,2,1,889,656,1596,2070,1553,3211,1821,4730,2450,3989,1551,1609,5079,7341,4096,8586,1,1,205,258,673,1254,814,1996,1037,3108,1402,2608,879,1023,2638,3929,2098,4929,45348,28848,2323,3,3554,0,0,5,2
2021-02-12T23:59:59+01:00,2,1,559,509,1249,1953,1382,3109,1681,4648,2343,3919,1532,1601,5069,7330,4086,8576,1,1,193,252,658,1228,800,1952,1010,3022,1347,2508,817,948,2411,3613,1950,4606,45227,27313,2323,2,1994,0,0,5,2
2021-02-11T23:59:59+01:00,2,1,394,433,1060,1839,1279,2991,1584,4535,2254,3829,1423,1556,5006,7278,4063,8526,1,1,156,189,558,984,665,1506,809,2350,1067,1915,575,696,1791,2724,1438,3324,44868,20748,2115,1,1065,0,0,5,0
2021-02-10T23:59:59+01:00,2,1,281,362,934,1733,1177,2869,1490,4350,2140,3707,1384,1543,4985,7267,4059,8524,1,1,134,127,387,623,493,1017,640,1738,899,1581,555,680,1385,2164,1121,2822,44792,16368,2006,0,6,0,0,4,0
2021-02-09T23:59:59+01:00,2,1,281,361,933,1727,1174,2861,1490,4344,2139,3702,1376,1540,4983,7265,4058,8522,1,1,131,125,379,590,474,990,619,1709,874,1551,553,677,1000,1699,840,2415,44767,14628,1983,0,5,0,0,4,0
2021-02-08T23:59:59+01:00,2,1,281,359,932,1725,1171,2851,1483,4339,2137,3698,1371,1536,4981,7265,4057,8519,1,1,126,119,368,577,466,971,608,1677,856,1525,545,672,606,1208,534,1986,44739,12846,1960,0,5,0,0,4,0
2021-02-07T23:59:59+01:00,2,1,281,359,929,1725,1170,2851,1481,4337,2137,3698,1371,1536,4981,7264,4056,8519,1,1,122,116,362,573,465,964,605,1665,846,1509,537,669,605,1198,529,1971,44735,12738,1959,0,0,0,0,4,0
2021-02-06T23:59:59+01:00,2,1,281,359,929,1725,1170,2851,1481,4337,2137,3698,1371,1536,4981,7264,4056,8519,1,1,119,113,360,569,464,962,605,1663,846,1508,536,668,605,1198,529,1971,44735,12718,1959,0,0,0,0,4,0
2021-02-05T23:59:59+01:00,2,1,280,358,927,1725,1170,2850,1479,4336,2136,3698,1371,1536,4980,7262,4056,8516,1,1,118,105,357,564,456,949,601,1653,833,1485,531,658,599,1182,519,1946,44720,12558,1959,0,0,0,0,4,0
2021-02-04T23:59:59+01:00,2,1,276,353,921,1686,1163,2803,1479,4284,2124,3655,1363,1529,4952,7230,4044,8482,1,0,89,70,239,391,331,691,472,1260,624,1117,401,520,504,966,454,1680,44385,9810,1958,0,0,0,0,4,0
2021-02-03T23:59:59+01:00,2,1,274,344,917,1661,1159,2768,1468,4234,2115,3619,1355,1513,4927,7200,4030,8452,1,0,55,34,85,166,152,346,230,593,301,543,211,278,288,602,265,1047,44077,5197,1958,0,0,0,0,4,0
2021-02-02T23:59:59+01:00,2,1,273,342,916,1649,1155,2749,1465,4202,2108,3593,1347,1507,4919,7186,4022,8426,1,0,16,10,29,51,61,101,73,165,96,123,45,75,70,133,57,207,43900,1313,1958,0,0,0,0,4,0
2021-02-01T23:59:59+01:00,2,1,273,337,916,1646,1154,2748,1464,4198,2107,3587,1346,1506,4917,7185,4022,8426,1,0,13,9,25,44,51,92,60,140,74,104,39,67,62,124,55,194,43873,1154,1958,0,0,0,0,4,0
2021-01-31T23:59:59+01:00,2,1,273,336,916,1642,1153,2743,1464,4193,2107,3584,1345,1506,4916,7184,4022,8426,1,0,12,8,22,39,44,84,54,129,64,98,34,56,53,114,52,187,43853,1051,1956,0,0,0,0,4,0
2021-01-30T23:59:59+01:00,2,1,273,336,911,1639,1145,2735,1456,4187,2103,3581,1345,1506,4863,7124,3976,8368,1,0,12,8,22,38,44,84,53,128,64,98,34,56,53,114,52,187,43625,1048,1922,0,0,0,0,4,0
2021-01-29T23:59:59+01:00,2,1,272,335,896,1631,1133,2714,1444,4157,2079,3554,1336,1500,4698,6923,3808,8160,1,0,10,8,22,38,41,84,52,126,61,97,33,52,52,114,52,187,42829,1030,1810,0,0,0,0,4,0
2021-01-28T23:59:59+01:00,2,1,268,322,877,1544,1094,2604,1407,4055,2010,3480,1310,1487,4362,6452,3531,7800,1,0,7,4,10,18,22,42,21,58,36,64,20,34,36,74,40,125,41035,612,1567,0,0,0,0,4,0
2021-01-27T23:59:59+01:00,2,1,262,319,835,1489,1047,2510,1343,3957,1936,3373,1270,1460,3948,5880,3204,7327,1,0,3,4,10,9,11,21,8,23,14,29,12,15,18,42,17,63,39045,300,1114,0,0,0,0,4,0
2021-01-26T23:59:59+01:00,2,1,255,310,799,1442,980,2425,1282,3830,1820,3265,1209,1409,3599,5322,2849,6804,1,0,1,1,6,4,4,7,4,3,3,8,7,5,5,7,4,8,36933,78,666,0,0,0,0,4,0
2021-01-25T23:59:59+01:00,2,1,245,301,747,1382,919,2306,1180,3685,1661,3143,1129,1377,3201,4807,2532,6327,1,0,1,1,6,3,2,7,2,2,3,8,7,5,5,7,4,8,34879,72,63,0,0,0,0,3,0
2021-01-24T23:59:59+01:00,2,1,242,301,741,1378,908,2290,1175,3669,1633,3113,1123,1374,3174,4771,2515,6305,1,0,1,1,4,3,2,7,2,2,3,8,7,5,5,7,4,8,34704,70,9,0,0,0,0,2,0
2021-01-23T23:59:59+01:00,2,1,241,300,740,1377,908,2286,1174,3667,1630,3111,1122,1374,3069,4645,2448,6204,1,0,1,1,4,3,2,7,2,2,3,8,7,5,5,7,4,8,34289,70,8,0,0,0,0,2,0
2021-01-22T23:59:59+01:00,2,1,240,297,737,1361,906,2273,1168,3651,1626,3108,1120,1373,2907,4450,2345,6059,1,0,1,1,4,3,2,7,2,2,3,8,7,5,5,7,4,8,33614,70,8,0,0,0,0,2,0
2021-01-21T23:59:59+01:00,2,1,235,268,672,1205,839,2061,1087,3366,1530,2902,1077,1330,2559,3985,2050,5618,1,0,1,0,3,2,2,7,2,2,3,8,7,4,5,7,4,8,30779,66,8,0,0,0,0,0,0
2021-01-20T23:59:59+01:00,2,1,210,204,511,854,664,1571,887,2665,1293,2435,979,1197,2019,3233,1625,4805,1,0,1,0,3,2,2,7,2,2,3,6,6,4,5,7,4,8,25147,63,8,0,0,0,0,0,0
2021-01-19T23:59:59+01:00,2,1,184,187,465,745,610,1416,801,2368,1119,2129,811,938,1366,2294,1140,3669,0,0,0,0,2,1,0,0,0,0,2,1,1,0,0,0,0,0,20241,7,4,0,0,0,0,0,0
2021-01-18T23:59:59+01:00,1,1,138,132,387,620,488,1060,645,1824,929,1637,604,728,693,1346,597,2240,0,0,0,0,1,0,0,0,0,0,1,0,0,0,0,0,0,0,14067,2,3,0,0,0,0,0,0
2021-01-17T23:59:59+01:00,1,1,127,118,371,585,473,995,616,1707,870,1538,555,687,642,1244,551,2075,0,0,0,0,0,0,0,0,0,0,0,0,0,0,0,0,0,0,13155,0,1,0,0,0,0,0,0
2021-01-16T23:59:59+01:00,1,1,120,114,368,581,471,983,610,1694,864,1531,554,686,641,1238,546,2061,0,0,0,0,0,0,0,0,0,0,0,0,0,0,0,0,0,0,13063,0,1,0,0,0,0,0,0
2021-01-15T23:59:59+01:00,1,1,118,107,365,575,463,967,606,1683,850,1507,548,673,633,1221,538,2036,0,0,0,0,0,0,0,0,0,0,0,0,0,0,0,0,0,0,12892,0,0,0,0,0,0,0,0
2021-01-14T23:59:59+01:00,1,1,97,86,282,466,391,788,502,1412,695,1219,431,540,551,1022,476,1838,0,0,0,0,0,0,0,0,0,0,0,0,0,0,0,0,0,0,10798,0,0,0,0,0,0,0,0
2021-01-13T23:59:59+01:00,1,1,67,47,169,283,256,522,351,923,474,783,264,328,334,672,306,1167,0,0,0,0,0,0,0,0,0,0,0,0,0,0,0,0,0,0,6948,0,0,0,0,0,0,0,0
2021-01-12T23:59:59+01:00,1,1,31,20,54,102,114,215,150,384,196,334,137,180,175,371,176,648,0,0,0,0,0,0,0,0,0,0,0,0,0,0,0,0,0,0,3289,0,0,0,0,0,0,0,0
2021-01-11T23:59:59+01:00,1,0,17,10,38,64,62,114,77,172,91,126,40,67,67,130,55,200,0,0,0,0,0,0,0,0,0,0,0,0,0,0,0,0,0,0,1331,0,0,0,0,0,0,0,0
2021-01-10T23:59:59+01:00,1,0,14,7,31,53,55,102,67,157,75,112,34,57,57,119,50,190,0,0,0,0,0,0,0,0,0,0,0,0,0,0,0,0,0,0,1181,0,0,0,0,0,0,0,0
2021-01-09T23:59:59+01:00,1,0,13,7,30,52,54,101,64,156,75,110,34,57,57,119,50,190,0,0,0,0,0,0,0,0,0,0,0,0,0,0,0,0,0,0,1170,0,0,0,0,0,0,0,0
2021-01-08T23:59:59+01:00,1,0,10,7,28,49,49,96,60,143,69,106,32,52,56,119,50,190,0,0,0,0,0,0,0,0,0,0,0,0,0,0,0,0,0,0,1117,0,0,0,0,0,0,0,0
2021-01-07T23:59:59+01:00,1,0,7,4,10,19,22,43,23,58,38,66,19,35,41,79,39,126,0,0,0,0,0,0,0,0,0,0,0,0,0,0,0,0,0,0,630,0,0,0,0,0,0,0,0
2021-01-06T23:59:59+01:00,1,0,7,4,10,16,14,30,15,40,25,53,16,25,34,69,37,110,0,0,0,0,0,0,0,0,0,0,0,0,0,0,0,0,0,0,506,0,0,0,0,0,0,0,0
2021-01-05T23:59:59+01:00,1,0,7,4,10,16,14,30,15,40,25,53,16,25,33,69,37,110,0,0,0,0,0,0,0,0,0,0,0,0,0,0,0,0,0,0,505,0,0,0,0,0,0,0,0
2021-01-04T23:59:59+01:00,1,0,2,4,9,6,4,14,4,8,6,16,7,5,9,16,5,15,0,0,0,0,0,0,0,0,0,0,0,0,0,0,0,0,0,0,131,0,0,0,0,0,0,0,0
2021-01-03T23:59:59+01:00,1,0,1,1,4,3,2,7,3,3,3,9,5,4,6,8,4,9,0,0,0,0,0,0,0,0,0,0,0,0,0,0,0,0,0,0,73,0,0,0,0,0,0,0,0
2021-01-02T23:59:59+01:00,1,0,1,1,4,3,2,7,3,3,3,9,5,4,6,8,4,9,0,0,0,0,0,0,0,0,0,0,0,0,0,0,0,0,0,0,73,0,0,0,0,0,0,0,0
2021-01-01T23:59:59+01:00,1,0,1,1,4,3,2,7,2,3,3,9,5,4,6,8,4,9,0,0,0,0,0,0,0,0,0,0,0,0,0,0,0,0,0,0,72,0,0,0,0,0,0,0,0
2020-12-31T23:59:59+01:00,1,0,1,1,4,2,2,7,2,2,3,8,5,4,6,8,4,9,0,0,0,0,0,0,0,0,0,0,0,0,0,0,0,0,0,0,69,0,0,0,0,0,0,0,0
2020-12-30T23:59:59+01:00,1,0,1,1,4,2,2,7,2,2,3,6,5,4,6,8,4,9,0,0,0,0,0,0,0,0,0,0,0,0,0,0,0,0,0,0,67,0,0,0,0,0,0,0,0
2020-12-29T23:59:59+01:00,1,0,1,1,3,1,2,6,2,2,3,6,3,2,5,8,3,8,0,0,0,0,0,0,0,0,0,0,0,0,0,0,0,0,0,0,57,0,0,0,0,0,0,0,0
2020-12-28T23:59:59+01:00,1,0,0,0,3,1,0,2,1,0,1,3,0,1,0,1,1,5,0,0,0,0,0,0,0,0,0,0,0,0,0,0,0,0,0,0,20,0,0,0,0,0,0,0,0
2020-12-27T23:59:59+01:00,0,0,0,0,0,0,0,1,1,0,1,2,0,1,0,1,1,5,0,0,0,0,0,0,0,0,0,0,0,0,0,0,0,0,0,0,13,0,0,0,0,0,0,0,0
