Datum,<24_1_m,<24_1_w,25-34_1_m,25-34_1_w,35-44_1_m,35-44_1_w,45-54_1_m,45-54_1_w,55-64_1_m,55-64_1_w,65-74_1_m,65-74_1_w,75-84_1_m,75-84_1_w,>84_1_m,>84_1_w,<24_2_m,<24_2_w,25-34_2_m,25-34_2_w,35-44_2_m,35-44_2_w,45-54_2_m,45-54_2_w,55-64_2_m,55-64_2_w,65-74_2_m,65-74_2_w,75-84_2_m,75-84_2_w,>84_2_m,>84_2_w,bp_1,bp_2,mo_1,mo_2,az_1,az_2,ja
2021-06-21T23:59:59+02:00,25856,24030,38512,32526,44594,42208,63150,62452,76475,75975,53829,58187,35180,46382,9723,17826,6451,6512,11392,11327,13220,16222,22773,28203,54442,56932,44264,47638,32311,42569,9160,16746,510724,298507,75634,37007,108738,72839,11809
2021-06-20T23:59:59+02:00,25518,23694,38235,32292,44333,41962,63003,62289,76361,75850,53790,58150,35162,46370,9721,17821,6406,6474,11278,11262,13111,16117,22397,27899,54231,56783,42779,45844,32102,42325,9148,16737,508455,297989,75564,36306,108729,68795,11803
2021-06-19T23:59:59+02:00,25510,23682,38221,32288,44329,41958,62998,62286,76359,75847,53787,58150,35162,46369,9721,17821,6400,6465,11271,11259,13105,16112,22390,27892,54217,56770,42771,45835,32101,42325,9148,16737,508397,297908,75559,36303,108729,68784,11803
2021-06-18T23:59:59+02:00,25393,23553,38156,32233,44259,41880,62947,62244,76318,75804,53766,58135,35159,46356,9720,17820,6292,6244,10958,10748,12735,15490,21723,26758,53501,55656,42592,45693,32078,42283,9143,16729,507662,296348,75553,36302,108725,64170,11803
2021-06-17T23:59:59+02:00,24540,22699,37422,31601,43505,41161,62554,61888,76047,75551,53662,58021,35117,46298,9708,17797,6083,5972,10570,10224,12232,14715,20700,25275,52021,53841,41544,44485,31833,41957,9101,16658,501722,289352,75498,36179,108719,60048,11632
2021-06-16T23:59:59+02:00,23560,21587,36441,30692,42558,40227,62047,61453,75688,75262,53531,57884,35073,46219,9699,17776,5869,5793,10046,9911,11490,14212,18509,23442,48703,50694,39996,42676,31442,41471,9054,16554,494478,273433,74986,35986,108708,58918,11525
2021-06-15T23:59:59+02:00,22559,20560,35529,29847,41667,39383,61638,61031,75388,74967,53402,57732,35025,46156,9689,17750,5630,5653,9517,9641,10768,13706,16161,21559,45202,47188,38614,41015,31042,40950,8997,16442,487370,256493,74871,35952,108701,58259,11381
2021-06-14T23:59:59+02:00,21219,19135,34262,28540,40262,38027,61090,60533,75037,74646,53289,57608,34986,46093,9681,17737,5481,5544,9164,9427,10283,13372,14476,20120,43020,44990,37639,39964,30815,40613,8970,16371,477680,245433,74434,35928,108696,57553,11335
2021-06-13T23:59:59+02:00,20635,18649,33784,28141,39776,37651,60884,60368,74918,74557,53262,57570,34966,46073,9679,17729,5383,5485,9019,9363,10131,13298,13810,19615,42608,44646,37438,39755,30767,40547,8964,16359,474610,244516,74132,34520,108690,56942,11210
2021-06-12T23:59:59+02:00,20632,18631,33772,28130,39770,37648,60879,60366,74915,74555,53261,57568,34965,46073,9679,17729,5376,5479,9009,9358,10119,13293,13794,19596,42428,44502,37419,39744,30764,40545,8964,16358,474546,244088,74128,34520,108690,56931,11209
2021-06-11T23:59:59+02:00,20540,18567,33611,28062,39602,37600,60763,60326,74856,74535,53253,57563,34963,46072,9679,17728,5282,5231,8846,8801,9917,12563,13555,18432,41948,43357,37279,39625,30753,40524,8962,16356,474213,243603,73721,34518,108584,52108,11202
2021-06-10T23:59:59+02:00,19539,17722,32197,27188,38403,36712,60117,59898,74496,74284,53171,57487,34931,46031,9668,17713,4985,4986,8282,8303,9236,11793,12754,17301,39072,40333,36632,38973,30612,40376,8949,16330,470331,236608,70765,34389,108303,47762,10158
2021-06-09T23:59:59+02:00,18618,16897,30948,26297,37239,35867,59576,59540,74192,74089,53102,57387,34905,45991,9657,17695,4788,4813,7914,8113,8767,11582,12091,16876,33751,35229,35504,37794,30419,40162,8933,16289,465711,222901,68363,34268,108266,46196,9660
2021-06-08T23:59:59+02:00,17536,15917,29614,25241,35930,34919,59007,59167,73944,73904,53037,57326,34884,45960,9653,17687,4695,4737,7754,8002,8629,11472,11777,16662,30714,32181,34803,37130,30294,39994,8915,16261,461256,215514,64934,34212,108227,44985,9309
2021-06-07T23:59:59+02:00,16774,15223,28257,24446,34829,34183,58577,58951,73744,73813,53008,57287,34871,45953,9653,17683,4587,4656,7544,7874,8336,11345,11342,16357,26069,27421,33800,36084,30105,39775,8896,16238,458153,203901,61941,34150,108195,43415,8963
2021-06-06T23:59:59+02:00,16384,14978,27472,24042,34211,33785,58294,58799,73612,73757,52987,57269,34861,45946,9652,17682,4511,4618,7399,7825,8177,11259,10990,16121,22997,24241,33127,35379,29989,39653,8891,16227,457034,201142,59897,28997,108172,42637,8628
2021-06-05T23:59:59+02:00,16355,14942,27427,24003,34186,33766,58289,58792,73609,73752,52982,57264,34857,45944,9652,17682,4487,4603,7366,7805,8128,11245,10916,16071,21404,22493,32520,34704,29934,39591,8887,16221,456921,196209,59792,28995,108161,42543,8628
2021-06-04T23:59:59+02:00,16088,14646,27100,23684,33861,33457,58232,58727,73568,73733,52976,57260,34856,45942,9652,17681,4450,4570,7294,7729,8070,11165,10827,15947,21304,22384,32453,34652,29906,39560,8884,16218,454976,196130,59730,28983,108129,41672,8628
2021-06-03T23:59:59+02:00,15403,14093,26060,23005,32789,32741,57772,58410,73297,73556,52913,57195,34827,45913,9648,17669,4296,4459,7013,7571,7812,10990,10442,15674,19216,20212,30724,32673,29695,39300,8864,16172,450687,187616,58267,28964,108116,40312,8221
2021-06-02T23:59:59+02:00,14608,13249,25065,22088,31715,31853,57545,58175,73115,73428,52873,57127,34812,45896,9641,17662,4256,4432,6962,7519,7752,10939,10352,15580,18486,19418,29006,30746,29615,39187,8857,16162,444434,182115,58091,28963,108114,39978,8213
2021-06-01T23:59:59+02:00,13285,12221,22914,20639,29256,30028,56204,57176,72209,72697,52607,56850,34717,45740,9608,17617,4005,4232,6444,7212,7157,10519,9448,14945,16358,17347,25452,26766,29071,38460,8795,16037,435075,168343,53681,28827,108075,38141,6937
2021-05-31T23:59:59+02:00,12265,11453,21081,19459,27278,28555,55190,56399,71597,72193,52415,56622,34651,45649,9597,17586,3834,4060,6111,6965,6756,10225,8866,14566,15244,16275,24349,25500,28766,38047,8744,15960,428377,162690,49445,28796,108058,36672,6110
2021-05-30T23:59:59+02:00,11840,11072,20366,18950,26594,27984,54886,56134,71386,72022,52351,56556,34630,45626,9590,17579,3617,3841,5768,6712,6472,9980,8648,14360,14978,16000,24071,25195,28670,37957,8733,15937,425833,161867,49046,28738,108028,35675,4659
2021-05-29T23:59:59+02:00,11822,11056,20350,18925,26576,27960,54875,56127,71382,72016,52349,56551,34628,45626,9590,17579,3615,3832,5763,6709,6469,9977,8640,14352,14967,15997,24061,25187,28667,37953,8732,15936,425679,161800,49046,28736,108028,35662,4659
2021-05-28T23:59:59+02:00,11745,10947,20194,18756,26329,27722,54726,55957,71245,71898,52318,56504,34616,45605,9587,17571,3565,3747,5673,6568,6365,9770,8519,14088,14780,15728,23915,25042,28628,37905,8726,15929,424042,161426,49009,28735,108011,34129,4658
2021-05-27T23:59:59+02:00,10246,9566,17796,16924,23631,25654,53723,55215,70637,71441,52132,56305,34544,45519,9577,17548,3203,3353,4831,5937,5492,8997,7685,13061,13677,14562,23002,24080,28310,37525,8680,15852,412164,157694,48058,28471,107877,29723,2359
2021-05-26T23:59:59+02:00,9781,9093,16872,16071,22488,24679,53160,54701,70258,71093,51997,56157,34484,45457,9569,17520,2987,3151,4449,5588,5031,8485,7171,12389,12689,13571,22177,23098,28047,37162,8642,15780,406628,153927,47331,28385,107810,26494,1611
2021-05-25T23:59:59+02:00,9092,8412,15623,15164,21086,23559,52744,54344,70034,70922,51934,56081,34465,45437,9566,17511,2891,3031,4259,5454,4789,8254,6877,12054,12092,12999,20067,20990,27753,36701,8616,15743,399899,148354,47090,28372,107767,24626,1218
2021-05-24T23:59:59+02:00,8986,8301,15397,15036,20804,23381,52656,54233,69997,70890,51933,56076,34464,45436,9564,17508,2839,2958,4177,5278,4700,8013,6742,11758,11962,12786,19957,20882,27709,36663,8611,15734,398763,148212,47014,28332,107681,23021,1204
2021-05-23T23:59:59+02:00,8967,8284,15356,15026,20755,23353,52648,54231,69995,70885,51932,56074,34464,45435,9564,17508,2836,2954,4170,5274,4691,8008,6739,11746,11941,12762,19818,20691,27681,36626,8609,15733,398584,147739,47014,28330,107681,23012,1198
2021-05-22T23:59:59+02:00,8964,8275,15344,15014,20748,23348,52648,54229,69992,70885,51932,56073,34464,45435,9564,17508,2831,2943,4164,5272,4689,8007,6737,11743,11930,12758,19808,20687,27680,36626,8609,15733,398532,147703,47014,28330,107681,22988,1196
2021-05-21T23:59:59+02:00,8879,8160,15210,14894,20517,23161,52433,54027,69866,70785,51908,56049,34458,45429,9559,17502,2755,2847,4075,5134,4585,7775,6612,11434,11769,12504,19755,20639,27668,36608,8608,15732,396976,147488,47012,28330,107656,21489,1193
2021-05-20T23:59:59+02:00,8555,7811,14618,14377,19283,22068,49976,51838,68809,69884,51611,55738,34361,45302,9536,17479,2468,2651,3707,4774,4151,7208,6002,10551,10644,11404,18570,19416,27245,36113,8548,15611,386059,142376,46854,28038,107354,17670,979
2021-05-19T23:59:59+02:00,8256,7557,13945,13890,17627,20759,46298,48584,67429,68656,51229,55264,34221,45111,9503,17434,2380,2412,3545,4445,3893,6668,5530,9816,9612,10268,17107,17803,26655,35310,8452,15437,371388,135309,46289,27895,107126,15169,960
2021-05-18T23:59:59+02:00,8025,7342,13376,13448,16256,19695,41762,44703,66065,67401,50751,54783,34093,44914,9467,17390,2326,2258,3401,4259,3707,6344,5162,9300,8670,9352,15553,16057,26054,34591,8376,15284,355374,128724,46230,27334,106972,13741,895
2021-05-17T23:59:59+02:00,7867,7228,13034,13195,15697,19211,39611,42880,65279,66649,50516,54516,34028,44820,9454,17360,2241,2184,3214,4081,3491,6114,4808,8892,7861,8606,12173,11911,25358,33673,8305,15150,351687,123553,41972,21274,106894,12443,792
2021-05-16T23:59:59+02:00,7793,7132,12909,13042,15523,19038,39116,42409,65104,66497,50473,54456,34020,44800,9449,17355,2170,2077,3123,3958,3408,6011,4696,8737,7666,8420,9876,9167,25017,33169,8279,15102,350219,122425,41470,15950,106860,11934,567
2021-05-15T23:59:59+02:00,7786,7122,12905,13037,15519,19033,39110,42408,65103,66495,50473,54455,34020,44800,9449,17355,2169,2076,3120,3952,3404,6007,4691,8735,7664,8417,9873,9165,25017,33169,8279,15102,350178,122395,41470,15950,106858,11931,564
2021-05-14T23:59:59+02:00,7561,7018,12667,12971,15298,18946,38079,41590,64631,66127,50397,54378,34008,44773,9447,17352,2042,1982,3012,3882,3356,5901,4639,8577,7617,8309,9872,9162,25016,33169,8279,15101,346851,122343,41439,15946,106400,11074,553
2021-05-13T23:59:59+02:00,7263,6808,12257,12713,14719,18485,34315,38576,62337,64218,49876,53795,33901,44579,9436,17309,1991,1935,2958,3808,3321,5805,4599,8470,7536,8197,9839,9108,24994,33131,8277,15098,332909,122100,41217,15923,105971,10554,490
2021-05-12T23:59:59+02:00,7242,6781,12180,12645,14603,18368,33630,37979,61870,63794,49738,53635,33866,44538,9431,17300,1991,1932,2957,3808,3318,5805,4598,8468,7534,8190,9832,9106,24994,33129,8277,15097,329937,122080,41207,15913,105966,10553,490
2021-05-11T23:59:59+02:00,6883,6628,11713,12361,14081,17976,29143,34307,59663,61914,49182,53036,33714,44329,9410,17248,1943,1792,2842,3531,3204,5427,4454,8011,7390,7909,9752,9032,24972,33093,8274,15088,315082,121846,41152,15723,104987,8778,367
2021-05-10T23:59:59+02:00,6742,6543,11550,12251,13862,17801,25580,31462,58548,60899,48860,52728,33638,44216,9398,17223,1898,1673,2758,3310,3108,5074,4338,7483,7279,7537,9720,8990,24961,33075,8273,15084,305307,121720,40991,15576,104699,6961,304
2021-05-09T23:59:59+02:00,6661,6505,11462,12186,13760,17717,23924,30232,58150,60585,48769,52638,33616,44186,9393,17218,1874,1633,2700,3197,3059,4930,4295,7353,7219,7459,9709,8976,24955,33071,8272,15084,304783,121659,37428,15532,104500,6304,291
2021-05-08T23:59:59+02:00,6656,6501,11451,12180,13751,17710,23918,30227,58141,60579,48766,52631,33611,44183,9392,17215,1873,1632,2700,3196,3059,4930,4292,7349,7218,7458,9708,8976,24954,33069,8272,15084,304694,121643,37427,15532,104500,6304,291
2021-05-07T23:59:59+02:00,6606,6459,11387,12133,13650,17629,23113,29607,57470,60012,48665,52528,33589,44158,9389,17202,1757,1579,2629,3157,3022,4902,4261,7325,7196,7428,9702,8970,24952,33068,8272,15083,301543,121612,37411,15526,104357,5879,286
2021-05-06T23:59:59+02:00,6323,6320,10845,11813,12920,17168,20812,27793,54154,57046,47622,51334,33316,43801,9346,17115,1500,1422,2409,3000,2858,4726,4104,7130,7046,7275,9632,8898,24935,33038,8269,15075,286536,121326,37225,15389,103810,4445,157
2021-05-05T23:59:59+02:00,6039,6203,10317,11561,12132,16702,18723,26120,50397,53400,46165,49624,32943,43311,9292,17014,1449,1305,2348,2883,2776,4536,4008,6892,6935,7090,9522,8810,24887,32970,8263,15061,269480,120862,36999,15346,103421,3484,43
2021-05-04T23:59:59+02:00,5933,6098,9984,11344,11675,16277,17521,25048,48677,51452,45180,48436,32625,42896,9234,16914,1433,1282,2321,2840,2738,4451,3952,6778,6862,7024,9485,8772,24869,32955,8262,15057,259155,120647,36976,15286,103143,3128,20
2021-05-03T23:59:59+02:00,5809,6000,9621,11164,11196,15997,16338,24079,47148,49843,44402,47576,32446,42599,9209,16840,1411,1250,2292,2815,2696,4386,3906,6724,6784,6970,8630,7668,23406,31023,8149,14860,250171,114864,36966,15204,103118,2890,12
2021-05-02T23:59:59+02:00,5737,5975,9509,11128,11055,15936,15638,23515,46709,49498,44286,47427,32404,42545,9202,16832,1406,1245,2278,2813,2681,4376,3884,6714,6765,6956,7974,6897,21913,29144,8110,14789,248970,114847,35355,10232,103064,2859,7
2021-05-01T23:59:59+02:00,5737,5972,9504,11123,11052,15935,15634,23511,46707,49494,44285,47427,32404,42545,9202,16832,1405,1245,2278,2813,2681,4376,3882,6714,6764,6956,7974,6896,21913,29144,8110,14789,248939,114843,35355,10232,103063,2858,7
2021-04-30T23:59:59+02:00,5684,5949,9435,11103,11001,15913,15543,23474,45159,48018,44026,47155,32373,42508,9200,16825,1175,1139,2092,2730,2585,4310,3805,6662,6700,6900,7970,6883,21912,29142,8110,14789,244953,114836,35355,10230,103051,1831,7
2021-04-29T23:59:59+02:00,5398,5852,8954,10957,10396,15741,14774,23210,40054,43477,43322,46414,32280,42414,9197,16797,974,1052,1932,2655,2501,4247,3697,6589,6631,6851,7951,6870,21909,29136,8110,14789,231261,114796,35254,10128,102715,963,7
2021-04-28T23:59:59+02:00,5206,5811,8702,10870,10036,15654,14414,23040,35064,38587,42462,45568,32173,42298,9187,16782,930,1015,1896,2614,2470,4162,3660,6479,6581,6767,7932,6857,21900,29122,8106,14783,218106,114713,35237,10080,102504,474,7
2021-04-27T23:59:59+02:00,4941,5553,8364,10404,9650,15081,13919,22397,33907,37421,42281,45379,32159,42275,9184,16780,901,998,1862,2593,2455,4144,3640,6459,6549,6743,7921,6850,21896,29117,8103,14777,215390,114657,35227,10051,99071,293,7
2021-04-26T23:59:59+02:00,4911,5520,8287,10364,9543,15031,13694,22275,29109,32600,41552,44688,32097,42193,9175,16773,865,987,1832,2577,2426,4118,3614,6438,6498,6701,7874,6797,21871,29094,8103,14770,203594,114459,35220,10008,98991,91,7
2021-04-25T23:59:59+02:00,4886,5504,8253,10338,9476,15001,13605,22230,26875,30244,41124,44238,32055,42153,9174,16769,851,978,1821,2564,2411,4103,3585,6417,6467,6669,7850,6778,21857,29075,8102,14767,202947,114435,30116,9765,98856,89,6
2021-04-24T23:59:59+02:00,4864,5489,8226,10310,9432,14986,13558,22205,25155,28363,40578,43611,32004,42096,9171,16764,850,977,1817,2562,2411,4098,3585,6415,6467,6665,7848,6777,21856,29075,8102,14767,197902,114415,30116,9764,98788,87,6
2021-04-23T23:59:59+02:00,4546,5299,7763,10014,9002,14623,12979,21803,24728,28095,40507,43557,31989,42068,9165,16759,836,967,1797,2547,2391,4082,3563,6394,6447,6646,7833,6757,21852,29066,8102,14767,197559,114400,30101,9566,95231,75,6
2021-04-22T23:59:59+02:00,4436,5224,7565,9903,8727,14420,12492,21441,22081,25311,38050,40683,31555,41515,9103,16649,820,955,1770,2518,2329,4021,3487,6329,6338,6551,7756,6670,21802,29021,8100,14757,184563,114282,29912,8864,94674,72,6
2021-04-21T23:59:59+02:00,4405,5189,7424,9817,8539,14243,12121,21120,20554,23769,35090,37268,31164,40927,9049,16538,794,937,1733,2489,2287,3996,3454,6297,6301,6511,7724,6641,21786,29002,8097,14753,172872,114177,29740,8551,94599,68,6
2021-04-20T23:59:59+02:00,4368,5154,7300,9748,8327,14075,11713,20805,19254,22376,31965,33810,30765,40421,9001,16448,787,926,1714,2478,2256,3971,3410,6243,6256,6476,7691,6597,21762,28981,8092,14750,161264,114022,29718,8296,94542,66,6
2021-04-19T23:59:59+02:00,4340,5135,7223,9706,8207,13961,11432,20602,18531,21617,31126,32743,30533,40111,8966,16383,777,920,1693,2464,2229,3939,3374,6209,6224,6445,7638,6562,21741,28958,8090,14747,156431,113889,29701,8051,94478,64,6
2021-04-18T23:59:59+02:00,4334,5128,7210,9690,8187,13944,11396,20566,18437,21533,31014,32631,30508,40089,8963,16378,775,916,1676,2452,2213,3922,3349,6179,6196,6425,7615,6550,21724,28937,8087,14745,155940,113830,29633,7862,94429,63,6
2021-04-17T23:59:59+02:00,4333,5125,7206,9689,8185,13944,11392,20557,18422,21524,30995,32619,30506,40088,8963,16378,774,915,1675,2452,2212,3921,3346,6177,6194,6424,7615,6550,21724,28937,8087,14745,155865,113817,29632,7862,94423,63,6
2021-04-16T23:59:59+02:00,4138,5075,6859,9551,7821,13756,10985,20297,17979,21267,30813,32468,30438,40008,8954,16363,761,896,1662,2439,2185,3907,3287,6138,6152,6370,7520,6452,21317,28385,8060,14688,155116,112495,29624,7658,92026,60,6
2021-04-15T23:59:59+02:00,4019,4973,6479,9176,7236,13229,10161,19395,16629,20026,29667,31207,29985,39455,8894,16210,727,871,1606,2397,2104,3822,3163,6005,5814,6123,7006,6042,20641,27511,7983,14546,149379,109179,29330,7121,88026,55,6
2021-04-14T23:59:59+02:00,3949,4906,6234,8936,6881,12831,9505,18803,15500,18945,28273,29730,29447,38678,8806,16048,688,842,1556,2359,2029,3744,3011,5873,5484,5857,6435,5517,19677,26250,7915,14400,142629,104914,29130,6668,85707,49,6
2021-04-13T23:59:59+02:00,3915,4871,6138,8852,6728,12706,9184,18532,14554,18120,24950,26163,28654,37667,8724,15900,681,832,1542,2333,2001,3708,2905,5800,5255,5654,6057,5167,19412,25947,7883,14338,131029,102823,29120,6638,85503,48,6
2021-04-12T23:59:59+02:00,3890,4843,6083,8796,6640,12624,8935,18302,13901,17527,23947,25026,28306,37187,8667,15793,671,824,1532,2324,1978,3688,2843,5747,5093,5535,5735,4882,19141,25659,7849,14289,125964,101241,29104,6495,85393,48,6
2021-04-11T23:59:59+02:00,3883,4836,6064,8772,6612,12605,8895,18275,13800,17457,23825,24891,28259,37122,8659,15771,668,818,1518,2314,1965,3680,2825,5731,5055,5492,5672,4820,18973,25433,7832,14262,125422,100580,29038,6424,85260,48,6
2021-04-10T23:59:59+02:00,3871,4835,6043,8772,6588,12604,8875,18274,13781,17455,23819,24887,28256,37122,8659,15771,665,816,1513,2309,1960,3677,2819,5723,5039,5482,5659,4802,18811,25181,7819,14240,125400,100071,28949,6390,85257,48,6
2021-04-09T23:59:59+02:00,3825,4821,5999,8762,6533,12584,8833,18249,13727,17403,21752,22334,27898,36657,8633,15733,649,800,1490,2285,1932,3659,2770,5678,4964,5426,5538,4695,18245,24446,7787,14182,124713,98309,23847,6191,85177,40,6
2021-04-08T23:59:59+02:00,3795,4801,5929,8733,6461,12538,8738,18185,13575,17282,19019,19082,27535,36187,8602,15695,599,765,1406,2199,1831,3563,2563,5479,4454,5050,4711,4029,16516,22284,7637,13915,123851,91348,17998,5618,84303,30,5
2021-04-07T23:59:59+02:00,3697,4768,5724,8688,6252,12477,8512,18114,13323,17177,16092,15700,27158,35734,8577,15649,575,730,1352,2145,1728,3473,2401,5319,4013,4716,3972,3435,15728,21460,7544,13762,123642,87051,16468,5272,77528,26,4
2021-04-06T23:59:59+02:00,3665,4757,5676,8668,6186,12452,8424,18076,13246,17101,13816,12991,26833,35385,8567,15624,539,706,1279,2086,1642,3390,2224,5182,3624,4447,3435,2989,14938,20506,7480,13662,123516,83433,16267,4671,71680,21,4
2021-04-05T23:59:59+02:00,3661,4752,5637,8655,6151,12442,8373,18056,13180,17066,13770,12945,26825,35371,8566,15623,505,668,1220,2052,1591,3350,2159,5123,3538,4371,3376,2946,14804,20337,7471,13646,123494,82949,16059,4184,71517,21,3
2021-04-04T23:59:59+02:00,3660,4751,5637,8654,6150,12442,8372,18053,13180,17066,13767,12945,26824,35371,8566,15623,505,667,1220,2052,1591,3350,2159,5123,3538,4371,3376,2946,14803,20337,7471,13646,123487,82947,16059,4184,71512,21,3
2021-04-03T23:59:59+02:00,3659,4751,5637,8653,6150,12442,8372,18053,13180,17066,13766,12943,26823,35369,8566,15623,505,666,1220,2052,1590,3350,2159,5121,3531,4368,3371,2936,14717,20199,7462,13632,123481,82671,16059,4184,71510,21,3
2021-04-02T23:59:59+02:00,3658,4748,5635,8648,6145,12433,8363,18040,13150,17035,13721,12887,26801,35358,8563,15619,501,658,1219,2048,1578,3343,2149,5097,3499,4333,3341,2906,13774,18932,7414,13551,123318,80216,16056,4103,71427,21,3
2021-04-01T23:59:59+02:00,3641,4734,5599,8628,6081,12398,8280,18003,13033,16959,13613,12763,26748,35289,8556,15608,442,609,1127,1976,1476,3260,1997,4982,3293,4191,3108,2704,11782,16341,7325,13411,123002,74684,15933,3316,70995,21,3
2021-03-31T23:59:59+02:00,3637,4717,5578,8593,6050,12362,8236,17957,12956,16882,13491,12644,26709,35241,8550,15599,403,585,1085,1933,1405,3218,1880,4868,3035,3982,2659,2398,9251,13112,7171,13205,122699,67193,15894,2974,70606,20,3
2021-03-30T23:59:59+02:00,3629,4706,5552,8563,6020,12332,8194,17914,12877,16806,13404,12517,26681,35198,8545,15590,381,564,1061,1901,1343,3180,1743,4785,2783,3803,2259,2138,8413,12038,7122,13102,122572,63895,15865,2700,70089,19,2
2021-03-29T23:59:59+02:00,3615,4699,5525,8546,5985,12299,8152,17880,12795,16723,12464,11329,25109,33114,8426,15377,373,562,1056,1884,1320,3155,1700,4739,2630,3717,1962,1982,7788,11328,7084,13038,116601,61602,15696,2697,69739,17,2
2021-03-28T23:59:59+02:00,3583,4674,5475,8516,5934,12255,8068,17827,12685,16646,11733,10487,23600,31191,8379,15298,372,560,1054,1883,1313,3152,1693,4737,2618,3709,1937,1961,7769,11315,7082,13034,116541,61476,10529,2694,69279,17,2
2021-03-27T23:59:59+01:00,3569,4669,5435,8507,5897,12241,8018,17812,12643,16594,11704,10449,23597,31185,8379,15298,372,560,1054,1883,1313,3152,1692,4734,2616,3707,1935,1960,7714,11230,7055,12994,116474,61258,10528,2694,68993,17,2
2021-03-26T23:59:59+01:00,3415,4231,4959,7352,5402,10883,7390,15644,11861,14588,11517,10272,23113,30474,8341,15235,371,556,1049,1880,1306,3148,1691,4731,2610,3701,1927,1954,7554,11016,6941,12835,114928,60580,10274,2682,59473,6,2
2021-03-25T23:59:59+01:00,3278,3876,4789,6595,5168,9684,7041,13835,11111,12939,10636,9461,22480,29701,8282,15099,366,548,1041,1869,1294,3130,1669,4693,2568,3650,1859,1891,7233,10509,6708,12476,112022,58818,9583,2679,52368,5,2
2021-03-24T23:59:59+01:00,3222,3832,4720,6525,5030,9579,6818,13659,10574,12490,9791,8620,21537,28503,8204,14950,364,542,1032,1864,1275,3119,1655,4663,2517,3596,1792,1810,6804,9943,6366,11915,108018,56587,9238,2665,50798,5,0
2021-03-23T23:59:59+01:00,3191,3793,4635,6454,4929,9483,6584,13477,10106,12045,9069,7948,21080,27962,8161,14852,351,528,1014,1855,1261,3099,1623,4639,2461,3543,1709,1747,6457,9456,6051,11409,105645,54535,8906,2664,49218,4,0
2021-03-22T23:59:59+01:00,3170,3755,4579,6413,4847,9413,6429,13331,9722,11738,8462,7389,20717,27573,8112,14771,345,523,1003,1849,1247,3082,1609,4625,2435,3517,1684,1727,6232,9151,5697,10729,104166,52792,8646,2659,47609,4,0
2021-03-21T23:59:59+01:00,3160,3739,4530,6389,4798,9375,6333,13253,9521,11536,8146,7127,20584,27436,8103,14749,345,523,1002,1849,1246,3082,1608,4624,2432,3517,1675,1721,6219,9141,5673,10677,103966,52688,8417,2642,46396,4,0
2021-03-20T23:59:59+01:00,3159,3734,4522,6383,4792,9373,6329,13246,9498,11519,8115,7097,20410,27160,8088,14725,345,523,1002,1848,1245,3082,1607,4623,2428,3508,1662,1707,6173,9056,5530,10478,103409,52195,8405,2618,46336,4,0
2021-03-19T23:59:59+01:00,3115,3702,4444,6345,4686,9325,6168,13181,9239,11320,7807,6873,19946,26586,8064,14673,345,523,1001,1846,1245,3080,1604,4621,2421,3503,1647,1699,6064,8923,5198,9952,102111,51070,8164,2598,45199,4,0
2021-03-18T23:59:59+01:00,3038,3618,4266,6203,4442,9119,5760,12849,8283,10611,6544,5810,18793,25339,7944,14468,341,519,997,1836,1228,3066,1563,4601,2350,3461,1572,1654,5869,8619,4596,9050,97222,48764,7622,2556,42243,2,0
2021-03-17T23:59:59+01:00,3000,3571,4176,6104,4300,8993,5480,12549,7569,10033,5537,4884,17529,23862,7804,14253,337,518,993,1827,1223,3057,1547,4580,2275,3432,1509,1611,5733,8391,4117,8336,91828,46984,7120,2500,40696,2,0
2021-03-16T23:59:59+01:00,2976,3540,4110,6032,4204,8896,5287,12380,7089,9638,4762,4226,16736,22931,7719,14107,333,516,990,1822,1219,3049,1540,4570,2250,3412,1481,1593,5600,8212,3708,7667,88191,45539,7084,2421,39358,2,0
2021-03-15T23:59:59+01:00,2972,3526,4093,6017,4172,8871,5233,12330,6960,9517,4611,4054,16435,22543,7696,14053,331,512,989,1816,1213,3042,1523,4558,2225,3389,1440,1579,5417,7981,3255,6964,87415,43954,6992,2279,38676,1,0
2021-03-14T23:59:59+01:00,2964,3515,4076,5996,4140,8854,5184,12294,6865,9420,4509,3948,16315,22378,7680,14023,329,511,988,1814,1207,3035,1519,4548,2212,3382,1430,1571,5410,7973,3250,6953,87100,43894,6974,2237,38087,1,0
2021-03-13T23:59:59+01:00,2960,3509,4073,5986,4132,8849,5176,12282,6844,9408,4486,3920,16001,21940,7661,13991,329,511,988,1814,1207,3035,1519,4548,2212,3382,1430,1571,5410,7972,3250,6953,86218,43893,6950,2237,38050,1,0
2021-03-12T23:59:59+01:00,2885,3418,3971,5818,4006,8620,5037,11971,6667,9164,4344,3784,15076,20673,7610,13910,329,509,986,1812,1207,3032,1516,4542,2212,3376,1422,1569,5402,7948,3248,6942,83757,43815,6888,2236,36309,1,0
2021-03-11T23:59:59+01:00,2740,3160,3750,5486,3751,8155,4675,11175,6038,8384,3829,3299,13530,18708,7528,13788,329,509,982,1808,1205,3019,1506,4525,2199,3352,1376,1539,5364,7914,3238,6916,79464,43665,6725,2115,31807,1,0
2021-03-10T23:59:59+01:00,2597,2998,3602,5251,3558,7824,4383,10664,5476,7827,3245,2859,11307,16015,7405,13592,326,505,976,1797,1200,3009,1499,4510,2174,3335,1346,1532,5334,7898,3231,6909,73168,43596,6555,1985,28880,0,0
2021-03-09T23:59:59+01:00,2565,2930,3536,5174,3445,7724,4192,10457,5064,7479,2742,2489,9854,14024,7328,13472,325,503,976,1790,1193,3001,1494,4502,2167,3324,1331,1528,5327,7893,3228,6907,68332,43555,6405,1934,27738,0,0
2021-03-08T23:59:59+01:00,2535,2856,3481,5105,3367,7641,4056,10334,4761,7281,2279,2226,7968,11612,7223,13336,325,498,975,1782,1186,2984,1488,4491,2162,3318,1322,1517,5308,7873,3223,6899,62649,43443,6070,1908,27342,0,0
2021-03-07T23:59:59+01:00,2468,2789,3381,4998,3270,7557,3950,10238,4640,7197,2227,2175,7951,11593,7223,13329,325,497,974,1782,1186,2984,1488,4491,2162,3318,1322,1517,5308,7873,3223,6899,62521,43441,5389,1908,27076,0,0
2021-03-06T23:59:59+01:00,2460,2773,3369,4992,3266,7552,3941,10229,4629,7193,2225,2174,7899,11514,7197,13289,325,497,973,1778,1185,2982,1488,4488,2158,3314,1319,1512,5304,7867,3221,6891,62312,43394,5329,1908,27061,0,0
2021-03-05T23:59:59+01:00,2310,2668,3142,4802,3033,7228,3652,9821,4310,6892,2159,2120,7660,11172,7036,13061,325,495,971,1775,1185,2981,1487,4482,2154,3307,1313,1511,5298,7860,3221,6886,61335,43343,4491,1908,25240,0,0
2021-03-04T23:59:59+01:00,2029,2411,2722,4351,2581,6577,3044,8857,3667,6182,1964,1977,7346,10719,6799,12699,323,494,970,1766,1182,2963,1487,4467,2142,3298,1304,1509,5287,7847,3214,6876,59696,43224,3216,1905,21013,0,0
2021-03-03T23:59:59+01:00,1952,2308,2611,4183,2454,6347,2898,8564,3499,5955,1884,1904,6952,10156,6506,12217,322,489,970,1755,1180,2939,1480,4440,2139,3288,1280,1497,5283,7842,3210,6868,57694,43077,3070,1905,19626,0,0
2021-03-02T23:59:59+01:00,1911,2211,2543,4069,2369,6191,2790,8380,3388,5821,1808,1837,6570,9600,6185,11669,318,482,969,1736,1177,2919,1476,4422,2137,3277,1257,1492,5273,7824,3204,6863,55597,42921,2829,1905,18916,0,0
2021-03-01T23:59:59+01:00,1896,2180,2502,3953,2321,6080,2753,8279,3338,5748,1766,1816,6340,9302,5807,10940,317,478,966,1732,1175,2908,1475,4407,2135,3262,1251,1489,5271,7822,3203,6857,53736,42843,2817,1905,18468,0,0
2021-02-28T23:59:59+01:00,1876,2136,2467,3887,2293,6019,2708,8203,3314,5708,1761,1813,6324,9290,5780,10888,317,478,965,1732,1175,2908,1475,4406,2135,3261,1251,1488,5271,7822,3203,6857,53616,42840,2815,1904,18036,0,0
2021-02-27T23:59:59+01:00,1872,2126,2465,3884,2289,6019,2707,8202,3312,5705,1755,1801,6283,9214,5641,10702,317,478,955,1727,1164,2898,1466,4400,2121,3252,1250,1485,5271,7821,3203,6857,53152,42836,2815,1829,18010,0,0
2021-02-26T23:59:59+01:00,1671,1947,2349,3641,2209,5592,2611,7680,3230,5305,1746,1784,6208,9123,5430,10369,316,475,948,1720,1156,2877,1459,4379,2109,3242,1245,1476,5264,7805,3199,6848,52404,42758,2794,1760,15697,0,0
2021-02-25T23:59:59+01:00,1432,1624,2134,3205,2037,4807,2399,6670,3011,4529,1663,1728,6064,8892,4956,9684,313,463,940,1657,1122,2776,1421,4272,2056,3175,1212,1458,5222,7756,3184,6804,50529,42296,2781,1535,11525,0,0
2021-02-24T23:59:59+01:00,1368,1380,2027,2940,1931,4461,2267,6257,2838,4288,1597,1685,5885,8594,4323,8721,310,452,898,1608,1069,2683,1364,4152,1964,3055,1181,1435,5205,7733,3177,6788,48199,42041,2769,1033,9594,0,0
2021-02-23T23:59:59+01:00,1352,1323,1992,2877,1904,4360,2242,6169,2806,4238,1590,1672,5727,8374,3811,7869,310,451,867,1574,1020,2625,1310,4077,1852,2987,1139,1414,5186,7706,3167,6756,46422,41846,2742,595,9142,0,0
2021-02-22T23:59:59+01:00,1339,1271,1942,2735,1858,4214,2183,5962,2763,4153,1580,1662,5564,8158,3334,7152,308,439,822,1533,963,2536,1215,3969,1707,2897,1064,1362,5144,7633,3143,6659,44814,41388,2721,6,8335,0,0
2021-02-21T23:59:59+01:00,1335,1249,1910,2673,1832,4118,2158,5849,2742,4107,1573,1656,5562,8148,3334,7150,305,436,818,1522,955,2508,1213,3930,1695,2859,1054,1349,5125,7606,3124,6620,44763,41113,2710,6,7923,0,0
2021-02-20T23:59:59+01:00,1335,1249,1910,2673,1831,4118,2158,5849,2740,4101,1564,1649,5558,8142,3332,7147,305,436,818,1520,954,2505,1212,3925,1694,2858,1054,1349,5065,7534,3086,6575,44749,40885,2685,5,7922,0,0
2021-02-19T23:59:59+01:00,1335,1246,1907,2666,1830,4111,2157,5840,2737,4097,1544,1640,5545,8127,3330,7141,303,434,814,1511,945,2478,1207,3882,1663,2808,1025,1311,4853,7240,2937,6322,44669,39728,2666,5,7918,0,0
2021-02-18T23:59:59+01:00,1302,1149,1869,2546,1790,3973,2094,5618,2682,3951,1531,1627,5531,8090,3326,7119,273,394,766,1384,895,2267,1124,3532,1542,2536,913,1114,4325,6392,2594,5565,44518,35611,2633,5,7047,0,0
2021-02-17T23:59:59+01:00,1246,989,1788,2325,1710,3662,1988,5236,2609,3753,1513,1619,5509,8076,3318,7115,267,386,757,1371,884,2243,1111,3496,1525,2518,906,1111,3898,5796,2351,5222,44477,33837,2576,5,5403,0,0
2021-02-16T23:59:59+01:00,1202,944,1728,2216,1642,3485,1919,5035,2532,3662,1477,1603,5484,8057,3311,7104,260,378,739,1333,866,2189,1075,3373,1492,2443,883,1088,3486,5170,2072,4816,44424,31659,2413,4,4564,0,0
2021-02-15T23:59:59+01:00,1192,920,1711,2139,1623,3388,1898,4922,2513,3591,1453,1592,5448,8033,3288,7056,247,365,722,1297,848,2140,1054,3305,1453,2379,853,1059,3022,4541,1789,4335,44295,29406,2328,3,4144,0,0
2021-02-14T23:59:59+01:00,1089,876,1639,2114,1562,3368,1855,4901,2479,3579,1445,1588,5442,8021,3285,7052,240,353,710,1277,832,2106,1037,3230,1420,2316,822,1010,2925,4397,1732,4160,44253,28564,2292,3,3750,0,0
2021-02-13T23:59:59+01:00,1026,848,1618,2093,1545,3361,1842,4895,2471,3578,1444,1587,5442,8021,3284,7051,237,352,709,1277,832,2102,1037,3229,1418,2314,822,1010,2813,4260,1678,4074,44247,28161,2292,3,3567,0,0
2021-02-12T23:59:59+01:00,644,684,1291,1979,1389,3261,1704,4809,2367,3519,1430,1581,5432,8010,3279,7046,224,344,698,1252,816,2054,1013,3142,1357,2218,765,937,2564,3915,1564,3810,44134,26671,2292,2,1999,0,0
2021-02-11T23:59:59+01:00,449,589,1122,1876,1286,3140,1612,4694,2273,3437,1327,1537,5374,7965,3261,7000,180,270,594,989,678,1592,808,2442,1071,1679,542,696,1906,2928,1144,2751,43783,20269,2095,1,1064,0,0
2021-02-10T23:59:59+01:00,324,498,987,1783,1201,3004,1510,4509,2169,3334,1292,1523,5355,7954,3257,6999,155,180,408,628,511,1077,636,1820,913,1409,526,682,1443,2298,889,2329,43706,15904,1989,0,4,0,0
2021-02-09T23:59:59+01:00,324,495,986,1778,1198,2996,1510,4504,2168,3329,1285,1520,5353,7952,3256,6997,152,175,397,601,491,1048,617,1789,890,1382,524,679,1014,1774,661,1986,43682,14180,1966,0,3,0,0
2021-02-08T23:59:59+01:00,324,493,985,1776,1195,2987,1504,4498,2166,3324,1280,1517,5350,7952,3255,6994,146,168,387,589,481,1030,606,1756,871,1360,518,674,565,1205,414,1640,43654,12410,1943,0,3,0,0
2021-02-07T23:59:59+01:00,324,493,983,1776,1194,2987,1502,4496,2166,3324,1280,1517,5350,7951,3255,6994,142,163,382,584,481,1023,602,1743,861,1345,512,671,564,1192,409,1628,43650,12302,1942,0,0,0,0
2021-02-06T23:59:59+01:00,324,493,983,1776,1194,2987,1502,4496,2166,3324,1280,1517,5350,7951,3255,6994,138,159,380,582,481,1022,602,1741,860,1343,512,671,564,1192,409,1628,43650,12284,1942,0,0,0,0
2021-02-05T23:59:59+01:00,324,492,982,1776,1194,2986,1500,4495,2165,3324,1280,1517,5349,7948,3255,6992,136,150,377,578,473,1010,598,1727,845,1324,508,661,557,1176,401,1606,43637,12127,1942,0,0,0,0
2021-02-04T23:59:59+01:00,319,483,976,1737,1188,2941,1497,4438,2153,3289,1273,1510,5320,7914,3245,6966,104,100,250,393,350,751,465,1312,635,993,387,532,471,973,348,1378,43308,9442,1941,0,0,0,0
2021-02-03T23:59:59+01:00,316,472,970,1713,1185,2902,1487,4389,2145,3255,1264,1497,5295,7882,3236,6942,60,48,87,165,162,368,225,607,310,495,209,290,274,619,206,870,43009,4995,1941,0,0,0,0
2021-02-02T23:59:59+01:00,315,470,968,1699,1182,2881,1483,4358,2138,3230,1256,1491,5288,7868,3229,6921,18,15,28,48,61,108,74,161,96,114,44,74,65,143,47,173,42836,1269,1941,0,0,0,0
2021-02-01T23:59:59+01:00,315,466,968,1697,1181,2880,1482,4352,2137,3226,1255,1491,5288,7868,3229,6921,15,14,25,41,51,98,60,133,73,96,39,64,56,135,46,160,42815,1106,1941,0,0,0,0
2021-01-31T23:59:59+01:00,315,463,968,1695,1180,2876,1482,4346,2137,3224,1254,1490,5288,7868,3229,6921,14,12,23,38,44,87,52,123,63,92,37,53,45,127,44,154,42795,1008,1941,0,0,0,0
2021-01-30T23:59:59+01:00,315,463,963,1691,1171,2868,1475,4340,2133,3222,1254,1490,5228,7796,3191,6876,14,12,23,37,44,87,51,122,63,92,37,53,45,127,44,154,42569,1005,1907,0,0,0,0
2021-01-29T23:59:59+01:00,313,462,949,1681,1159,2847,1463,4309,2111,3198,1247,1484,5040,7555,3053,6711,12,12,23,37,41,87,50,119,60,92,35,48,44,127,44,154,41784,985,1798,0,0,0,0
2021-01-28T23:59:59+01:00,308,438,928,1600,1117,2731,1423,4215,2044,3124,1223,1476,4665,7022,2827,6422,8,6,10,16,23,42,19,58,36,59,20,32,34,84,33,102,40010,582,1553,0,0,0,0
2021-01-27T23:59:59+01:00,301,428,883,1545,1065,2633,1363,4121,1970,3022,1188,1449,4204,6380,2562,6047,4,5,9,7,14,25,5,21,15,26,11,15,15,44,13,51,38056,280,1105,0,0,0,0
2021-01-26T23:59:59+01:00,294,417,843,1491,1002,2545,1298,3991,1848,2927,1140,1401,3800,5749,2272,5615,2,2,4,2,6,7,3,3,2,7,7,5,3,7,3,8,35975,71,658,0,0,0,0
2021-01-25T23:59:59+01:00,283,406,789,1427,938,2424,1189,3842,1687,2820,1076,1373,3366,5160,2003,5231,2,2,4,1,4,7,1,3,2,7,7,5,3,7,3,8,33957,66,57,0,0,0,0
2021-01-24T23:59:59+01:00,280,406,781,1421,928,2408,1185,3826,1657,2791,1073,1372,3336,5124,1990,5210,2,2,2,1,4,7,1,3,2,7,7,5,3,7,3,8,33783,64,5,0,0,0,0
2021-01-23T23:59:59+01:00,278,405,781,1421,928,2404,1184,3825,1653,2789,1073,1372,3221,4986,1934,5123,2,2,2,1,3,7,1,3,2,7,7,5,3,7,3,8,33373,63,4,0,0,0,0
2021-01-22T23:59:59+01:00,276,401,780,1407,926,2391,1178,3811,1649,2786,1071,1371,3039,4766,1855,5005,2,2,2,1,3,7,1,3,2,7,7,5,3,7,3,8,32708,63,4,0,0,0,0
2021-01-21T23:59:59+01:00,267,362,715,1242,859,2177,1097,3521,1553,2603,1032,1335,2643,4228,1619,4641,2,1,2,0,3,7,1,3,2,7,7,4,3,7,3,8,29890,60,4,0,0,0,0
2021-01-20T23:59:59+01:00,241,272,541,884,686,1664,886,2805,1328,2195,944,1196,2043,3395,1282,3975,2,1,2,0,3,7,1,3,2,5,6,4,3,7,3,8,24333,57,4,0,0,0,0
2021-01-19T23:59:59+01:00,211,247,491,776,629,1494,797,2482,1150,1907,779,938,1340,2371,896,3026,0,1,1,0,0,0,0,0,1,1,1,0,0,0,0,0,19532,5,2,0,0,0,0
2021-01-18T23:59:59+01:00,159,183,405,640,505,1120,649,1907,946,1465,576,725,634,1339,463,1836,0,0,0,0,0,0,0,0,0,0,0,0,0,0,0,0,13551,0,1,0,0,0,0
2021-01-17T23:59:59+01:00,147,166,391,603,490,1050,618,1785,885,1370,529,687,587,1240,424,1698,0,0,0,0,0,0,0,0,0,0,0,0,0,0,0,0,12670,0,0,0,0,0,0
2021-01-16T23:59:59+01:00,139,161,389,598,488,1040,612,1773,878,1363,529,687,586,1235,420,1685,0,0,0,0,0,0,0,0,0,0,0,0,0,0,0,0,12583,0,0,0,0,0,0
2021-01-15T23:59:59+01:00,136,153,386,592,480,1026,608,1758,862,1343,524,675,578,1219,414,1663,0,0,0,0,0,0,0,0,0,0,0,0,0,0,0,0,12417,0,0,0,0,0,0
2021-01-14T23:59:59+01:00,114,122,295,475,405,849,506,1464,702,1078,412,547,499,1033,364,1493,0,0,0,0,0,0,0,0,0,0,0,0,0,0,0,0,10358,0,0,0,0,0,0
2021-01-13T23:59:59+01:00,74,74,179,287,266,554,354,949,469,698,254,338,314,689,234,942,0,0,0,0,0,0,0,0,0,0,0,0,0,0,0,0,6675,0,0,0,0,0,0
2021-01-12T23:59:59+01:00,34,30,54,101,119,234,146,391,201,301,138,185,163,392,135,515,0,0,0,0,0,0,0,0,0,0,0,0,0,0,0,0,3139,0,0,0,0,0,0
2021-01-11T23:59:59+01:00,21,17,36,62,59,121,74,166,92,116,39,64,59,140,47,161,0,0,0,0,0,0,0,0,0,0,0,0,0,0,0,0,1274,0,0,0,0,0,0
2021-01-10T23:59:59+01:00,17,12,31,51,51,109,63,148,74,106,36,54,49,130,44,153,0,0,0,0,0,0,0,0,0,0,0,0,0,0,0,0,1128,0,0,0,0,0,0
2021-01-09T23:59:59+01:00,16,12,30,49,50,107,60,147,74,105,36,54,49,130,44,153,0,0,0,0,0,0,0,0,0,0,0,0,0,0,0,0,1116,0,0,0,0,0,0
2021-01-08T23:59:59+01:00,13,12,28,47,45,99,55,136,69,102,34,49,48,130,44,153,0,0,0,0,0,0,0,0,0,0,0,0,0,0,0,0,1064,0,0,0,0,0,0
2021-01-07T23:59:59+01:00,8,6,9,17,22,42,19,59,38,61,21,34,37,89,33,101,0,0,0,0,0,0,0,0,0,0,0,0,0,0,0,0,596,0,0,0,0,0,0
2021-01-06T23:59:59+01:00,8,6,8,14,16,31,12,43,25,49,16,24,31,78,31,90,0,0,0,0,0,0,0,0,0,0,0,0,0,0,0,0,482,0,0,0,0,0,0
2021-01-05T23:59:59+01:00,8,6,8,14,16,31,12,43,25,49,16,24,30,78,31,90,0,0,0,0,0,0,0,0,0,0,0,0,0,0,0,0,481,0,0,0,0,0,0
2021-01-04T23:59:59+01:00,3,5,6,4,6,14,1,8,6,15,6,6,6,15,4,13,0,0,0,0,0,0,0,0,0,0,0,0,0,0,0,0,118,0,0,0,0,0,0
2021-01-03T23:59:59+01:00,2,2,1,1,3,7,1,4,2,8,5,4,3,8,3,8,0,0,0,0,0,0,0,0,0,0,0,0,0,0,0,0,62,0,0,0,0,0,0
2021-01-02T23:59:59+01:00,2,2,1,1,3,7,1,4,2,8,5,4,3,8,3,8,0,0,0,0,0,0,0,0,0,0,0,0,0,0,0,0,62,0,0,0,0,0,0
2021-01-01T23:59:59+01:00,2,2,1,1,3,7,1,4,2,8,5,4,3,8,3,8,0,0,0,0,0,0,0,0,0,0,0,0,0,0,0,0,62,0,0,0,0,0,0
2020-12-31T23:59:59+01:00,2,2,1,0,3,7,1,3,2,7,5,4,3,8,3,8,0,0,0,0,0,0,0,0,0,0,0,0,0,0,0,0,59,0,0,0,0,0,0
2020-12-30T23:59:59+01:00,2,2,1,0,3,7,1,3,2,5,5,4,3,8,3,8,0,0,0,0,0,0,0,0,0,0,0,0,0,0,0,0,57,0,0,0,0,0,0
2020-12-29T23:59:59+01:00,2,2,0,0,3,6,1,3,2,5,3,2,2,8,2,7,0,0,0,0,0,0,0,0,0,0,0,0,0,0,0,0,48,0,0,0,0,0,0
2020-12-28T23:59:59+01:00,1,1,0,0,1,2,0,0,0,3,0,1,0,1,1,4,0,0,0,0,0,0,0,0,0,0,0,0,0,0,0,0,15,0,0,0,0,0,0
2020-12-27T23:59:59+01:00,0,0,0,0,1,1,0,0,0,2,0,1,0,1,1,4,0,0,0,0,0,0,0,0,0,0,0,0,0,0,0,0,11,0,0,0,0,0,0
