Datum,<15_m,<15_w,15-24_1_m,15-24_1_w,25-34_1_m,25-34_1_w,35-44_1_m,35-44_1_w,45-54_1_m,45-54_1_w,55-64_1_m,55-64_1_w,65-74_1_m,65-74_1_w,75-84_1_m,75-84_1_w,>84_1_m,>84_1_w,<24_2_m,<24_2_w,25-34_2_m,25-34_2_w,35-44_2_m,35-44_2_w,45-54_2_m,45-54_2_w,55-64_2_m,55-64_2_w,65-74_2_m,65-74_2_w,75-84_2_m,75-84_2_w,>84_2_m,>84_2_w,bp_1,bp_2,mo_1,mo_2,az_1,az_2,ja,unb_1,unb_2
2021-10-09T23:59:59+02:00,5567,5359,44006,42216,57756,50301,61778,58239,73427,71778,87796,85807,60621,64779,39680,50974,12581,22605,39861,38191,53855,46100,58281,54138,69554,67273,83874,81861,58545,62406,38358,49148,12061,21581,664537,622386,79332,76058,109624,103748,41749,50,60
2021-10-08T23:59:59+02:00,5544,5341,43961,42178,57707,50258,61740,58212,73391,71752,87772,85796,60616,64774,39675,50968,12579,22603,39828,38154,53828,46069,58252,54105,69530,67254,83857,81849,58542,62395,38356,49147,12060,21579,664199,622137,79330,76055,109624,103748,41686,50,60
2021-10-07T23:59:59+02:00,5479,5265,43823,42046,57599,50133,61652,58125,73316,71680,87716,85758,60600,64749,39662,50955,12573,22593,39638,37926,53694,45877,58127,53945,69426,67146,83802,81789,58513,62351,38334,49130,12053,21571,663162,620573,79314,76046,109624,103748,41596,50,60
2021-10-06T23:59:59+02:00,5455,5227,43684,41930,57484,50044,61573,58034,73251,71613,87656,85714,60583,64724,39648,50931,12570,22577,39478,37748,53564,45726,58024,53808,69335,67037,83737,81715,58479,62312,38319,49104,12051,21555,662242,619217,79293,76044,109623,103748,41510,50,60
2021-10-05T23:59:59+02:00,5415,5191,43556,41788,57372,49909,61458,57957,73182,71550,87602,85654,60564,64704,39636,50913,12565,22562,39345,37603,53447,45598,57930,53688,69237,66960,83678,81655,58454,62280,38301,49080,12045,21551,661207,618081,79287,76036,109623,103747,41431,50,60
2021-10-04T23:59:59+02:00,5386,5178,43478,41719,57303,49835,61410,57915,73126,71504,87569,85628,60545,64685,39629,50904,12560,22549,39272,37551,53379,45537,57892,53639,69200,66907,83648,81628,58428,62260,38291,49070,12043,21548,660646,617602,79283,76014,109623,103743,41341,50,60
2021-10-03T23:59:59+02:00,5376,5162,43450,41682,57250,49800,61374,57881,73097,71478,87545,85604,60535,64677,39618,50897,12557,22538,39242,37520,53349,45518,57867,53609,69180,66887,83628,81610,58417,62247,38285,49068,12042,21542,660322,617379,79281,76013,109623,103743,41265,50,60
2021-10-02T23:59:59+02:00,5376,5162,43449,41681,57247,49799,61374,57881,73097,71477,87545,85604,60535,64677,39618,50897,12557,22538,39242,37520,53349,45518,57867,53609,69180,66887,83628,81610,58417,62247,38285,49068,12042,21542,660317,617379,79279,76013,109623,103743,41265,50,60
2021-10-01T23:59:59+02:00,5363,5141,43374,41613,57180,49735,61312,57846,73045,71438,87507,85573,60520,64667,39613,50889,12557,22538,39186,37465,53301,45489,57827,53571,69145,66860,83604,81587,58410,62246,38282,49066,12042,21541,659835,617083,79278,76012,109623,103742,41145,50,60
2021-09-30T23:59:59+02:00,5292,5061,43196,41423,57021,49567,61191,57700,72950,71331,87434,85525,60497,64628,39593,50868,12553,22530,38956,37198,53141,45299,57687,53404,69044,66741,83529,81514,58393,62210,38266,49040,12036,21538,658522,615441,79266,76012,109623,103739,40919,50,60
2021-09-29T23:59:59+02:00,5259,5024,43059,41273,56883,49435,61095,57600,72866,71243,87377,85476,60473,64605,39576,50850,12549,22520,38768,36977,53000,45150,57595,53277,68950,66634,83463,81429,58351,62184,38254,49024,12033,21529,657512,614087,79240,76008,109623,103738,40758,50,60
2021-09-28T23:59:59+02:00,5217,4980,42851,41115,56738,49298,60991,57494,72781,71154,87314,85409,60443,64581,39561,50829,12542,22499,38573,36790,52858,45016,57496,53165,68867,66549,83387,81359,58323,62153,38238,49004,12031,21522,656317,612852,79231,76007,109622,103736,40597,50,60
2021-09-27T23:59:59+02:00,5186,4958,42760,41036,56646,49216,60906,57414,72718,71099,87264,85367,60421,64551,39539,50807,12534,22467,38486,36732,52779,44965,57423,53111,68830,66506,83344,81325,58300,62131,38228,48989,12029,21513,655659,612463,79225,75976,109622,103730,40353,50,60
2021-09-26T23:59:59+02:00,5173,4932,42716,41003,56615,49182,60888,57391,72694,71079,87250,85345,60411,64542,39535,50802,12533,22466,38464,36716,52746,44936,57401,53094,68808,66483,83325,81311,58294,62123,38223,48985,12029,21513,655413,612293,79220,75971,109622,103730,40272,50,60
2021-09-25T23:59:59+02:00,5173,4931,42712,41001,56615,49181,60888,57390,72693,71077,87250,85345,60411,64542,39535,50802,12533,22466,38460,36713,52745,44936,57401,53092,68807,66481,83325,81311,58293,62122,38223,48985,12029,21513,655407,612282,79218,75971,109622,103730,40268,50,60
2021-09-24T23:59:59+02:00,5154,4920,42627,40920,56551,49116,60822,57334,72632,71017,87212,85306,60399,64533,39530,50798,12532,22464,38403,36662,52695,44892,57351,53050,68761,66426,83292,81287,58282,62116,38220,48982,12028,21511,655060,612123,79215,75968,109622,103730,39939,50,60
2021-09-23T23:59:59+02:00,5082,4818,42356,40647,56325,48905,60650,57134,72478,70878,87078,85212,60344,64487,39510,50759,12525,22433,38165,36484,52505,44727,57202,52910,68630,66316,83192,81202,58245,62077,38207,48956,12021,21494,653448,610968,79202,75957,109621,103728,39318,50,60
2021-09-22T23:59:59+02:00,5043,4763,42202,40462,56148,48727,60503,56978,72367,70740,86985,85127,60307,64435,39488,50722,12522,22418,38028,36338,52344,44594,57073,52785,68553,66217,83104,81120,58212,62041,38190,48935,12018,21484,652132,609939,79188,75953,109620,103726,38965,50,60
2021-09-21T23:59:59+02:00,5007,4707,42003,40215,55925,48501,60339,56829,72275,70620,86897,85046,60264,64390,39469,50682,12513,22403,37866,36192,52193,44454,56953,52688,68485,66137,83027,81055,58183,62017,38166,48913,12012,21471,650551,608904,79187,75953,109620,103725,38695,50,60
2021-09-20T23:59:59+02:00,4982,4685,41897,40134,55795,48407,60236,56746,72197,70555,86839,84990,60239,64370,39456,50662,12507,22385,37784,36121,52078,44380,56869,52628,68423,66086,82976,81013,58160,61999,38156,48886,12009,21466,649846,608458,79177,75901,109620,103712,38407,50,60
2021-09-19T23:59:59+02:00,4977,4681,41853,40106,55721,48360,60188,56705,72156,70541,86812,84976,60232,64361,39455,50654,12507,22383,37752,36098,52033,44364,56835,52617,68387,66070,82954,80996,58152,61993,38153,48882,12009,21464,649589,608325,79175,75899,109617,103711,38255,50,60
2021-09-18T23:59:59+02:00,4975,4679,41841,40100,55703,48346,60169,56695,72144,70528,86802,84972,60227,64358,39454,50654,12507,22382,37748,36095,52017,44359,56822,52607,68378,66062,82944,80992,58147,61990,38151,48880,12009,21464,649534,608309,79174,75899,109617,103711,38177,50,60
2021-09-17T23:59:59+02:00,4920,4629,41693,39980,55586,48200,60027,56571,72009,70412,86733,84899,60191,64336,39445,50648,12504,22376,37641,36008,51921,44242,56731,52515,68270,65985,82884,80934,58116,61973,38144,48872,12007,21460,648704,607837,79174,75899,109617,103711,37628,50,60
2021-09-16T23:59:59+02:00,4823,4528,41407,39708,55331,47913,59793,56301,71819,70230,86603,84766,60135,64280,39419,50624,12493,22360,37365,35792,51721,44010,56549,52312,68125,65842,82774,80839,58063,61937,38126,48848,11998,21449,646766,606366,79170,75894,109602,103696,36959,50,60
2021-09-15T23:59:59+02:00,4758,4464,41166,39452,55087,47631,59578,56084,71661,70087,86484,84660,60092,64225,39390,50595,12485,22337,37155,35607,51547,43801,56408,52169,68018,65741,82679,80736,58017,61905,38102,48823,11995,21435,644977,605157,79168,75891,109602,103696,36451,50,60
2021-09-14T23:59:59+02:00,4731,4436,41043,39328,54957,47539,59489,55969,71564,69996,86407,84601,60073,64198,39376,50583,12482,22332,37082,35534,51455,43745,56335,52099,67943,65679,82620,80699,58000,61879,38087,48803,11989,21427,644220,604744,79168,75891,109602,103695,36076,50,60
2021-09-13T23:59:59+02:00,4703,4422,40941,39223,54866,47444,59425,55868,71492,69941,86364,84561,60041,64165,39368,50572,12477,22327,37008,35464,51368,43684,56276,52034,67878,65645,82580,80672,57977,61852,38078,48792,11988,21421,643506,604299,79167,75840,109601,103680,35888,50,60
2021-09-12T23:59:59+02:00,4694,4408,40910,39196,54845,47420,59398,55837,71465,69909,86350,84541,60033,64157,39366,50569,12475,22323,36971,35434,51350,43665,56251,52016,67858,65616,82559,80653,57966,61839,38073,48781,11988,21419,643291,604095,79158,75835,109600,103678,35809,50,60
2021-09-11T23:59:59+02:00,4685,4406,40895,39170,54816,47393,59379,55820,71441,69897,86339,84533,60032,64154,39365,50568,12475,22321,36954,35423,51328,43646,56238,52003,67835,65605,82546,80649,57964,61838,38071,48781,11988,21418,643195,604050,79158,75834,109600,103678,35698,50,60
2021-09-10T23:59:59+02:00,4640,4367,40714,38995,54659,47258,59262,55668,71314,69795,86250,84450,60004,64126,39354,50556,12471,22314,36828,35334,51219,43555,56148,51912,67742,65538,82474,80594,57945,61817,38062,48767,11981,21412,642283,603634,79156,75834,109600,103678,35118,50,60
2021-09-09T23:59:59+02:00,4566,4280,40470,38776,54462,47034,59085,55448,71167,69629,86145,84356,59978,64081,39331,50527,12462,22308,36617,35158,51044,43404,55995,51747,67599,65417,82366,80515,57906,61771,38045,48746,11976,21404,640789,602496,79155,75832,109600,103678,34520,50,59
2021-09-08T23:59:59+02:00,4467,4185,40242,38516,54263,46852,58910,55279,71054,69512,86052,84277,59941,64041,39323,50495,12456,22301,36331,34888,50809,43189,55794,51562,67464,65287,82252,80410,57873,61715,38022,48707,11965,21390,639361,600744,79150,75824,109600,103678,34013,50,59
2021-09-07T23:59:59+02:00,4394,4124,40038,38345,54133,46733,58808,55171,70977,69423,85990,84210,59917,64011,39311,50478,12453,22296,36203,34779,50705,43108,55712,51498,67395,65219,82187,80353,57840,61683,38010,48684,11958,21382,638343,600086,79142,75811,109596,103677,33688,50,59
2021-09-06T23:59:59+02:00,4353,4076,39932,38244,54053,46660,58740,55095,70931,69367,85945,84171,59897,63995,39308,50473,12451,22292,36088,34663,50609,43038,55628,51413,67336,65148,82133,80291,57813,61652,37998,48671,11957,21380,637658,599324,79142,75773,109595,103665,33545,50,59
2021-09-05T23:59:59+02:00,4340,4059,39897,38214,54031,46629,58704,55068,70903,69343,85921,84148,59894,63992,39305,50468,12450,22288,36062,34642,50581,43016,55595,51393,67317,65131,82115,80275,57805,61647,37995,48665,11955,21377,637435,599175,79141,75769,109594,103665,33441,50,59
2021-09-04T23:59:59+02:00,4340,4057,39888,38212,54028,46621,58703,55066,70901,69339,85917,84141,59894,63990,39305,50468,12450,22288,36051,34639,50578,43009,55591,51392,67315,65127,82112,80271,57804,61645,37995,48665,11955,21377,637416,599158,79141,75768,109594,103663,33414,50,59
2021-09-03T23:59:59+02:00,4301,4027,39774,38097,53927,46550,58621,54983,70831,69279,85853,84110,59876,63974,39299,50463,12447,22285,35972,34568,50493,42963,55529,51338,67256,65084,82067,80239,57789,61631,37987,48659,11949,21376,636835,598840,79141,75763,109594,103663,33084,50,59
2021-09-02T23:59:59+02:00,4262,3985,39597,37939,53783,46391,58481,54856,70704,69161,85775,84045,59828,63937,39276,50435,12445,22275,35845,34485,50380,42878,55429,51249,67156,65003,81994,80177,57742,61599,37970,48636,11943,21369,635826,598281,79141,75762,109594,103658,32571,50,59
2021-09-01T23:59:59+02:00,4201,3915,39403,37767,53620,46248,58363,54741,70613,69073,85714,83968,59784,63905,39260,50422,12443,22264,35511,34139,50149,42618,55232,51055,66996,64837,81862,80069,57693,61542,37938,48609,11938,21363,634700,596066,79130,75752,109593,103657,32238,50,59
2021-08-31T23:59:59+02:00,4151,3868,39266,37616,53489,46135,58259,54635,70526,68999,85636,83912,59754,63876,39243,50393,12441,22261,35391,34035,50007,42519,55120,50971,66901,64770,81780,80015,57653,61507,37924,48589,11932,21360,633766,595485,79128,75751,109591,103430,31933,49,59
2021-08-30T23:59:59+02:00,4100,3824,39154,37492,53383,46051,58172,54556,70464,68920,85575,83865,59737,63851,39231,50382,12439,22255,35318,33962,49930,42457,55043,50900,66841,64708,81726,79957,57626,61479,37909,48567,11931,21349,632925,594894,79125,75716,109591,103418,31768,49,59
2021-08-29T23:59:59+02:00,4089,3815,39136,37473,53365,46034,58157,54537,70456,68910,85559,83848,59735,63849,39228,50378,12438,22254,35289,33937,49900,42438,55031,50874,66818,64681,81703,79942,57616,61463,37904,48561,11928,21348,632806,594696,79122,75699,109591,103418,31700,49,59
2021-08-28T23:59:59+02:00,4089,3815,39135,37473,53364,46032,58156,54537,70455,68908,85559,83848,59735,63849,39228,50378,12438,22254,35289,33936,49900,42438,55028,50874,66817,64680,81703,79942,57616,61463,37904,48561,11928,21348,632801,594693,79122,75699,109591,103418,31697,49,59
2021-08-27T23:59:59+02:00,4053,3773,39013,37373,53263,45926,58073,54443,70366,68830,85498,83789,59709,63825,39216,50368,12438,22252,35187,33876,49799,42376,54955,50802,66726,64617,81649,79904,57591,61443,37893,48550,11927,21347,632162,594289,79122,75699,109586,103416,31296,49,59
2021-08-26T23:59:59+02:00,3969,3710,38816,37191,53091,45758,57936,54292,70237,68714,85371,83697,59661,63777,39192,50348,12431,22242,35012,33702,49645,42210,54794,50642,66598,64488,81504,79791,57544,61382,37864,48524,11922,21339,630967,593130,79119,75688,109580,103411,30725,49,59
2021-08-25T23:59:59+02:00,3874,3642,38646,36994,52936,45568,57822,54153,70137,68613,85277,83604,59625,63736,39174,50329,12429,22235,34628,33287,49372,41893,54556,50378,66404,64284,81324,79619,57456,61301,37842,48485,11910,21327,629724,590381,79118,75686,109580,103411,30330,49,59
2021-08-24T23:59:59+02:00,3853,3626,38558,36921,52856,45498,57766,54100,70083,68568,85231,83564,59593,63709,39165,50312,12426,22225,34480,33161,49251,41805,54468,50293,66301,64190,81232,79541,57408,61257,37834,48469,11905,21318,629284,589458,79114,75682,109578,103406,30036,49,59
2021-08-23T23:59:59+02:00,3826,3590,38462,36826,52776,45432,57711,54034,70024,68516,85177,83525,59575,63682,39155,50299,12424,22217,34340,33023,49126,41728,54367,50208,66207,64095,81144,79478,57372,61207,37814,48450,11904,21307,628751,588580,79112,75648,109576,103393,29770,49,59
2021-08-22T23:59:59+02:00,3818,3590,38433,36813,52761,45413,57694,54021,69998,68497,85160,83511,59565,63672,39153,50290,12419,22215,34292,32984,49098,41691,54331,50181,66164,64070,81109,79452,57357,61193,37811,48441,11899,21303,628647,588293,79110,75637,109575,103392,29649,49,59
2021-08-21T23:59:59+02:00,3816,3587,38414,36807,52752,45402,57679,54015,69984,68485,85154,83502,59558,63670,39152,50290,12419,22215,34280,32980,49088,41682,54317,50176,66152,64059,81103,79445,57353,61192,37811,48441,11899,21303,628607,588280,79109,75635,109574,103392,29569,49,59
2021-08-20T23:59:59+02:00,3796,3555,38344,36736,52668,45332,57603,53950,69911,68431,85092,83455,59541,63650,39149,50286,12419,22209,34180,32874,48973,41614,54225,50103,66057,63992,81033,79392,57333,61168,37805,48436,11898,21299,628241,587762,79107,75632,109574,103389,29163,49,59
2021-08-19T23:59:59+02:00,3768,3521,38172,36592,52506,45190,57479,53844,69779,68309,84995,83379,59511,63606,39134,50269,12415,22197,33829,32620,48685,41371,54008,49908,65849,63806,80857,79257,57277,61095,37759,48398,11893,21288,627341,585854,79105,75535,109565,103375,28613,49,59
2021-08-18T23:59:59+02:00,3718,3471,37982,36435,52379,45068,57382,53739,69669,68213,84919,83316,59472,63563,39118,50249,12413,22189,33447,32208,48382,41113,53751,49629,65631,63594,80672,79095,57194,61008,37723,48356,11889,21276,626337,583276,79102,75406,109562,103368,28252,49,59
2021-08-17T23:59:59+02:00,3656,3423,37819,36276,52259,44942,57300,53643,69574,68127,84847,83253,59437,63530,39105,50226,12408,22180,33056,31766,48055,40797,53460,49335,65383,63352,80472,78887,57083,60897,37681,48307,11877,21265,625376,580164,79102,75392,109557,103347,27928,49,59
2021-08-16T23:59:59+02:00,3600,3367,37671,36130,52162,44844,57225,53570,69504,68057,84791,83207,59415,63499,39090,50209,12402,22172,32496,31204,47663,40384,53068,48949,65078,63085,80253,78692,57006,60781,37649,48252,11868,21243,624447,576134,79098,75357,109557,103327,27771,49,59
2021-08-15T23:59:59+02:00,3591,3358,37637,36105,52129,44826,57198,53537,69489,68040,84780,83196,59403,63495,39087,50200,12402,22170,32418,31107,47590,40320,53005,48888,65034,63043,80210,78664,56988,60761,37641,48239,11867,21239,624258,575572,79098,75327,109556,103316,27689,49,59
2021-08-14T23:59:59+02:00,3586,3353,37629,36098,52123,44822,57192,53530,69485,68037,84772,83192,59396,63490,39087,50198,12402,22170,32410,31100,47579,40316,52997,48881,65031,63040,80203,78662,56983,60756,37641,48237,11867,21239,624225,575543,79095,75326,109556,103316,27644,49,59
2021-08-13T23:59:59+02:00,3569,3340,37559,36055,52063,44772,57124,53479,69416,67997,84707,83156,59374,63478,39076,50184,12399,22164,32269,30987,47450,40217,52876,48781,64929,62960,80113,78612,56960,60735,37628,48227,11865,21234,623919,574738,79095,75325,109556,103316,27300,49,59
2021-08-12T23:59:59+02:00,3529,3312,37430,35932,51973,44682,57053,53394,69322,67923,84632,83090,59346,63454,39064,50172,12399,22161,31740,30499,47065,39865,52484,48428,64603,62728,79892,78400,56868,60647,37584,48184,11860,21217,623197,571249,79095,75295,109554,103209,26980,49,59
2021-08-11T23:59:59+02:00,3487,3272,37272,35786,51861,44575,56930,53273,69226,67833,84549,83009,59306,63416,39043,50156,12395,22157,31096,29881,46558,39475,52055,47992,64300,62451,79679,78196,56772,60541,37548,48111,11847,21200,622294,567210,79089,75271,109552,103121,26569,49,59
2021-08-10T23:59:59+02:00,3439,3227,37113,35636,51747,44453,56824,53168,69160,67763,84482,82952,59282,63379,39025,50142,12388,22152,30209,28901,45821,38774,51387,47386,63914,62088,79432,77953,56667,60436,37503,48042,11839,21188,621347,560998,79087,75270,109549,103118,26307,49,59
2021-08-09T23:59:59+02:00,3403,3198,37019,35530,51670,44384,56764,53126,69129,67721,84452,82920,59265,63364,39013,50123,12387,22150,29498,28157,45152,38189,50816,46804,63542,61731,79155,77703,56546,60339,37459,47987,11832,21174,620761,556885,79086,73822,109548,103092,26181,49,59
2021-08-08T23:59:59+02:00,3394,3184,36993,35513,51645,44358,56746,53115,69111,67703,84432,82905,59262,63359,39008,50116,12386,22149,29373,28016,45008,38094,50720,46718,63486,61674,79107,77663,56511,60321,37449,47976,11832,21171,620585,555962,79085,73814,109547,103060,26120,49,59
2021-08-07T23:59:59+02:00,3394,3184,36991,35507,51635,44357,56744,53115,69107,67700,84431,82903,59261,63359,39008,50116,12386,22149,29364,28008,44994,38091,50719,46713,63483,61669,79104,77660,56508,60320,37448,47976,11832,21170,620577,555928,79084,73812,109547,103059,26097,49,59
2021-08-06T23:59:59+02:00,3383,3169,36923,35451,51554,44293,56677,53073,69065,67666,84399,82876,59249,63339,38997,50110,12383,22147,29126,27775,44785,37907,50535,46567,63345,61552,79004,77592,56483,60295,37433,47966,11829,21167,620296,554467,79081,73805,109547,103057,25788,49,59
2021-08-05T23:59:59+02:00,3350,3130,36771,35317,51440,44160,56556,52957,68949,67552,84274,82802,59206,63285,38974,50089,12374,22137,28425,27156,44197,37426,49979,46112,62986,61254,78712,77372,56374,60199,37393,47914,11821,21151,619496,550148,79080,73795,109547,102877,25158,49,59
2021-08-04T23:59:59+02:00,3291,3067,36570,35145,51288,44012,56416,52841,68824,67422,84159,82689,59138,63227,38956,50060,12369,22127,27280,26038,43236,36548,49019,45208,62393,60648,78214,76931,56164,60017,37333,47823,11808,21131,618400,541799,79069,73754,109547,102824,24543,49,59
2021-08-03T23:59:59+02:00,3218,3009,36354,34945,51130,43869,56291,52716,68690,67307,84071,82617,59095,63182,38935,50029,12360,22112,26202,24925,42304,35652,48121,44325,61851,60117,77764,76526,55995,59831,37272,47736,11788,21100,617032,533476,79061,73705,109543,102798,24252,49,59
2021-08-02T23:59:59+02:00,3173,2955,36211,34794,51019,43758,56198,52615,68604,67215,83985,82542,59056,63134,38920,50010,12352,22100,25301,23929,41454,34910,47391,43582,61367,59646,77378,76183,55831,59682,37221,47657,11771,21079,616054,526502,79060,73650,109542,102655,23943,49,59
2021-08-01T23:59:59+02:00,3168,2949,36194,34772,50992,43740,56178,52590,68574,67202,83971,82529,59050,63129,38918,50006,12352,22100,25042,23678,41207,34708,47159,43385,61226,59509,77262,76087,55795,59653,37206,47644,11767,21075,615910,524633,79057,73609,109541,102589,23864,49,59
2021-07-31T23:59:59+02:00,3167,2948,36189,34771,50992,43739,56176,52589,68573,67201,83971,82528,59050,63129,38918,50006,12352,22099,25035,23663,41199,34700,47154,43379,61217,59507,77260,76084,55795,59650,37206,47644,11767,21074,615897,524566,79057,73608,109541,102588,23861,49,59
2021-07-30T23:59:59+02:00,3150,2935,36127,34708,50922,43688,56113,52528,68517,67161,83933,82489,59038,63115,38914,49999,12349,22096,24715,23351,40926,34484,46895,43183,61028,59376,77110,75969,55764,59611,37192,47632,11767,21074,615606,522629,79053,73605,109538,102477,23543,49,59
2021-07-29T23:59:59+02:00,3127,2907,35987,34584,50791,43560,56019,52428,68446,67098,83862,82437,59012,63097,38902,49990,12349,22095,23761,22362,40044,33737,45993,42402,60480,58932,76749,75665,55644,59473,37152,47577,11760,21063,614728,515574,79034,73479,109538,102309,23349,49,59
2021-07-28T23:59:59+02:00,3078,2852,35743,34347,50566,43388,55816,52276,68299,66955,83748,82338,58960,63050,38880,49953,12339,22087,22544,21124,38720,32632,44679,41226,59678,58272,76243,75205,55449,59284,37083,47473,11746,21038,613343,505775,79028,73309,109537,102151,22725,49,59
2021-07-27T23:59:59+02:00,3052,2833,35635,34226,50483,43307,55733,52226,68237,66887,83688,82266,58920,63007,38868,49938,12338,22078,21305,19734,37292,31298,43313,39925,59051,57677,75822,74793,55286,59107,37025,47418,11735,21015,612615,495360,79012,73131,109537,102040,22516,49,59
2021-07-26T23:59:59+02:00,3033,2814,35573,34130,50424,43253,55689,52177,68193,66851,83652,82238,58907,62991,38856,49926,12337,22076,20286,18636,36045,30183,42045,38775,58554,57274,75536,74539,55189,59007,37004,47383,11729,21001,612088,487122,79005,72804,109537,101876,22448,49,59
2021-07-25T23:59:59+02:00,3022,2809,35526,34088,50379,43206,55662,52155,68170,66826,83623,82215,58891,62984,38853,49923,12334,22070,19885,18271,35629,29852,41637,38468,58359,57119,75377,74430,55142,58969,36982,47363,11726,20997,611796,484392,78999,72530,109537,101846,22362,49,59
2021-07-24T23:59:59+02:00,3022,2809,35521,34085,50377,43203,55660,52154,68168,66826,83621,82214,58891,62984,38852,49923,12334,22070,19878,18259,35618,29842,41631,38467,58355,57116,75373,74428,55142,58969,36981,47363,11726,20997,611789,484347,78997,72529,109537,101844,22349,49,59
2021-07-23T23:59:59+02:00,2998,2783,35370,33967,50228,43102,55541,52047,68071,66731,83529,82163,58860,62956,38842,49918,12329,22067,19640,18035,35356,29665,41359,38285,58189,56986,75236,74350,55103,58945,36969,47353,11720,20991,611160,483220,78997,72236,109537,101842,21766,49,59
2021-07-22T23:59:59+02:00,2947,2699,34932,33595,49920,42868,55275,51818,67841,66547,83353,82012,58773,62862,38806,49871,12318,22049,18849,17375,34262,28929,40238,37453,57449,56516,74684,73976,54923,58766,36904,47269,11699,20965,609006,477706,78984,70797,109533,101623,20921,49,58
2021-07-21T23:59:59+02:00,2892,2641,34622,33266,49678,42654,55086,51630,67651,66363,83226,81886,58708,62809,38774,49831,12307,22039,18024,16553,32948,27938,38976,36495,56754,55953,74236,73615,54777,58591,36838,47185,11687,20932,607175,471813,78933,68606,109532,101411,20381,49,58
2021-07-20T23:59:59+02:00,2817,2579,34265,32875,49393,42420,54911,51434,67468,66205,83085,81764,58643,62754,38745,49785,12306,22024,16874,15439,31235,26543,37246,35039,55960,55302,73690,73169,54611,58402,36788,47100,11669,20893,605064,462655,78898,66869,109530,101071,19939,49,58
2021-07-19T23:59:59+02:00,2733,2507,33702,32311,49080,42110,54638,51168,67271,65991,82915,81595,58576,62672,38700,49733,12299,22009,16219,14869,30293,25863,36381,34324,55520,54879,73362,72930,54524,58316,36751,47049,11663,20871,601854,458960,78837,64701,109529,100898,19748,49,58
2021-07-18T23:59:59+02:00,2705,2489,33604,32195,48989,42055,54582,51108,67210,65941,82871,81553,58548,62647,38689,49719,12297,22002,15901,14605,29725,25487,35887,33972,55264,54718,73216,72829,54482,58276,36743,47035,11662,20867,601247,457515,78821,63175,109528,100870,19566,49,57
2021-07-17T23:59:59+02:00,2705,2489,33603,32193,48984,42054,54581,51106,67210,65940,82871,81552,58548,62646,38689,49719,12297,22002,15896,14598,29713,25472,35882,33967,55259,54717,73216,72829,54482,58276,36743,47035,11662,20867,601237,457468,78819,63171,109526,100867,19565,49,57
2021-07-16T23:59:59+02:00,2647,2424,32996,31668,48488,41707,54187,50774,66828,65616,82557,81319,58429,62534,38639,49670,12293,21995,15480,14277,29220,25099,35435,33637,54920,54464,72956,72637,54370,58188,36708,46997,11659,20863,599019,456077,78815,63042,109525,100859,17370,49,57
2021-07-15T23:59:59+02:00,2514,2292,32135,30886,47867,41136,53612,50289,66400,65268,82303,81078,58340,62437,38605,49627,12285,21976,14642,13605,27895,24274,34134,32826,54241,54064,72542,72411,54276,58091,36678,46963,11652,20847,593998,451892,78803,60674,109524,100276,16682,49,57
2021-07-14T23:59:59+02:00,2408,2206,31589,30359,47377,40695,53190,49889,66073,64986,82064,80829,58235,62341,38572,49577,12275,21963,13401,12471,25898,22818,32234,31306,53492,53470,72032,72073,54138,57965,36636,46902,11642,20831,590130,442761,78785,58760,109523,99939,16147,49,56
2021-07-13T23:59:59+02:00,2351,2136,31324,30089,47105,40470,52939,49659,65869,64798,81897,80681,58168,62264,38547,49540,12265,21951,12411,11627,24167,21505,30287,29719,52296,52301,71212,71279,53889,57688,36549,46787,11624,20804,587980,436031,78769,55839,109514,96780,15747,49,56
2021-07-12T23:59:59+02:00,2124,1929,30465,29160,46452,39935,52367,49093,65479,64411,81620,80409,58032,62137,38505,49482,12256,21930,11661,11003,22769,20524,28548,28340,51338,51443,70472,70659,53631,57409,36482,46669,11611,20773,581754,427921,78750,53276,109514,96624,15725,49,56
2021-07-11T23:59:59+02:00,2079,1892,30345,29052,46388,39864,52315,49030,65422,64355,81559,80366,58011,62117,38499,49464,12251,21925,11499,10855,22496,20337,28183,28068,51133,51297,70299,70515,53578,57329,36460,46652,11601,20766,580935,425851,78744,53234,109512,96489,15700,49,53
2021-07-10T23:59:59+02:00,2079,1890,30342,29044,46386,39858,52313,49028,65419,64354,81558,80363,58011,62115,38498,49464,12251,21925,11487,10836,22483,20322,28167,28055,51126,51292,70296,70512,53578,57329,36459,46652,11601,20766,580906,425763,78743,53232,109512,96478,15694,49,53
2021-07-09T23:59:59+02:00,2035,1852,30110,28812,46170,39678,52127,48857,65258,64242,81454,80282,57981,62085,38482,49449,12247,21923,11104,10564,21839,19884,27497,27503,50417,50722,69713,70100,53476,57241,36436,46618,11596,20755,579710,424680,78737,52917,109507,93020,15047,49,53
2021-07-08T23:59:59+02:00,1897,1725,29447,28281,45562,39175,51573,48389,64855,63932,81154,80049,57889,61994,38450,49397,12242,21909,9922,9465,19895,18258,25032,25521,49384,49921,69086,69562,53251,57027,36360,46532,11581,20729,575454,414161,78715,50492,109491,92789,14217,49,53
2021-07-07T23:59:59+02:00,1684,1528,28334,27078,44511,38211,50473,47394,64196,63293,80613,79566,57685,61764,38384,49312,12229,21868,9389,8988,18808,17417,23634,24320,48559,49275,68538,69072,53051,56785,36284,46434,11565,20689,566182,407819,78699,48876,109489,92501,13710,49,53
2021-07-06T23:59:59+02:00,1483,1371,27254,26040,43490,37289,49539,46464,63597,62733,80177,79157,57503,61581,38327,49217,12205,21841,8673,8245,17480,16412,22021,23039,47952,48821,68163,68806,52933,56671,36235,46397,11558,20674,557931,400353,78688,48452,109486,92207,13120,49,53
2021-07-05T23:59:59+02:00,1327,1247,26110,24785,42410,36297,48487,45393,62930,62157,79740,78755,57330,61392,38274,49141,12196,21818,8419,8020,16978,16091,21460,22652,47644,48594,67968,68659,52881,56597,36209,46378,11555,20669,548620,397763,78680,48136,109486,91948,12959,49,51
2021-07-04T23:59:59+02:00,1262,1183,25788,24460,42102,36038,48233,45209,62783,62021,79627,78657,57294,61352,38263,49122,12194,21815,8163,7863,16706,15893,21178,22454,47519,48494,67889,68584,52857,56573,36194,46373,11553,20668,546303,396729,78652,47473,109485,91864,12919,49,51
2021-07-03T23:59:59+02:00,1262,1182,25780,24446,42089,36031,48231,45209,62779,62020,79626,78656,57293,61352,38263,49122,12194,21815,8157,7855,16695,15882,21171,22447,47512,48493,67884,68583,52856,56573,36194,46373,11553,20668,546271,396695,78651,47472,109485,91854,12899,49,51
2021-07-02T23:59:59+02:00,1194,1125,25466,24099,41768,35753,47973,44954,62635,61872,79552,78585,57276,61329,38257,49110,12190,21810,7979,7707,16326,15615,20727,22140,46546,47714,67387,68233,52772,56481,36179,46355,11552,20665,543891,394211,78650,47469,109480,89835,12883,49,51
2021-07-01T23:59:59+02:00,1139,1075,25091,23734,41385,35405,47577,44605,62385,61632,79362,78414,57213,61266,38226,49069,12183,21800,7588,7371,15511,14832,19555,21103,45009,46227,66171,67154,52462,56178,36082,46235,11528,20638,540745,388378,78548,46641,109471,85882,12753,49,51
2021-06-30T23:59:59+02:00,1066,1010,24668,23287,40957,35033,47167,44227,62157,61420,79189,78266,57135,61188,38199,49019,12175,21779,7214,7013,14564,14032,18123,19894,41792,43499,64473,65708,51993,55679,35933,46041,11501,20588,537297,376352,78515,45944,109467,83129,12619,49,50
2021-06-29T23:59:59+02:00,976,901,24168,22753,40436,34613,46734,43813,61897,61142,78977,78089,57056,61123,38171,48975,12169,21760,6938,6703,13899,13533,16960,18967,37461,39814,63118,64452,51505,55180,35800,45862,11470,20545,533227,361031,78506,45730,109467,82923,12509,49,50
2021-06-28T23:59:59+02:00,947,868,23830,22363,39977,34221,46314,43446,61658,60886,78785,77935,56982,61054,38142,48945,12166,21745,6627,6388,13245,13031,15942,18128,33814,36766,61992,63418,51150,54784,35705,45712,11445,20507,531463,352356,76820,41035,109465,82767,12472,49,50
2021-06-27T23:59:59+02:00,933,855,23738,22270,39901,34159,46254,43386,61626,60849,78749,77904,56967,61042,38136,48938,12165,21740,6535,6316,13008,12888,15518,17890,32978,36119,61733,63218,51059,54714,35687,45690,11443,20503,530848,349449,76814,40768,109459,82609,12447,49,50
2021-06-26T23:59:59+02:00,933,855,23732,22264,39891,34156,46252,43384,61624,60848,78749,77904,56967,61042,38136,48937,12165,21740,6532,6309,13001,12874,15510,17883,32974,36118,61726,63216,51057,54708,35687,45690,11443,20502,530817,349382,76813,40767,109458,82608,12447,49,50
2021-06-25T23:59:59+02:00,910,828,23619,22148,39807,34067,46170,43311,61579,60800,78701,77883,56956,61030,38133,48934,12164,21738,6435,6194,12893,12744,15371,17721,32257,35457,61335,62890,50979,54624,35679,45669,11440,20501,530021,346369,76812,40755,109455,82591,12446,49,50
2021-06-24T23:59:59+02:00,843,770,23233,21729,39453,33755,45820,43009,61373,60605,78541,77745,56902,60975,38110,48904,12159,21728,6098,5897,12331,12282,14662,17033,28954,32742,59047,61034,50393,54027,35543,45461,11422,20453,527064,332551,76763,40490,109453,81976,12330,49,50
2021-06-23T23:59:59+02:00,739,676,22589,21069,38880,33165,45165,42300,61006,60211,78291,77493,56799,60839,38063,48851,12149,21708,5943,5702,11963,11930,14152,16503,25593,29981,57401,59504,49870,53488,35422,45287,11401,20410,521474,323106,76707,37553,109450,81538,12318,49,50
2021-06-22T23:59:59+02:00,678,611,22161,20627,38472,32743,44730,41836,60731,59925,78086,77253,56701,60728,38027,48778,12136,21686,5754,5566,11637,11665,13723,16130,21252,26447,55322,57801,49270,52885,35245,45071,11380,20366,517660,308734,76580,37501,109444,81060,12181,49,50
2021-06-21T23:59:59+02:00,641,570,21906,20390,38216,32511,44485,41560,60541,59715,77954,77112,56647,60644,38002,48737,12127,21670,5622,5455,11327,11465,13382,15865,19701,25212,54403,57031,47046,50422,34646,44348,11357,20307,515604,303399,76379,37433,109427,74747,11970,48,50
2021-06-20T23:59:59+02:00,612,551,21615,20095,37918,32233,44201,41305,60390,59548,77816,76966,56598,60600,37982,48720,12124,21663,5564,5411,11194,11377,13227,15737,19303,24886,54135,56847,45386,48437,34080,43713,11337,20286,513213,302767,76297,36678,109416,69473,11964,47,48
2021-06-19T23:59:59+02:00,610,551,21610,20082,37902,32228,44198,41300,60384,59544,77814,76963,56595,60599,37982,48719,12124,21663,5558,5402,11189,11373,13217,15731,19295,24878,54121,56835,45377,48427,34079,43713,11337,20286,513149,302681,76292,36675,109416,69460,11964,47,48
2021-06-18T23:59:59+02:00,596,537,21514,19969,37835,32172,44123,41214,60329,59498,77769,76921,56572,60577,37977,48706,12123,21662,5465,5239,10892,10836,12842,15150,18754,23859,53264,55524,45175,48263,34051,43664,11331,20274,512389,301109,76285,36674,109410,64799,11963,47,48
2021-06-17T23:59:59+02:00,511,445,20794,19256,37078,31542,43328,40462,59921,59130,77471,76667,56455,60448,37928,48638,12110,21637,5275,5026,10510,10285,12318,14377,17820,22497,51687,53581,44023,46912,33733,43267,11284,20190,506403,293784,76192,36545,109399,60638,11780,47,48
2021-06-16T23:59:59+02:00,405,367,19998,18307,36088,30611,42321,39489,59378,58647,77073,76348,56310,60292,37869,48551,12100,21614,5087,4869,9997,9960,11583,13879,16273,21193,47805,50033,42265,44901,33266,42695,11221,20063,499024,277598,75655,36344,109383,59452,11659,47,47
2021-06-15T23:59:59+02:00,295,264,19188,17457,35162,29752,41389,38599,58942,58206,76737,76019,56166,60122,37810,48481,12085,21580,4887,4745,9475,9695,10875,13406,14760,20003,43532,45941,40713,43056,32785,42072,11154,19935,491797,260409,75537,36308,109373,58780,11500,47,46
2021-06-14T23:59:59+02:00,191,173,18076,16228,33916,28476,39926,37188,58351,57639,76343,75677,56038,59977,37767,48410,12076,21565,4764,4652,9129,9486,10394,13087,13589,18999,40887,43388,39640,41906,32492,41672,11122,19850,482048,249237,75102,36281,109369,58050,11452,46,46
2021-06-13T23:59:59+02:00,150,134,17569,15824,33440,28074,39433,36806,58137,57458,76194,75575,56011,59937,37745,48388,12073,21556,4678,4603,8981,9413,10230,13018,12983,18545,40418,42995,39403,41683,32432,41588,11116,19836,478971,248273,74800,34854,109362,57433,11325,46,46
2021-06-12T23:59:59+02:00,150,134,17562,15804,33425,28065,39426,36802,58130,57454,76190,75573,56010,59935,37744,48388,12073,21556,4671,4597,8970,9408,10218,13011,12971,18532,40234,42848,39380,41668,32428,41586,11116,19835,478893,247838,74796,34854,109362,57420,11324,46,46
2021-06-11T23:59:59+02:00,148,134,17478,15744,33277,27992,39254,36745,58010,57418,76119,75548,55997,59930,37742,48385,12073,21555,4589,4404,8812,8848,10027,12292,12737,17461,39745,41546,39225,41537,32410,41550,11114,19834,478549,247348,74382,34853,109257,52578,11315,46,46
2021-06-10T23:59:59+02:00,133,114,16637,15028,31862,27079,38009,35831,57327,56960,75709,75276,55907,59838,37703,48340,12062,21537,4338,4211,8252,8347,9345,11531,12001,16394,36890,38504,38422,40731,32244,41369,11098,19804,474660,240273,71409,34722,108981,48193,10256,46,46
2021-06-09T23:59:59+02:00,111,89,15865,14323,30584,26179,36794,34945,56749,56572,75365,75048,55823,59731,37676,48295,12049,21517,4154,4060,7891,8159,8877,11311,11381,16014,31804,33636,36923,39193,31999,41100,11077,19754,469998,226340,68982,34597,108936,46607,9755,44,43
2021-06-08T23:59:59+02:00,84,71,14950,13466,29204,25091,35429,33936,56133,56165,75064,74829,55747,59652,37653,48263,12045,21507,4072,3998,7733,8037,8725,11196,11087,15807,28975,30821,35964,38253,31839,40904,11053,19721,465415,218846,65550,34537,108888,45376,9392,44,43
2021-06-07T23:59:59+02:00,76,58,14313,12893,27836,24278,34269,33154,55656,55907,74819,74716,55710,59612,37637,48252,12045,21503,3979,3925,7538,7909,8425,11064,10719,15561,24637,26437,34497,36713,31617,40637,11025,19692,462282,207046,62513,34471,108856,43785,9039,44,43
2021-06-06T23:59:59+02:00,75,55,13992,12698,27049,23859,33616,32735,55346,55741,74661,74647,55689,59588,37623,48243,12043,21502,3912,3888,7385,7867,8267,10979,10396,15358,21810,23560,33494,35631,31477,40482,11018,19677,461134,204253,60457,29222,108828,42994,8699,44,42
2021-06-05T23:59:59+02:00,75,53,13962,12668,27006,23819,33587,32716,55341,55731,74655,74641,55684,59583,37618,48241,12043,21502,3890,3873,7350,7845,8220,10961,10333,15316,20382,22006,32697,34750,31407,40401,11014,19670,461010,199275,60352,29219,108821,42890,8698,44,42
2021-06-04T23:59:59+02:00,69,49,13733,12405,26692,23502,33250,32406,55280,55651,74616,74621,55675,59578,37617,48239,12043,21501,3861,3845,7271,7766,8165,10883,10254,15193,20275,21889,32623,34695,31375,40364,11011,19667,459107,199194,60289,29206,108789,42006,8698,44,42
2021-06-03T23:59:59+02:00,51,44,13165,11921,25656,22818,32114,31656,54784,55318,74300,74428,55602,59497,37582,48207,12036,21484,3732,3755,6996,7596,7883,10710,9926,14957,18387,20025,30642,32381,31102,40032,10988,19618,454774,190585,58785,29186,108773,40642,8287,44,39
2021-06-02T23:59:59+02:00,37,32,12475,11178,24658,21915,30977,30702,54519,55053,74109,74288,55549,59415,37565,48185,12028,21477,3698,3735,6936,7540,7827,10660,9843,14866,17866,19476,28713,30203,31003,39889,10981,19607,448465,185047,58607,29185,108771,40305,8276,43,39
2021-06-01T23:59:59+02:00,23,18,11347,10296,22531,20483,28440,28808,53106,53992,73102,73505,55245,59088,37442,48011,11992,21415,3469,3561,6437,7230,7225,10237,8984,14264,15917,17662,24924,25947,30316,39005,10905,19453,438952,171033,54146,29050,108733,38454,6970,43,37
2021-05-31T23:59:59+02:00,18,14,10484,9631,20693,19311,26391,27295,51997,53141,72396,72954,55028,58825,37368,47905,11978,21379,3327,3407,6102,6983,6826,9940,8444,13908,14849,16684,23729,24571,29927,38517,10845,19359,432143,165282,49769,29012,108713,36956,6140,43,36
2021-05-30T23:59:59+02:00,16,11,10136,9287,19970,18817,25685,26716,51657,52859,72159,72757,54951,58747,37343,47877,11970,21370,3146,3217,5754,6716,6537,9699,8226,13702,14591,16413,23437,24252,29817,38411,10831,19331,429555,164452,49360,28955,108681,35956,4689,43,36
2021-05-29T23:59:59+02:00,16,11,10120,9275,19952,18787,25665,26690,51646,52854,72155,72747,54949,58742,37342,47877,11969,21370,3144,3209,5750,6711,6531,9697,8218,13694,14581,16407,23426,24244,29813,38405,10830,19330,429394,164379,49360,28953,108681,35941,4689,43,36
2021-05-28T23:59:59+02:00,16,11,10054,9181,19812,18618,25402,26459,51486,52678,72008,72616,54910,58692,37328,47857,11966,21357,3097,3131,5657,6572,6428,9496,8103,13420,14389,16131,23274,24088,29759,38342,10823,19321,427737,163989,49323,28952,108661,34375,4688,42,35
2021-05-27T23:59:59+02:00,16,11,8797,7993,17409,16814,22625,24309,50394,51865,71342,72125,54712,58467,37233,47762,11952,21327,2799,2797,4812,5947,5535,8716,7311,12430,13261,14939,22282,23051,29372,37886,10768,19235,415838,160166,48367,28689,108519,29872,2387,42,35
2021-05-26T23:59:59+02:00,15,11,8396,7580,16533,16008,21436,23301,49789,51318,70921,71737,54561,58302,37165,47684,11941,21297,2615,2625,4443,5610,5057,8209,6833,11782,12291,13959,21380,22017,29060,37443,10721,19150,410242,156304,47634,28602,108437,26622,1641,41,34
2021-05-25T23:59:59+02:00,15,11,7825,6979,15287,15126,19985,22128,49308,50915,70673,71552,54483,58216,37140,47656,11937,21287,2539,2525,4252,5482,4811,7981,6552,11473,11733,13425,19219,19840,28686,36904,10686,19101,403458,150603,47392,28589,108389,24748,1243,41,34
2021-05-24T23:59:59+02:00,15,11,7737,6879,15063,14998,19700,21949,49207,50796,70629,71513,54479,58210,37137,47653,11935,21284,2497,2462,4167,5314,4718,7738,6427,11190,11595,13183,19104,19726,28635,36858,10679,19090,402323,150454,47313,28546,108290,23131,1228,41,32
2021-05-23T23:59:59+02:00,14,11,7721,6866,15025,14981,19646,21921,49196,50794,70624,71507,54477,58206,37137,47651,11935,21284,2494,2457,4161,5310,4707,7734,6421,11177,11572,13160,18963,19528,28604,36819,10677,19088,402134,149964,47313,28544,108289,23122,1219,41,31
2021-05-22T23:59:59+02:00,14,11,7718,6858,15016,14969,19635,21913,49196,50792,70621,71507,54477,58205,37137,47651,11935,21284,2492,2450,4154,5304,4705,7734,6417,11174,11564,13157,18950,19522,28603,36819,10677,19088,402079,149927,47313,28544,108289,23098,1217,41,31
2021-05-21T23:59:59+02:00,14,10,7643,6758,14890,14834,19430,21755,48957,50558,70479,71399,54450,58178,37129,47644,11929,21278,2422,2366,4065,5166,4602,7523,6294,10877,11392,12868,18884,19455,28587,36789,10674,19086,400507,149674,47310,28543,108264,21595,1214,40,31
2021-05-20T23:59:59+02:00,14,10,7367,6462,14305,14312,18494,20876,46278,48202,69321,70422,54091,57810,37020,47501,11897,21247,2159,2199,3705,4803,4159,6976,5739,10045,10303,11768,17604,18158,28080,36189,10598,18938,389496,144411,47143,28249,107957,17744,995,38,31
2021-05-19T23:59:59+02:00,13,9,7127,6241,13637,13826,17226,19875,42289,44722,67832,69113,53636,57283,36856,47270,11860,21196,2083,1995,3539,4465,3910,6453,5294,9362,9307,10651,16122,16508,27383,35269,10470,18728,374711,137229,46570,28105,107717,15216,975,38,21
2021-05-18T23:59:59+02:00,13,7,6931,6064,13087,13392,16129,19015,37566,40706,66378,67788,53080,56745,36705,47046,11818,21140,2037,1871,3400,4274,3725,6135,4960,8877,8441,9779,14539,14769,26673,34411,10379,18553,358599,130585,46505,27539,107558,13775,910,38,21
2021-05-17T23:59:59+02:00,13,7,6797,5970,12763,13143,15629,18625,35387,38840,65542,67003,52805,56430,36622,46937,11803,21103,1966,1808,3213,4091,3505,5905,4638,8505,7662,9079,11275,10739,25763,33259,10298,18382,354873,125360,42229,21437,107474,12472,805,38,21
2021-05-16T23:59:59+02:00,13,7,6733,5884,12638,12989,15457,18458,34895,38369,65356,66833,52749,56367,36609,46910,11798,21098,1907,1711,3109,3968,3425,5803,4530,8358,7479,8890,9080,8138,25278,32574,10264,18325,353393,124215,41720,16076,107438,11959,575,37,21
2021-05-15T23:59:59+02:00,13,7,6728,5875,12631,12983,15452,18452,34886,38366,65354,66831,52749,56366,36609,46910,11798,21098,1906,1711,3107,3963,3420,5800,4525,8355,7477,8887,9078,8136,25277,32574,10264,18325,353346,124185,41720,16076,107433,11958,572,37,21
2021-05-14T23:59:59+02:00,13,7,6528,5779,12390,12920,15220,18360,33913,37575,64818,66422,52653,56279,36592,46876,11796,21093,1789,1623,2995,3891,3363,5692,4475,8209,7429,8758,9071,8130,25276,32574,10264,18324,349976,124126,41689,16072,106971,11090,562,36,20
2021-05-13T23:59:59+02:00,13,7,6282,5594,11986,12665,14651,17912,30383,34786,62337,64343,52021,55606,36455,46656,11784,21045,1747,1583,2939,3815,3331,5601,4432,8106,7347,8639,9031,8070,25257,32532,10259,18320,335983,123874,41464,16048,106543,10573,500,36,20
2021-05-12T23:59:59+02:00,13,7,6265,5569,11913,12602,14540,17802,29748,34209,61828,63890,51847,55433,36418,46611,11777,21032,1747,1580,2937,3814,3327,5601,4429,8105,7345,8633,9024,8067,25257,32530,10259,18319,332982,123851,41450,16037,106538,10572,500,34,20
2021-05-11T23:59:59+02:00,12,7,5947,5436,11469,12320,13993,17420,25490,30722,59446,61881,51186,54756,36229,46367,11753,20969,1706,1465,2834,3552,3206,5226,4289,7663,7191,8312,8939,7984,25228,32490,10255,18308,318045,123609,41397,15847,105553,8801,377,31,20
2021-05-10T23:59:59+02:00,12,7,5821,5362,11309,12203,13772,17248,22016,27960,58195,60765,50824,54402,36137,46243,11738,20938,1667,1367,2749,3324,3103,4894,4178,7173,7069,7872,8899,7924,25216,32469,10253,18304,308114,123462,41237,15698,105260,6978,310,31,19
2021-05-09T23:59:59+02:00,12,7,5744,5330,11220,12137,13670,17167,20414,26778,57731,60380,50721,54302,36112,46202,11731,20933,1650,1345,2693,3201,3052,4753,4133,7053,7019,7778,8888,7912,25209,32463,10252,18304,307543,123420,37666,15652,105055,6323,297,30,19
2021-05-08T23:59:59+02:00,12,7,5741,5328,11209,12132,13660,17158,20406,26772,57722,60374,50718,54294,36108,46199,11729,20930,1649,1345,2692,3198,3052,4753,4130,7050,7018,7777,8886,7912,25208,32461,10252,18304,307453,123403,37665,15652,105054,6322,297,30,19
2021-05-07T23:59:59+02:00,12,7,5701,5292,11143,12084,13553,17078,19953,26415,56723,59564,50589,54164,36078,46168,11726,20916,1548,1302,2612,3153,3010,4724,4096,7027,6996,7745,8878,7903,25206,32460,10252,18303,304289,123368,37648,15643,104908,5899,292,29,19
2021-05-06T23:59:59+02:00,12,7,5451,5180,10627,11776,12846,16624,18652,25428,52456,55908,49391,52783,35748,45767,11674,20815,1327,1169,2374,2981,2840,4558,3945,6828,6844,7594,8804,7822,25186,32425,10249,18296,289148,123096,37458,15504,104350,4465,164,25,19
2021-05-05T23:59:59+02:00,12,7,5194,5082,10134,11539,12091,16171,17322,24445,48092,51769,47724,50863,35309,45195,11599,20692,1281,1076,2311,2853,2754,4379,3851,6588,6737,7396,8689,7726,25124,32350,10243,18280,271971,122612,37232,15459,103964,3506,48,25,19
2021-05-04T23:59:59+02:00,12,7,5111,4997,9820,11323,11639,15782,16342,23578,46217,49741,46656,49557,34934,44708,11530,20583,1270,1057,2283,2812,2713,4295,3798,6480,6665,7318,8646,7687,25103,32333,10242,18275,261593,122393,37208,15396,103686,3150,25,25,19
2021-05-03T23:59:59+02:00,12,7,5010,4909,9466,11151,11175,15517,15284,22717,44641,48124,45776,48604,34712,44362,11502,20491,1255,1032,2248,2780,2671,4231,3750,6426,6590,7264,8074,6996,23355,29998,10104,18037,252568,116560,37198,15314,103653,2908,16,25,19
2021-05-02T23:59:59+02:00,12,7,4947,4891,9351,11113,11027,15456,14672,22226,44122,47714,45636,48438,34662,44300,11495,20480,1251,1026,2230,2777,2658,4223,3721,6412,6570,7250,7884,6753,21377,27585,10057,17949,251356,116538,35559,10296,103598,2864,11,25,19
2021-05-01T23:59:59+02:00,12,7,4947,4889,9347,11108,11024,15454,14668,22222,44120,47710,45635,48438,34662,44300,11495,20480,1250,1026,2230,2777,2658,4223,3720,6412,6569,7250,7884,6752,21377,27585,10057,17949,251326,116535,35559,10296,103597,2863,11,25,19
2021-04-30T23:59:59+02:00,12,7,4901,4865,9280,11093,10969,15429,14592,22196,42639,46299,45301,48106,34625,44248,11490,20470,1044,932,2034,2687,2559,4162,3634,6352,6506,7191,7877,6735,21376,27583,10057,17949,247342,116526,35559,10293,103585,1835,11,25,18
2021-04-29T23:59:59+02:00,12,7,4663,4783,8804,10944,10364,15256,13906,21987,37702,41982,44290,47076,34503,44130,11486,20439,864,854,1860,2607,2474,4096,3526,6281,6437,7143,7854,6715,21371,27576,10057,17949,233598,116492,35456,10188,103244,960,11,25,18
2021-04-28T23:59:59+02:00,12,7,4487,4748,8553,10857,10011,15166,13550,21832,33052,37478,43044,45820,34377,43982,11471,20421,822,827,1822,2560,2442,4020,3490,6172,6389,7053,7834,6696,21358,27563,10052,17942,220369,116407,35437,10140,103029,473,10,23,17
2021-04-27T23:59:59+02:00,11,6,4257,4535,8209,10409,9623,14584,13080,21185,31923,36353,42762,45536,34361,43954,11467,20418,794,813,1787,2537,2424,4002,3472,6153,6354,7026,7823,6688,21353,27559,10049,17936,217644,116350,35423,10110,99573,288,10,23,17
2021-04-26T23:59:59+02:00,11,6,4235,4508,8136,10370,9517,14530,12930,21124,27507,31975,41542,44312,34281,43853,11454,20407,762,802,1757,2518,2395,3982,3447,6132,6303,6980,7775,6639,21322,27528,10049,17929,205764,116149,35414,10065,99489,84,10,21,17
2021-04-25T23:59:59+02:00,11,6,4212,4495,8104,10345,9454,14498,12837,21077,25538,29934,40841,43552,34234,43794,11450,20401,750,794,1745,2504,2377,3967,3423,6111,6271,6951,7755,6622,21305,27507,10048,17925,205098,116123,30301,9831,99354,80,9,21,17
2021-04-24T23:59:59+02:00,11,6,4193,4484,8073,10316,9412,14482,12785,21056,24035,28270,40082,42709,34169,43718,11447,20395,749,793,1742,2502,2376,3963,3423,6107,6271,6948,7753,6619,21304,27507,10048,17925,200029,116102,30301,9830,99283,77,9,21,17
2021-04-23T23:59:59+02:00,10,6,3928,4333,7604,10021,8984,14127,12223,20653,23554,27970,39993,42647,34148,43684,11441,20388,736,783,1725,2489,2356,3947,3400,6084,6249,6929,7739,6601,21299,27496,10048,17924,199679,116087,30286,9631,95721,66,9,19,17
2021-04-22T23:59:59+02:00,10,6,3835,4274,7415,9904,8705,13934,11778,20327,21223,25611,37231,39398,33621,43012,11370,20265,723,774,1696,2458,2298,3890,3329,6012,6140,6832,7660,6514,21243,27452,10045,17909,186639,115970,30095,8922,95157,64,9,19,15
2021-04-21T23:59:59+02:00,10,4,3808,4241,7284,9825,8523,13762,11442,20036,19963,24406,34018,35678,33139,42312,11305,20136,699,756,1661,2430,2254,3865,3296,5979,6100,6793,7628,6487,21223,27428,10041,17905,174866,115857,29920,8609,95078,60,9,19,15
2021-04-20T23:59:59+02:00,10,4,3774,4214,7179,9756,8312,13604,11073,19739,18869,23259,30708,32032,32661,41714,11248,20021,691,746,1646,2418,2220,3843,3253,5933,6059,6751,7586,6441,21197,27405,10035,17902,163236,115698,29897,8351,95016,58,9,19,15
2021-04-19T23:59:59+02:00,10,4,3756,4198,7105,9718,8194,13494,10818,19554,18205,22599,29835,30901,32368,41349,11206,19947,683,741,1624,2404,2196,3813,3217,5900,6025,6720,7542,6408,21166,27376,10033,17898,158402,115564,29879,8107,94952,56,9,19,15
2021-04-18T23:59:59+02:00,10,4,3753,4191,7089,9705,8180,13477,10781,19528,18117,22516,29713,30775,32340,41326,11203,19939,681,737,1609,2392,2179,3798,3192,5874,5995,6697,7519,6395,21148,27354,10030,17895,157909,115505,29810,7916,94901,55,9,18,15
2021-04-17T23:59:59+02:00,10,4,3752,4189,7086,9702,8177,13477,10775,19521,18104,22505,29690,30762,32338,41323,11203,19939,680,737,1608,2391,2177,3797,3188,5873,5993,6695,7519,6395,21148,27354,10030,17895,157826,115491,29809,7916,94895,54,9,18,15
2021-04-16T23:59:59+02:00,10,4,3585,4151,6741,9573,7807,13290,10378,19276,17651,22230,29485,30601,32255,41233,11188,19920,667,718,1596,2376,2150,3782,3134,5836,5951,6645,7427,6304,20735,26787,10000,17834,157070,114162,29801,7710,92480,51,9,18,15
2021-04-15T23:59:59+02:00,10,4,3484,4072,6390,9201,7228,12790,9601,18444,16328,21003,28287,29306,31735,40591,11107,19744,637,695,1543,2337,2066,3695,3024,5716,5622,6407,6928,5915,19993,25866,9901,17664,151323,110778,29507,7166,88468,46,9,18,15
2021-04-14T23:59:59+02:00,9,4,3432,4024,6156,8960,6897,12413,8981,17897,15208,19971,26871,27805,31103,39709,10995,19546,604,669,1497,2298,1991,3617,2882,5593,5313,6173,6383,5407,18971,24575,9814,17484,144507,106501,29307,6711,86141,40,9,17,15
2021-04-13T23:59:59+02:00,9,4,3400,3992,6067,8882,6749,12283,8679,17651,14408,19279,23529,24244,30167,38528,10889,19370,599,660,1484,2275,1959,3583,2784,5522,5096,5990,6018,5064,18669,24227,9772,17417,132873,104384,29297,6678,85934,39,9,17,14
2021-04-12T23:59:59+02:00,9,4,3378,3971,6017,8822,6661,12199,8461,17457,13792,18750,22523,23093,29743,37969,10820,19243,589,652,1474,2267,1936,3562,2728,5472,4947,5885,5697,4781,18373,23923,9733,17356,127786,102788,29277,6530,85823,39,9,17,14
2021-04-11T23:59:59+02:00,9,4,3372,3965,5999,8798,6632,12182,8419,17434,13701,18690,22394,22945,29693,37906,10810,19219,586,647,1461,2257,1923,3555,2711,5455,4910,5848,5638,4721,18199,23689,9712,17325,127248,102122,29211,6458,85687,39,9,17,14
2021-04-10T23:59:59+02:00,9,4,3364,3964,5976,8797,6610,12181,8397,17433,13677,18688,22389,22942,29689,37905,10810,19219,583,644,1454,2250,1918,3552,2704,5446,4894,5840,5626,4704,18036,23435,9698,17301,127227,101603,29120,6426,85682,39,8,17,14
2021-04-09T23:59:59+02:00,8,4,3326,3952,5928,8783,6552,12162,8358,17406,13627,18642,20433,20525,29203,37286,10780,19169,570,631,1428,2228,1891,3528,2662,5410,4821,5778,5510,4601,17458,22703,9660,17230,126527,99836,23993,6226,85601,31,7,16,14
2021-04-08T23:59:59+02:00,8,4,3301,3933,5860,8751,6478,12123,8268,17343,13483,18525,17834,17452,28680,36619,10742,19118,528,602,1340,2146,1797,3431,2483,5226,4321,5415,4704,3994,15665,20467,9469,16921,125658,92816,18118,5656,84724,22,6,16,14
2021-04-07T23:59:59+02:00,6,4,3223,3905,5654,8701,6270,12063,8060,17268,13223,18429,15164,14375,28003,35818,10712,19065,504,573,1285,2089,1702,3351,2329,5086,3909,5084,3985,3423,14808,19596,9354,16734,125448,88471,16578,5308,77896,19,5,16,14
2021-04-06T23:59:59+02:00,5,4,3195,3895,5609,8682,6199,12039,7975,17232,13150,18358,13177,12007,27368,35102,10699,19035,474,550,1217,2034,1616,3268,2167,4967,3538,4808,3460,3010,13962,18592,9278,16613,125320,84821,16374,4706,72016,15,5,16,12
2021-04-05T23:59:59+02:00,5,4,3193,3892,5574,8667,6162,12026,7930,17215,13077,18322,13132,11961,27357,35086,10698,19032,442,520,1165,1997,1565,3227,2099,4913,3450,4732,3403,2958,13818,18420,9269,16595,125295,84327,16165,4220,71853,15,4,16,12
2021-04-04T23:59:59+02:00,5,4,3192,3890,5574,8665,6160,12025,7929,17213,13077,18322,13129,11961,27356,35086,10698,19032,441,519,1164,1997,1564,3227,2098,4913,3450,4732,3403,2958,13817,18420,9269,16595,125285,84321,16165,4220,71848,15,4,16,12
2021-04-03T23:59:59+02:00,5,4,3191,3890,5574,8664,6160,12025,7929,17213,13077,18322,13129,11960,27355,35083,10698,19032,441,517,1164,1997,1563,3227,2098,4912,3444,4729,3397,2947,13730,18283,9260,16579,125280,84042,16165,4220,71846,15,4,16,12
2021-04-02T23:59:59+02:00,5,4,3191,3887,5571,8659,6156,12016,7921,17200,13051,18291,13083,11907,27327,35064,10695,19028,438,510,1162,1993,1551,3218,2087,4890,3414,4696,3365,2918,12793,17033,9193,16470,125113,81569,16162,4138,71761,15,4,16,10
2021-04-01T23:59:59+02:00,5,4,3177,3873,5532,8640,6089,11983,7850,17165,12939,18219,12968,11780,27269,34988,10686,19013,390,466,1064,1925,1451,3129,1935,4777,3209,4565,3129,2716,10757,14433,9080,16290,124798,75948,16038,3345,71326,15,3,15,10
2021-03-31T23:59:59+02:00,5,4,3176,3859,5515,8606,6054,11947,7806,17120,12858,18150,12854,11658,27218,34925,10678,19003,352,444,1028,1882,1377,3089,1830,4673,2952,4364,2715,2401,8158,11198,8899,16048,124486,68387,15998,3001,70935,14,3,14,9
2021-03-30T23:59:59+02:00,5,4,3169,3848,5490,8580,6021,11915,7766,17080,12780,18084,12767,11521,27180,34877,10672,18993,331,426,1006,1850,1318,3054,1705,4593,2705,4192,2347,2153,7269,10111,8832,15919,124354,65064,15966,2726,70416,14,2,14,9
2021-03-29T23:59:59+02:00,5,4,3157,3844,5461,8560,5984,11880,7721,17047,12706,18007,12121,10764,25307,32383,10522,18736,325,423,999,1835,1298,3029,1671,4553,2557,4104,2059,2002,6611,9402,8788,15841,118348,62755,15795,2723,70050,12,2,14,9
2021-03-28T23:59:59+02:00,5,4,3127,3828,5412,8522,5933,11835,7640,16992,12596,17937,11857,10461,23321,29917,10467,18637,324,421,997,1834,1289,3025,1667,4551,2545,4096,2034,1982,6588,9387,8786,15836,118288,62624,10609,2721,69578,12,2,14,7
2021-03-27T23:59:59+01:00,5,4,3115,3824,5373,8511,5897,11820,7592,16977,12550,17890,11822,10417,23317,29909,10467,18637,324,421,997,1834,1289,3025,1666,4549,2543,4093,2032,1980,6540,9312,8753,15787,118219,62407,10608,2721,69284,12,2,14,7
2021-03-26T23:59:59+01:00,5,4,2982,3503,4923,7359,5403,10501,6981,14930,11741,15605,11601,10234,22832,29179,10422,18566,323,417,992,1831,1283,3020,1663,4547,2538,4086,2024,1974,6410,9123,8609,15598,116664,61722,10352,2709,59739,2,2,14,7
2021-03-25T23:59:59+01:00,5,3,2860,3240,4764,6595,5174,9352,6656,13211,11014,13801,10739,9431,22102,28331,10345,18409,318,408,985,1822,1268,3001,1644,4513,2502,4036,1956,1916,6118,8694,8329,15145,113737,59944,9649,2705,52630,1,2,14,7
2021-03-24T23:59:59+01:00,5,3,2813,3195,4688,6531,5040,9246,6450,13040,10501,13396,9898,8607,21084,27069,10246,18221,316,403,977,1816,1251,2990,1629,4489,2455,3981,1888,1841,5752,8220,7913,14470,109700,57694,9302,2693,51018,1,0,13,7
2021-03-23T23:59:59+01:00,5,3,2785,3162,4620,6463,4929,9152,6238,12878,10043,12974,9181,7938,20569,26460,10191,18114,304,390,960,1807,1236,2968,1600,4468,2405,3933,1811,1775,5468,7837,7509,13844,107301,55619,8967,2692,49424,1,0,13,7
2021-03-22T23:59:59+01:00,5,3,2768,3123,4561,6424,4853,9084,6099,12739,9681,12700,8579,7371,20148,26023,10130,18020,302,387,948,1801,1222,2954,1587,4455,2379,3905,1784,1754,5329,7663,7058,13019,105812,53855,8709,2687,47777,1,0,13,6
2021-03-21T23:59:59+01:00,5,3,2761,3107,4515,6400,4802,9048,6006,12672,9492,12513,8274,7113,19980,25857,10118,17992,302,387,947,1801,1220,2954,1586,4454,2376,3905,1777,1748,5320,7658,7027,12961,105611,53748,8476,2670,46558,1,0,13,6
2021-03-20T23:59:59+01:00,5,3,2761,3100,4507,6395,4795,9045,6002,12664,9472,12499,8241,7081,19806,25580,10102,17966,302,387,947,1800,1219,2954,1585,4453,2372,3897,1765,1735,5305,7609,6849,12721,105054,53250,8463,2645,46494,1,0,13,6
2021-03-19T23:59:59+01:00,5,3,2725,3074,4435,6350,4688,8995,5862,12606,9204,12312,7937,6855,19322,24991,10070,17907,302,387,946,1799,1219,2951,1583,4452,2365,3892,1750,1724,5268,7566,6437,12101,103752,52114,8220,2623,45356,1,0,13,6
2021-03-18T23:59:59+01:00,5,3,2659,3001,4270,6212,4438,8790,5504,12299,8291,11643,6675,5839,18062,23629,9915,17674,299,382,941,1789,1205,2938,1544,4436,2300,3846,1671,1682,5193,7459,5694,10982,98828,49777,7676,2581,42392,0,0,13,5
2021-03-17T23:59:59+01:00,5,3,2622,2961,4191,6114,4300,8682,5249,12023,7615,11075,5686,4940,16711,22092,9746,17414,295,380,937,1782,1201,2929,1527,4415,2234,3821,1605,1637,5148,7393,5112,10091,93387,47980,7175,2524,40854,0,0,13,5
2021-03-16T23:59:59+01:00,5,3,2602,2933,4129,6047,4206,8585,5072,11867,7167,10686,4923,4323,15850,21110,9640,17239,291,378,934,1777,1198,2922,1519,4405,2212,3802,1574,1620,5110,7350,4600,9271,89734,46516,7136,2445,39505,0,0,12,4
2021-03-15T23:59:59+01:00,5,3,2599,2922,4113,6027,4175,8559,5023,11820,7049,10568,4776,4161,15529,20697,9608,17180,289,374,933,1771,1192,2915,1505,4396,2191,3780,1530,1603,5050,7276,4016,8408,88959,44924,7037,2303,38806,0,0,12,4
2021-03-14T23:59:59+01:00,5,2,2594,2913,4091,6007,4145,8540,4981,11787,6955,10479,4671,4048,15398,20527,9591,17140,287,373,933,1769,1186,2908,1500,4385,2180,3773,1520,1597,5042,7268,4010,8394,88649,44861,7019,2262,38195,0,0,11,4
2021-03-13T23:59:59+01:00,5,2,2588,2905,4084,5995,4137,8533,4972,11777,6935,10466,4649,4022,15082,20087,9571,17104,287,373,933,1769,1186,2908,1500,4385,2180,3773,1519,1597,5042,7267,4010,8394,87756,44860,6997,2261,38150,0,0,11,4
2021-03-12T23:59:59+01:00,5,2,2525,2829,3973,5824,4017,8311,4835,11479,6757,10195,4496,3884,14153,18823,9509,17002,287,372,931,1766,1186,2905,1498,4380,2179,3766,1512,1595,5035,7248,4008,8377,85275,44783,6936,2260,36399,0,0,9,4
2021-03-11T23:59:59+01:00,4,2,2399,2604,3746,5497,3760,7874,4508,10717,6126,9384,3976,3382,12538,16825,9407,16853,287,371,927,1762,1183,2891,1489,4368,2166,3739,1471,1567,4994,7211,3996,8350,80918,44634,6772,2136,31903,0,0,9,4
2021-03-10T23:59:59+01:00,4,2,2277,2473,3589,5259,3565,7551,4237,10233,5572,8814,3401,2939,10251,14103,9258,16621,284,367,922,1752,1176,2880,1485,4352,2144,3724,1442,1560,4963,7196,3987,8340,74575,44569,6600,2003,28965,0,0,9,4
2021-03-09T23:59:59+01:00,4,2,2252,2422,3521,5170,3450,7461,4066,10036,5179,8463,2918,2579,8726,12085,9152,16470,283,366,922,1746,1169,2871,1481,4344,2136,3713,1428,1555,4955,7191,3984,8338,69688,44528,6451,1952,27808,0,0,9,4
2021-03-08T23:59:59+01:00,4,2,2228,2348,3462,5102,3376,7377,3945,9923,4885,8269,2473,2314,6790,9683,9031,16292,283,363,921,1736,1163,2855,1475,4333,2133,3706,1417,1548,4939,7171,3977,8328,63978,44420,6115,1926,27402,0,0,9,4
2021-03-07T23:59:59+01:00,4,2,2166,2292,3367,4994,3279,7288,3846,9836,4748,8174,2422,2262,6767,9662,9031,16284,283,362,920,1736,1163,2853,1475,4333,2133,3706,1417,1548,4938,7171,3977,8328,63850,44417,5432,1924,27133,0,0,9,4
2021-03-06T23:59:59+01:00,4,2,2158,2279,3354,4984,3275,7284,3837,9826,4738,8169,2420,2260,6721,9592,8998,16234,283,362,919,1732,1162,2852,1475,4330,2129,3701,1416,1543,4932,7166,3975,8318,63638,44369,5372,1924,27116,0,0,9,4
2021-03-05T23:59:59+01:00,4,2,2028,2192,3130,4798,3036,6972,3558,9432,4404,7833,2331,2198,6515,9270,8801,15969,283,360,917,1729,1162,2851,1474,4324,2126,3695,1410,1541,4926,7160,3974,8311,62647,44317,4524,1924,25293,0,0,9,4
2021-03-04T23:59:59+01:00,4,2,1778,1971,2719,4363,2580,6333,2992,8531,3718,7020,2113,2038,6219,8903,8517,15506,280,359,916,1721,1160,2834,1473,4308,2117,3683,1399,1539,4914,7146,3967,8300,60986,44193,3245,1921,21067,0,0,9,4
2021-03-03T23:59:59+01:00,4,2,1707,1883,2612,4178,2447,6108,2852,8244,3531,6757,2030,1960,5878,8427,8153,14915,279,355,916,1711,1158,2811,1469,4284,2112,3668,1374,1527,4909,7140,3963,8292,58958,44046,3101,1921,19620,0,0,9,3
2021-03-02T23:59:59+01:00,4,2,1671,1807,2542,4060,2366,5958,2745,8063,3416,6604,1955,1893,5561,7987,7740,14236,277,350,913,1692,1155,2791,1466,4265,2111,3657,1349,1521,4899,7123,3958,8284,56830,43889,2859,1921,18912,0,0,9,3
2021-03-01T23:59:59+01:00,2,2,1661,1781,2503,3953,2318,5843,2709,7962,3363,6524,1913,1873,5424,7824,7258,13360,276,348,909,1686,1153,2779,1464,4252,2109,3642,1344,1516,4896,7121,3956,8277,54951,43806,2848,1921,18465,0,0,9,3
2021-02-28T23:59:59+01:00,2,2,1645,1742,2469,3881,2287,5788,2666,7883,3336,6476,1908,1869,5416,7819,7221,13300,276,348,908,1686,1153,2779,1464,4251,2109,3641,1344,1516,4896,7120,3956,8277,54825,43803,2847,1920,18029,0,0,9,3
2021-02-27T23:59:59+01:00,2,2,1643,1735,2466,3873,2283,5788,2664,7882,3333,6473,1902,1859,5406,7775,7048,13076,276,348,898,1681,1143,2772,1454,4242,2092,3632,1343,1513,4896,7119,3956,8277,54353,43799,2847,1842,18001,0,0,9,3
2021-02-26T23:59:59+01:00,2,1,1455,1578,2338,3630,2206,5382,2572,7379,3246,6015,1887,1834,5381,7742,6779,12683,274,346,890,1674,1135,2753,1448,4220,2082,3618,1336,1504,4889,7107,3952,8264,53596,43718,2828,1774,15677,0,0,9,2
2021-02-25T23:59:59+01:00,2,1,1241,1297,2119,3199,2034,4633,2375,6436,3005,5116,1796,1763,5329,7662,6195,11830,272,338,883,1613,1101,2657,1415,4110,2026,3543,1298,1483,4845,7065,3932,8209,51693,43244,2817,1546,11515,0,0,8,2
2021-02-24T23:59:59+01:00,2,1,1188,1088,2013,2934,1928,4296,2242,6032,2834,4846,1719,1708,5268,7572,5424,10635,270,332,847,1565,1051,2566,1354,3994,1937,3415,1258,1455,4828,7038,3922,8188,49326,42979,2805,1041,9591,0,0,8,2
2021-02-23T23:59:59+01:00,2,1,1173,1037,1978,2870,1902,4197,2216,5947,2800,4783,1710,1693,5232,7524,4777,9600,270,331,820,1538,1001,2514,1301,3916,1831,3340,1206,1428,4804,7012,3909,8149,47524,42772,2778,598,9133,0,0,7,2
2021-02-22T23:59:59+01:00,2,1,1165,995,1929,2726,1858,4052,2160,5752,2746,4677,1699,1682,5198,7475,4162,8710,268,321,777,1500,947,2431,1212,3808,1691,3243,1116,1369,4761,6941,3881,8039,45898,42296,2759,9,8326,0,0,6,2
2021-02-21T23:59:59+01:00,2,1,1163,981,1900,2664,1831,3955,2133,5647,2726,4614,1692,1676,5195,7466,4162,8706,266,319,772,1494,939,2399,1210,3772,1678,3203,1107,1354,4744,6917,3856,7995,45845,42016,2749,9,7914,0,0,6,2
2021-02-20T23:59:59+01:00,2,1,1163,981,1900,2663,1830,3955,2133,5647,2724,4609,1683,1667,5189,7459,4160,8703,266,319,772,1493,938,2395,1209,3768,1677,3201,1107,1354,4692,6857,3809,7938,45830,41787,2721,8,7912,0,0,6,2
2021-02-19T23:59:59+01:00,2,1,1163,978,1897,2658,1830,3946,2132,5638,2720,4606,1665,1658,5174,7441,4157,8698,265,318,768,1483,929,2371,1202,3725,1649,3148,1079,1315,4498,6604,3629,7637,45751,40612,2700,8,7907,0,0,6,2
2021-02-18T23:59:59+01:00,2,1,1132,896,1857,2539,1792,3809,2079,5432,2658,4433,1649,1641,5158,7408,4152,8669,237,289,723,1358,881,2165,1116,3388,1533,2851,969,1125,4003,5822,3213,6733,45598,36398,2667,8,7036,0,0,6,2
2021-02-17T23:59:59+01:00,2,1,1084,769,1776,2307,1715,3513,1970,5072,2583,4186,1624,1632,5137,7393,4143,8666,232,286,713,1340,872,2143,1104,3353,1514,2830,963,1122,3620,5296,2915,6305,45558,34600,2607,8,5402,0,0,6,2
2021-02-16T23:59:59+01:00,2,1,1043,731,1722,2204,1646,3341,1900,4865,2504,4078,1586,1618,5110,7370,4134,8654,225,280,697,1305,850,2089,1073,3235,1475,2743,939,1099,3262,4746,2573,5806,45504,32392,2440,5,4559,0,0,6,2
2021-02-15T23:59:59+01:00,2,1,1036,712,1702,2127,1628,3241,1881,4756,2490,3999,1556,1604,5079,7354,4101,8598,213,270,681,1272,831,2039,1052,3169,1433,2678,909,1068,2833,4189,2236,5224,45376,30093,2354,4,4131,0,0,6,2
2021-02-14T23:59:59+01:00,2,1,942,679,1624,2094,1566,3221,1838,4734,2455,3986,1549,1602,5070,7343,4099,8592,206,259,672,1254,813,1999,1036,3103,1402,2610,880,1023,2741,4047,2157,5025,45334,29224,2319,3,3739,0,0,5,2
2021-02-13T23:59:59+01:00,2,1,889,655,1594,2071,1551,3212,1822,4727,2447,3985,1548,1601,5070,7342,4098,8591,204,258,670,1253,813,1995,1036,3101,1401,2607,879,1023,2637,3922,2092,4924,45327,28812,2319,3,3555,0,0,5,2
2021-02-12T23:59:59+01:00,2,1,559,508,1247,1954,1380,3109,1682,4644,2340,3915,1529,1593,5060,7331,4088,8581,192,252,655,1227,799,1951,1009,3016,1346,2507,817,948,2410,3607,1944,4601,45206,27279,2319,2,1993,0,0,5,2
2021-02-11T23:59:59+01:00,2,1,394,432,1058,1840,1277,2991,1585,4531,2251,3825,1420,1548,4997,7279,4065,8531,155,189,555,983,664,1505,808,2344,1066,1914,575,696,1791,2720,1435,3320,44847,20721,2111,1,1064,0,0,5,0
2021-02-10T23:59:59+01:00,2,1,281,361,932,1734,1176,2869,1491,4347,2137,3703,1381,1535,4976,7268,4060,8529,133,127,384,622,493,1016,639,1734,898,1580,555,680,1385,2162,1118,2818,44771,16346,2002,0,6,0,0,4,0
2021-02-09T23:59:59+01:00,2,1,281,360,931,1728,1173,2861,1491,4341,2136,3698,1373,1532,4974,7266,4059,8527,130,125,376,589,474,989,618,1705,873,1550,553,677,1000,1697,837,2411,44746,14606,1979,0,5,0,0,4,0
2021-02-08T23:59:59+01:00,2,1,281,358,930,1726,1170,2851,1484,4335,2134,3694,1368,1528,4972,7266,4058,8524,125,119,365,576,466,970,607,1674,855,1524,545,672,606,1206,532,1982,44717,12826,1956,0,5,0,0,4,0
2021-02-07T23:59:59+01:00,2,1,281,358,927,1726,1169,2851,1482,4333,2134,3694,1368,1528,4972,7265,4057,8524,121,116,359,572,465,963,604,1662,845,1508,537,669,605,1196,527,1967,44713,12718,1955,0,0,0,0,4,0
2021-02-06T23:59:59+01:00,2,1,281,358,927,1726,1169,2851,1482,4333,2134,3694,1368,1528,4972,7265,4057,8524,118,113,357,568,464,961,604,1660,845,1507,536,668,605,1196,527,1967,44713,12698,1955,0,0,0,0,4,0
2021-02-05T23:59:59+01:00,2,1,280,357,925,1726,1169,2850,1480,4332,2133,3694,1368,1528,4971,7263,4057,8521,117,105,354,563,456,948,600,1650,832,1484,531,658,599,1180,517,1942,44698,12538,1955,0,0,0,0,4,0
2021-02-04T23:59:59+01:00,2,1,276,352,919,1687,1162,2803,1480,4279,2121,3651,1361,1521,4942,7232,4045,8487,89,70,236,390,331,690,471,1260,623,1116,401,520,504,965,453,1677,44364,9797,1954,0,0,0,0,3,0
2021-02-03T23:59:59+01:00,2,1,274,343,915,1662,1158,2768,1469,4229,2112,3615,1353,1505,4917,7202,4031,8457,55,34,83,165,153,345,229,592,300,542,211,278,288,601,264,1045,44056,5186,1954,0,0,0,0,3,0
2021-02-02T23:59:59+01:00,2,1,273,341,914,1650,1154,2749,1466,4197,2105,3589,1345,1499,4909,7187,4022,8431,16,10,27,50,62,100,73,164,96,123,45,75,70,133,57,207,43877,1309,1954,0,0,0,0,3,0
2021-02-01T23:59:59+01:00,2,1,273,337,914,1647,1153,2748,1465,4193,2104,3583,1344,1498,4907,7186,4022,8431,13,9,23,43,52,91,60,139,74,104,39,67,62,124,55,194,43851,1150,1954,0,0,0,0,3,0
2021-01-31T23:59:59+01:00,2,1,273,336,914,1643,1152,2743,1465,4188,2104,3580,1343,1498,4906,7185,4022,8431,12,8,21,38,45,83,54,128,64,98,34,56,53,114,52,187,43831,1048,1952,0,0,0,0,3,0
2021-01-30T23:59:59+01:00,2,1,273,336,909,1640,1144,2735,1457,4182,2100,3577,1343,1498,4853,7125,3976,8373,12,8,21,37,45,83,53,127,64,98,34,56,53,114,52,187,43603,1045,1918,0,0,0,0,3,0
2021-01-29T23:59:59+01:00,2,1,272,335,894,1632,1132,2714,1445,4152,2077,3550,1334,1492,4688,6923,3808,8165,10,8,21,37,42,83,52,125,61,97,33,52,52,114,52,187,42807,1027,1806,0,0,0,0,3,0
2021-01-28T23:59:59+01:00,2,1,268,322,875,1545,1093,2604,1408,4050,2008,3476,1308,1479,4352,6450,3530,7804,7,4,9,17,23,41,21,57,36,64,20,34,36,74,40,125,41009,609,1563,0,0,0,0,3,0
2021-01-27T23:59:59+01:00,2,1,262,319,833,1490,1046,2510,1344,3952,1934,3369,1268,1452,3938,5879,3203,7332,3,4,9,8,12,20,8,23,14,29,12,15,18,42,17,63,39021,298,1110,0,0,0,0,3,0
2021-01-26T23:59:59+01:00,2,1,255,310,797,1443,979,2425,1283,3825,1818,3261,1207,1401,3589,5323,2848,6809,1,1,5,3,5,7,4,3,3,8,7,5,5,7,4,8,36911,77,662,0,0,0,0,3,0
2021-01-25T23:59:59+01:00,2,1,245,301,745,1383,918,2307,1181,3680,1660,3140,1127,1369,3193,4808,2532,6332,1,1,5,2,3,7,2,2,3,8,7,5,5,7,4,8,34860,71,62,0,0,0,0,2,0
2021-01-24T23:59:59+01:00,2,1,242,301,739,1379,907,2291,1176,3664,1632,3110,1121,1367,3166,4772,2515,6310,1,1,3,2,3,7,2,2,3,8,7,5,5,7,4,8,34685,69,8,0,0,0,0,2,0
2021-01-23T23:59:59+01:00,2,1,241,300,738,1378,907,2287,1175,3662,1629,3108,1120,1367,3061,4645,2449,6209,1,1,3,2,2,7,2,2,3,8,7,5,5,7,4,8,34270,68,7,0,0,0,0,2,0
2021-01-22T23:59:59+01:00,2,1,240,297,735,1362,905,2274,1169,3646,1625,3105,1118,1366,2900,4451,2346,6064,1,1,3,2,2,7,2,2,3,8,7,5,5,7,4,8,33597,68,7,0,0,0,0,2,0
2021-01-21T23:59:59+01:00,2,1,235,268,670,1206,838,2062,1088,3361,1529,2899,1075,1323,2553,3986,2051,5623,1,0,3,1,2,7,2,2,3,8,7,4,5,7,4,8,30763,65,7,0,0,0,0,0,0
2021-01-20T23:59:59+01:00,2,1,210,204,509,853,663,1570,888,2660,1293,2434,977,1190,2016,3233,1625,4809,1,0,3,1,2,7,2,2,3,6,6,4,5,7,4,8,25130,62,7,0,0,0,0,0,0
2021-01-19T23:59:59+01:00,2,1,184,187,463,744,609,1415,803,2364,1120,2126,809,931,1362,2293,1140,3671,0,0,2,1,0,0,0,0,2,1,1,0,0,0,0,0,20221,7,3,0,0,0,0,0,0
2021-01-18T23:59:59+01:00,1,1,138,132,385,619,487,1060,647,1821,930,1634,602,724,693,1345,599,2247,0,0,1,0,0,0,0,0,1,0,0,0,0,0,0,0,14063,2,2,0,0,0,0,0,0
2021-01-17T23:59:59+01:00,1,1,127,118,369,584,472,995,618,1704,871,1535,553,683,642,1243,553,2082,0,0,0,0,0,0,0,0,0,0,0,0,0,0,0,0,13151,0,0,0,0,0,0,0,0
2021-01-16T23:59:59+01:00,1,1,120,114,366,580,470,983,612,1691,865,1528,552,682,641,1237,548,2068,0,0,0,0,0,0,0,0,0,0,0,0,0,0,0,0,13059,0,0,0,0,0,0,0,0
2021-01-15T23:59:59+01:00,1,1,118,107,363,574,462,967,608,1680,851,1504,546,670,633,1220,540,2043,0,0,0,0,0,0,0,0,0,0,0,0,0,0,0,0,12888,0,0,0,0,0,0,0,0
2021-01-14T23:59:59+01:00,1,1,97,86,280,465,390,788,504,1410,695,1217,431,539,551,1022,476,1841,0,0,0,0,0,0,0,0,0,0,0,0,0,0,0,0,10794,0,0,0,0,0,0,0,0
2021-01-13T23:59:59+01:00,1,1,67,47,167,282,255,523,352,921,474,781,264,327,334,672,306,1170,0,0,0,0,0,0,0,0,0,0,0,0,0,0,0,0,6944,0,0,0,0,0,0,0,0
2021-01-12T23:59:59+01:00,1,1,31,20,52,101,114,215,150,382,196,332,137,180,175,372,177,650,0,0,0,0,0,0,0,0,0,0,0,0,0,0,0,0,3286,0,0,0,0,0,0,0,0
2021-01-11T23:59:59+01:00,1,0,17,10,36,63,62,114,77,171,91,126,40,67,67,131,55,201,0,0,0,0,0,0,0,0,0,0,0,0,0,0,0,0,1329,0,0,0,0,0,0,0,0
2021-01-10T23:59:59+01:00,1,0,14,7,29,52,55,102,67,156,75,112,34,57,57,120,50,191,0,0,0,0,0,0,0,0,0,0,0,0,0,0,0,0,1179,0,0,0,0,0,0,0,0
2021-01-09T23:59:59+01:00,1,0,13,7,28,51,54,101,64,155,75,110,34,57,57,120,50,191,0,0,0,0,0,0,0,0,0,0,0,0,0,0,0,0,1168,0,0,0,0,0,0,0,0
2021-01-08T23:59:59+01:00,1,0,10,7,26,48,49,96,60,142,69,106,32,52,56,120,50,191,0,0,0,0,0,0,0,0,0,0,0,0,0,0,0,0,1115,0,0,0,0,0,0,0,0
2021-01-07T23:59:59+01:00,1,0,7,4,9,18,22,43,23,57,38,66,19,35,41,80,39,127,0,0,0,0,0,0,0,0,0,0,0,0,0,0,0,0,629,0,0,0,0,0,0,0,0
2021-01-06T23:59:59+01:00,1,0,7,4,9,15,14,30,15,40,25,53,16,25,34,70,37,111,0,0,0,0,0,0,0,0,0,0,0,0,0,0,0,0,506,0,0,0,0,0,0,0,0
2021-01-05T23:59:59+01:00,1,0,7,4,9,15,14,30,15,40,25,53,16,25,33,70,37,111,0,0,0,0,0,0,0,0,0,0,0,0,0,0,0,0,505,0,0,0,0,0,0,0,0
2021-01-04T23:59:59+01:00,1,0,2,4,8,5,4,14,4,8,6,16,7,5,9,16,5,15,0,0,0,0,0,0,0,0,0,0,0,0,0,0,0,0,129,0,0,0,0,0,0,0,0
2021-01-03T23:59:59+01:00,1,0,1,1,3,2,2,7,3,3,3,9,5,4,6,8,4,9,0,0,0,0,0,0,0,0,0,0,0,0,0,0,0,0,71,0,0,0,0,0,0,0,0
2021-01-02T23:59:59+01:00,1,0,1,1,3,2,2,7,3,3,3,9,5,4,6,8,4,9,0,0,0,0,0,0,0,0,0,0,0,0,0,0,0,0,71,0,0,0,0,0,0,0,0
2021-01-01T23:59:59+01:00,1,0,1,1,3,2,2,7,2,3,3,9,5,4,6,8,4,9,0,0,0,0,0,0,0,0,0,0,0,0,0,0,0,0,70,0,0,0,0,0,0,0,0
2020-12-31T23:59:59+01:00,1,0,1,1,3,1,2,7,2,2,3,8,5,4,6,8,4,9,0,0,0,0,0,0,0,0,0,0,0,0,0,0,0,0,67,0,0,0,0,0,0,0,0
2020-12-30T23:59:59+01:00,1,0,1,1,3,1,2,7,2,2,3,6,5,4,6,8,4,9,0,0,0,0,0,0,0,0,0,0,0,0,0,0,0,0,65,0,0,0,0,0,0,0,0
2020-12-29T23:59:59+01:00,1,0,1,1,2,1,2,6,2,2,3,6,3,2,5,8,3,8,0,0,0,0,0,0,0,0,0,0,0,0,0,0,0,0,56,0,0,0,0,0,0,0,0
2020-12-28T23:59:59+01:00,1,0,0,0,2,1,0,2,1,0,1,3,0,1,0,1,1,5,0,0,0,0,0,0,0,0,0,0,0,0,0,0,0,0,19,0,0,0,0,0,0,0,0
2020-12-27T23:59:59+01:00,0,0,0,0,0,0,0,1,1,0,1,2,0,1,0,1,1,5,0,0,0,0,0,0,0,0,0,0,0,0,0,0,0,0,13,0,0,0,0,0,0,0,0
