Datum,<15_1_m,<15_1_w,15-24_1_m,15-24_1_w,25-34_1_m,25-34_1_w,35-44_1_m,35-44_1_w,45-54_1_m,45-54_1_w,55-64_1_m,55-64_1_w,65-74_1_m,65-74_1_w,75-84_1_m,75-84_1_w,>84_1_m,>84_1_w,<15_2_m,<15_2_w,15-24_2_m,15-24_2_w,25-34_2_m,25-34_2_w,35-44_2_m,35-44_2_w,45-54_2_m,45-54_2_w,55-64_2_m,55-64_2_w,65-74_2_m,65-74_2_w,75-84_2_m,75-84_2_w,>84_2_m,>84_2_w,bp_1,bp_2,mo_1,mo_2,az_1,az_2,ja,unb_1,unb_2
2021-12-13T23:59:59+01:00,15359,14561,56920,52998,71150,62506,72050,67530,81731,79387,93488,91210,62573,67336,40545,52427,12899,23385,7803,7584,50240,47250,64721,55874,66815,62014,76904,74267,89550,87005,60733,65043,39465,50811,12381,22336,780413,712617,81479,77839,109934,104048,46217,63,75
2021-12-12T23:59:59+01:00,15190,14404,56846,52906,71075,62413,71992,67471,81691,79329,93440,91152,62541,67287,40530,52407,12897,23356,7718,7512,50076,47124,64547,55705,66689,61899,76793,74154,89431,86891,60693,64976,39429,50773,12373,22322,779324,711003,81447,77770,109934,104047,46210,63,75
2021-12-11T23:59:59+01:00,15139,14358,56796,52859,71039,62378,71975,67443,81680,79316,93438,91144,62536,67284,40528,52400,12897,23355,7689,7489,50010,47076,64489,55657,66653,61857,76757,74126,89417,86870,60685,64969,39424,50770,12373,22322,778963,710538,81447,77765,109934,104046,46209,63,75
2021-12-10T23:59:59+01:00,14905,14116,56706,52772,70966,62287,71912,67392,81628,79273,93407,91092,62522,67265,40521,52389,12891,23351,7616,7414,49779,46863,64306,55476,66496,61699,76605,73992,89335,86793,60658,64927,39415,50757,12371,22316,777848,708824,81393,77665,109934,104046,46208,63,75
2021-12-09T23:59:59+01:00,14485,13665,56523,52583,70817,62113,71804,67251,81549,79177,93330,90988,62482,67203,40505,52354,12883,23325,7304,7081,49283,46411,63858,54934,66126,61323,76285,73674,89092,86536,60562,64821,39380,50688,12358,22276,775513,704056,81374,77613,109934,104044,46204,63,75
2021-12-08T23:59:59+01:00,14247,13419,56379,52470,70678,61978,71706,67147,81486,79091,93261,90903,62434,67146,40488,52323,12868,23306,7116,6906,48839,46047,63455,54524,65802,61026,76024,73409,88875,86324,60479,64708,39346,50642,12354,22245,773847,700285,81339,77519,109934,104044,46198,63,75
2021-12-07T23:59:59+01:00,13911,13107,56300,52409,70627,61918,71667,67106,81467,79068,93239,90874,62426,67137,40488,52318,12864,23305,7078,6878,48700,45919,63340,54418,65713,60962,75958,73358,88825,86282,60465,64693,39342,50635,12352,22244,772760,699365,81330,77483,109934,104044,46195,63,75
2021-12-06T23:59:59+01:00,13577,12824,56207,52302,70532,61807,71581,67032,81414,78994,93177,90798,62392,67092,40473,52281,12853,23279,6959,6768,48340,45659,62988,54123,65452,60707,75715,73151,88624,86092,60383,64600,39318,50578,12344,22219,771171,696329,81304,77378,109934,104044,46194,63,75
2021-12-05T23:59:59+01:00,13398,12701,56145,52241,70473,61720,71522,66974,81386,78948,93151,90762,62359,67058,40461,52249,12852,23268,6910,6705,48148,45496,62751,53922,65276,60560,75577,73007,88508,85977,60332,64533,39305,50544,12337,22202,770232,694486,81298,77295,109934,104042,46192,63,75
2021-12-04T23:59:59+01:00,13319,12640,56098,52194,70430,61667,71495,66944,81355,78927,93132,90745,62351,67053,40458,52245,12852,23265,6855,6642,47890,45265,62493,53671,65089,60404,75435,72877,88395,85887,60312,64506,39300,50528,12336,22197,769735,692478,81297,77295,109934,104042,46192,63,75
2021-12-03T23:59:59+01:00,13052,12381,55976,52127,70373,61574,71435,66869,81305,78867,93091,90689,62332,67033,40448,52232,12851,23256,6728,6510,47383,44836,62048,53283,64743,60111,75160,72625,88215,85734,60277,64456,39281,50500,12333,22191,768463,688839,81290,77266,109934,104042,46192,63,75
2021-12-02T23:59:59+01:00,12615,11978,55808,51991,70214,61407,71320,66731,81224,78773,93013,90577,62290,66967,40431,52185,12838,23231,6528,6322,46791,44327,61516,52783,64286,59710,74777,72282,87969,85490,60193,64343,39235,50440,12320,22165,766204,683984,81258,77190,109933,104042,46186,63,75
2021-12-01T23:59:59+01:00,12296,11720,55669,51863,70074,61203,71214,66604,81121,78673,92928,90481,62243,66889,40411,52147,12827,23202,6398,6213,46335,43932,60980,52299,63875,59347,74448,71967,87693,85241,60123,64236,39200,50379,12315,22132,764235,679719,81204,77096,109933,104042,46181,63,75
2021-11-30T23:59:59+01:00,11910,11393,55551,51762,69940,61058,71139,66496,81059,78608,92858,90404,62210,66829,40393,52109,12814,23176,6341,6140,46013,43677,60660,52028,63630,59129,74217,71784,87547,85081,60057,64173,39169,50335,12312,22118,762400,677057,81185,77058,109933,104042,46179,63,75
2021-11-29T23:59:59+01:00,11361,10877,55414,51670,69801,60906,71043,66393,80978,78512,92784,90321,62161,66767,40377,52077,12803,23153,6266,6075,45671,43442,60288,51708,63350,58922,73972,71555,87376,84926,60010,64122,39139,50299,12305,22106,760104,674256,81173,76986,109933,104040,46175,63,75
2021-11-28T23:59:59+01:00,10859,10402,55349,51595,69727,60814,70969,66317,80925,78453,92725,90260,62140,66731,40363,52058,12786,23140,6217,6021,45549,43325,60126,51572,63219,58811,73858,71436,87277,84839,59978,64081,39119,50273,12301,22092,758339,672862,81156,76945,109933,104040,46172,63,75
2021-11-27T23:59:59+01:00,10622,10214,55321,51567,69691,60792,70958,66301,80910,78444,92719,90258,62138,66725,40363,52055,12785,23139,6208,6014,45525,43310,60090,51552,63202,58795,73836,71419,87258,84824,59974,64077,39119,50273,12301,22091,757732,672641,81154,76942,109933,104040,46170,63,75
2021-11-26T23:59:59+01:00,10045,9637,55217,51479,69592,60688,70897,66223,80839,78381,92663,90197,62119,66699,40349,52031,12785,23136,6171,5970,45364,43168,59911,51448,63059,58682,73722,71337,87184,84770,59960,64061,39110,50266,12299,22089,755717,671360,81150,76934,109933,104038,46164,63,75
2021-11-25T23:59:59+01:00,9309,8996,54997,51275,69385,60424,70726,66007,80689,78185,92543,90069,62072,66631,40323,51979,12772,23101,6028,5861,44982,42820,59503,51097,62725,58378,73425,71026,86982,84600,59910,63995,39078,50227,12292,22075,752260,667837,81115,76893,109933,104038,46161,63,75
2021-11-24T23:59:59+01:00,9089,8749,54807,51092,69195,60202,70549,65836,80542,78046,92429,89923,62015,66542,40297,51924,12763,23067,5966,5802,44688,42524,59091,50771,62407,58114,73136,70809,86753,84438,59849,63924,39053,50173,12281,22056,749893,664714,81077,76860,109933,104036,46150,63,75
2021-11-23T23:59:59+01:00,8882,8577,54615,50923,68985,59968,70395,65669,80401,77876,92320,89789,61950,66464,40258,51864,12744,23048,5931,5773,44509,42372,58876,50606,62226,57969,72957,70648,86615,84332,59814,63859,39026,50121,12266,22036,747593,662857,81052,76837,109933,104031,46136,63,75
2021-11-22T23:59:59+01:00,8745,8452,54440,50766,68803,59761,70233,65512,80279,77730,92209,89680,61893,66377,40221,51806,12730,23019,5901,5738,44371,42249,58686,50467,62056,57838,72823,70524,86492,84246,59773,63801,39006,50089,12258,22013,745571,661285,81018,76821,109933,104030,46120,63,75
2021-11-21T23:59:59+01:00,8663,8361,54285,50666,68641,59587,70113,65396,80183,77628,92137,89589,61856,66312,40196,51777,12729,23005,5889,5726,44326,42214,58612,50421,61992,57791,72772,70468,86434,84198,59751,63768,38988,50065,12254,22009,744082,660657,80994,76811,109929,104030,46105,63,75
2021-11-20T23:59:59+01:00,8612,8311,54201,50617,68550,59484,70021,65322,80132,77565,92101,89551,61849,66293,40192,51771,12729,23002,5885,5712,44307,42195,58582,50404,61972,57770,72745,70447,86424,84182,59749,63760,38987,50062,12254,22009,743338,660447,80920,76792,109929,104030,46102,63,75
2021-11-19T23:59:59+01:00,8493,8201,54008,50422,68375,59319,69884,65173,80017,77455,92012,89463,61816,66258,40183,51754,12724,22996,5870,5699,44209,42134,58478,50332,61891,57712,72650,70370,86364,84141,59728,63740,38981,50054,12253,22007,741694,659667,80830,76757,109929,104029,46085,63,75
2021-11-18T23:59:59+01:00,8174,7882,53603,50079,68014,58883,69588,64853,79788,77219,91837,89268,61733,66166,40151,51699,12722,22964,5760,5595,43909,41907,58193,50101,61674,57510,72454,70164,86192,84000,59658,63673,38945,50009,12242,21992,737834,657097,80789,76726,109929,104026,46054,63,75
2021-11-17T23:59:59+01:00,7950,7667,53251,49752,67702,58541,69293,64612,79567,77031,91682,89087,61663,66082,40120,51664,12717,22938,5693,5520,43683,41686,57875,49869,61455,57300,72253,69978,86031,83851,59596,63590,38922,49962,12237,21971,734631,654706,80723,76645,109928,104026,46020,63,75
2021-11-16T23:59:59+01:00,7809,7529,52795,49411,67326,58194,69015,64335,79322,76805,91514,88894,61595,65996,40082,51612,12707,22907,5673,5499,43547,41591,57720,49760,61349,57196,72133,69876,85933,83756,59549,63524,38887,49921,12234,21960,731342,653444,80602,76604,109928,104026,45959,63,75
2021-11-15T23:59:59+01:00,7705,7434,52484,49135,66950,57865,68745,64100,79115,76616,91360,88729,61522,65905,40065,51562,12700,22892,5653,5485,43458,41528,57603,49678,61272,57119,72065,69812,85876,83693,59511,63486,38871,49887,12229,21948,728495,652588,80545,76587,109928,104025,45899,63,75
2021-11-14T23:59:59+01:00,7642,7380,52217,48964,66656,57601,68544,63924,78965,76468,91243,88618,61473,65859,40051,51535,12697,22885,5649,5477,43381,41481,57525,49608,61215,57052,71999,69762,85827,83644,59474,63451,38861,49870,12224,21943,726452,651945,80503,76576,109928,104025,45822,63,75
2021-11-13T23:59:59+01:00,7523,7281,51784,48552,66234,57209,68227,63638,78691,76272,91077,88504,61446,65819,40035,51514,12694,22880,5630,5469,43334,41429,57471,49560,61174,57017,71950,69706,85780,83610,59461,63436,38850,49858,12221,21939,723128,651405,80491,76575,109928,104024,45816,63,75
2021-11-12T23:59:59+01:00,7359,7122,51164,48093,65678,56748,67803,63265,78376,75961,90877,88335,61410,65743,40004,51476,12690,22866,5606,5442,43189,41340,57359,49467,61074,56930,71854,69613,85697,83546,59426,63401,38842,49843,12213,21932,718823,650351,80450,76572,109927,104023,45753,63,75
2021-11-11T23:59:59+01:00,7155,6902,50336,47468,65011,56098,67283,62800,77934,75571,90622,88081,61337,65647,39973,51429,12679,22845,5531,5370,43004,41151,57176,49262,60913,56754,71718,69461,85566,83431,59373,63344,38808,49802,12203,21916,713218,648506,80361,76535,109927,104019,45648,63,75
2021-11-10T23:59:59+01:00,6956,6765,49534,46818,64174,55397,66646,62262,77446,75091,90312,87789,61249,65531,39938,51370,12672,22826,5496,5318,42795,40972,56955,49048,60735,56587,71566,69282,85439,83286,59308,63285,38768,49755,12196,21899,707088,646607,80247,76491,109925,104018,45499,63,75
2021-11-09T23:59:59+01:00,6845,6637,48872,46252,63496,54853,66174,61851,77031,74694,90037,87519,61173,65441,39908,51330,12668,22810,5469,5297,42643,40869,56822,48929,60633,56477,71471,69164,85348,83192,59257,63222,38745,49716,12188,21889,702264,645455,80075,76467,109917,104017,45317,63,75
2021-11-08T23:59:59+01:00,6741,6530,48218,45784,62857,54347,65697,61424,76628,74358,89793,87288,61096,65379,39880,51291,12664,22795,5445,5276,42536,40748,56693,48833,60548,56393,71380,69082,85285,83118,59212,63177,38734,49694,12182,21868,697873,644556,79831,76426,109917,104016,45131,63,75
2021-11-07T23:59:59+01:00,6697,6481,47943,45567,62565,54095,65460,61242,76421,74188,89678,87182,61061,65338,39873,51275,12662,22789,5433,5254,42474,40697,56617,48774,60489,56341,71324,69029,85250,83084,59191,63160,38723,49683,12180,21862,695794,644051,79787,76421,109916,104016,45002,63,75
2021-11-06T23:59:59+01:00,6684,6463,47908,45529,62506,54050,65426,61218,76396,74163,89660,87171,61061,65338,39873,51275,12662,22788,5430,5254,42470,40690,56603,48765,60483,56335,71319,69025,85244,83081,59191,63160,38723,49683,12180,21862,695459,643991,79782,76420,109916,104016,44996,63,75
2021-11-05T23:59:59+01:00,6616,6391,47649,45299,62208,53789,65176,61024,76198,73989,89541,87090,61053,65320,39872,51268,12662,22782,5406,5230,42402,40640,56525,48686,60422,56267,71253,68971,85210,83050,59180,63148,38715,49677,12178,21859,693394,643485,79775,76417,109913,104016,44826,63,75
2021-11-04T23:59:59+01:00,6462,6253,47089,44820,61646,53295,64709,60637,75853,73684,89340,86950,61021,65263,39851,51247,12655,22774,5333,5143,42221,40433,56347,48491,60267,56115,71132,68841,85097,82961,59143,63109,38701,49631,12174,21851,689306,641917,79724,76396,109913,104015,44587,63,75
2021-11-03T23:59:59+01:00,6378,6164,46627,44437,61049,52886,64318,60297,75524,73423,89128,86792,60990,65217,39840,51225,12649,22759,5292,5083,42038,40279,56115,48311,60137,55977,71009,68721,85013,82883,59106,63072,38681,49602,12169,21836,685722,640483,79669,76373,109913,104013,44380,63,75
2021-11-02T23:59:59+01:00,6325,6109,46354,44223,60674,52646,64021,60125,75316,73286,89007,86709,60973,65187,39830,51204,12644,22750,5268,5059,41930,40197,56016,48228,60045,55914,70936,68653,84959,82834,59082,63043,38666,49585,12162,21812,683590,639712,79641,76367,109910,104013,44222,63,75
2021-11-01T23:59:59+01:00,6268,6051,46137,44039,60417,52478,63785,59953,75144,73172,88918,86654,60960,65171,39820,51198,12642,22747,5242,5032,41864,40129,55922,48149,59944,55865,70863,68605,84907,82801,59073,63026,38659,49569,12157,21799,682040,639194,79630,76365,109904,104012,43960,63,75
2021-10-31T23:59:59+01:00,6263,6051,46133,44037,60412,52474,63781,59950,75143,73168,88916,86654,60960,65171,39820,51198,12642,22747,5240,5030,41864,40127,55922,48148,59942,55864,70861,68604,84907,82801,59073,63026,38659,49568,12157,21798,682008,639180,79629,76365,109904,104012,43959,63,75
2021-10-30T23:59:59+02:00,6263,6051,46133,44036,60410,52470,63781,59950,75141,73167,88915,86653,60960,65171,39820,51198,12642,22747,5240,5030,41864,40127,55921,48143,59941,55863,70861,68604,84907,82801,59073,63026,38658,49566,12157,21798,681997,639172,79629,76363,109904,104012,43958,63,75
2021-10-29T23:59:59+02:00,6237,6020,45996,43917,60193,52314,63588,59835,75002,73052,88822,86618,60955,65167,39814,51192,12642,22744,5220,5017,41803,40072,55841,48075,59856,55817,70800,68555,84877,82784,59067,63020,38656,49563,12156,21796,680898,638861,79617,76358,109904,104012,43669,63,75
2021-10-28T23:59:59+02:00,6163,5953,45729,43685,59855,52110,63326,59644,74781,72911,88700,86533,60925,65148,39806,51181,12641,22740,5192,4968,41685,39968,55686,47969,59739,55738,70704,68475,84806,82734,59049,62999,38640,49546,12150,21783,678906,637982,79584,76346,109904,104011,43417,63,75
2021-10-27T23:59:59+02:00,6092,5886,45491,43488,59577,51899,63151,59479,74627,72788,88605,86457,60908,65128,39804,51169,12637,22735,5152,4922,41504,39813,55526,47818,59636,55616,70607,68393,84753,82659,59025,62974,38618,49521,12145,21773,677170,636773,79564,76332,109903,104011,43264,63,75
2021-10-26T23:59:59+02:00,5987,5792,45187,43227,59225,51670,62924,59287,74436,72636,88507,86369,60891,65096,39799,51157,12631,22729,5076,4843,41305,39600,55344,47640,59509,55501,70524,68281,84671,82587,58995,62936,38597,49492,12142,21759,674999,635314,79549,76322,109902,104011,43080,63,75
2021-10-25T23:59:59+02:00,5981,5786,45159,43208,59185,51647,62899,59276,74410,72622,88492,86354,60890,65094,39797,51157,12631,22729,5072,4843,41293,39596,55325,47633,59494,55499,70516,68272,84666,82580,58995,62933,38596,49492,12141,21759,674819,635269,79548,76322,109900,104009,43030,63,75
2021-10-24T23:59:59+02:00,5953,5761,45066,43141,59063,51556,62807,59207,74321,72568,88446,86324,60882,65082,39794,51150,12629,22726,5062,4832,41236,39548,55255,47578,59445,55459,70481,68241,84641,82558,58982,62920,38591,49486,12140,21758,674134,634938,79541,76312,109900,104007,42881,63,75
2021-10-23T23:59:59+02:00,5953,5761,45065,43141,59062,51555,62807,59206,74321,72568,88446,86324,60882,65082,39794,51150,12629,22726,5062,4832,41236,39548,55254,47578,59445,55459,70481,68241,84641,82558,58981,62920,38591,49486,12140,21758,674130,634936,79541,76312,109900,104007,42881,63,75
2021-10-22T23:59:59+02:00,5928,5728,44968,43073,58951,51466,62693,59127,74246,72503,88396,86296,60882,65078,39792,51148,12627,22726,5044,4813,41167,39492,55197,47525,59384,55413,70449,68206,84604,82546,58974,62915,38586,49479,12139,21758,673466,634589,79530,76310,109899,104005,42712,63,75
2021-10-21T23:59:59+02:00,5868,5686,44816,42949,58781,51330,62538,59010,74123,72411,88308,86242,60863,65063,39781,51131,12624,22719,4996,4775,41043,39359,55084,47408,59284,55288,70361,68134,84543,82499,58952,62881,38569,49461,12135,21749,672240,633572,79511,76297,109899,104005,42572,63,75
2021-10-20T23:59:59+02:00,5831,5634,44677,42817,58604,51178,62414,58913,74022,72334,88260,86196,60853,65045,39763,51114,12619,22703,4946,4703,40894,39199,54918,47247,59161,55146,70270,68035,84470,82434,58915,62844,38551,49439,12132,21737,671095,632210,79488,76276,109897,104005,42475,63,75
2021-10-19T23:59:59+02:00,5803,5595,44549,42708,58470,51073,62341,58841,73979,72266,88219,86167,60831,65028,39746,51101,12612,22691,4882,4646,40690,39015,54750,47082,59056,55003,70185,67939,84404,82373,58876,62801,38535,49418,12130,21716,670215,630750,79479,76265,109896,104003,42408,63,75
2021-10-18T23:59:59+02:00,5782,5582,44491,42645,58409,51017,62308,58799,73949,72231,88195,86154,60813,65013,39743,51092,12610,22686,4867,4632,40634,38965,54696,47021,59024,54951,70148,67897,84368,82344,58858,62786,38528,49401,12127,21706,669780,630278,79477,76255,109896,104001,42344,63,75
2021-10-17T23:59:59+02:00,5769,5563,44455,42624,58375,50988,62277,58777,73931,72211,88173,86138,60806,65009,39737,51083,12608,22676,4849,4609,40595,38936,54674,46985,59001,54922,70130,67879,84348,82325,58848,62777,38526,49397,12126,21701,669493,629986,79471,76248,109896,104001,42318,63,75
2021-10-16T23:59:59+02:00,5767,5561,44455,42624,58375,50986,62277,58777,73931,72211,88173,86138,60806,65009,39737,51083,12608,22676,4849,4608,40594,38934,54674,46983,59001,54922,70130,67878,84348,82325,58848,62777,38526,49397,12126,21701,669487,629981,79471,76246,109896,104001,42318,63,75
2021-10-15T23:59:59+02:00,5752,5541,44397,42573,58315,50937,62231,58747,73894,72171,88141,86113,60793,65006,39732,51078,12605,22673,4827,4587,40538,38883,54630,46950,58961,54880,70096,67848,84320,82307,58843,62772,38517,49394,12125,21697,669081,629620,79469,76246,109894,104001,42233,63,75
2021-10-14T23:59:59+02:00,5706,5509,44319,42484,58240,50844,62161,58675,73829,72108,88080,86077,60780,64988,39720,51060,12598,22658,4780,4528,40432,38747,54566,46872,58880,54786,70020,67771,84282,82266,58809,62750,38511,49379,12122,21688,668338,628764,79460,76229,109894,103999,42122,63,75
2021-10-13T23:59:59+02:00,5665,5445,44215,42368,58131,50743,62083,58586,73773,72040,88031,86035,60762,64962,39713,51049,12595,22649,4692,4458,40247,38512,54418,46642,58755,54616,69934,67644,84195,82189,58779,62713,38492,49337,12117,21674,667416,627067,79447,76207,109894,103999,42066,63,75
2021-10-12T23:59:59+02:00,5626,5415,44088,42245,58009,50624,61998,58503,73686,71976,87969,85989,60739,64932,39707,51032,12591,22636,4640,4392,40005,38283,54207,46444,58607,54464,69841,67532,84115,82117,58745,62669,38472,49309,12109,21661,666420,625345,79442,76205,109893,103999,41988,63,75
2021-10-11T23:59:59+02:00,5608,5401,44042,42191,57957,50564,61958,58460,73646,71942,87936,85965,60723,64919,39701,51018,12585,22624,4622,4377,39957,38238,54152,46393,58561,54418,69811,67494,84091,82083,58724,62645,38460,49282,12101,21639,665940,624825,79435,76200,109893,103998,41950,63,75
2021-10-10T23:59:59+02:00,5594,5388,44016,42162,57922,50539,61925,58432,73626,71922,87921,85953,60716,64914,39700,51014,12584,22621,4613,4367,39924,38214,54113,46359,58527,54396,69787,67477,84077,82071,58720,62638,38454,49276,12098,21637,665699,624576,79430,76195,109893,103997,41905,63,75
2021-10-09T23:59:59+02:00,5593,5387,44015,42157,57922,50539,61923,58432,73626,71922,87921,85953,60716,64914,39700,51014,12584,22621,4612,4367,39922,38212,54112,46359,58524,54396,69787,67477,84077,82071,58719,62638,38454,49276,12098,21637,665691,624571,79430,76195,109893,103994,41903,63,75
2021-10-08T23:59:59+02:00,5566,5366,43964,42110,57866,50481,61873,58398,73578,71894,87898,85941,60708,64905,39694,51005,12582,22617,4600,4345,39885,38170,54082,46324,58489,54354,69751,67456,84060,82058,58715,62626,38451,49272,12097,21635,665283,624291,79430,76192,109893,103994,41818,63,75
2021-10-07T23:59:59+02:00,5501,5288,43815,41973,57736,50351,61781,58312,73500,71819,87844,85902,60695,64881,39684,50995,12579,22609,4509,4252,39688,37941,53935,46128,58362,54192,69645,67346,84005,81997,58686,62582,38430,49256,12090,21627,664220,622708,79414,76178,109893,103994,41716,63,75
2021-10-06T23:59:59+02:00,5475,5247,43674,41859,57620,50263,61699,58219,73431,71752,87785,85857,60680,64856,39671,50971,12576,22592,4447,4198,39525,37762,53801,45974,58260,54056,69554,67236,83940,81923,58651,62542,38415,49231,12089,21608,663286,621342,79397,76174,109892,103993,41628,63,75
2021-10-05T23:59:59+02:00,5435,5209,43543,41716,57507,50126,61581,58141,73360,71687,87731,85798,60661,64836,39660,50953,12573,22574,4400,4150,39392,37613,53683,45845,58160,53933,69454,67158,83880,81863,58626,62509,38396,49206,12083,21604,662239,620179,79391,76165,109892,103991,41545,63,75
2021-10-04T23:59:59+02:00,5406,5196,43465,41646,57435,50050,61534,58098,73307,71641,87697,85773,60642,64817,39655,50945,12569,22562,4381,4131,39317,37562,53614,45782,58123,53885,69418,67105,83851,81836,58600,62489,38386,49196,12081,21601,661681,619698,79385,76142,109892,103987,41456,63,75
2021-10-03T23:59:59+02:00,5396,5180,43435,41609,57380,50013,61498,58061,73276,71614,87673,85749,60631,64806,39645,50937,12566,22553,4373,4121,39286,37530,53583,45763,58097,53855,69398,67085,83831,81818,58589,62475,38381,49195,12080,21598,661343,619475,79383,76141,109892,103987,41380,63,75
2021-10-02T23:59:59+02:00,5396,5180,43434,41608,57377,50012,61498,58060,73276,71614,87673,85749,60631,64806,39645,50937,12566,22553,4373,4121,39285,37530,53583,45763,58097,53855,69397,67084,83831,81818,58588,62474,38381,49195,12080,21598,661338,619474,79381,76141,109892,103983,41380,63,75
2021-10-01T23:59:59+02:00,5383,5159,43359,41541,57308,49946,61438,58025,73223,71576,87635,85718,60615,64795,39640,50929,12566,22553,4356,4109,39231,37476,53535,45732,58059,53817,69362,67058,83807,81795,58581,62473,38378,49193,12080,21597,660850,619179,79380,76140,109892,103982,41263,63,75
2021-09-30T23:59:59+02:00,5309,5079,43182,41350,57147,49777,61317,57881,73128,71466,87562,85670,60591,64756,39622,50908,12562,22545,4237,3980,38997,37206,53377,45539,57918,53647,69260,66937,83730,81721,58564,62436,38362,49167,12074,21594,659533,617517,79367,76139,109892,103979,41036,63,75
2021-09-29T23:59:59+02:00,5273,5042,43037,41200,57000,49642,61222,57781,73042,71379,87503,85621,60566,64733,39607,50891,12559,22536,4152,3921,38808,36983,53234,45389,57824,53520,69167,66829,83664,81637,58520,62410,38350,49150,12071,21584,658499,616152,79345,76134,109892,103978,40874,63,75
2021-09-28T23:59:59+02:00,5231,4998,42829,41042,56853,49503,61116,57674,72960,71290,87442,85551,60536,64710,39593,50870,12554,22515,4093,3868,38613,36795,53090,45250,57724,53409,69084,66741,83588,81565,58492,62380,38337,49132,12069,21580,657303,614915,79337,76133,109891,103975,40712,63,75
2021-09-27T23:59:59+02:00,5199,4976,42736,40962,56757,49419,61028,57593,72898,71236,87393,85511,60513,64683,39571,50848,12546,22484,4079,3852,38528,36736,53006,45199,57649,53354,69047,66697,83545,81530,58469,62358,38326,49118,12066,21569,656647,614520,79329,76102,109891,103969,40462,63,75
2021-09-26T23:59:59+02:00,5186,4950,42690,40927,56726,49384,61010,57569,72874,71215,87379,85489,60505,64676,39567,50844,12545,22483,4068,3845,38506,36718,52969,45168,57625,53337,69024,66674,83526,81516,58462,62350,38321,49114,12066,21569,656401,614337,79323,76097,109891,103969,40380,63,75
2021-09-25T23:59:59+02:00,5186,4949,42686,40925,56726,49383,61010,57568,72873,71213,87379,85489,60505,64676,39567,50844,12545,22483,4068,3845,38502,36715,52968,45168,57624,53335,69024,66672,83526,81516,58461,62349,38321,49114,12066,21569,656395,614328,79321,76095,109891,103969,40376,63,75
2021-09-24T23:59:59+02:00,5167,4938,42598,40843,56659,49317,60943,57512,72810,71153,87339,85448,60492,64667,39562,50840,12544,22481,4063,3837,38443,36664,52919,45123,57573,53293,68978,66616,83492,81491,58450,62343,38318,49111,12065,21567,656037,614167,79317,76092,109891,103969,40043,63,75
2021-09-23T23:59:59+02:00,5094,4837,42324,40572,56434,49106,60772,57308,72652,71016,87207,85354,60440,64627,39543,50804,12539,22453,3985,3750,38205,36483,52729,44959,57422,53153,68841,66506,83393,81404,58412,62304,38305,49088,12060,21553,654444,613011,79304,76081,109890,103967,39418,63,75
2021-09-22T23:59:59+02:00,5055,4782,42171,40389,56257,48923,60625,57152,72542,70881,87115,85275,60405,64579,39524,50767,12536,22438,3944,3700,38066,36336,52569,44821,57292,53027,68761,66407,83302,81321,58378,62269,38288,49068,12057,21544,653146,611969,79290,76077,109890,103965,39064,63,75
2021-09-21T23:59:59+02:00,5019,4727,41970,40143,56028,48696,60462,57002,72449,70761,87027,85192,60366,64535,39507,50727,12527,22424,3897,3665,37902,36189,52411,44680,57169,52929,68690,66328,83226,81257,58349,62244,38264,49046,12052,21531,651571,610927,79289,76077,109890,103964,38786,63,75
2021-09-20T23:59:59+02:00,4993,4705,41863,40059,55896,48599,60359,56918,72371,70696,86969,85137,60341,64515,39494,50707,12521,22405,3889,3651,37820,36115,52295,44603,57086,52869,68628,66277,83175,81214,58326,62227,38254,49019,12049,21526,650862,610478,79276,76025,109890,103951,38494,63,75
2021-09-19T23:59:59+02:00,4988,4701,41819,40031,55821,48551,60310,56877,72330,70683,86943,85123,60334,64506,39493,50699,12521,22403,3879,3648,37788,36091,52250,44585,57053,52858,68592,66261,83152,81195,58318,62221,38251,49015,12049,21524,650603,610340,79274,76023,109887,103949,38343,63,75
2021-09-18T23:59:59+02:00,4986,4699,41807,40026,55803,48537,60292,56867,72318,70671,86933,85119,60329,64503,39492,50699,12521,22402,3878,3648,37784,36088,52234,44580,57042,52848,68583,66253,83142,81191,58313,62218,38249,49014,12049,21524,650549,610323,79273,76023,109887,103949,38268,63,75
2021-09-17T23:59:59+02:00,4931,4648,41657,39904,55690,48392,60151,56745,72181,70557,86864,85046,60294,64481,39483,50693,12518,22396,3846,3621,37677,36001,52141,44463,56954,52756,68475,66177,83082,81133,58281,62201,38242,49006,12047,21520,649717,609848,79272,76023,109885,103949,37728,63,75
2021-09-16T23:59:59+02:00,4834,4547,41376,39633,55436,48104,59916,56471,71988,70377,86735,84914,60242,64424,39461,50670,12507,22381,3741,3518,37401,35783,51934,44226,56770,52551,68329,66029,82972,81034,58228,62166,38223,48983,12038,21509,647798,608365,79265,76017,109880,103934,37044,63,75
2021-09-15T23:59:59+02:00,4769,4483,41140,39377,55191,47822,59700,56254,71831,70234,86616,84809,60200,64369,39436,50646,12503,22364,3681,3470,37197,35597,51759,44015,56632,52407,68221,65929,82875,80932,58181,62132,38200,48958,12036,21495,646024,607148,79263,76014,109880,103934,36546,63,75
2021-09-14T23:59:59+02:00,4741,4453,41017,39248,55062,47729,59607,56133,71731,70137,86538,84750,60181,64342,39422,50634,12500,22360,3667,3457,37124,35523,51665,43959,56560,52336,68145,65866,82817,80895,58163,62106,38185,48938,12030,21487,645243,606733,79263,76014,109880,103933,36168,63,75
2021-09-13T23:59:59+02:00,4713,4439,40912,39144,54971,47633,59543,56033,71659,70082,86494,84709,60151,64310,39416,50623,12496,22355,3646,3439,37047,35453,51577,43899,56500,52272,68080,65829,82777,80868,58139,62079,38176,48927,12029,21481,644533,606284,79262,75963,109879,103918,35978,63,75
2021-09-12T23:59:59+02:00,4704,4425,40879,39118,54950,47610,59516,56002,71630,70050,86480,84689,60143,64301,39414,50620,12495,22351,3637,3435,37010,35423,51558,43879,56474,52254,68059,65801,82756,80849,58128,62065,38171,48916,12029,21479,644318,606077,79253,75957,109878,103917,35897,63,75
2021-09-11T23:59:59+02:00,4695,4423,40864,39092,54923,47583,59497,55985,71607,70038,86469,84681,60142,64298,39413,50619,12495,22349,3634,3433,36993,35412,51537,43860,56461,52241,68036,65790,82743,80845,58126,62064,38169,48916,12029,21478,644223,606031,79253,75956,109878,103917,35788,63,75
2021-09-10T23:59:59+02:00,4649,4383,40684,38921,54765,47447,59379,55833,71480,69935,86381,84600,60114,64270,39403,50607,12491,22342,3616,3414,36867,35322,51427,43767,56367,52149,67942,65724,82670,80789,58107,62043,38160,48902,12022,21472,643316,605605,79250,75956,109878,103917,35207,63,75
2021-09-09T23:59:59+02:00,4575,4295,40441,38703,54573,47220,59202,55613,71332,69764,86279,84505,60089,64227,39384,50581,12483,22337,3558,3349,36654,35147,51251,43614,56215,51984,67801,65605,82560,80710,58065,61996,38143,48880,12017,21464,641835,604461,79249,75954,109878,103917,34607,63,74
2021-09-08T23:59:59+02:00,4476,4200,40216,38444,54371,47037,59028,55445,71221,69646,86186,84426,60054,64187,39376,50548,12477,22330,3448,3244,36370,34877,51014,43397,56015,51796,67664,65474,82446,80606,58030,61940,38120,48841,12006,21450,640413,602706,79244,75943,109877,103917,34098,63,74
2021-09-07T23:59:59+02:00,4402,4138,40014,38275,54240,46916,58923,55337,71143,69556,86124,84359,60030,64159,39365,50533,12474,22327,3419,3218,36242,34770,50909,43316,55930,51731,67594,65407,82381,80549,57997,61908,38108,48818,12000,21442,639393,602041,79237,75932,109872,103916,33776,63,74
2021-09-06T23:59:59+02:00,4361,4090,39909,38172,54159,46843,58856,55263,71097,69501,86080,84321,60011,64142,39362,50529,12472,22323,3386,3194,36127,34655,50814,43244,55845,51646,67534,65336,82327,80487,57971,61877,38098,48806,11999,21440,638714,601282,79237,75894,109870,103904,33632,63,74
2021-09-05T23:59:59+02:00,4348,4073,39875,38142,54137,46810,58818,55236,71069,69476,86056,84298,60007,64139,39359,50524,12471,22319,3382,3187,36100,34634,50784,43220,55812,51625,67515,65319,82309,80471,57963,61872,38095,48800,11997,21437,638486,601127,79236,75890,109869,103903,33528,63,74
2021-09-04T23:59:59+02:00,4348,4071,39866,38139,54134,46802,58817,55234,71067,69472,86052,84291,60007,64137,39359,50524,12471,22319,3381,3186,36088,34631,50781,43212,55808,51624,67513,65315,82306,80467,57962,61870,38095,48800,11997,21437,638466,601108,79236,75889,109869,103901,33501,63,74
2021-09-03T23:59:59+02:00,4311,4042,39753,38028,54034,46730,58739,55152,70998,69413,85987,84262,59990,64122,39353,50518,12468,22316,3367,3170,36008,34562,50693,43164,55744,51567,67455,65273,82260,80433,57948,61855,38087,48794,11991,21436,637900,600775,79235,75883,109869,103901,33174,63,74
2021-09-02T23:59:59+02:00,4270,3999,39577,37869,53890,46570,58597,55024,70871,69294,85910,84197,59942,64085,39330,50490,12466,22306,3349,3155,35883,34476,50582,43080,55642,51477,67354,65192,82187,80369,57901,61823,38070,48770,11986,21429,636880,600207,79234,75882,109869,103896,32666,63,74
2021-09-01T23:59:59+02:00,4209,3929,39383,37696,53726,46428,58476,54910,70777,69207,85848,84120,59899,64054,39314,50477,12464,22295,3215,3034,35549,34131,50347,42816,55444,51281,67194,65026,82053,80263,57854,61766,38038,48744,11982,21423,635758,597995,79223,75872,109868,103895,32325,63,73
2021-08-31T23:59:59+02:00,4160,3881,39246,37543,53593,46315,58373,54804,70689,69133,85770,84064,59870,64026,39296,50448,12462,22292,3194,3017,35428,34027,50203,42716,55332,51198,67101,64958,81972,80210,57816,61730,38024,48724,11976,21420,634818,597411,79221,75871,109866,103668,32023,62,73
2021-08-30T23:59:59+02:00,4109,3836,39134,37418,53489,46231,58288,54725,70627,69055,85709,84017,59852,64001,39285,50437,12460,22286,3181,2998,35354,33955,50126,42656,55257,51127,67040,64895,81919,80152,57790,61703,38010,48703,11975,21409,633974,596821,79218,75836,109866,103656,31864,62,73
2021-08-29T23:59:59+02:00,4098,3827,39115,37399,53471,46214,58272,54705,70619,69045,85693,84000,59850,63998,39281,50433,12459,22285,3175,2991,35323,33929,50096,42637,55243,51099,67015,64868,81896,80137,57780,61687,38005,48697,11972,21408,633852,596617,79214,75818,109866,103655,31795,62,73
2021-08-28T23:59:59+02:00,4098,3827,39113,37399,53470,46213,58272,54705,70618,69043,85693,84000,59850,63998,39281,50433,12459,22285,3175,2991,35323,33928,50095,42636,55241,51099,67014,64867,81896,80137,57780,61687,38005,48697,11972,21408,633847,596613,79214,75818,109866,103654,31793,62,73
2021-08-27T23:59:59+02:00,4063,3786,38992,37300,53369,46108,58190,54611,70529,68965,85629,83941,59824,63975,39269,50423,12459,22283,3168,2974,35220,33869,49990,42571,55169,51025,66920,64804,81841,80097,57755,61666,37994,48687,11971,21407,633212,596195,79214,75818,109861,103651,31392,62,72
2021-08-26T23:59:59+02:00,3978,3723,38801,37115,53200,45938,58054,54461,70399,68851,85500,83851,59778,63929,39245,50403,12452,22273,3141,2936,35041,33693,49835,42401,55008,50863,66788,64673,81695,79983,57706,61605,37966,48661,11966,21399,632026,595017,79211,75807,109858,103645,30819,62,72
2021-08-25T23:59:59+02:00,3882,3655,38631,36916,53043,45744,57938,54319,70296,68749,85407,83756,59740,63887,39227,50384,12450,22266,3024,2801,34654,33277,49557,42080,54767,50598,66593,64468,81515,79811,57621,61523,37944,48623,11954,21387,630771,592261,79210,75805,109857,103644,30415,62,72
2021-08-24T23:59:59+02:00,3861,3639,38544,36843,52964,45674,57881,54265,70242,68703,85362,83716,59709,63861,39218,50367,12447,22256,2981,2771,34506,33150,49434,41991,54678,50512,66490,64374,81424,79734,57571,61478,37936,48607,11950,21378,630333,591334,79206,75800,109856,103639,30120,62,72
2021-08-23T23:59:59+02:00,3833,3603,38446,36747,52881,45610,57824,54200,70183,68652,85307,83676,59691,63834,39208,50354,12445,22248,2963,2740,34366,33013,49308,41914,54577,50427,66395,64278,81334,79670,57535,61428,37916,48587,11949,21367,629796,590451,79202,75766,109854,103625,29853,62,72
2021-08-22T23:59:59+02:00,3825,3602,38416,36733,52866,45591,57807,54186,70156,68633,85290,83662,59681,63824,39206,50345,12440,22246,2955,2721,34316,32974,49279,41877,54541,50400,66352,64253,81298,79643,57520,61414,37913,48578,11944,21364,629687,590160,79200,75754,109853,103624,29732,62,72
2021-08-21T23:59:59+02:00,3822,3599,38396,36727,52856,45580,57793,54180,70141,68622,85284,83653,59674,63822,39205,50345,12440,22246,2955,2721,34303,32969,49266,41866,54527,50395,66340,64241,81292,79636,57516,61413,37913,48578,11944,21364,629645,590140,79199,75752,109852,103623,29652,62,72
2021-08-20T23:59:59+02:00,3802,3567,38326,36657,52774,45505,57716,54116,70066,68569,85221,83605,59657,63801,39202,50341,12440,22240,2937,2707,34204,32864,49150,41795,54434,50318,66244,64173,81222,79582,57496,61389,37907,48573,11943,21360,629273,589611,79197,75749,109851,103619,29247,62,72
2021-08-19T23:59:59+02:00,3774,3533,38156,36516,52610,45364,57594,54012,69937,68449,85121,83529,59627,63757,39187,50324,12436,22228,2902,2654,33851,32615,48857,41549,54215,50121,66036,63985,81045,79447,57440,61317,37860,48535,11938,21349,628381,587690,79195,75650,109842,103605,28699,62,72
2021-08-18T23:59:59+02:00,3724,3483,37969,36360,52479,45241,57497,53906,69827,68353,85045,83465,59587,63713,39172,50304,12434,22220,2832,2581,33469,32203,48551,41293,53959,49841,65816,63773,80861,79285,57357,61229,37824,48492,11934,21337,627371,585108,79192,75520,109840,103598,28339,62,72
2021-08-17T23:59:59+02:00,3663,3435,37807,36201,52356,45115,57417,53809,69731,68266,84971,83403,59553,63680,39159,50281,12430,22212,2732,2504,33074,31758,48223,40976,53665,49551,65567,63530,80660,79075,57248,61118,37783,48443,11921,21325,626412,581985,79192,75507,109835,103576,28013,62,72
2021-08-16T23:59:59+02:00,3607,3380,37663,36059,52261,45016,57344,53738,69661,68197,84918,83358,59532,63651,39145,50264,12424,22204,2599,2396,32515,31199,47830,40561,53273,49162,65262,63261,80436,78878,57171,61002,37750,48388,11912,21303,625505,577942,79188,75471,109835,103556,27857,62,72
2021-08-15T23:59:59+02:00,3598,3371,37629,36034,52228,44998,57318,53704,69644,68181,84907,83348,59520,63647,39142,50255,12424,22202,2582,2385,32433,31103,47758,40496,53210,49100,65217,63219,80391,78851,57153,60982,37742,48375,11911,21299,625314,577373,79188,75441,109834,103544,27777,62,72
2021-08-14T23:59:59+02:00,3593,3366,37621,36027,52221,44994,57312,53697,69640,68178,84899,83344,59513,63643,39141,50253,12424,22202,2581,2383,32424,31095,47747,40492,53201,49091,65214,63216,80384,78849,57148,60978,37741,48373,11911,21299,625280,577339,79185,75440,109834,103544,27732,62,72
2021-08-13T23:59:59+02:00,3576,3352,37549,35984,52158,44942,57246,53646,69571,68137,84833,83308,59491,63631,39130,50238,12421,22196,2558,2355,32282,30977,47618,40392,53080,48990,65112,63136,80295,78799,57125,60957,37728,48363,11909,21294,624965,576529,79185,75437,109834,103544,27388,62,72
2021-08-12T23:59:59+02:00,3537,3324,37421,35862,52066,44851,57172,53559,69477,68064,84760,83241,59462,63606,39118,50225,12421,22193,2479,2265,31751,30490,47234,40038,52686,48635,64784,62904,80075,78587,57032,60868,37684,48320,11904,21277,624238,573033,79184,75405,109832,103436,27067,62,72
2021-08-11T23:59:59+02:00,3494,3282,37267,35717,51954,44740,57053,53436,69378,67972,84674,83160,59421,63568,39097,50209,12417,22189,2359,2185,31104,29868,46724,39649,52256,48199,64480,62625,79863,78383,56934,60762,37648,48247,11891,21260,623327,568981,79176,75382,109830,103347,26656,62,71
2021-08-10T23:59:59+02:00,3446,3237,37107,35569,51842,44617,56947,53331,69315,67900,84608,83103,59396,63531,39079,50195,12410,22184,2192,2035,30219,28886,45989,38946,51587,47593,64095,62261,79611,78142,56829,60657,37603,48179,11883,21248,622380,562762,79174,75381,109827,103344,26397,62,71
2021-08-09T23:59:59+02:00,3409,3208,37011,35460,51761,44548,56887,53289,69284,67857,84579,83071,59378,63517,39067,50176,12409,22182,2056,1915,29508,28141,45319,38359,51013,47008,63724,61903,79332,77893,56708,60560,37560,48124,11876,21234,621787,558640,79172,73935,109826,103318,26269,62,71
2021-08-08T23:59:59+02:00,3400,3194,36983,35442,51736,44519,56871,53278,69266,67838,84558,83054,59373,63512,39062,50169,12408,22181,2022,1890,29381,27999,45169,38264,50913,46923,63668,61845,79283,77852,56671,60541,37550,48113,11876,21231,621606,557703,79170,73927,109825,103286,26204,62,71
2021-08-07T23:59:59+02:00,3400,3194,36981,35436,51726,44518,56868,53278,69262,67834,84557,83052,59372,63512,39062,50169,12408,22181,2022,1890,29371,27991,45154,38260,50911,46918,63665,61839,79279,77849,56669,60540,37549,48113,11876,21230,621598,557667,79169,73924,109825,103285,26179,62,71
2021-08-06T23:59:59+02:00,3389,3179,36916,35381,51646,44452,56802,53236,69219,67802,84525,83024,59360,63492,39051,50162,12405,22179,1984,1847,29130,27759,44943,38075,50731,46771,63528,61719,79180,77781,56644,60514,37534,48103,11872,21227,621317,556199,79165,73915,109825,103283,25874,62,71
2021-08-05T23:59:59+02:00,3356,3140,36761,35249,51533,44317,56680,53119,69102,67688,84398,82948,59317,63439,39028,50142,12395,22169,1864,1716,28432,27140,44356,37588,50167,46313,63168,61420,78888,77562,56534,60420,37496,48049,11863,21211,620513,551865,79162,73905,109824,103103,25243,62,71
2021-08-04T23:59:59+02:00,3297,3077,36560,35078,51383,44166,56540,53004,68977,67558,84282,82834,59249,63381,39010,50114,12391,22159,1663,1538,27287,26022,43395,36708,49206,45406,62577,60811,78391,77120,56323,60239,37437,47960,11849,21191,619418,543514,79152,73863,109824,103050,24625,62,71
2021-08-03T23:59:59+02:00,3223,3019,36340,34879,51234,44027,56416,52882,68846,67444,84193,82761,59205,63336,38990,50084,12382,22144,1461,1333,26204,24907,42451,35808,48305,44518,62031,60277,77943,76716,56152,60052,37375,47872,11831,21159,618073,535155,79144,73814,109816,103024,24331,62,71
2021-08-02T23:59:59+02:00,3178,2965,36197,34730,51125,43915,56322,52783,68758,67352,84108,82688,59165,63287,38975,50064,12374,22132,1271,1168,25301,23918,41603,35062,47576,43774,61547,59801,77557,76371,55987,59902,37326,47793,11814,21138,617101,528178,79142,73759,109814,102881,24020,62,71
2021-08-01T23:59:59+02:00,3173,2959,36180,34708,51096,43896,56302,52756,68727,67339,84094,82676,59159,63282,38973,50060,12374,22132,1226,1137,25041,23669,41354,34859,47343,43576,61406,59664,77441,76273,55951,59873,37311,47780,11810,21134,616953,526310,79139,73715,109813,102812,23940,62,71
2021-07-31T23:59:59+02:00,3172,2958,36174,34707,51096,43894,56300,52755,68725,67337,84094,82674,59158,63281,38973,50060,12374,22131,1223,1136,25034,23653,41346,34848,47338,43569,61398,59662,77439,76270,55951,59869,37311,47780,11810,21133,616938,526237,79139,73714,109809,102811,23937,61,71
2021-07-30T23:59:59+02:00,3155,2945,36112,34644,51024,43844,56235,52692,68669,67297,84056,82634,59146,63268,38969,50053,12371,22128,1166,1081,24711,23345,41072,34634,47076,43372,61209,59531,77289,76154,55919,59830,37297,47768,11810,21133,616642,524298,79135,73711,109806,102699,23619,61,70
2021-07-29T23:59:59+02:00,3131,2916,35973,34523,50894,43716,56141,52592,68598,67233,83985,82582,59121,63250,38956,50044,12371,22127,1022,964,23754,22362,40189,33878,46173,42588,60663,59085,76928,75847,55798,59692,37257,47713,11803,21122,615770,517231,79117,73585,109805,102531,23421,61,70
2021-07-28T23:59:59+02:00,3081,2861,35730,34284,50673,43542,55944,52441,68450,67090,83869,82484,59068,63203,38933,50006,12361,22119,823,808,22532,21127,38863,32772,44851,41405,59853,58422,76418,75390,55603,59502,37189,47608,11789,21097,614391,507408,79112,73414,109805,102371,22789,61,70
2021-07-27T23:59:59+02:00,3056,2842,35622,34167,50586,43459,55864,52391,68388,67021,83808,82411,59028,63160,38921,49991,12360,22110,668,649,21297,19741,37436,31442,43483,40104,59224,57825,75995,74975,55440,59324,37131,47553,11778,21074,613663,496996,79096,73234,109804,102259,22580,61,70
2021-07-26T23:59:59+02:00,3037,2823,35561,34071,50527,43404,55823,52342,68344,66985,83772,82382,59014,63144,38909,49979,12359,22108,566,564,20279,18644,36186,30328,42209,38954,58728,57419,75707,74721,55343,59224,37110,47518,11772,21060,613139,488749,79089,72908,109804,102095,22510,61,70
2021-07-25T23:59:59+02:00,3027,2818,35513,34030,50481,43356,55795,52319,68321,66960,83740,82358,58998,63137,38906,49976,12356,22102,497,493,19881,18280,35763,29996,41794,38647,58531,57262,75548,74611,55296,59184,37088,47499,11769,21056,612842,486007,79083,72632,109804,102064,22422,61,70
2021-07-24T23:59:59+02:00,3027,2818,35506,34027,50478,43352,55793,52318,68320,66960,83738,82357,58998,63137,38905,49976,12356,22102,497,493,19872,18266,35751,29984,41786,38646,58526,57259,75544,74609,55296,59184,37087,47499,11769,21056,612833,485955,79082,72631,109804,102061,22407,61,70
2021-07-23T23:59:59+02:00,3003,2792,35354,33909,50330,43251,55676,52211,68222,66866,83648,82305,58967,63109,38895,49971,12351,22099,471,477,19632,18044,35490,29804,41515,38460,58358,57128,75407,74529,55256,59160,37075,47489,11763,21050,612208,484818,79082,72338,109804,102059,21823,61,70
2021-07-22T23:59:59+02:00,2952,2708,34916,33542,50021,43018,55414,51984,67993,66683,83473,82157,58881,63016,38859,49924,12340,22081,427,428,18841,17385,34396,29066,40386,37625,57618,56656,74852,74154,55074,58980,37010,47406,11742,21024,610069,479282,79068,70903,109800,101836,20980,61,69
2021-07-21T23:59:59+02:00,2897,2650,34604,33221,49777,42805,55226,51795,67799,66499,83344,82031,58816,62963,38828,49886,12329,22071,385,387,18015,16570,33081,28072,39123,36664,56919,56093,74398,73790,54928,58804,36944,47322,11730,20991,608239,473374,79017,68710,109799,101622,20441,61,69
2021-07-20T23:59:59+02:00,2821,2588,34247,32834,49494,42572,55055,51599,67617,66341,83203,81911,58753,62907,38800,49841,12328,22056,329,307,16870,15454,31361,26677,37387,35205,56117,55440,73851,73342,54758,58615,36893,47237,11712,20953,606146,464190,78982,66975,109798,101279,19995,61,69
2021-07-19T23:59:59+02:00,2737,2516,33687,32274,49185,42262,54780,51334,67421,66128,83027,81742,58687,62825,38755,49789,12321,22041,295,259,16212,14890,30410,25997,36521,34489,55675,55018,73521,73102,54672,58529,36856,47186,11706,20931,602945,460478,78921,64816,109797,101105,19802,61,68
2021-07-18T23:59:59+02:00,2709,2498,33587,32156,49091,42207,54724,51272,67360,66078,82984,81700,58659,62799,38744,49777,12319,22034,279,238,15890,14627,29840,25620,36026,34136,55422,54856,73376,73001,54630,58490,36848,47172,11705,20927,602331,459028,78904,63289,109796,101078,19621,61,67
2021-07-17T23:59:59+02:00,2709,2498,33586,32154,49085,42205,54720,51270,67360,66077,82984,81699,58659,62798,38744,49777,12319,22034,279,238,15885,14620,29823,25603,36021,34131,55417,54855,73376,73001,54630,58490,36848,47172,11705,20927,602320,458974,78903,63285,109789,101075,19620,61,67
2021-07-16T23:59:59+02:00,2650,2433,32980,31636,48593,41858,54330,50934,66978,65756,82671,81467,58541,62685,38695,49728,12315,22027,271,227,15471,14297,29329,25228,35574,33799,55079,54600,73116,72808,54519,58401,36814,47134,11702,20923,600104,457566,78898,63155,109788,101068,17436,61,67
2021-07-15T23:59:59+02:00,2518,2302,32121,30853,47975,41282,53755,50452,66551,65407,82417,81225,58451,62588,38661,49685,12307,22009,242,201,14640,13623,28005,24398,34264,32983,54398,54197,72701,72583,54426,58304,36785,47100,11695,20907,595086,453360,78886,60793,109787,100483,16749,61,67
2021-07-14T23:59:59+02:00,2412,2215,31581,30327,47489,40850,53337,50056,66222,65131,82178,80975,58349,62492,38628,49635,12297,21996,195,162,13397,12494,26008,22935,32356,31460,53647,53598,72190,72242,54285,58179,36742,47039,11685,20891,591246,444197,78867,58880,109786,100145,16217,61,66
2021-07-13T23:59:59+02:00,2355,2145,31315,30059,47216,40623,53088,49831,66015,64945,82010,80827,58283,62416,38602,49598,12287,21984,171,140,12407,11655,24279,21630,30415,29866,52450,52423,71371,71445,54034,57902,36655,46924,11667,20863,589092,437453,78852,55967,109779,96989,15822,61,66
2021-07-12T23:59:59+02:00,2129,1938,30454,29129,46564,40087,52517,49262,65625,64556,81732,80557,58147,62290,38560,49541,12277,21963,149,123,11655,11027,22886,20648,28672,28483,51484,51559,70627,70826,53776,57623,36589,46806,11654,20832,582863,429328,78834,53393,109779,96835,15798,61,65
2021-07-11T23:59:59+02:00,2084,1900,30333,29024,46498,40015,52464,49199,65568,64501,81671,80514,58125,62270,38554,49523,12272,21958,146,115,11493,10880,22612,20456,28306,28208,51278,51413,70454,70681,53723,57544,36567,46789,11645,20825,582046,427256,78826,53350,109777,96696,15771,60,62
2021-07-10T23:59:59+02:00,2084,1898,30330,29016,46492,40009,52461,49196,65565,64500,81669,80511,58125,62268,38553,49523,12272,21958,146,115,11480,10862,22594,20438,28290,28195,51271,51408,70450,70678,53723,57544,36566,46789,11645,20825,582013,427162,78824,53348,109777,96684,15763,60,62
2021-07-09T23:59:59+02:00,2040,1860,30097,28785,46275,39827,52277,49026,65403,64387,81563,80430,58095,62238,38538,49508,12268,21956,145,109,11096,10591,21951,19998,27621,27643,50563,50839,69866,70266,53621,57455,36543,46754,11640,20814,580814,426076,78818,53033,109772,93227,15117,59,62
2021-07-08T23:59:59+02:00,1901,1733,29436,28254,45665,39323,51721,48557,65001,64075,81262,80195,58001,62146,38506,49457,12263,21942,108,81,9920,9490,20010,18365,25147,25658,49522,50035,69235,69725,53394,57241,36467,46667,11625,20788,576547,415538,78796,50600,109756,92991,14287,59,62
2021-07-07T23:59:59+02:00,1688,1535,28323,27051,44621,38355,50630,47559,64343,63435,80719,79711,57798,61915,38439,49372,12250,21901,84,70,9387,9020,18915,17531,23745,24456,48695,49386,68685,69233,53192,56998,36390,46568,11609,20749,567272,409186,78780,48983,109754,92695,13787,59,62
2021-07-06T23:59:59+02:00,1486,1377,27246,26014,43600,37434,49691,46626,63743,62874,80282,79299,57615,61731,38383,49277,12226,21874,63,45,8676,8283,17584,16524,22128,23176,48086,48933,68305,68964,53074,56885,36340,46531,11602,20734,559010,401719,78770,48552,109751,92405,13195,59,62
2021-07-05T23:59:59+02:00,1329,1253,26105,24773,42522,36436,48641,45556,63077,62297,79844,78896,57442,61541,38330,49201,12217,21851,51,35,8422,8056,17078,16199,21563,22787,47775,48706,68107,68816,53020,56810,36314,46511,11599,20729,549717,399108,78761,48233,109751,92148,13029,59,60
2021-07-04T23:59:59+02:00,1264,1189,25784,24447,42209,36174,48387,45367,62930,62161,79730,78799,57406,61500,38319,49182,12215,21848,44,34,8164,7894,16803,16002,21279,22587,47651,48607,68022,68736,52996,56786,36299,46506,11597,20728,547394,398060,78731,47571,109750,92061,12983,59,60
2021-07-03T23:59:59+02:00,1264,1188,25776,24433,42196,36167,48385,45367,62926,62160,79729,78798,57405,61500,38319,49182,12215,21848,44,34,8157,7887,16792,15992,21272,22580,47644,48606,68016,68734,52995,56785,36299,46506,11597,20728,547360,398021,78730,47570,109750,92052,12965,59,60
2021-07-02T23:59:59+02:00,1196,1131,25459,24084,41875,35890,48126,45110,62783,62013,79655,78727,57388,61477,38313,49170,12211,21843,43,31,7978,7736,16417,15726,20826,22274,46677,47825,67516,68383,52910,56692,36284,46488,11596,20725,544981,395526,78728,47565,109744,90031,12945,59,60
2021-07-01T23:59:59+02:00,1141,1079,25084,23720,41490,35539,47729,44760,62533,61773,79466,78555,57325,61414,38282,49129,12204,21833,37,27,7587,7396,15602,14936,19653,21237,45133,46340,66297,67306,52600,56389,36186,46368,11572,20698,541830,389680,78627,46737,109734,86075,12812,59,60
2021-06-30T23:59:59+02:00,1068,1013,24662,23276,41061,35167,47317,44380,62303,61566,79297,78406,57244,61334,38254,49076,12196,21812,30,20,7211,7037,14650,14137,18215,20029,41910,43606,64599,65856,52131,55887,36036,46173,11544,20649,538375,377626,78593,46039,109731,83315,12680,59,60
2021-06-29T23:59:59+02:00,977,904,24160,22743,40544,34745,46886,43963,62043,61281,79084,78226,57165,61270,38225,49032,12190,21793,21,18,6934,6727,13982,13632,17053,19102,37572,39918,63242,64597,51641,55387,35902,45992,11513,20605,534293,362274,78584,45825,109731,83109,12570,59,60
2021-06-28T23:59:59+02:00,948,871,23822,22351,40084,34352,46466,43593,61803,61025,78893,78069,57091,61201,38196,49002,12187,21778,19,10,6624,6409,13322,13129,16033,18262,33924,36865,62114,63562,51286,54988,35807,45841,11488,20567,532521,353586,76898,41119,109728,82953,12532,59,60
2021-06-27T23:59:59+02:00,934,858,23726,22259,40005,34289,46408,43532,61770,60986,78856,78038,57076,61190,38190,48995,12186,21773,18,9,6530,6338,13084,12987,15608,18024,33086,36218,61852,63360,51196,54917,35790,45819,11486,20563,531899,350675,76891,40847,109722,82797,12506,59,60
2021-06-26T23:59:59+02:00,934,858,23720,22252,39996,34286,46405,43529,61769,60985,78855,78038,57076,61190,38190,48994,12186,21773,17,9,6527,6329,13075,12971,15599,18015,33080,36216,61844,63357,51194,54911,35790,45819,11486,20562,531870,350597,76890,40846,109720,82795,12503,59,60
2021-06-25T23:59:59+02:00,911,831,23609,22135,39910,34198,46324,43457,61724,60936,78808,78015,57064,61178,38187,48991,12185,21771,16,8,6430,6213,12966,12841,15460,17851,32360,35554,61453,63030,51116,54828,35782,45798,11483,20561,531072,347582,76888,40832,109719,82774,12502,59,60
2021-06-24T23:59:59+02:00,844,773,23219,21717,39553,33885,45972,43152,61518,60741,78648,77876,57010,61123,38165,48961,12180,21760,15,5,6090,5918,12400,12375,14749,17162,29053,32836,59167,61170,50526,54229,35646,45589,11465,20513,528110,333749,76838,40565,109716,82156,12380,59,58
2021-06-23T23:59:59+02:00,740,679,22573,21062,38981,33296,45316,42444,61151,60348,78399,77625,56905,60988,38119,48908,12170,21740,13,4,5934,5725,12031,12017,14237,16627,25693,30076,57524,59634,50001,53684,35524,45416,11444,20469,522528,324282,76782,37629,109713,81716,12368,59,58
2021-06-22T23:59:59+02:00,679,614,22148,20622,38577,32872,44879,41982,60878,60062,78194,77384,56808,60879,38083,48837,12157,21718,11,3,5747,5590,11704,11748,13800,16251,21347,26542,55439,57928,49397,53071,35344,45199,11423,20425,518727,309875,76655,37574,109708,81232,12230,59,58
2021-06-21T23:59:59+02:00,642,573,21895,20383,38325,32638,44632,41706,60687,59849,78062,77243,56754,60793,38058,48797,12148,21702,9,3,5616,5479,11395,11546,13457,15982,19790,25308,54516,57155,47171,50601,34743,44472,11400,20366,516666,304515,76455,37506,109690,74912,12019,58,57
2021-06-20T23:59:59+02:00,613,553,21607,20090,38024,32356,44346,41444,60535,59681,77924,77096,56705,60747,38038,48780,12145,21695,9,3,5556,5433,11260,11454,13298,15851,19390,24981,54244,56971,45509,48617,34175,43835,11379,20345,514258,303863,76374,36750,109678,69629,12013,57,55
2021-06-19T23:59:59+02:00,611,553,21602,20076,38008,32347,44342,41438,60528,59677,77922,77093,56702,60746,38038,48779,12145,21695,9,3,5550,5424,11256,11449,13288,15843,19382,24971,54229,56959,45500,48607,34174,43835,11379,20345,514187,303776,76368,36744,109678,69615,12013,57,55
2021-06-18T23:59:59+02:00,597,539,21503,19964,37939,32289,44266,41351,60472,59631,77877,77051,56680,60724,38033,48766,12144,21694,9,3,5456,5259,10957,10913,12910,15262,18839,23950,53370,55645,45293,48442,34146,43786,11373,20333,513421,302189,76361,36742,109672,64949,12011,56,55
2021-06-17T23:59:59+02:00,511,447,20783,19252,37180,31656,43472,40598,60061,59263,77577,76799,56565,60595,37983,48697,12131,21669,8,3,5265,5046,10570,10358,12382,14488,17900,22585,51794,53694,44138,47088,33829,43385,11325,20249,507429,294837,76268,36611,109662,60781,11825,56,53
2021-06-16T23:59:59+02:00,406,368,19984,18309,36194,30727,42462,39626,59517,58777,77187,76481,56422,60442,37925,48609,12121,21646,8,3,5079,4890,10052,10033,11642,13983,16348,21281,47906,50145,42379,45066,33359,42811,11262,20121,500067,278608,75730,36412,109647,59592,11704,56,52
2021-06-15T23:59:59+02:00,296,265,19178,17462,35270,29874,41532,38735,59078,58334,76854,76149,56278,60274,37868,48539,12105,21612,7,3,4879,4765,9527,9765,10930,13509,14829,20090,43622,46046,40826,43213,32874,42189,11196,19993,492855,261374,75610,36376,109637,58915,11546,56,52
2021-06-14T23:59:59+02:00,192,173,18063,16230,34021,28597,40062,37323,58490,57766,76460,75807,56150,60130,37825,48469,12096,21597,7,3,4757,4673,9181,9555,10446,13190,13654,19084,40977,43484,39751,42059,32581,41787,11164,19907,483090,250180,75177,36347,109631,58183,11498,56,52
2021-06-13T23:59:59+02:00,151,134,17557,15827,33538,28195,39569,36941,58277,57581,76311,75704,56123,60089,37803,48448,12093,21588,7,3,4669,4623,9031,9482,10282,13119,13050,18628,40506,43089,39515,41836,32521,41702,11157,19893,480007,249208,74875,34922,109624,57563,11368,56,52
2021-06-12T23:59:59+02:00,151,134,17549,15805,33521,28184,39562,36936,58269,57577,76307,75702,56122,60087,37802,48448,12093,21588,7,3,4662,4617,9021,9477,10270,13110,13038,18615,40321,42942,39493,41821,32517,41700,11157,19892,479921,248773,74871,34921,109624,57551,11366,56,52
2021-06-11T23:59:59+02:00,149,134,17462,15746,33374,28110,39389,36880,58148,57541,76236,75677,56109,60082,37800,48445,12093,21587,7,3,4583,4425,8863,8916,10078,12390,12803,17544,39831,41637,39337,41691,32498,41663,11155,19891,479574,248283,74458,34919,109518,52704,11357,56,52
2021-06-10T23:59:59+02:00,134,114,16620,15030,31968,27197,38141,35960,57464,57082,75825,75404,56020,59990,37761,48400,12081,21569,7,3,4333,4230,8309,8414,9389,11624,12063,16471,36973,38594,38534,40885,32332,41482,11139,19861,475674,241197,71492,34784,109245,48316,10294,56,52
2021-06-09T23:59:59+02:00,112,89,15840,14333,30680,26299,36922,35073,56884,56694,75480,75178,55935,59884,37734,48355,12068,21549,7,3,4147,4078,7947,8225,8920,11401,11441,16088,31874,33713,37031,39341,32087,41211,11117,19810,470999,227216,69064,34656,109201,46727,9792,54,50
2021-06-08T23:59:59+02:00,85,71,14929,13474,29298,25209,35556,34065,56266,56286,75185,74963,55859,59810,37711,48323,12064,21539,7,3,4062,4015,7787,8102,8767,11283,11146,15880,29042,30891,36072,38393,31926,41015,11093,19777,466419,219700,65639,34595,109156,45489,9427,53,50
2021-06-07T23:59:59+02:00,77,58,14293,12900,27935,24397,34393,33279,55786,56027,74941,74857,55825,59770,37695,48312,12064,21535,7,3,3969,3943,7589,7971,8465,11150,10778,15634,24698,26504,34599,36848,31704,40747,11065,19747,463288,207883,62605,34527,109127,43890,9071,53,50
2021-06-06T23:59:59+02:00,76,55,13972,12707,27146,23981,33740,32861,55475,55861,74784,74791,55804,59746,37681,48303,12062,21534,7,3,3904,3907,7436,7927,8305,11064,10453,15432,21871,23619,33598,35764,31564,40591,11058,19732,462141,205090,60558,29274,109099,43095,8728,53,48
2021-06-05T23:59:59+02:00,76,53,13942,12678,27095,23937,33711,32841,55470,55851,74778,74785,55800,59742,37676,48301,12062,21534,7,3,3882,3889,7401,7904,8257,11044,10390,15390,20446,22067,32799,34881,31494,40510,11054,19725,462004,200114,60454,29269,109094,42985,8727,53,48
2021-06-04T23:59:59+02:00,70,49,13712,12418,26780,23618,33371,32529,55409,55771,74739,74764,55790,59737,37675,48299,12062,21533,7,3,3854,3862,7322,7825,8201,10962,10310,15268,20339,21949,32723,34826,31462,40473,11051,19722,460097,200031,60391,29256,109060,42099,8725,53,48
2021-06-03T23:59:59+02:00,52,43,13148,11933,25740,22929,32235,31777,54911,55437,74422,74570,55718,59657,37640,48269,12056,21517,7,3,3724,3769,7046,7652,7916,10786,9979,15030,18448,20089,30737,32510,31185,40137,11027,19672,455755,191399,58889,29231,109046,40731,8311,53,45
2021-06-02T23:59:59+02:00,37,31,12461,11190,24743,22023,31098,30823,54642,55171,74230,74428,55665,59576,37623,48247,12048,21510,7,3,3690,3747,6990,7593,7859,10736,9893,14938,17928,19539,28808,30329,31086,39994,11020,19660,449445,185854,58707,29230,109043,40393,8298,53,45
2021-06-01T23:59:59+02:00,23,16,11333,10310,22619,20595,28555,28929,53223,54102,73220,73646,55364,59252,37500,48076,12013,21450,7,2,3463,3571,6495,7278,7258,10309,9034,14333,15972,17722,25012,26054,30398,39107,10945,19505,439936,171799,54241,29091,109006,38543,6990,53,42
2021-05-31T23:59:59+02:00,18,12,10469,9644,20776,19423,26503,27415,52114,53250,72511,73095,55147,58991,37427,47971,11998,21414,7,2,3323,3417,6159,7029,6859,10011,8494,13973,14902,16740,23812,24670,30008,38613,10885,19411,433125,166025,49858,29052,108983,37038,6159,53,41
2021-05-30T23:59:59+02:00,16,9,10120,9300,20056,18926,25796,26835,51774,52969,72273,72898,55071,58914,37402,47942,11990,21405,7,2,3142,3228,5813,6763,6568,9769,8275,13767,14641,16470,23519,24352,29898,38507,10870,19383,430536,165194,49447,28993,108952,36038,4708,53,41
2021-05-29T23:59:59+02:00,16,9,10105,9287,20038,18895,25775,26809,51762,52964,72268,72888,55069,58909,37401,47942,11989,21405,7,2,3139,3218,5808,6757,6559,9765,8267,13759,14632,16463,23508,24343,29894,38501,10869,19382,430373,165118,49447,28990,108951,36018,4707,53,40
2021-05-28T23:59:59+02:00,16,9,10038,9190,19897,18726,25510,26577,51599,52786,72120,72756,55031,58860,37388,47922,11986,21392,7,2,3092,3141,5715,6616,6456,9564,8151,13485,14440,16188,23352,24185,29838,38438,10862,19373,428704,164716,49410,28989,108931,34454,4706,52,40
2021-05-27T23:59:59+02:00,16,9,8783,8007,17505,16916,22728,24426,50503,51971,71454,72263,54833,58638,37295,47827,11972,21363,7,2,2794,2808,4868,5993,5562,8779,7354,12490,13311,14994,22355,23135,29447,37979,10807,19286,416816,160875,48448,28725,108792,29930,2401,52,40
2021-05-26T23:59:59+02:00,15,9,8383,7591,16623,16113,21538,23417,49895,51427,71034,71878,54681,58472,37227,47749,11961,21333,7,2,2609,2636,4497,5656,5082,8267,6876,11840,12330,14007,21450,22093,29137,37534,10760,19201,411219,156985,47712,28638,108713,26672,1651,51,38
2021-05-25T23:59:59+02:00,15,9,7816,7000,15377,15231,20088,22242,49416,51025,70786,71690,54608,58391,37203,47722,11957,21323,7,2,2534,2536,4305,5526,4839,8036,6597,11531,11774,13470,19282,19905,28761,36993,10724,19152,404464,151258,47467,28625,108660,24797,1257,51,37
2021-05-24T23:59:59+02:00,15,9,7729,6900,15151,15105,19802,22063,49314,50905,70742,71650,54605,58385,37202,47720,11956,21320,7,2,2493,2473,4217,5359,4746,7791,6471,11249,11633,13226,19165,19789,28708,36946,10717,19141,403327,151101,47388,28582,108566,23172,1241,51,37
2021-05-23T23:59:59+02:00,14,9,7710,6887,15113,15088,19747,22033,49303,50902,70737,71644,54604,58381,37202,47718,11956,21320,7,2,2489,2468,4208,5355,4735,7784,6462,11236,11611,13204,19022,19591,28677,36907,10715,19139,403134,150604,47388,28580,108565,23162,1230,51,36
2021-05-22T23:59:59+02:00,14,9,7707,6879,15104,15075,19736,22026,49303,50900,70734,71644,54603,58379,37202,47718,11956,21320,6,2,2487,2461,4200,5350,4733,7783,6456,11230,11603,13201,19009,19585,28676,36907,10715,19139,403077,150565,47388,28578,108565,23136,1228,51,36
2021-05-21T23:59:59+02:00,14,9,7632,6778,14976,14939,19527,21868,49064,50667,70591,71535,54575,58352,37194,47711,11950,21314,6,2,2416,2375,4109,5211,4628,7572,6332,10931,11428,12912,18942,19518,28660,36876,10712,19137,401496,150299,47384,28577,108540,21631,1225,51,35
2021-05-20T23:59:59+02:00,14,9,7355,6479,14388,14416,18590,20988,46381,48310,69433,70556,54216,57984,37085,47569,11918,21283,6,2,2153,2205,3748,4848,4184,7019,5778,10097,10335,11807,17650,18208,28150,36271,10634,18986,390466,144990,47217,28282,108233,17765,1009,49,35
2021-05-19T23:59:59+02:00,13,8,7116,6253,13720,13928,17311,19985,42393,44827,67943,69246,53756,57460,36921,47339,11882,21232,6,2,2074,2002,3581,4510,3935,6490,5332,9413,9333,10684,16170,16552,27451,35349,10506,18776,375655,137784,46642,28139,107997,15227,990,49,26
2021-05-18T23:59:59+02:00,13,7,6921,6078,13171,13492,16208,19121,37668,40803,66488,67920,53204,56918,36772,47117,11840,21176,6,2,2028,1879,3441,4317,3750,6169,4996,8926,8465,9812,14583,14812,26734,34490,10415,18601,359532,131120,46576,27570,107835,13785,925,49,26
2021-05-17T23:59:59+02:00,13,7,6786,5982,12844,13236,15708,18729,35482,38935,65653,67132,52928,56601,36690,47008,11825,21139,6,2,1956,1816,3252,4132,3528,5935,4674,8552,7682,9111,11317,10782,25823,33341,10334,18430,355782,125879,42298,21471,107749,12477,820,49,26
2021-05-16T23:59:59+02:00,13,7,6721,5897,12720,13081,15535,18559,34989,38463,65465,66961,52871,56540,36678,46981,11820,21134,6,2,1897,1718,3146,4009,3447,5834,4565,8405,7498,8921,9118,8173,25336,32658,10300,18371,354295,124716,41789,16109,107714,11964,590,47,25
2021-05-15T23:59:59+02:00,13,7,6716,5888,12714,13073,15530,18552,34980,38458,65462,66959,52870,56539,36678,46981,11820,21134,6,2,1896,1718,3143,4005,3443,5831,4559,8402,7496,8918,9116,8170,25335,32658,10300,18371,354243,124685,41788,16109,107709,11963,587,47,25
2021-05-14T23:59:59+02:00,13,7,6515,5792,12473,13009,15296,18458,34006,37666,64925,66550,52774,56453,36661,46947,11818,21129,6,2,1781,1629,3032,3933,3386,5722,4509,8255,7448,8788,9109,8164,25334,32658,10300,18370,350868,124622,41757,16105,107244,11098,577,46,24
2021-05-13T23:59:59+02:00,13,7,6266,5608,12065,12752,14722,18009,30477,34875,62444,64465,52142,55778,36523,46727,11806,21081,5,2,1739,1589,2975,3856,3352,5629,4465,8150,7367,8668,9069,8103,25314,32615,10295,18365,336857,124362,41532,16080,106811,10578,514,46,24
2021-05-12T23:59:59+02:00,13,7,6246,5583,11991,12684,14608,17899,29842,34296,61936,64011,51968,55605,36486,46682,11799,21068,5,2,1739,1586,2973,3854,3348,5629,4460,8148,7365,8662,9062,8100,25314,32613,10295,18364,333844,124335,41518,16070,106804,10577,513,45,24
2021-05-11T23:59:59+02:00,12,7,5927,5450,11545,12397,14054,17515,25579,30803,59545,61997,51306,54924,36298,46434,11775,21005,5,2,1700,1472,2870,3592,3226,5255,4317,7707,7211,8340,8975,8014,25285,32572,10291,18353,318870,124085,41462,15877,105811,8814,387,43,24
2021-05-10T23:59:59+02:00,12,7,5800,5377,11379,12278,13833,17340,22099,28039,58285,60878,50942,54568,36205,46310,11760,20974,5,2,1660,1374,2783,3363,3123,4923,4204,7215,7090,7901,8935,7953,25273,32550,10289,18349,308913,123934,41300,15728,105512,6987,319,42,24
2021-05-09T23:59:59+02:00,12,7,5724,5344,11291,12213,13727,17257,20497,26855,57820,60492,50838,54468,36180,46269,11753,20969,5,2,1643,1352,2726,3238,3072,4780,4158,7095,7043,7808,8924,7941,25266,32544,10288,18349,308333,123894,37728,15682,105310,6329,305,40,24
2021-05-08T23:59:59+02:00,12,7,5721,5342,11278,12208,13715,17242,20489,26849,57811,60486,50835,54459,36176,46266,11751,20966,5,2,1642,1352,2721,3235,3072,4779,4155,7092,7041,7807,8922,7941,25265,32542,10288,18349,308240,123875,37723,15682,105307,6326,303,40,24
2021-05-07T23:59:59+02:00,12,7,5681,5307,11209,12160,13606,17161,20037,26492,56814,59674,50706,54328,36147,46235,11748,20952,5,2,1543,1309,2641,3191,3030,4750,4120,7068,7019,7774,8913,7933,25262,32540,10288,18348,305075,123836,37702,15674,105161,5905,298,40,23
2021-05-06T23:59:59+02:00,12,7,5428,5196,10690,11849,12896,16707,18733,25507,52541,56010,49507,52944,35814,45834,11695,20850,5,2,1326,1180,2402,3020,2857,4584,3967,6870,6866,7622,8835,7849,25241,32505,10285,18341,289906,123557,37508,15533,104600,4475,169,37,23
2021-05-05T23:59:59+02:00,12,7,5173,5102,10198,11609,12137,16251,17393,24521,48167,51866,47842,51020,35374,45261,11620,20727,5,2,1280,1087,2340,2891,2771,4404,3873,6630,6759,7421,8721,7751,25179,32429,10279,18325,272693,123066,37284,15488,104212,3516,54,37,23
2021-05-04T23:59:59+02:00,12,7,5087,5014,9878,11389,11684,15860,16407,23654,46289,49829,46771,49710,34997,44776,11551,20618,5,2,1269,1068,2311,2849,2729,4317,3820,6522,6687,7342,8679,7712,25157,32412,10278,18320,262275,122844,37259,15423,103931,3158,31,37,23
2021-05-03T23:59:59+02:00,12,7,4987,4926,9523,11217,11216,15594,15349,22791,44716,48210,45887,48753,34776,44432,11523,20525,5,2,1254,1043,2276,2816,2688,4253,3771,6466,6610,7287,8108,7022,23404,30076,10139,18081,253241,117001,37248,15342,103898,2915,20,37,23
2021-05-02T23:59:59+02:00,12,7,4925,4908,9406,11178,11069,15531,14738,22300,44196,47800,45745,48587,34726,44371,11516,20514,5,1,1250,1037,2257,2812,2675,4245,3741,6451,6590,7273,7918,6779,21425,27659,10092,17993,252023,116977,35612,10318,103842,2870,15,37,23
2021-05-01T23:59:59+02:00,12,7,4925,4906,9402,11173,11066,15528,14732,22295,44194,47796,45744,48587,34726,44371,11516,20514,5,1,1249,1037,2257,2812,2675,4245,3740,6451,6589,7273,7918,6778,21425,27659,10092,17993,251989,116974,35612,10318,103841,2869,15,37,23
2021-04-30T23:59:59+02:00,12,7,4879,4882,9335,11155,11010,15503,14656,22267,42710,46384,45411,48258,34689,44319,11511,20504,5,1,1042,943,2060,2723,2576,4184,3653,6391,6524,7214,7911,6760,21424,27657,10092,17993,248000,116964,35612,10315,103829,1837,15,36,22
2021-04-29T23:59:59+02:00,12,7,4641,4797,8860,11006,10405,15323,13968,22058,37771,42072,44400,47225,34567,44201,11507,20473,5,1,864,865,1886,2645,2491,4118,3543,6320,6456,7164,7888,6740,21419,27650,10092,17992,234253,116930,35507,10208,103483,964,15,35,22
2021-04-28T23:59:59+02:00,12,7,4465,4763,8610,10920,10049,15232,13611,21898,33116,37555,43154,45965,34441,44052,11492,20454,5,1,822,839,1848,2596,2458,4040,3507,6211,6408,7073,7866,6720,21406,27637,10087,17985,220991,116840,35488,10160,103270,474,14,33,21
2021-04-27T23:59:59+02:00,11,6,4234,4550,8265,10469,9662,14649,13138,21251,31983,36429,42872,45678,34425,44024,11488,20451,5,1,795,825,1813,2572,2440,4022,3489,6190,6373,7046,7856,6710,21401,27633,10084,17979,218253,116780,35473,10131,99813,289,14,32,20
2021-04-26T23:59:59+02:00,11,6,4212,4522,8192,10431,9556,14593,12987,21190,27569,32042,41654,44456,34345,43923,11475,20440,5,1,763,814,1782,2553,2410,4001,3464,6169,6321,6999,7806,6661,21371,27602,10084,17972,206367,116576,35463,10085,99728,84,14,32,19
2021-04-25T23:59:59+02:00,11,6,4190,4510,8158,10406,9492,14560,12894,21143,25598,29999,40953,43694,34298,43863,11471,20434,5,1,751,806,1770,2539,2392,3986,3439,6148,6288,6970,7787,6644,21354,27581,10083,17968,205696,116549,30346,9851,99593,80,13,32,19
2021-04-24T23:59:59+02:00,11,6,4171,4499,8128,10377,9451,14544,12838,21122,24097,28336,40195,42850,34233,43787,11468,20428,5,1,750,805,1766,2536,2390,3982,3439,6144,6288,6967,7785,6641,21352,27581,10083,17968,200632,116525,30343,9849,99521,77,13,32,19
2021-04-23T23:59:59+02:00,11,6,3907,4348,7658,10079,9022,14189,12276,20719,23615,28035,40103,42787,34212,43753,11462,20421,5,1,737,794,1749,2523,2370,3966,3416,6121,6266,6947,7771,6622,21347,27569,10083,17967,200274,116507,30327,9650,95959,65,13,30,19
2021-04-22T23:59:59+02:00,11,6,3814,4288,7466,9961,8739,13996,11829,20391,21285,25678,37340,39538,33686,43080,11391,20296,5,1,724,785,1719,2492,2312,3909,3345,6049,6155,6850,7692,6535,21291,27525,10080,17952,187228,116390,30133,8940,95391,62,13,30,16
2021-04-21T23:59:59+02:00,11,4,3786,4254,7336,9881,8556,13821,11489,20102,20024,24471,34128,35814,33203,42379,11326,20167,5,1,700,767,1683,2464,2268,3885,3312,6015,6115,6811,7660,6508,21271,27501,10075,17948,175444,116275,29956,8627,95309,58,13,30,16
2021-04-20T23:59:59+02:00,11,4,3753,4227,7230,9810,8342,13660,11119,19802,18927,23319,30814,32162,32726,41780,11269,20050,4,1,692,757,1668,2452,2234,3863,3269,5969,6074,6769,7618,6463,21246,27478,10069,17945,163782,116116,29933,8370,95247,56,13,30,16
2021-04-19T23:59:59+02:00,11,4,3735,4211,7153,9772,8224,13550,10863,19615,18261,22657,29937,31027,32433,41416,11227,19976,4,1,684,752,1647,2438,2210,3833,3233,5935,6040,6737,7575,6430,21215,27450,10066,17941,158934,115984,29915,8124,95180,54,13,30,16
2021-04-18T23:59:59+02:00,11,4,3732,4204,7137,9759,8209,13532,10825,19589,18174,22573,29814,30901,32405,41393,11224,19968,4,1,682,747,1632,2427,2193,3817,3207,5909,6010,6714,7552,6417,21197,27428,10063,17938,158438,115924,29845,7932,95130,53,13,28,16
2021-04-17T23:59:59+02:00,11,4,3730,4202,7132,9756,8205,13531,10819,19582,18160,22562,29792,30888,32403,41390,11224,19968,4,1,681,747,1629,2425,2191,3816,3203,5908,6008,6712,7552,6417,21197,27428,10063,17938,158351,115908,29844,7931,95123,52,13,28,16
2021-04-16T23:59:59+02:00,11,4,3562,4165,6787,9626,7834,13344,10418,19337,17705,22289,29584,30723,32318,41298,11209,19949,4,1,668,727,1617,2410,2164,3800,3149,5871,5967,6662,7458,6326,20784,26860,10033,17877,157581,114577,29836,7723,92706,49,13,27,16
2021-04-15T23:59:59+02:00,11,4,3462,4084,6433,9252,7254,12840,9640,18502,16380,21060,28376,29421,31799,40654,11128,19773,4,1,638,704,1564,2370,2079,3714,3041,5751,5638,6423,6957,5938,20038,25931,9933,17707,151809,111180,29541,7178,88683,44,13,27,16
2021-04-14T23:59:59+02:00,10,4,3408,4037,6193,9011,6924,12460,9022,17954,15259,20022,26955,27911,31166,39773,11016,19576,4,1,605,677,1516,2332,2004,3635,2899,5628,5330,6190,6411,5428,19014,24639,9845,17527,144971,106894,29342,6723,86350,39,13,25,16
2021-04-13T23:59:59+02:00,10,4,3377,4004,6102,8932,6776,12327,8715,17706,14455,19326,23605,24341,30227,38592,10910,19401,4,1,600,668,1503,2308,1972,3600,2797,5556,5112,6006,6042,5084,18713,24291,9802,17460,133300,104764,29331,6689,86141,38,13,25,15
2021-04-12T23:59:59+02:00,10,4,3357,3983,6051,8873,6688,12239,8497,17511,13838,18799,22598,23191,29802,38033,10841,19274,4,1,590,660,1492,2301,1949,3579,2740,5506,4964,5901,5717,4802,18417,23985,9763,17398,128210,103162,29312,6542,86029,38,13,25,14
2021-04-11T23:59:59+02:00,10,4,3351,3977,6032,8849,6659,12221,8455,17488,13745,18737,22469,23041,29750,37968,10831,19250,4,1,585,655,1479,2290,1936,3571,2722,5488,4927,5863,5658,4742,18243,23753,9742,17367,127666,102492,29246,6469,85889,38,13,23,14
2021-04-10T23:59:59+02:00,10,4,3343,3976,6009,8848,6636,12220,8433,17486,13721,18735,22464,23038,29746,37967,10831,19250,4,1,582,652,1471,2282,1930,3568,2715,5479,4910,5855,5644,4725,18079,23498,9728,17344,127644,101968,29155,6436,85884,38,11,23,14
2021-04-09T23:59:59+02:00,9,4,3306,3964,5961,8834,6577,12200,8394,17458,13671,18688,20507,20619,29261,37348,10801,19200,4,1,568,638,1443,2260,1903,3543,2672,5443,4837,5793,5529,4621,17499,22765,9690,17273,126939,100192,24027,6236,85803,30,10,23,14
2021-04-08T23:59:59+02:00,9,4,3281,3945,5893,8803,6503,12160,8304,17394,13526,18570,17905,17541,28739,36682,10762,19150,4,1,526,609,1353,2177,1808,3446,2492,5259,4333,5431,4724,4011,15700,20514,9499,16964,126071,93140,18144,5666,84924,22,9,23,14
2021-04-07T23:59:59+02:00,8,4,3201,3915,5686,8752,6295,12096,8092,17317,13262,18472,15230,14458,28058,35880,10732,19097,4,1,502,579,1298,2119,1711,3365,2338,5118,3919,5098,4001,3442,14838,19644,9383,16776,125847,88780,16600,5317,78079,19,6,23,14
2021-04-06T23:59:59+02:00,7,4,3172,3905,5640,8732,6224,12072,8005,17280,13187,18399,13240,12082,27422,35162,10718,19067,4,1,472,556,1229,2062,1625,3281,2176,4998,3546,4820,3475,3027,13990,18632,9307,16655,125704,85110,16395,4712,72190,15,6,23,13
2021-04-05T23:59:59+02:00,7,4,3170,3901,5606,8717,6187,12057,7959,17263,13114,18363,13195,12036,27411,35145,10717,19064,4,1,441,526,1177,2025,1574,3239,2110,4944,3456,4744,3419,2975,13845,18460,9298,16637,125676,84616,16185,4226,72027,15,5,23,13
2021-04-04T23:59:59+02:00,7,4,3169,3899,5606,8715,6185,12056,7958,17261,13112,18363,13191,12035,27410,35144,10717,19064,4,1,440,524,1176,2025,1573,3239,2109,4944,3456,4744,3419,2975,13842,18459,9298,16637,125662,84607,16185,4225,72021,15,5,23,13
2021-04-03T23:59:59+02:00,7,4,3168,3899,5604,8714,6185,12056,7958,17261,13112,18363,13191,12033,27409,35141,10717,19064,4,1,440,522,1176,2025,1572,3239,2109,4943,3450,4741,3413,2965,13755,18322,9289,16621,125654,84329,16185,4225,72019,15,5,23,13
2021-04-02T23:59:59+02:00,7,4,3168,3894,5600,8709,6180,12047,7950,17248,13085,18332,13144,11980,27381,35121,10714,19060,4,1,437,515,1174,2021,1560,3231,2098,4921,3419,4708,3381,2936,12819,17070,9222,16512,125482,81853,16181,4143,71933,15,5,23,13
2021-04-01T23:59:59+02:00,7,4,3154,3880,5561,8690,6113,12014,7879,17212,12972,18260,13029,11852,27323,35044,10705,19044,4,1,389,471,1075,1951,1460,3142,1946,4808,3214,4577,3144,2734,10771,14466,9106,16329,125167,76206,16056,3350,71495,15,4,21,13
2021-03-31T23:59:59+02:00,7,4,3153,3866,5544,8656,6077,11976,7834,17166,12891,18191,12914,11730,27272,34982,10697,19034,3,1,351,448,1038,1907,1386,3102,1841,4702,2955,4376,2727,2415,8172,11233,8925,16087,124853,68634,16015,3004,71102,14,4,20,13
2021-03-30T23:59:59+02:00,7,4,3146,3855,5520,8630,6044,11944,7794,17125,12813,18124,12828,11591,27234,34934,10691,19024,3,1,330,430,1016,1875,1327,3066,1716,4621,2706,4204,2356,2166,7284,10149,8856,15957,124718,65304,15985,2729,70583,14,3,19,13
2021-03-29T23:59:59+02:00,7,4,3134,3851,5492,8609,6008,11908,7749,17091,12739,18048,12179,10833,25364,32444,10541,18767,3,1,324,427,1009,1860,1307,3041,1682,4579,2556,4116,2068,2015,6623,9436,8812,15879,118715,62984,15816,2726,70216,12,3,18,13
2021-03-28T23:59:59+02:00,7,4,3104,3835,5444,8570,5957,11863,7667,17036,12627,17978,11913,10528,23378,29974,10487,18669,3,1,323,425,1006,1859,1298,3037,1678,4577,2544,4108,2043,1995,6599,9421,8810,15874,118657,62851,10625,2724,69738,12,3,18,11
2021-03-27T23:59:59+01:00,7,4,3092,3830,5403,8558,5919,11848,7617,17020,12580,17931,11877,10484,23374,29966,10487,18669,3,1,323,425,1006,1859,1298,3036,1677,4574,2542,4105,2041,1993,6551,9346,8777,15826,118585,62633,10623,2724,69437,12,3,18,11
2021-03-26T23:59:59+01:00,7,4,2964,3508,4953,7406,5423,10532,7004,14972,11771,15641,11653,10300,22889,29236,10442,18598,3,1,322,422,1004,1856,1292,3031,1674,4572,2537,4098,2033,1986,6422,9158,8633,15639,117027,61953,10366,2712,59889,4,3,18,11
2021-03-25T23:59:59+01:00,7,3,2844,3244,4794,6639,5192,9384,6678,13247,11042,13837,10791,9491,22157,28386,10365,18441,3,1,317,413,997,1847,1277,3012,1655,4539,2501,4048,1964,1927,6132,8731,8352,15186,114091,60178,9662,2708,52768,3,3,18,10
2021-03-24T23:59:59+01:00,7,3,2799,3198,4717,6576,5058,9276,6473,13076,10529,13430,9951,8669,21139,27129,10267,18254,3,1,314,408,990,1840,1260,3002,1640,4515,2454,3992,1894,1851,5767,8256,7934,14509,110057,57919,9315,2697,51161,3,1,17,10
2021-03-23T23:59:59+01:00,7,3,2771,3164,4648,6505,4948,9183,6258,12913,10069,13007,9230,7997,20625,26521,10212,18147,3,1,302,395,973,1828,1245,2978,1610,4493,2405,3944,1815,1785,5483,7871,7531,13879,107648,55832,8982,2696,49560,2,1,17,10
2021-03-22T23:59:59+01:00,7,3,2753,3124,4588,6465,4871,9115,6120,12774,9707,12733,8625,7426,20204,26081,10152,18053,1,1,300,392,962,1822,1231,2965,1596,4481,2379,3917,1788,1762,5344,7697,7082,13053,106160,54070,8723,2691,47900,2,1,17,9
2021-03-21T23:59:59+01:00,7,3,2746,3107,4541,6440,4820,9079,6025,12706,9518,12546,8317,7165,20037,25914,10140,18025,1,1,300,392,961,1822,1228,2965,1595,4480,2376,3917,1781,1756,5335,7692,7051,12995,105957,53962,8490,2674,46671,2,1,17,9
2021-03-20T23:59:59+01:00,7,3,2745,3100,4534,6434,4813,9076,6021,12698,9498,12532,8284,7133,19864,25637,10124,17999,1,1,300,392,961,1820,1227,2965,1594,4479,2372,3909,1769,1743,5320,7643,6873,12755,105400,53463,8477,2649,46607,2,1,17,9
2021-03-19T23:59:59+01:00,7,3,2710,3073,4462,6389,4706,9025,5881,12640,9230,12343,7980,6905,19379,25045,10092,17940,1,1,300,391,960,1819,1227,2962,1592,4478,2365,3904,1753,1732,5283,7600,6459,12129,104096,52318,8233,2626,45463,2,1,17,9
2021-03-18T23:59:59+01:00,7,3,2644,2999,4299,6249,4458,8820,5524,12332,8313,11669,6715,5879,18117,23676,9937,17708,1,1,297,386,955,1809,1213,2949,1553,4462,2302,3861,1675,1691,5208,7493,5715,11011,99161,49987,7690,2584,42480,1,1,17,9
2021-03-17T23:59:59+01:00,7,3,2608,2959,4217,6152,4320,8711,5268,12055,7639,11101,5727,4979,16762,22133,9770,17448,1,1,293,384,951,1801,1209,2939,1536,4440,2238,3838,1613,1649,5164,7426,5135,10120,93708,48200,7192,2527,40941,1,1,17,9
2021-03-16T23:59:59+01:00,6,3,2588,2931,4153,6086,4226,8614,5090,11899,7190,10712,4960,4360,15901,21148,9663,17274,1,1,289,382,948,1795,1206,2932,1528,4430,2216,3819,1581,1632,5127,7383,4624,9298,90041,46735,7152,2448,39593,0,1,17,8
2021-03-15T23:59:59+01:00,6,3,2585,2920,4137,6064,4194,8588,5041,11852,7072,10594,4812,4198,15580,20734,9631,17215,1,1,287,378,947,1788,1200,2925,1514,4421,2195,3797,1537,1615,5067,7308,4036,8434,89263,45137,7052,2305,38894,0,1,16,8
2021-03-14T23:59:59+01:00,6,2,2579,2912,4114,6042,4163,8568,5000,11818,6978,10505,4706,4082,15443,20564,9614,17174,1,1,284,377,947,1786,1194,2918,1509,4410,2184,3790,1527,1609,5060,7300,4030,8420,88949,45074,7033,2264,38272,0,1,15,8
2021-03-13T23:59:59+01:00,6,2,2572,2901,4105,6029,4155,8560,4992,11808,6958,10492,4682,4056,15129,20127,9594,17138,1,1,284,377,947,1786,1194,2918,1509,4410,2184,3790,1526,1608,5060,7299,4030,8420,88058,45072,7011,2263,38221,0,1,15,8
2021-03-12T23:59:59+01:00,6,2,2508,2825,3995,5858,4034,8337,4854,11508,6779,10219,4529,3918,14200,18863,9531,17036,1,1,284,376,945,1783,1194,2914,1506,4405,2183,3783,1519,1606,5052,7280,4028,8403,85569,44993,6950,2261,36467,0,1,15,8
2021-03-11T23:59:59+01:00,5,2,2384,2601,3762,5527,3777,7902,4526,10745,6146,9408,4004,3411,12574,16858,9429,16885,1,1,284,374,941,1778,1190,2901,1497,4393,2171,3756,1483,1579,5017,7243,4016,8376,81186,44844,6787,2148,31957,0,1,15,8
2021-03-10T23:59:59+01:00,5,2,2264,2470,3605,5289,3583,7577,4254,10259,5589,8838,3429,2962,10286,14130,9280,16647,1,1,280,370,935,1768,1183,2890,1493,4377,2149,3740,1454,1571,4987,7228,4006,8366,74827,44776,6615,2014,29011,0,1,15,8
2021-03-09T23:59:59+01:00,5,2,2239,2419,3539,5199,3468,7487,4083,10062,5194,8487,2944,2601,8758,12109,9173,16496,1,1,279,369,935,1762,1176,2880,1489,4369,2141,3729,1439,1565,4979,7223,4002,8364,69931,44735,6465,1960,27854,0,1,14,7
2021-03-08T23:59:59+01:00,5,2,2214,2344,3479,5130,3394,7403,3959,9946,4896,8293,2497,2337,6817,9707,9051,16317,1,1,279,366,934,1752,1170,2864,1483,4358,2136,3722,1428,1558,4963,7203,3995,8354,64203,44626,6127,1933,27446,0,1,14,7
2021-03-07T23:59:59+01:00,5,2,2152,2288,3384,5022,3296,7313,3860,9859,4759,8198,2446,2285,6794,9686,9051,16309,1,1,278,364,933,1752,1170,2862,1483,4358,2136,3722,1428,1558,4962,7203,3995,8353,64074,44620,5445,1931,27175,0,1,14,7
2021-03-06T23:59:59+01:00,5,2,2144,2275,3370,5012,3291,7307,3851,9848,4749,8193,2444,2282,6748,9616,9018,16259,1,1,278,364,932,1748,1169,2861,1483,4355,2132,3717,1427,1553,4956,7198,3993,8343,63860,44572,5385,1931,27154,0,1,14,7
2021-03-05T23:59:59+01:00,5,2,2015,2189,3146,4823,3050,6995,3573,9453,4415,7857,2354,2219,6541,9295,8821,15993,1,1,278,363,930,1745,1168,2860,1482,4349,2129,3710,1421,1551,4950,7192,3992,8336,62867,44520,4537,1931,25328,0,0,14,7
2021-03-04T23:59:59+01:00,5,2,1765,1970,2733,4384,2591,6355,3008,8552,3729,7044,2135,2059,6245,8928,8537,15530,1,1,275,362,929,1736,1166,2842,1481,4332,2120,3698,1410,1549,4938,7178,3985,8325,61205,44394,3256,1927,21097,0,0,14,7
2021-03-03T23:59:59+01:00,5,2,1694,1882,2625,4197,2458,6127,2866,8262,3542,6779,2051,1980,5904,8452,8171,14939,1,1,274,358,929,1726,1163,2819,1477,4308,2115,3683,1385,1537,4933,7172,3981,8317,59170,44246,3112,1927,19640,0,0,14,6
2021-03-02T23:59:59+01:00,5,2,1659,1805,2555,4078,2377,5974,2759,8080,3428,6626,1976,1912,5587,8011,7758,14259,1,1,272,353,926,1707,1160,2798,1474,4289,2114,3672,1360,1531,4923,7155,3976,8309,57036,44088,2869,1927,18932,0,0,14,6
2021-03-01T23:59:59+01:00,3,2,1649,1778,2518,3969,2329,5860,2723,7979,3374,6547,1932,1890,5449,7848,7276,13381,1,1,271,351,922,1701,1158,2786,1472,4276,2112,3656,1354,1526,4920,7153,3974,8302,55150,44003,2857,1927,18486,0,0,14,6
2021-02-28T23:59:59+01:00,3,2,1633,1740,2484,3897,2298,5807,2680,7898,3347,6499,1926,1886,5441,7843,7239,13321,1,1,271,351,921,1701,1158,2786,1472,4275,2112,3655,1354,1526,4920,7152,3974,8302,55025,44000,2855,1926,18050,0,0,14,6
2021-02-27T23:59:59+01:00,3,2,1631,1733,2481,3890,2295,5807,2678,7896,3344,6496,1920,1876,5431,7799,7066,13097,1,1,271,351,910,1696,1148,2779,1462,4265,2095,3646,1353,1523,4920,7151,3974,8302,54553,43995,2855,1847,18023,0,0,14,6
2021-02-26T23:59:59+01:00,3,1,1442,1574,2350,3649,2216,5399,2585,7391,3257,6038,1905,1851,5406,7766,6796,12702,1,1,269,349,901,1689,1140,2759,1456,4243,2085,3633,1346,1514,4912,7139,3970,8289,53793,43912,2835,1778,15689,0,0,14,6
2021-02-25T23:59:59+01:00,3,1,1229,1294,2130,3217,2043,4646,2387,6450,3014,5139,1814,1779,5354,7686,6210,11848,1,1,267,341,894,1629,1106,2665,1423,4132,2029,3558,1308,1493,4868,7097,3950,8234,51886,43439,2823,1551,11522,0,0,13,6
2021-02-24T23:59:59+01:00,3,1,1176,1086,2024,2953,1936,4308,2255,6046,2844,4870,1737,1725,5293,7596,5442,10655,1,1,265,335,856,1581,1056,2573,1362,4015,1940,3429,1268,1464,4850,7070,3940,8213,49527,43171,2812,1042,9598,0,0,13,6
2021-02-23T23:59:59+01:00,3,1,1159,1035,1988,2887,1910,4210,2229,5961,2810,4807,1729,1710,5257,7548,4794,9620,1,1,265,334,829,1554,1006,2521,1309,3936,1834,3354,1216,1437,4826,7044,3927,8174,47723,42963,2784,599,9138,0,0,13,6
2021-02-22T23:59:59+01:00,3,1,1150,992,1938,2742,1866,4064,2173,5767,2756,4702,1717,1699,5223,7500,4178,8727,1,1,264,325,787,1516,951,2438,1220,3828,1695,3257,1126,1378,4782,6973,3898,8063,46093,42487,2766,10,8328,0,0,11,6
2021-02-21T23:59:59+01:00,3,1,1146,978,1909,2680,1839,3967,2146,5662,2735,4639,1710,1693,5220,7491,4178,8723,1,1,262,323,782,1510,943,2405,1218,3791,1682,3217,1117,1363,4764,6946,3873,8019,46038,42201,2756,10,7915,0,0,11,6
2021-02-20T23:59:59+01:00,3,1,1146,978,1908,2679,1838,3966,2145,5662,2731,4633,1701,1684,5213,7484,4176,8720,1,1,262,323,782,1509,942,2401,1217,3787,1681,3215,1117,1363,4711,6886,3826,7961,46023,41970,2728,9,7906,0,0,11,6
2021-02-19T23:59:59+01:00,3,1,1146,976,1905,2674,1838,3954,2144,5653,2727,4629,1682,1675,5198,7466,4173,8715,1,1,261,321,778,1498,933,2376,1210,3745,1651,3161,1089,1324,4518,6632,3645,7660,45941,40789,2706,9,7901,0,0,11,6
2021-02-18T23:59:59+01:00,3,1,1114,895,1866,2555,1799,3818,2090,5447,2666,4456,1665,1659,5182,7433,4168,8686,1,1,235,292,732,1373,885,2170,1123,3406,1534,2864,977,1134,4020,5846,3228,6754,45787,36560,2673,9,7032,0,0,11,6
2021-02-17T23:59:59+01:00,3,1,1068,769,1784,2323,1721,3522,1980,5087,2591,4210,1640,1650,5162,7418,4159,8683,1,1,230,289,722,1356,876,2148,1111,3371,1515,2842,971,1131,3636,5318,2926,6327,45745,34756,2613,9,5402,0,0,11,6
2021-02-16T23:59:59+01:00,3,1,1028,730,1727,2219,1652,3349,1909,4880,2512,4101,1600,1636,5135,7395,4150,8671,1,1,223,283,705,1320,854,2093,1079,3253,1476,2755,947,1107,3277,4768,2582,5829,45691,32542,2446,6,4552,0,0,9,5
2021-02-15T23:59:59+01:00,3,1,1022,711,1707,2142,1634,3249,1889,4770,2498,4022,1570,1622,5105,7379,4117,8615,1,1,211,273,690,1284,835,2043,1058,3187,1434,2690,917,1076,2848,4209,2244,5246,45564,30237,2360,5,4123,0,0,9,5
2021-02-14T23:59:59+01:00,3,1,928,677,1631,2108,1572,3230,1846,4748,2463,4009,1563,1620,5096,7367,4114,8609,1,1,204,262,681,1266,817,2003,1042,3121,1403,2622,887,1030,2756,4067,2165,5045,45519,29365,2325,4,3733,0,0,8,4
2021-02-13T23:59:59+01:00,3,1,876,653,1601,2085,1557,3221,1830,4741,2455,4008,1562,1618,5096,7366,4113,8608,1,1,202,261,679,1265,817,1999,1042,3119,1402,2619,886,1029,2652,3941,2099,4944,45511,28951,2325,3,3550,0,0,8,4
2021-02-12T23:59:59+01:00,3,1,549,509,1253,1969,1386,3118,1689,4659,2348,3936,1543,1610,5086,7355,4103,8598,1,1,190,255,664,1238,803,1955,1015,3033,1347,2519,824,954,2424,3622,1951,4620,45389,27410,2324,2,1994,0,0,8,4
2021-02-11T23:59:59+01:00,3,1,388,435,1065,1855,1282,2999,1591,4543,2259,3845,1435,1566,5023,7302,4079,8548,1,1,154,193,563,991,667,1509,815,2360,1066,1925,581,699,1804,2732,1440,3340,45028,20838,2116,1,1067,0,0,8,2
2021-02-10T23:59:59+01:00,3,1,275,366,938,1748,1180,2877,1497,4358,2145,3723,1396,1553,5002,7292,4075,8546,1,1,133,130,392,630,494,1019,646,1749,898,1591,560,683,1398,2171,1122,2838,44953,16454,2008,0,7,0,0,7,2
2021-02-09T23:59:59+01:00,3,1,275,365,937,1742,1177,2866,1497,4352,2144,3718,1388,1550,5000,7290,4074,8544,1,1,130,128,384,598,475,992,624,1720,873,1560,558,680,1013,1702,841,2429,44927,14708,1984,0,5,0,0,7,1
2021-02-08T23:59:59+01:00,3,1,275,363,936,1740,1174,2856,1490,4347,2142,3714,1383,1546,4998,7290,4073,8541,1,1,125,122,372,584,467,972,612,1687,855,1534,550,675,616,1211,534,2001,44899,12918,1961,0,5,0,0,7,1
2021-02-07T23:59:59+01:00,3,1,275,363,932,1740,1173,2856,1488,4345,2142,3714,1383,1546,4998,7289,4072,8541,1,1,121,119,367,581,466,965,608,1675,845,1518,542,672,615,1201,529,1986,44894,12811,1960,0,0,0,0,7,1
2021-02-06T23:59:59+01:00,3,1,275,363,932,1740,1173,2856,1488,4344,2142,3714,1383,1546,4998,7289,4072,8541,1,1,118,116,365,578,465,962,608,1673,845,1517,541,671,615,1201,529,1986,44893,12791,1960,0,0,0,0,7,1
2021-02-05T23:59:59+01:00,3,1,274,362,930,1740,1173,2855,1486,4343,2141,3714,1383,1546,4997,7287,4072,8538,1,1,117,106,361,573,457,949,604,1663,832,1494,536,661,609,1185,519,1960,44878,12627,1960,0,0,0,0,7,1
2021-02-04T23:59:59+01:00,3,1,270,357,924,1701,1165,2807,1486,4291,2130,3671,1375,1539,4968,7255,4060,8504,1,0,89,71,243,398,331,693,475,1269,622,1125,406,523,514,969,454,1693,44541,9875,1959,0,0,0,0,7,1
2021-02-03T23:59:59+01:00,3,1,268,347,920,1675,1161,2772,1475,4241,2121,3635,1367,1522,4943,7225,4046,8474,1,0,55,34,87,171,152,347,232,600,300,549,214,279,292,604,264,1049,44231,5230,1958,0,0,0,0,7,0
2021-02-02T23:59:59+01:00,3,1,267,345,919,1663,1157,2753,1472,4208,2114,3609,1359,1516,4935,7211,4037,8448,1,0,16,10,30,56,60,101,74,168,96,127,47,76,71,133,57,209,44052,1332,1958,0,0,0,0,7,0
2021-02-01T23:59:59+01:00,3,1,267,340,919,1660,1156,2752,1471,4204,2113,3602,1357,1515,4933,7210,4037,8448,1,0,13,9,26,48,50,92,61,142,74,108,41,67,62,124,55,196,44023,1169,1958,0,0,0,0,7,0
2021-01-31T23:59:59+01:00,3,1,267,339,919,1656,1155,2746,1471,4199,2113,3599,1356,1515,4932,7209,4037,8447,1,0,12,8,23,43,44,84,55,131,64,102,36,56,53,114,52,188,44001,1066,1956,0,0,0,0,7,0
2021-01-30T23:59:59+01:00,3,1,267,339,913,1653,1147,2738,1463,4193,2109,3596,1356,1515,4879,7149,3990,8389,1,0,12,8,23,41,44,84,54,130,64,102,36,56,53,114,52,188,43772,1062,1921,0,0,0,0,7,0
2021-01-29T23:59:59+01:00,3,1,266,337,898,1645,1135,2717,1451,4163,2085,3569,1347,1509,4714,6945,3821,8180,1,0,10,8,23,41,41,84,53,128,61,101,34,51,52,114,52,188,42970,1042,1809,0,0,0,0,7,0
2021-01-28T23:59:59+01:00,3,1,262,324,878,1560,1097,2607,1413,4061,2015,3494,1321,1496,4377,6472,3543,7821,1,0,7,4,10,20,22,42,22,60,36,68,21,33,36,74,40,126,41173,622,1565,0,0,0,0,7,0
2021-01-27T23:59:59+01:00,3,1,256,321,835,1505,1050,2513,1349,3963,1941,3386,1281,1469,3964,5899,3214,7348,1,0,3,4,10,10,11,21,9,24,15,34,12,14,18,42,17,63,39180,308,1111,0,0,0,0,7,0
2021-01-26T23:59:59+01:00,3,1,249,312,798,1458,983,2427,1287,3836,1825,3278,1220,1417,3613,5340,2857,6825,1,0,1,1,6,5,4,7,5,4,4,12,7,4,5,7,4,8,37061,85,663,0,0,0,0,5,0
2021-01-25T23:59:59+01:00,3,1,239,303,747,1397,922,2308,1185,3691,1667,3157,1140,1385,3214,4825,2541,6348,1,0,1,1,6,4,2,7,2,3,3,12,7,4,5,7,4,8,35006,77,63,0,0,0,0,4,0
2021-01-24T23:59:59+01:00,3,1,236,303,741,1393,911,2292,1180,3675,1639,3127,1134,1382,3187,4789,2524,6326,1,0,1,1,4,4,2,7,2,3,3,12,7,4,5,7,4,8,34831,75,9,0,0,0,0,3,0
2021-01-23T23:59:59+01:00,3,1,235,302,740,1392,911,2288,1179,3673,1636,3125,1133,1382,3081,4663,2457,6224,1,0,1,1,4,4,2,7,2,3,3,12,7,4,5,7,4,8,34414,75,8,0,0,0,0,3,0
2021-01-22T23:59:59+01:00,3,1,234,299,737,1376,909,2275,1173,3657,1632,3121,1131,1381,2919,4467,2354,6079,1,0,1,1,4,4,2,7,2,2,3,12,7,4,5,7,4,8,33737,74,8,0,0,0,0,3,0
2021-01-21T23:59:59+01:00,3,1,230,271,671,1219,842,2063,1092,3372,1536,2916,1087,1337,2571,4002,2059,5637,1,0,1,0,3,3,2,7,2,2,3,12,7,4,5,7,4,8,30900,71,8,0,0,0,0,1,0
2021-01-20T23:59:59+01:00,3,1,206,207,512,867,667,1571,891,2671,1299,2449,989,1202,2030,3248,1636,4825,1,0,1,0,3,3,2,7,2,2,3,10,6,4,5,7,4,8,25266,68,8,0,0,0,0,0,0
2021-01-19T23:59:59+01:00,3,1,182,190,464,757,612,1416,805,2374,1122,2142,821,942,1375,2304,1150,3692,0,0,0,0,2,1,0,0,0,0,2,3,1,0,0,0,0,0,20348,9,4,0,0,0,0,0,0
2021-01-18T23:59:59+01:00,2,1,137,135,389,630,489,1060,649,1828,930,1647,609,731,700,1354,604,2258,0,0,0,0,1,0,0,0,0,0,1,0,0,0,0,0,0,0,14149,2,4,0,0,0,0,0,0
2021-01-17T23:59:59+01:00,2,1,126,120,374,595,474,995,620,1711,871,1548,560,690,649,1251,558,2092,0,0,0,0,0,0,0,0,0,0,0,0,0,0,0,0,0,0,13236,0,1,0,0,0,0,0,0
2021-01-16T23:59:59+01:00,2,1,119,116,371,592,472,982,614,1698,865,1541,559,689,648,1245,553,2078,0,0,0,0,0,0,0,0,0,0,0,0,0,0,0,0,0,0,13144,0,1,0,0,0,0,0,0
2021-01-15T23:59:59+01:00,2,1,117,108,367,585,464,966,610,1687,851,1517,553,676,640,1228,545,2052,0,0,0,0,0,0,0,0,0,0,0,0,0,0,0,0,0,0,12969,0,0,0,0,0,0,0,0
2021-01-14T23:59:59+01:00,2,1,97,87,283,473,392,788,506,1416,694,1228,435,543,557,1029,482,1851,0,0,0,0,0,0,0,0,0,0,0,0,0,0,0,0,0,0,10864,0,0,0,0,0,0,0,0
2021-01-13T23:59:59+01:00,2,1,67,47,170,290,257,521,354,926,473,791,267,329,337,678,310,1173,0,0,0,0,0,0,0,0,0,0,0,0,0,0,0,0,0,0,6993,0,0,0,0,0,0,0,0
2021-01-12T23:59:59+01:00,2,1,31,20,56,109,114,216,152,386,197,339,140,180,177,376,180,654,0,0,0,0,0,0,0,0,0,0,0,0,0,0,0,0,0,0,3330,0,0,0,0,0,0,0,0
2021-01-11T23:59:59+01:00,2,0,17,10,39,70,62,114,79,173,90,130,42,67,67,130,55,200,0,0,0,0,0,0,0,0,0,0,0,0,0,0,0,0,0,0,1347,0,0,0,0,0,0,0,0
2021-01-10T23:59:59+01:00,2,0,14,7,32,59,55,102,69,158,74,116,35,57,57,119,50,190,0,0,0,0,0,0,0,0,0,0,0,0,0,0,0,0,0,0,1196,0,0,0,0,0,0,0,0
2021-01-09T23:59:59+01:00,2,0,13,7,31,57,54,101,66,157,74,114,35,57,57,119,50,190,0,0,0,0,0,0,0,0,0,0,0,0,0,0,0,0,0,0,1184,0,0,0,0,0,0,0,0
2021-01-08T23:59:59+01:00,2,0,10,7,29,54,49,96,61,144,68,110,33,52,56,119,50,190,0,0,0,0,0,0,0,0,0,0,0,0,0,0,0,0,0,0,1130,0,0,0,0,0,0,0,0
2021-01-07T23:59:59+01:00,2,0,7,4,10,22,22,43,24,59,37,70,20,35,41,79,39,126,0,0,0,0,0,0,0,0,0,0,0,0,0,0,0,0,0,0,640,0,0,0,0,0,0,0,0
2021-01-06T23:59:59+01:00,2,0,7,4,10,18,14,30,16,42,26,58,16,25,33,69,37,110,0,0,0,0,0,0,0,0,0,0,0,0,0,0,0,0,0,0,517,0,0,0,0,0,0,0,0
2021-01-05T23:59:59+01:00,2,0,7,4,10,18,14,30,16,42,26,58,16,25,32,69,37,110,0,0,0,0,0,0,0,0,0,0,0,0,0,0,0,0,0,0,516,0,0,0,0,0,0,0,0
2021-01-04T23:59:59+01:00,2,0,2,4,9,8,4,14,4,9,6,21,7,5,9,16,5,15,0,0,0,0,0,0,0,0,0,0,0,0,0,0,0,0,0,0,140,0,0,0,0,0,0,0,0
2021-01-03T23:59:59+01:00,1,0,1,1,4,5,2,7,3,4,3,13,5,4,6,8,4,9,0,0,0,0,0,0,0,0,0,0,0,0,0,0,0,0,0,0,80,0,0,0,0,0,0,0,0
2021-01-02T23:59:59+01:00,1,0,1,1,4,4,2,7,3,4,3,13,5,4,6,8,4,9,0,0,0,0,0,0,0,0,0,0,0,0,0,0,0,0,0,0,79,0,0,0,0,0,0,0,0
2021-01-01T23:59:59+01:00,1,0,1,1,4,4,2,7,2,3,3,13,5,4,6,8,4,9,0,0,0,0,0,0,0,0,0,0,0,0,0,0,0,0,0,0,77,0,0,0,0,0,0,0,0
2020-12-31T23:59:59+01:00,1,0,1,1,4,3,2,7,2,2,3,12,5,4,6,8,4,9,0,0,0,0,0,0,0,0,0,0,0,0,0,0,0,0,0,0,74,0,0,0,0,0,0,0,0
2020-12-30T23:59:59+01:00,1,0,1,1,4,3,2,7,2,2,3,10,5,4,6,8,4,9,0,0,0,0,0,0,0,0,0,0,0,0,0,0,0,0,0,0,72,0,0,0,0,0,0,0,0
2020-12-29T23:59:59+01:00,1,0,1,1,3,1,2,6,2,2,3,8,3,2,5,8,3,8,0,0,0,0,0,0,0,0,0,0,0,0,0,0,0,0,0,0,59,0,0,0,0,0,0,0,0
2020-12-28T23:59:59+01:00,1,0,0,0,3,1,0,2,1,0,1,3,0,1,0,1,1,5,0,0,0,0,0,0,0,0,0,0,0,0,0,0,0,0,0,0,20,0,0,0,0,0,0,0,0
2020-12-27T23:59:59+01:00,0,0,0,0,0,0,0,1,1,0,1,2,0,1,0,1,1,5,0,0,0,0,0,0,0,0,0,0,0,0,0,0,0,0,0,0,13,0,0,0,0,0,0,0,0
