Datum,<15_m,<15_w,15-24_1_m,15-24_1_w,25-34_1_m,25-34_1_w,35-44_1_m,35-44_1_w,45-54_1_m,45-54_1_w,55-64_1_m,55-64_1_w,65-74_1_m,65-74_1_w,75-84_1_m,75-84_1_w,>84_1_m,>84_1_w,<24_2_m,<24_2_w,25-34_2_m,25-34_2_w,35-44_2_m,35-44_2_w,45-54_2_m,45-54_2_w,55-64_2_m,55-64_2_w,65-74_2_m,65-74_2_w,75-84_2_m,75-84_2_w,>84_2_m,>84_2_w,bp_1,bp_2,mo_1,mo_2,az_1,az_2,ja,unb_1,unb_2
2021-08-05T23:59:59+02:00,3348,3125,36846,35383,51292,44039,56420,52828,68788,67465,84050,82645,58976,63041,38569,49736,11936,21326,28251,27029,43867,37148,49675,45850,62693,61027,78316,76992,56064,59823,37012,47595,11501,20490,616562,545938,78882,73369,109410,102575,24923,36,42
2021-08-04T23:59:59+02:00,3289,3062,36649,35216,51147,43895,56280,52719,68668,67344,83939,82539,58910,62983,38552,49707,11931,21316,27198,25993,42963,36327,48757,45003,62143,60453,77847,76583,55862,59657,36957,47509,11489,20472,615508,538161,78871,73332,109410,102522,24321,36,42
2021-08-03T23:59:59+02:00,3215,3004,36433,35018,51000,43759,56160,52600,68542,67233,83853,82471,58868,62943,38534,49678,11923,21302,26126,24887,42046,35440,47862,44125,61610,59929,77404,76182,55696,59470,36898,47425,11471,20441,614181,529894,78863,73292,109408,102496,24048,36,42
2021-08-02T23:59:59+02:00,3171,2950,36289,34869,50893,43651,56068,52503,68458,67145,83770,82397,58830,62896,38520,49659,11915,21290,25228,23891,41209,34707,47133,43388,61129,59464,77022,75839,55534,59322,36848,47348,11454,20420,613227,522964,78862,73238,109407,102357,23742,36,42
2021-08-01T23:59:59+02:00,3166,2945,36274,34847,50870,43633,56052,52479,68429,67132,83756,82385,58824,62891,38519,49655,11915,21290,24969,23643,40968,34507,46906,43194,60989,59328,76906,75745,55499,59293,36834,47336,11450,20416,613091,521117,78858,73198,109406,102291,23671,36,42
2021-07-31T23:59:59+02:00,3165,2944,36268,34846,50869,43632,56050,52478,68427,67131,83756,82384,58824,62891,38519,49655,11915,21290,24962,23630,40958,34500,46901,43188,60980,59326,76904,75744,55499,59290,36834,47336,11450,20415,613077,521053,78857,73197,109406,102291,23668,36,42
2021-07-30T23:59:59+02:00,3149,2930,36213,34782,50799,43581,55993,52423,68372,67091,83720,82344,58812,62878,38515,49648,11912,21287,24645,23321,40686,34288,46648,42997,60795,59196,76756,75630,55469,59252,36820,47324,11450,20415,612797,519133,78853,73195,109403,102185,23360,36,42
2021-07-29T23:59:59+02:00,3126,2902,36075,34661,50672,43459,55903,52327,68302,67027,83650,82293,58786,62860,38504,49639,11912,21286,23693,22340,39821,33547,45760,42223,60256,58758,76399,75329,55349,59114,36783,47271,11443,20404,611935,512119,78833,73094,109403,102019,23177,36,42
2021-07-28T23:59:59+02:00,3077,2847,35838,34427,50453,43290,55710,52181,68164,66891,83535,82195,58734,62813,38482,49603,11902,21278,22486,21094,38507,32453,44454,41056,59465,58101,75897,74873,55155,58928,36715,47168,11429,20379,610583,502367,78829,72929,109403,101862,22569,36,42
2021-07-27T23:59:59+02:00,3053,2828,35732,34310,50374,43207,55636,52129,68102,66823,83475,82124,58696,62772,38470,49588,11901,21269,21252,19709,37094,31123,43093,39763,58844,57510,75481,74465,54994,58755,36657,47115,11417,20357,609866,492010,78814,72755,109403,101748,22370,36,42
2021-07-26T23:59:59+02:00,3034,2809,35670,34217,50318,43155,55595,52082,68057,66787,83440,82099,58682,62757,38458,49576,11900,21267,20232,18610,35843,30011,41830,38616,58348,57112,75198,74215,54897,58655,36636,47080,11411,20343,609353,483786,78809,72429,109403,101587,22302,36,42
2021-07-25T23:59:59+02:00,3023,2804,35619,34177,50278,43112,55570,52060,68034,66764,83411,82076,58669,62750,38455,49573,11897,21261,19834,18252,35435,29689,41430,38315,58156,56963,75043,74113,54854,58617,36615,47060,11407,20339,609072,481099,78804,72175,109403,101559,22218,36,42
2021-07-24T23:59:59+02:00,3023,2804,35615,34173,50276,43109,55568,52059,68032,66764,83409,82075,58669,62750,38455,49573,11897,21261,19829,18242,35427,29681,41424,38314,58153,56961,75039,74111,54854,58617,36615,47060,11407,20339,609063,481063,78803,72175,109403,101557,22207,36,42
2021-07-23T23:59:59+02:00,2998,2779,35465,34057,50130,43011,55452,51955,67936,66672,83319,82025,58638,62721,38445,49568,11892,21258,19600,18025,35170,29512,41158,38135,57992,56835,74905,74035,54817,58594,36603,47050,11401,20333,608444,479952,78803,71910,109403,101555,21635,36,42
2021-07-22T23:59:59+02:00,2948,2694,35031,33691,49824,42774,55191,51730,67709,66494,83145,81875,58554,62628,38410,49524,11881,21240,18824,17368,34089,28782,40042,37312,57264,56371,74359,73667,54640,58416,36539,46967,11380,20307,606318,474468,78788,70514,109399,101338,20802,36,42
2021-07-21T23:59:59+02:00,2893,2636,34722,33363,49588,42567,55004,51545,67519,66310,83019,81750,58489,62577,38379,49485,11870,21230,18002,16536,32784,27791,38782,36356,56578,55813,73914,73305,54494,58241,36474,46883,11368,20274,604511,468582,78738,68338,109398,101127,20263,36,42
2021-07-20T23:59:59+02:00,2818,2573,34367,32987,49311,42339,54833,51352,67340,66156,82882,81633,58427,62524,38352,49440,11869,21215,16859,15418,31078,26400,37060,34910,55780,55170,73375,72862,54329,58052,36425,46799,11351,20236,602455,459466,78702,66599,109397,100791,19828,36,42
2021-07-19T23:59:59+02:00,2734,2503,33810,32425,49000,42031,54560,51088,67145,65943,82712,81467,58360,62443,38308,49388,11862,21200,16210,14849,30146,25725,36209,34199,55343,54751,73049,72627,54244,57967,36388,46749,11346,20215,599263,455819,78644,64436,109396,100622,19640,36,42
2021-07-18T23:59:59+02:00,2706,2485,33711,32312,48911,41975,54505,51031,67086,65893,82670,81425,58332,62417,38297,49376,11860,21193,15895,14585,29575,25346,35716,33852,55088,54589,72904,72526,54202,57928,36380,46734,11345,20211,598664,454382,78630,62903,109395,100594,19460,36,42
2021-07-17T23:59:59+02:00,2706,2485,33709,32310,48907,41974,54504,51029,67086,65892,82670,81425,58332,62416,38297,49376,11860,21193,15890,14580,29566,25331,35711,33848,55084,54588,72904,72526,54202,57928,36380,46734,11345,20211,598654,454339,78627,62899,109395,100594,19459,36,42
2021-07-16T23:59:59+02:00,2648,2420,33103,31789,48416,41628,54112,50694,66707,65574,82359,81193,58213,62304,38247,49327,11856,21186,15479,14260,29080,24966,35268,33518,54749,54338,72647,72334,54090,57841,36345,46696,11342,20207,596443,452971,78623,62770,109394,100586,17280,36,42
2021-07-15T23:59:59+02:00,2515,2288,32242,31012,47792,41059,53540,50217,66285,65233,82109,80954,58123,62210,38213,49285,11848,21167,14647,13597,27770,24142,33976,32712,54078,53942,72239,72114,53997,57748,36316,46662,11335,20192,591448,448837,78612,60415,109394,100006,16602,36,42
2021-07-14T23:59:59+02:00,2409,2202,31696,30487,47308,40627,53123,49822,65962,64956,81875,80708,58020,62115,38182,49235,11838,21154,13409,12461,25781,22698,32076,31196,53333,53359,71735,71777,53861,57623,36275,46601,11325,20177,587620,439756,78595,58491,109393,99673,16075,36,41
2021-07-13T23:59:59+02:00,2352,2132,31427,30220,47039,40403,52877,49598,65762,64770,81709,80559,57956,62040,38156,49200,11828,21142,12426,11619,24060,21392,30141,29615,52146,52194,70920,70991,53616,57347,36189,46486,11308,20150,585482,433076,78580,55574,109385,96526,15687,36,40
2021-07-12T23:59:59+02:00,2126,1925,30565,29292,46388,39870,52308,49029,65373,64381,81435,80288,57825,61915,38114,49142,11819,21121,11679,10995,22678,20418,28409,28243,51195,51339,70181,70375,53360,57069,36125,46370,11295,20119,579264,425006,78563,53028,109385,96373,15668,36,40
2021-07-11T23:59:59+02:00,2081,1887,30444,29183,46323,39799,52256,48968,65318,64327,81375,80244,57805,61896,38108,49125,11814,21116,11513,10848,22406,20235,28049,27973,50993,51194,70011,70232,53307,56988,36103,46353,11286,20112,578447,422953,78560,52986,109384,96239,15642,36,39
2021-07-10T23:59:59+02:00,2081,1885,30439,29176,46321,39794,52253,48967,65315,64326,81374,80242,57805,61894,38107,49125,11814,21116,11501,10830,22394,20222,28034,27961,50987,51190,70008,70229,53307,56988,36102,46353,11286,20112,578418,422872,78560,52984,109384,96229,15636,36,39
2021-07-09T23:59:59+02:00,2036,1847,30207,28940,46104,39615,52070,48796,65154,64215,81270,80163,57775,61865,38091,49110,11809,21114,11120,10559,21754,19786,27370,27411,50278,50624,69428,69821,53207,56900,36079,46319,11281,20101,577219,421802,78555,52670,109379,92784,14992,36,39
2021-07-08T23:59:59+02:00,1899,1720,29543,28407,45505,39111,51515,48330,64755,63908,80973,79929,57683,61776,38060,49060,11804,21100,9937,9452,19810,18155,24915,25432,49245,49827,68804,69285,52983,56687,36004,46234,11266,20075,572985,411293,78535,50243,109362,92558,14160,36,39
2021-07-07T23:59:59+02:00,1686,1524,28437,27200,44470,38152,50418,47339,64099,63272,80436,79447,57480,61547,37994,48976,11790,21062,9406,8976,18727,17323,23524,24234,48423,49182,68262,68798,52782,56448,35928,46136,11250,20036,563738,404963,78519,48634,109361,92271,13675,36,39
2021-07-06T23:59:59+02:00,1487,1366,27352,26153,43447,37235,49482,46404,63495,62710,80003,79041,57299,61366,37939,48882,11767,21034,8688,8231,17392,16321,21919,22953,47819,48731,67886,68534,52665,56333,35879,46099,11243,20020,555483,397516,78508,48207,109358,91975,13077,36,39
2021-07-05T23:59:59+02:00,1330,1243,26207,24901,42365,36236,48432,45340,62829,62135,79570,78639,57125,61177,37887,48807,11758,21012,8437,8008,16897,16009,21362,22570,47514,48507,67692,68387,52613,56260,35854,46080,11240,20015,546180,394954,78500,47894,109357,91718,12920,36,39
2021-07-04T23:59:59+02:00,1265,1179,25885,24573,42061,35977,48181,45156,62685,62000,79456,78546,57089,61138,37877,48788,11755,21009,8183,7854,16631,15816,21083,22374,47389,48409,67615,68313,52589,56235,35839,46075,11238,20014,543872,393942,78474,47233,109355,91633,12883,36,39
2021-07-03T23:59:59+02:00,1265,1178,25879,24563,42047,35970,48179,45156,62682,61999,79455,78545,57088,61138,37877,48788,11755,21009,8178,7846,16618,15806,21076,22367,47384,48408,67611,68312,52588,56235,35839,46075,11238,20014,543843,393907,78472,47232,109355,91623,12867,36,39
2021-07-02T23:59:59+02:00,1197,1121,25560,24208,41726,35689,47923,44902,62539,61854,79382,78475,57071,61116,37870,48776,11751,21004,8000,7694,16250,15539,20635,22060,46416,47630,67117,67964,52505,56143,35824,46057,11237,20011,541457,391424,78471,47229,109350,89609,12850,36,39
2021-07-01T23:59:59+02:00,1142,1071,25184,23845,41345,35340,47528,44553,62289,61618,79193,78304,57009,61054,37839,48735,11745,20994,7611,7361,15436,14760,19469,21031,44879,46146,65905,66890,52201,55840,35727,45938,11213,19984,538316,385614,78370,46405,109341,85666,12725,36,39
2021-06-30T23:59:59+02:00,1069,1007,24761,23396,40917,34966,47119,44178,62062,61416,79025,78155,56931,60977,37812,48685,11737,20974,7238,7006,14496,13957,18042,19829,41674,43419,64212,65449,51738,55343,35579,45745,11187,19935,534881,373616,78338,45713,109339,82933,12593,36,38
2021-06-29T23:59:59+02:00,977,899,24259,22863,40403,34547,46687,43763,61800,61137,78812,77976,56855,60913,37784,48642,11731,20955,6960,6701,13832,13464,16882,18911,37356,39732,62864,64198,51252,54844,35447,45567,11156,19892,530814,358340,78329,45504,109339,82724,12485,36,38
2021-06-28T23:59:59+02:00,948,866,23920,22470,39945,34166,46265,43394,61563,60882,78623,77821,56784,60845,37755,48612,11729,20940,6650,6381,13172,12964,15871,18075,33712,36688,61741,63168,50898,54450,35353,45419,11132,19854,529063,349674,76640,40816,109339,82573,12450,36,38
2021-06-27T23:59:59+02:00,934,853,23827,22378,39872,34103,46207,43335,61532,60845,78590,77792,56769,60833,37749,48605,11728,20935,6560,6306,12939,12823,15450,17838,32880,36043,61485,62969,50809,54380,35335,45396,11130,19850,528453,346775,76636,40555,109333,82417,12429,36,38
2021-06-26T23:59:59+02:00,933,853,23821,22373,39866,34100,46206,43334,61531,60844,78590,77792,56769,60833,37749,48605,11728,20935,6557,6299,12933,12810,15443,17831,32876,36042,61478,62967,50807,54374,35335,45396,11130,19849,528428,346711,76636,40554,109333,82416,12429,36,38
2021-06-25T23:59:59+02:00,910,827,23706,22260,39781,34014,46123,43263,61487,60797,78542,77771,56758,60819,37746,48602,11727,20933,6459,6186,12823,12678,15305,17670,32158,35385,61090,62645,50729,54290,35327,45375,11127,19848,527636,343706,76636,40542,109330,82400,12428,36,38
2021-06-24T23:59:59+02:00,843,769,23318,21835,39430,33706,45771,42960,61283,60602,78382,77634,56704,60764,37724,48572,11723,20924,6120,5889,12261,12214,14599,16989,28861,32669,58812,60798,50145,53695,35193,45168,11109,19800,524682,329922,76587,40280,109328,81786,12311,36,38
2021-06-23T23:59:59+02:00,738,675,22677,21174,38854,33119,45120,42256,60917,60213,78134,77384,56602,60631,37679,48520,11713,20905,5965,5698,11893,11868,14093,16461,25497,29914,57172,59277,49621,53158,35075,44994,11088,19757,519116,320508,76533,37345,109326,81353,12300,36,38
2021-06-22T23:59:59+02:00,677,611,22253,20732,38451,32703,44688,41793,60645,59928,77931,77145,56506,60523,37642,48448,11700,20883,5774,5562,11571,11607,13670,16088,21165,26390,55101,57579,49024,52557,34898,44779,11068,19713,515329,306179,76406,37291,109321,80881,12167,36,38
2021-06-21T23:59:59+02:00,641,570,22002,20496,38201,32475,44444,41518,60459,59718,77800,77006,56453,60442,37618,48408,11691,20867,5644,5452,11263,11411,13334,15828,19620,25161,54186,56814,46802,50106,34299,44061,11045,19654,513300,300876,76203,37224,109306,74586,11964,36,38
2021-06-20T23:59:59+02:00,612,550,21712,20200,37906,32200,44160,41263,60308,59549,77663,76859,56404,60400,37598,48391,11688,20860,5588,5408,11132,11324,13181,15701,19226,24838,53920,56633,45149,48124,33732,43428,11025,19634,510910,300255,76124,36474,109295,69327,11958,36,37
2021-06-19T23:59:59+02:00,610,550,21707,20188,37891,32196,44157,41259,60302,59546,77661,76856,56401,60399,37598,48390,11688,20860,5582,5399,11128,11321,13172,15695,19219,24830,53906,56621,45140,48114,33731,43428,11025,19634,510851,300172,76119,36471,109295,69315,11958,36,37
2021-06-18T23:59:59+02:00,596,536,21610,20077,37824,32142,44083,41174,60247,59501,77617,76814,56378,60378,37593,48377,11687,20859,5487,5234,10833,10785,12800,15114,18678,23813,53054,55322,44936,47951,33703,43380,11019,19622,510097,298604,76113,36470,109290,64671,11957,36,37
2021-06-17T23:59:59+02:00,510,443,20894,19358,37067,31507,43289,40420,59840,59136,77324,76561,56265,60251,37545,48309,11674,20835,5294,5021,10449,10230,12277,14341,17752,22455,51483,53383,43789,46603,33385,42984,10972,19539,504114,291300,76021,36343,109284,60512,11773,36,37
2021-06-16T23:59:59+02:00,403,366,20094,18403,36075,30574,42276,39451,59301,58655,76935,76250,56124,60099,37489,48222,11664,20812,5106,4867,9943,9911,11542,13845,16207,21159,47621,49846,42037,44601,32921,42415,10909,19413,496757,275186,75479,36145,109269,59332,11652,36,36
2021-06-15T23:59:59+02:00,293,263,19278,17546,35153,29718,41349,38567,58863,58215,76602,75927,55982,59934,37434,48153,11649,20779,4903,4742,9420,9652,10839,13377,14698,19973,43369,45773,40489,42761,32444,41795,10842,19285,489550,258064,75364,36110,109262,58667,11493,36,35
2021-06-14T23:59:59+02:00,189,173,18158,16306,33901,28443,39887,37157,58276,57651,76208,75587,55855,59793,37389,48082,11640,20764,4776,4648,9076,9443,10363,13059,13527,18967,40737,43229,39417,41617,32154,41394,10810,19200,479796,246921,74926,36084,109258,57940,11444,35,35
2021-06-13T23:59:59+02:00,148,134,17654,15901,33419,28038,39396,36774,58063,57468,76061,75485,55828,59754,37367,48060,11637,20755,4690,4599,8931,9370,10200,12991,12922,18513,40268,42835,39182,41395,32093,41309,10804,19186,476716,245959,74624,34660,109251,57325,11316,35,35
2021-06-12T23:59:59+02:00,148,134,17650,15883,33407,28029,39389,36770,58058,57465,76057,75483,55827,59752,37366,48060,11637,20755,4683,4594,8920,9365,10188,12984,12910,18500,40085,42688,39159,41380,32089,41307,10804,19185,476649,245524,74620,34660,109251,57314,11315,35,35
2021-06-11T23:59:59+02:00,146,134,17566,15824,33262,27960,39216,36716,57938,57428,75987,75459,55815,59747,37364,48058,11637,20754,4600,4401,8759,8803,9994,12264,12674,17428,39597,41392,39005,41249,32071,41273,10802,19184,476315,245032,74209,34658,109145,52471,11307,35,35
2021-06-10T23:59:59+02:00,132,114,16720,15105,31842,27044,37972,35803,57257,56969,75579,75189,55725,59655,37325,48014,11626,20736,4345,4207,8201,8309,9313,11507,11940,16367,36757,38359,38205,40450,31905,41091,10786,19154,472427,237994,71234,34526,108864,48101,10247,35,35
2021-06-09T23:59:59+02:00,110,88,15941,14398,30562,26139,36753,34916,56682,56581,75238,74961,55644,59550,37298,47970,11613,20715,4164,4054,7841,8120,8851,11289,11326,15990,31695,33513,36715,38926,31661,40823,10765,19105,467769,224142,68790,34404,108822,46521,9743,35,35
2021-06-08T23:59:59+02:00,83,70,15020,13525,29182,25046,35385,33905,56066,56177,74944,74750,55571,59478,37276,47940,11609,20705,4084,3990,7687,8005,8698,11176,11035,15786,28891,30715,35763,37998,31501,40628,10741,19072,463192,216716,65344,34347,108782,45300,9379,35,35
2021-06-07T23:59:59+02:00,75,57,14388,12936,27811,24237,34233,33126,55591,55922,74702,74647,55535,59441,37260,47930,11609,20701,3992,3917,7493,7880,8398,11044,10669,15542,24578,26351,34305,36470,31279,40361,10713,19044,460074,204983,62316,34283,108751,43718,9025,35,34
2021-06-06T23:59:59+02:00,74,54,14066,12745,27027,23818,33584,32707,55284,55759,74548,74581,55516,59419,37246,47921,11607,20700,3925,3881,7343,7835,8243,10961,10352,15341,21774,23499,33309,35401,31140,40207,10706,19029,458940,202204,60266,29095,108727,42932,8688,35,34
2021-06-05T23:59:59+02:00,74,52,14037,12719,26984,23776,33556,32688,55279,55750,74543,74576,55512,59414,37241,47919,11607,20700,3903,3866,7308,7814,8196,10944,10291,15300,20349,21950,32517,34524,31070,40125,10702,19022,458823,197243,60161,29092,108721,42832,8687,35,34
2021-06-04T23:59:59+02:00,68,48,13807,12457,26674,23462,33220,32377,55219,55669,74504,74556,55503,59409,37240,47917,11607,20699,3872,3838,7230,7735,8139,10866,10211,15178,20242,21832,32444,34470,31038,40088,10699,19019,456927,197162,60099,29080,108688,41945,8687,35,34
2021-06-03T23:59:59+02:00,50,43,13240,11968,25637,22776,32084,31626,54728,55337,74189,74363,55432,59332,37206,47887,11601,20683,3744,3746,6958,7566,7859,10694,9885,14941,18362,19976,30477,32178,30765,39758,10676,18971,452594,188609,58599,29061,108675,40583,8279,35,31
2021-06-02T23:59:59+02:00,37,31,12550,11214,24641,21874,30943,30673,54464,55074,73998,74224,55381,59254,37190,47866,11593,20676,3709,3726,6901,7511,7803,10646,9801,14850,17843,19428,28549,30009,30666,39614,10669,18960,446285,183084,58421,29060,108674,40248,8269,34,31
2021-06-01T23:59:59+02:00,23,16,11420,10326,22507,20437,28406,28780,53053,54011,72995,73445,55080,58937,37070,47696,11559,20617,3480,3553,6404,7205,7200,10227,8949,14250,15908,17625,24784,25777,29987,38737,10593,18807,436792,169167,53949,28923,108637,38408,6966,34,29
2021-05-31T23:59:59+02:00,18,12,10555,9659,20671,19266,26357,27273,51945,53162,72292,72898,54864,58679,36997,47596,11545,20581,3339,3402,6071,6960,6800,9928,8411,13894,14847,16652,23596,24411,29600,38249,10533,18713,430000,163441,49579,28888,108620,36919,6137,34,28
2021-05-30T23:59:59+02:00,16,9,10203,9312,19948,18769,25651,26693,51605,52880,72060,72702,54788,58600,36972,47569,11537,20573,3156,3211,5721,6694,6511,9685,8194,13690,14587,16381,23303,24095,29490,38142,10518,18685,427417,162617,49171,28831,108587,35916,4678,34,28
2021-05-29T23:59:59+02:00,16,9,10187,9300,19930,18742,25633,26667,51593,52876,72055,72692,54786,58595,36971,47569,11536,20573,3154,3203,5718,6690,6506,9683,8186,13682,14577,16377,23292,24087,29486,38137,10517,18684,427260,162548,49171,28829,108587,35903,4678,34,28
2021-05-28T23:59:59+02:00,16,9,10122,9204,19793,18573,25371,26438,51434,52700,71909,72562,54749,58545,36958,47549,11533,20560,3107,3127,5626,6552,6406,9484,8073,13410,14384,16101,23140,23933,29433,38074,10510,18675,425611,162164,49134,28828,108570,34346,4677,33,27
2021-05-27T23:59:59+02:00,16,9,8858,8002,17387,16756,22588,24288,50343,51886,71243,72071,54552,58328,36867,47455,11520,20532,2810,2793,4783,5930,5513,8704,7282,12426,13262,14911,22156,22901,29051,37624,10455,18588,413682,158359,48180,28565,108434,29873,2372,33,27
2021-05-26T23:59:59+02:00,15,9,8455,7585,16509,15952,21398,23277,49738,51340,70829,71687,54401,58165,36801,47381,11509,20502,2623,2620,4416,5599,5037,8197,6805,11778,12293,13933,21260,21871,28740,37181,10409,18503,408086,154518,47449,28477,108362,26627,1624,32,26
2021-05-25T23:59:59+02:00,15,9,7880,6985,15265,15067,19948,22104,49259,50941,70583,71504,54333,58083,36779,47356,11505,20493,2547,2517,4225,5469,4791,7970,6530,11469,11739,13404,19128,19721,28372,36650,10374,18454,401320,148889,47208,28464,108318,24757,1231,32,26
2021-05-24T23:59:59+02:00,15,9,7794,6884,15042,14940,19662,21925,49158,50822,70540,71465,54332,58078,36778,47355,11503,20490,2503,2455,4141,5304,4696,7725,6406,11185,11599,13164,19014,19609,28321,36603,10367,18443,400181,148739,47130,28422,108233,23140,1216,32,25
2021-05-23T23:59:59+02:00,14,9,7778,6871,15006,14924,19608,21897,49149,50820,70536,71459,54331,58076,36778,47354,11503,20490,2501,2451,4134,5299,4687,7721,6402,11172,11578,13142,18874,19414,28290,36564,10365,18441,399998,148257,47130,28420,108233,23131,1210,32,24
2021-05-22T23:59:59+02:00,14,9,7775,6863,14996,14912,19598,21890,49149,50818,70533,71459,54331,58075,36778,47354,11503,20490,2499,2444,4127,5293,4685,7721,6399,11169,11569,13139,18862,19408,28289,36564,10365,18441,399944,148221,47130,28420,108233,23107,1208,32,24
2021-05-21T23:59:59+02:00,14,8,7701,6766,14866,14778,19393,21730,48908,50584,70391,71353,54304,58049,36771,47347,11498,20484,2428,2359,4041,5152,4582,7507,6276,10872,11400,12850,18796,19344,28273,36534,10362,18439,398374,147971,47127,28420,108208,21601,1205,31,24
2021-05-20T23:59:59+02:00,14,8,7427,6472,14282,14255,18454,20858,46225,48233,69240,70383,53952,57688,36663,47207,11467,20455,2166,2196,3679,4786,4140,6956,5722,10041,10313,11755,17523,18064,27768,35935,10289,18292,387400,142738,46965,28131,107903,17750,988,27,24
2021-05-19T23:59:59+02:00,13,7,7188,6248,13619,13772,17185,19858,42245,44745,67752,69079,53497,57167,36501,46983,11431,20403,2090,1997,3515,4445,3893,6433,5279,9360,9325,10644,16049,16418,27075,35022,10163,18083,372628,135590,46395,27988,107674,15236,969,27,14
2021-05-18T23:59:59+02:00,13,5,6989,6071,13075,13342,16087,19000,37528,40726,66301,67759,52942,56627,36354,46761,11389,20346,2043,1869,3377,4255,3708,6119,4947,8879,8461,9773,14469,14685,26367,34172,10073,17911,356533,128972,46334,27425,107517,13799,904,27,14
2021-05-17T23:59:59+02:00,13,5,6854,5975,12752,13093,15592,18610,35346,38858,65463,66978,52671,56314,36275,46653,11375,20309,1974,1808,3189,4075,3489,5892,4625,8508,7684,9073,11214,10672,25456,33023,9990,17742,352806,123763,42064,21344,107438,12498,801,27,14
2021-05-16T23:59:59+02:00,13,5,6791,5892,12627,12939,15419,18441,34857,38388,65278,66810,52616,56254,36265,46628,11370,20304,1916,1711,3086,3952,3409,5790,4519,8364,7503,8887,9023,8078,24975,32342,9956,17685,351335,122626,41560,16001,107403,11989,572,27,14
2021-05-15T23:59:59+02:00,13,5,6786,5883,12621,12933,15415,18437,34852,38385,65276,66808,52616,56253,36265,46628,11370,20304,1915,1710,3083,3946,3404,5787,4514,8361,7501,8884,9021,8076,24974,32342,9956,17685,351293,122595,41560,16001,107401,11986,569,27,14
2021-05-14T23:59:59+02:00,13,5,6589,5786,12378,12871,15183,18345,33878,37596,64740,66400,52520,56166,36248,46595,11368,20299,1799,1622,2972,3876,3347,5679,4464,8214,7455,8756,9014,8071,24973,32342,9956,17684,347929,122541,41528,15997,106940,11121,558,25,13
2021-05-13T23:59:59+02:00,13,5,6339,5599,11969,12617,14616,17896,30350,34809,62265,64325,51890,55492,36111,46376,11356,20251,1756,1584,2915,3799,3315,5587,4421,8110,7373,8637,8976,8013,24953,32301,9951,17680,333944,122294,41305,15973,106510,10601,495,25,13
2021-05-12T23:59:59+02:00,13,5,6322,5575,11897,12554,14508,17789,29715,34233,61759,63873,51718,55319,36075,46331,11349,20238,1756,1581,2914,3799,3310,5587,4419,8109,7371,8631,8969,8010,24953,32299,9951,17679,330953,122272,41295,15963,106505,10600,495,25,13
2021-05-11T23:59:59+02:00,12,5,5997,5441,11455,12277,13962,17406,25454,30746,59379,61868,51058,54639,35886,46085,11328,20175,1714,1465,2811,3538,3189,5211,4280,7664,7217,8306,8885,7929,24924,32259,9948,17668,316022,122034,41242,15774,105516,8822,371,22,12
2021-05-10T23:59:59+02:00,12,5,5870,5368,11292,12162,13743,17238,21986,27988,58133,60752,50696,54288,35794,45962,11313,20144,1676,1369,2726,3308,3087,4880,4170,7174,7095,7868,8844,7869,24912,32238,9946,17664,306112,121890,41081,15625,105224,6997,307,22,12
2021-05-09T23:59:59+02:00,12,5,5793,5336,11205,12100,13643,17157,20386,26807,57668,60368,50594,54190,35768,45921,11306,20139,1659,1347,2669,3183,3036,4739,4125,7054,7036,7770,8832,7855,24905,32232,9945,17664,305546,121830,37512,15580,105024,6340,294,22,12
2021-05-08T23:59:59+02:00,12,5,5789,5333,11193,12096,13633,17148,20378,26801,57659,60362,50591,54182,35764,45918,11304,20136,1658,1347,2669,3181,3036,4739,4122,7051,7035,7769,8831,7855,24904,32230,9945,17664,305454,121815,37511,15580,105023,6340,294,22,12
2021-05-07T23:59:59+02:00,12,5,5749,5298,11128,12046,13526,17070,19922,26443,56660,59553,50461,54051,35735,45888,11301,20122,1554,1303,2589,3137,2996,4711,4088,7027,7012,7737,8824,7847,24902,32229,9945,17663,302287,121782,37495,15573,104878,5913,289,21,12
2021-05-06T23:59:59+02:00,12,5,5494,5185,10614,11737,12820,16617,18626,25456,52402,55899,49265,52672,35404,45488,11249,20019,1329,1171,2353,2964,2826,4546,3936,6828,6860,7585,8749,7769,24881,32193,9942,17656,287153,121510,37309,15435,104323,4476,160,19,12
2021-05-05T23:59:59+02:00,12,5,5234,5086,10121,11502,12065,16167,17294,24475,48032,51756,47595,50753,34967,44919,11174,19899,1283,1076,2291,2837,2743,4366,3842,6590,6752,7386,8636,7675,24820,32119,9936,17640,269973,121034,37083,15390,103935,3515,46,19,12
2021-05-04T23:59:59+02:00,12,5,5151,5001,9803,11290,11612,15777,16319,23607,46160,49725,46528,49445,34594,44431,11108,19790,1271,1057,2262,2796,2702,4280,3790,6483,6679,7310,8594,7636,24800,32103,9935,17635,259603,120816,37059,15329,103654,3158,23,19,12
2021-05-03T23:59:59+02:00,12,5,5048,4914,9454,11122,11149,15514,15256,22742,44586,48105,45647,48491,34374,44093,11080,19701,1256,1031,2230,2765,2660,4216,3742,6429,6604,7256,8025,6948,23062,29780,9797,17398,250581,115013,37050,15247,103628,2917,15,19,12
2021-05-02T23:59:59+02:00,12,5,4986,4895,9339,11086,11005,15453,14644,22253,44067,47695,45506,48325,34327,44032,11074,19690,1252,1026,2213,2762,2647,4208,3714,6416,6584,7242,7836,6705,21096,27376,9751,17310,249373,114993,35419,10252,103573,2876,10,19,12
2021-05-01T23:59:59+02:00,12,5,4986,4893,9334,11082,11002,15451,14640,22249,44065,47691,45505,48325,34327,44032,11074,19690,1251,1026,2213,2762,2647,4208,3713,6416,6582,7242,7836,6704,21096,27376,9751,17310,249343,114989,35419,10252,103572,2875,10,19,12
2021-04-30T23:59:59+02:00,12,5,4939,4871,9267,11067,10947,15426,14565,22223,42581,46277,45170,47993,34290,43980,11069,19680,1042,931,2015,2672,2547,4147,3627,6356,6520,7184,7829,6687,21095,27374,9751,17310,245354,114980,35419,10250,103560,1842,10,19,10
2021-04-29T23:59:59+02:00,12,4,4696,4789,8797,10916,10341,15255,13880,22015,37650,41962,44160,46965,34169,43862,11065,19650,862,854,1842,2593,2461,4081,3518,6285,6447,7135,7807,6668,21090,27368,9751,17310,231623,114940,35316,10147,103220,970,10,19,10
2021-04-28T23:59:59+02:00,12,4,4521,4754,8547,10831,9989,15165,13525,21861,33012,37460,42914,45711,34043,43715,11051,19632,820,824,1804,2547,2428,4005,3482,6176,6397,7043,7788,6649,21078,27355,9746,17303,218413,114854,35298,10099,103010,478,9,17,10
2021-04-27T23:59:59+02:00,11,3,4290,4539,8204,10382,9605,14583,13057,21212,31883,36333,42635,45429,34027,43687,11047,19629,792,810,1770,2523,2410,3987,3464,6157,6362,7016,7776,6640,21073,27350,9743,17297,215689,114794,35288,10068,99553,294,9,17,10
2021-04-26T23:59:59+02:00,11,3,4268,4511,8129,10345,9497,14527,12909,21153,27474,31947,41419,44206,33947,43587,11034,19619,759,799,1740,2504,2380,3966,3440,6136,6310,6970,7729,6591,21043,27320,9743,17290,203810,114592,35279,10024,99472,90,9,16,10
2021-04-25T23:59:59+02:00,11,3,4245,4498,8097,10318,9434,14495,12816,21107,25506,29905,40717,43445,33901,43529,11030,19614,747,791,1728,2490,2362,3951,3414,6115,6277,6941,7707,6571,21026,27299,9742,17286,203143,114566,30167,9782,99337,86,8,16,10
2021-04-24T23:59:59+02:00,11,3,4226,4487,8067,10289,9393,14479,12765,21085,24004,28240,39960,42606,33836,43453,11027,19608,746,790,1725,2488,2361,3948,3414,6111,6277,6938,7705,6569,21025,27299,9742,17286,198080,114546,30167,9781,99268,84,8,16,10
2021-04-23T23:59:59+02:00,10,3,3961,4335,7597,9992,8963,14123,12203,20682,23525,27940,39874,42545,33815,43419,11021,19601,732,780,1708,2475,2341,3932,3391,6089,6255,6919,7691,6551,21020,27288,9742,17285,197732,114531,30152,9583,95702,72,8,15,10
2021-04-22T23:59:59+02:00,10,3,3868,4278,7406,9875,8685,13929,11759,20355,21199,25583,37121,39303,33288,42750,10950,19482,719,771,1680,2445,2283,3875,3318,6017,6145,6823,7612,6465,20967,27244,9739,17270,184716,114410,29963,8881,95142,70,8,15,9
2021-04-21T23:59:59+02:00,10,3,3840,4246,7279,9797,8504,13758,11425,20066,19938,24380,33911,35590,32804,42047,10888,19356,695,753,1646,2417,2239,3850,3285,5984,6103,6784,7584,6438,20949,27220,9736,17266,172965,114303,29790,8568,95064,66,8,15,9
2021-04-20T23:59:59+02:00,10,3,3806,4220,7174,9728,8290,13602,11058,19768,18843,23233,30601,31941,32331,41448,10829,19247,687,743,1631,2405,2206,3828,3242,5939,6062,6741,7544,6392,20924,27196,9730,17263,161335,114145,29768,8312,95006,64,8,15,9
2021-04-19T23:59:59+02:00,10,3,3787,4203,7100,9690,8172,13493,10803,19582,18178,22570,29728,30812,32039,41082,10787,19172,679,738,1609,2391,2182,3798,3207,5906,6028,6710,7499,6359,20893,27168,9728,17259,156497,114012,29751,8068,94940,62,8,15,9
2021-04-18T23:59:59+02:00,10,3,3784,4197,7084,9676,8157,13474,10768,19557,18090,22488,29606,30687,32011,41060,10784,19164,677,734,1594,2379,2165,3783,3182,5880,5999,6687,7477,6346,20874,27146,9725,17256,156005,113953,29683,7878,94890,61,8,14,9
2021-04-17T23:59:59+02:00,10,3,3783,4195,7082,9674,8154,13474,10762,19550,18077,22477,29584,30674,32009,41058,10784,19164,676,734,1593,2378,2164,3782,3179,5879,5997,6685,7477,6346,20874,27146,9725,17256,155926,113940,29682,7878,94884,61,8,14,9
2021-04-16T23:59:59+02:00,10,3,3616,4157,6737,9545,7787,13287,10364,19304,17627,22203,29383,30515,31927,40969,10769,19145,664,716,1581,2363,2137,3767,3125,5842,5954,6635,7384,6257,20462,26581,9695,17195,155176,112616,29674,7672,92476,58,8,14,9
2021-04-15T23:59:59+02:00,10,3,3515,4078,6385,9173,7210,12787,9588,18468,16301,20972,28186,29223,31407,40327,10689,18970,634,693,1529,2325,2055,3680,3017,5722,5626,6397,6888,5872,19732,25672,9599,17027,149432,109270,29381,7133,88457,53,8,14,9
2021-04-14T23:59:59+02:00,9,3,3460,4028,6149,8935,6880,12410,8966,17917,15183,19941,26776,27718,30775,39451,10581,18775,600,667,1483,2287,1981,3602,2875,5599,5315,6160,6343,5359,18719,24386,9514,16854,142627,105007,29182,6678,86127,47,8,13,9
2021-04-13T23:59:59+02:00,9,3,3428,3997,6057,8858,6731,12281,8664,17671,14381,19249,23423,24162,29843,38270,10477,18603,595,658,1470,2265,1953,3569,2779,5528,5099,5977,5982,5021,18421,24042,9475,16788,130997,102917,29171,6648,85918,46,8,13,8
2021-04-12T23:59:59+02:00,9,3,3406,3976,6007,8801,6643,12197,8446,17476,13764,18720,22421,23010,29419,37712,10408,18481,585,650,1460,2257,1930,3548,2723,5477,4951,5872,5665,4740,18128,23740,9437,16728,125917,101332,29152,6502,85809,46,8,13,8
2021-04-11T23:59:59+02:00,9,3,3400,3970,5989,8777,6615,12180,8406,17453,13675,18659,22291,22861,29368,37647,10399,18456,582,645,1447,2247,1917,3540,2706,5461,4913,5835,5606,4682,17955,23506,9416,16699,125375,100670,29085,6430,85677,46,8,13,8
2021-04-10T23:59:59+02:00,9,3,3392,3969,5966,8776,6593,12179,8385,17452,13650,18657,22286,22858,29364,37646,10399,18456,581,643,1441,2241,1912,3537,2700,5453,4897,5825,5594,4665,17794,23253,9402,16675,125353,100160,28994,6397,85673,46,7,13,8
2021-04-09T23:59:59+02:00,8,3,3354,3957,5918,8764,6535,12163,8346,17425,13599,18611,20333,20450,28883,37031,10369,18407,568,630,1415,2219,1885,3514,2658,5417,4826,5763,5479,4561,17217,22521,9364,16604,124664,98394,23882,6199,85592,38,7,11,8
2021-04-08T23:59:59+02:00,8,3,3330,3938,5848,8732,6460,12124,8256,17361,13455,18493,17743,17388,28359,36367,10332,18357,526,600,1327,2137,1791,3417,2478,5232,4330,5398,4676,3954,15441,20299,9179,16303,123798,91424,18024,5628,84715,27,6,11,8
2021-04-07T23:59:59+02:00,6,3,3252,3910,5638,8682,6253,12064,8047,17286,13193,18398,15081,14323,27681,35570,10302,18304,503,572,1274,2082,1697,3337,2326,5092,3918,5066,3960,3390,14590,19436,9067,16122,123590,87120,16489,5281,77898,23,5,11,8
2021-04-06T23:59:59+02:00,5,3,3224,3900,5592,8664,6183,12041,7960,17249,13119,18327,13098,11960,27049,34857,10289,18274,472,550,1205,2027,1612,3256,2164,4973,3545,4789,3434,2982,13750,18437,8993,16006,123461,83488,16287,4681,72030,19,5,11,7
2021-04-05T23:59:59+02:00,5,3,3222,3897,5556,8651,6146,12029,7915,17233,13047,18291,13052,11914,27038,34841,10288,18271,440,520,1153,1990,1560,3215,2096,4919,3457,4713,3377,2930,13607,18267,8984,15988,123438,82997,16079,4194,71867,19,4,11,7
2021-04-04T23:59:59+02:00,5,3,3221,3895,5556,8649,6144,12028,7914,17230,13047,18291,13049,11914,27037,34841,10288,18271,439,519,1152,1990,1560,3215,2096,4919,3457,4713,3377,2930,13606,18267,8984,15988,123427,82993,16079,4194,71862,19,4,11,7
2021-04-03T23:59:59+02:00,5,3,3220,3895,5556,8648,6144,12028,7914,17230,13047,18291,13049,11913,27036,34838,10288,18271,439,518,1152,1990,1559,3215,2096,4918,3451,4710,3371,2919,13519,18131,8975,15972,123422,82716,16079,4194,71860,19,4,11,7
2021-04-02T23:59:59+02:00,5,3,3220,3892,5553,8643,6140,12019,7905,17218,13022,18260,13002,11861,27008,34820,10285,18267,436,511,1150,1986,1547,3206,2086,4896,3421,4677,3340,2890,12590,16886,8910,15864,123256,80260,16076,4113,71776,19,4,11,5
2021-04-01T23:59:59+02:00,5,3,3205,3878,5514,8623,6073,11986,7834,17183,12908,18189,12886,11735,26949,34744,10276,18252,389,468,1053,1919,1448,3119,1937,4784,3223,4544,3110,2691,10571,14301,8800,15689,122938,74699,15953,3325,71338,19,3,11,5
2021-03-31T23:59:59+02:00,5,3,3204,3864,5497,8589,6040,11950,7792,17138,12828,18120,12773,11610,26898,34684,10268,18243,351,447,1017,1877,1377,3079,1833,4681,2967,4350,2699,2375,8004,11074,8625,15451,122629,67200,15914,2985,70949,18,3,11,5
2021-03-30T23:59:59+02:00,5,3,3196,3854,5472,8561,6008,11919,7753,17098,12751,18054,12687,11472,26861,34637,10263,18233,330,428,994,1845,1317,3044,1709,4601,2720,4178,2327,2127,7118,9988,8559,15325,122499,63880,15883,2710,70432,17,2,11,5
2021-03-29T23:59:59+02:00,5,3,3184,3850,5443,8542,5973,11886,7709,17065,12677,17976,12043,10715,24997,32143,10115,17977,324,426,987,1830,1296,3019,1674,4561,2574,4092,2041,1978,6468,9278,8515,15247,116511,61585,15713,2707,70066,15,2,11,5
2021-03-28T23:59:59+02:00,5,3,3154,3834,5396,8504,5924,11844,7628,17010,12567,17907,11779,10412,23011,29680,10060,17878,323,424,984,1829,1288,3015,1670,4559,2562,4084,2016,1958,6446,9265,8513,15242,116451,61457,10532,2705,69600,15,2,11,3
2021-03-27T23:59:59+01:00,5,3,3142,3830,5357,8493,5888,11829,7581,16995,12521,17860,11745,10369,23007,29672,10060,17878,323,424,984,1829,1288,3015,1669,4557,2560,4082,2014,1956,6397,9190,8480,15193,116383,61240,10531,2705,69308,15,2,11,3
2021-03-26T23:59:59+01:00,5,3,3006,3505,4908,7335,5392,10509,6969,14948,11712,15586,11526,10188,22524,28946,10015,17807,322,420,980,1826,1283,3011,1666,4555,2555,4075,2006,1950,6267,9003,8337,15008,114837,60565,10277,2693,59757,5,2,11,3
2021-03-25T23:59:59+01:00,5,3,2880,3236,4748,6568,5166,9358,6645,13228,10988,13785,10669,9385,21810,28108,9942,17652,317,411,974,1816,1268,2992,1646,4520,2518,4026,1940,1891,5977,8575,8064,14561,111938,58802,9590,2689,52635,4,2,11,3
2021-03-24T23:59:59+01:00,5,3,2832,3192,4672,6507,5032,9252,6439,13058,10477,13380,9837,8564,20801,26853,9846,17471,315,406,966,1810,1251,2981,1631,4496,2471,3969,1871,1815,5614,8103,7653,13895,107937,56569,9243,2675,51031,4,0,10,3
2021-03-23T23:59:59+01:00,5,3,2803,3159,4604,6441,4921,9158,6228,12897,10021,12958,9127,7897,20292,26250,9794,17366,303,393,948,1801,1236,2961,1603,4474,2416,3920,1791,1750,5337,7725,7265,13280,105564,54527,8911,2674,49440,3,0,9,3
2021-03-22T23:59:59+01:00,5,3,2787,3121,4544,6403,4845,9090,6089,12760,9660,12684,8523,7332,19876,25813,9734,17272,301,389,936,1795,1221,2946,1590,4460,2389,3894,1765,1729,5200,7550,6823,12468,104088,52784,8652,2669,47792,3,0,9,2
2021-03-21T23:59:59+01:00,5,3,2780,3106,4499,6381,4794,9054,5997,12692,9472,12496,8219,7074,19708,25646,9722,17247,301,389,935,1795,1219,2946,1589,4459,2386,3894,1758,1723,5191,7545,6793,12411,103888,52679,8422,2652,46576,3,0,9,2
2021-03-20T23:59:59+01:00,5,3,2780,3101,4491,6376,4788,9051,5993,12684,9452,12482,8186,7043,19534,25369,9706,17221,301,389,935,1794,1218,2946,1588,4458,2382,3886,1746,1710,5178,7496,6617,12175,103331,52188,8410,2628,46515,3,0,9,2
2021-03-19T23:59:59+01:00,5,3,2745,3078,4417,6333,4679,9001,5853,12627,9186,12294,7881,6818,19050,24778,9674,17162,301,389,934,1793,1218,2943,1585,4457,2376,3881,1730,1702,5142,7453,6215,11559,102031,51067,8168,2608,45376,3,0,9,2
2021-03-18T23:59:59+01:00,5,3,2679,3005,4254,6197,4430,8795,5495,12318,8281,11625,6618,5806,17800,23421,9526,16937,298,385,929,1783,1204,2930,1546,4442,2309,3835,1652,1660,5070,7347,5486,10451,97145,48760,7626,2566,42415,2,0,9,1
2021-03-17T23:59:59+01:00,5,3,2641,2966,4174,6099,4293,8687,5240,12043,7605,11057,5632,4911,16455,21890,9361,16683,294,384,925,1774,1200,2922,1529,4420,2242,3809,1586,1615,5025,7283,4914,9573,91743,46983,7123,2511,40870,2,0,9,1
2021-03-16T23:59:59+01:00,5,3,2621,2938,4111,6032,4201,8591,5065,11887,7155,10668,4871,4294,15604,20913,9259,16514,290,382,922,1769,1197,2915,1521,4410,2220,3790,1556,1598,4988,7240,4412,8768,88116,45545,7087,2432,39520,2,0,9,1
2021-03-15T23:59:59+01:00,5,3,2618,2927,4095,6014,4170,8565,5015,11840,7038,10554,4726,4134,15286,20503,9230,16455,288,379,921,1763,1190,2908,1507,4401,2198,3767,1515,1581,4928,7166,3835,7909,87350,43963,6991,2293,38828,1,0,9,1
2021-03-14T23:59:59+01:00,5,2,2613,2918,4074,5995,4140,8546,4972,11807,6945,10465,4622,4023,15156,20334,9214,16419,286,378,921,1761,1184,2901,1502,4390,2187,3760,1505,1574,4920,7158,3830,7896,87046,43902,6973,2251,38223,1,0,8,1
2021-03-13T23:59:59+01:00,5,2,2609,2910,4070,5983,4132,8540,4964,11798,6925,10451,4600,3997,14840,19897,9194,16383,286,378,921,1761,1184,2901,1502,4390,2187,3760,1505,1574,4920,7157,3830,7896,86162,43901,6950,2251,38180,1,0,8,1
2021-03-12T23:59:59+01:00,5,2,2546,2834,3959,5813,4013,8319,4826,11499,6747,10181,4447,3859,13918,18641,9133,16281,286,377,919,1758,1184,2898,1500,4385,2186,3753,1497,1572,4912,7138,3828,7881,83701,43824,6888,2250,36428,1,0,6,1
2021-03-11T23:59:59+01:00,4,2,2421,2608,3734,5483,3757,7881,4501,10734,6119,9367,3927,3358,12323,16654,9035,16134,286,376,915,1755,1181,2884,1491,4373,2174,3725,1455,1543,4871,7103,3816,7854,79390,43675,6726,2127,31921,1,0,5,1
2021-03-10T23:59:59+01:00,4,2,2298,2475,3581,5250,3563,7558,4235,10247,5565,8799,3356,2914,10056,13938,8890,15907,283,372,911,1746,1174,2873,1486,4357,2150,3709,1426,1535,4840,7088,3807,7846,73095,43606,6555,1998,28983,0,0,5,1
2021-03-09T23:59:59+01:00,4,2,2271,2422,3515,5164,3449,7469,4064,10052,5172,8448,2879,2556,8547,11925,8788,15758,282,371,911,1740,1167,2864,1482,4349,2142,3698,1412,1530,4832,7083,3804,7844,68239,43565,6405,1947,27836,0,0,5,1
2021-03-08T23:59:59+01:00,4,2,2247,2352,3457,5098,3375,7384,3940,9940,4880,8258,2432,2295,6628,9527,8669,15584,282,368,910,1730,1161,2848,1476,4338,2138,3691,1401,1523,4815,7061,3797,7835,62560,43454,6070,1921,27437,0,0,5,1
2021-03-07T23:59:59+01:00,4,2,2184,2296,3360,4990,3279,7295,3843,9853,4745,8163,2381,2244,6606,9506,8669,15576,282,367,909,1730,1161,2848,1475,4338,2138,3691,1401,1523,4815,7061,3797,7835,62432,43452,5389,1921,27170,0,0,5,0
2021-03-06T23:59:59+01:00,4,2,2176,2283,3348,4981,3275,7290,3834,9844,4734,8160,2379,2242,6560,9436,8637,15527,282,367,908,1726,1160,2847,1475,4335,2134,3686,1400,1518,4809,7056,3795,7826,62223,43405,5329,1921,27155,0,0,5,0
2021-03-05T23:59:59+01:00,4,2,2046,2199,3124,4792,3037,6979,3557,9448,4406,7823,2292,2181,6353,9119,8446,15266,282,365,906,1723,1160,2846,1474,4329,2131,3680,1394,1516,4803,7049,3794,7820,61247,43353,4491,1921,25331,0,0,5,0
2021-03-04T23:59:59+01:00,4,2,1792,1979,2714,4358,2580,6340,2991,8544,3721,7009,2077,2021,6062,8753,8172,14812,279,364,905,1715,1158,2829,1473,4313,2122,3668,1383,1514,4791,7035,3787,7809,59609,43229,3218,1918,21099,0,0,5,0
2021-03-03T23:59:59+01:00,4,2,1720,1892,2607,4178,2448,6113,2852,8259,3537,6746,1995,1944,5724,8280,7819,14233,278,360,905,1705,1156,2806,1469,4289,2117,3653,1359,1503,4786,7029,3783,7802,57609,43084,3075,1918,19664,0,0,5,0
2021-03-02T23:59:59+01:00,4,2,1683,1811,2539,4060,2367,5963,2747,8078,3422,6595,1923,1877,5416,7843,7420,13565,276,355,902,1686,1153,2785,1466,4270,2116,3642,1334,1497,4776,7013,3777,7795,55525,42927,2833,1918,18952,0,0,5,0
2021-03-01T23:59:59+01:00,2,2,1674,1784,2500,3952,2319,5848,2710,7976,3369,6517,1883,1857,5277,7678,6949,12701,276,353,898,1680,1151,2773,1464,4257,2114,3627,1329,1492,4773,7011,3776,7789,53669,42847,2821,1918,18503,0,0,5,0
2021-02-28T23:59:59+01:00,2,2,1657,1747,2465,3881,2289,5793,2667,7896,3342,6471,1877,1853,5269,7673,6914,12642,276,353,897,1680,1151,2773,1464,4256,2114,3626,1329,1492,4773,7010,3776,7789,53547,42844,2819,1917,18069,0,0,5,0
2021-02-27T23:59:59+01:00,2,2,1655,1741,2461,3873,2285,5793,2666,7895,3340,6468,1871,1843,5260,7629,6744,12423,276,353,887,1675,1141,2766,1454,4247,2098,3617,1328,1489,4773,7009,3776,7789,53085,42840,2819,1840,18042,0,0,5,0
2021-02-26T23:59:59+01:00,2,1,1465,1585,2336,3630,2207,5388,2574,7391,3253,6010,1856,1817,5235,7596,6485,12034,275,351,880,1668,1133,2746,1448,4226,2088,3604,1321,1480,4765,6997,3772,7776,52341,42761,2798,1771,15721,0,0,5,0
2021-02-25T23:59:59+01:00,2,1,1248,1308,2116,3195,2033,4631,2377,6445,3012,5112,1767,1745,5184,7517,5917,11194,273,343,874,1608,1099,2651,1415,4115,2032,3530,1284,1459,4725,6956,3754,7725,50474,42300,2784,1545,11542,0,0,4,0
2021-02-24T23:59:59+01:00,2,1,1195,1098,2009,2926,1928,4292,2245,6039,2842,4843,1692,1690,5126,7426,5162,10017,271,337,836,1561,1049,2560,1354,3999,1942,3402,1244,1432,4710,6930,3744,7708,48146,42043,2773,1038,9610,0,0,4,0
2021-02-23T23:59:59+01:00,2,1,1180,1048,1975,2862,1902,4194,2219,5954,2809,4782,1684,1675,5091,7377,4532,8996,271,336,809,1533,1002,2508,1301,3921,1836,3327,1192,1407,4687,6905,3733,7674,46376,41846,2747,598,9156,0,0,4,0
2021-02-22T23:59:59+01:00,2,1,1172,1007,1924,2719,1858,4048,2164,5758,2755,4676,1672,1664,5057,7329,3929,8112,269,326,766,1494,948,2425,1213,3815,1696,3232,1103,1350,4646,6835,3708,7571,44770,41391,2727,8,8347,0,0,3,0
2021-02-21T23:59:59+01:00,2,1,1170,993,1893,2657,1832,3951,2137,5654,2735,4613,1664,1658,5054,7320,3929,8108,267,324,762,1488,940,2393,1211,3779,1683,3192,1094,1335,4630,6810,3686,7530,44717,41118,2716,8,7935,0,0,3,0
2021-02-20T23:59:59+01:00,2,1,1170,993,1893,2656,1831,3951,2137,5654,2733,4608,1655,1650,5050,7314,3927,8105,267,324,762,1487,939,2389,1210,3775,1682,3190,1094,1335,4577,6749,3640,7471,44703,40886,2691,7,7933,0,0,3,0
2021-02-19T23:59:59+01:00,2,1,1170,990,1890,2651,1830,3942,2136,5645,2730,4605,1636,1642,5037,7297,3924,8099,266,323,758,1478,931,2365,1203,3733,1655,3137,1067,1297,4387,6496,3463,7180,44623,39734,2672,7,7929,0,0,3,0
2021-02-18T23:59:59+01:00,2,1,1138,907,1851,2532,1791,3804,2083,5439,2669,4430,1620,1626,5021,7263,3919,8073,238,294,713,1354,882,2160,1117,3398,1539,2842,958,1110,3904,5724,3071,6331,44468,35630,2639,7,7059,0,0,3,0
2021-02-17T23:59:59+01:00,2,1,1089,778,1770,2299,1714,3505,1974,5079,2594,4181,1597,1617,5000,7249,3911,8069,233,291,703,1336,873,2138,1105,3363,1520,2821,951,1107,3524,5203,2779,5910,44427,33852,2583,7,5416,0,0,3,0
2021-02-16T23:59:59+01:00,2,1,1048,742,1712,2195,1646,3334,1903,4873,2516,4075,1562,1603,4973,7228,3902,8057,227,285,689,1302,852,2084,1074,3246,1481,2736,928,1084,3173,4658,2440,5421,44374,31677,2421,5,4574,0,0,3,0
2021-02-15T23:59:59+01:00,2,1,1041,723,1693,2119,1627,3234,1884,4764,2502,3997,1534,1589,4944,7211,3870,8001,215,275,674,1267,833,2034,1054,3180,1439,2671,897,1053,2755,4109,2114,4860,44245,29428,2338,4,4150,0,0,3,0
2021-02-14T23:59:59+01:00,2,1,945,689,1615,2085,1566,3215,1840,4742,2467,3984,1527,1586,4935,7199,3867,7996,208,263,665,1249,814,1994,1038,3114,1409,2603,867,1008,2666,3969,2042,4677,44203,28585,2302,3,3755,0,0,1,0
2021-02-13T23:59:59+01:00,2,1,892,665,1585,2062,1551,3207,1824,4735,2459,3983,1526,1585,4935,7199,3866,7995,206,262,663,1249,814,1990,1038,3112,1408,2601,866,1008,2564,3844,1978,4577,44197,28179,2302,3,3572,0,0,1,0
2021-02-12T23:59:59+01:00,2,1,558,517,1235,1946,1379,3104,1684,4653,2352,3913,1507,1576,4926,7188,3860,7989,194,256,650,1223,800,1946,1012,3027,1352,2502,804,934,2341,3533,1836,4275,44084,26685,2302,2,2003,0,0,1,0
2021-02-11T23:59:59+01:00,2,1,392,440,1045,1833,1277,2985,1585,4539,2264,3824,1400,1532,4864,7139,3839,7942,156,192,550,979,664,1500,812,2358,1074,1912,567,685,1743,2661,1355,3088,43732,20297,2104,1,1066,0,0,1,0
2021-02-10T23:59:59+01:00,2,1,279,368,919,1728,1177,2862,1490,4354,2151,3701,1363,1519,4845,7128,3834,7940,134,130,379,618,492,1011,642,1747,906,1578,546,670,1337,2100,1040,2593,43656,15925,2000,0,4,0,0,1,0
2021-02-09T23:59:59+01:00,2,1,279,367,918,1722,1174,2853,1490,4348,2150,3696,1356,1516,4843,7126,3833,7938,131,128,370,588,473,984,621,1718,881,1547,544,667,957,1635,763,2189,43631,14198,1977,0,3,0,0,1,0
2021-02-08T23:59:59+01:00,2,1,279,365,917,1720,1171,2843,1483,4343,2148,3692,1351,1512,4841,7126,3832,7935,126,122,359,577,465,967,610,1685,863,1521,536,662,566,1148,460,1764,43603,12433,1954,0,3,0,0,1,0
2021-02-07T23:59:59+01:00,2,1,279,365,915,1720,1170,2843,1481,4341,2148,3692,1351,1512,4841,7125,3832,7935,122,119,355,571,464,960,607,1673,853,1505,528,658,565,1138,455,1749,43599,12324,1953,0,0,0,0,1,0
2021-02-06T23:59:59+01:00,2,1,279,365,915,1720,1170,2843,1481,4341,2148,3692,1351,1512,4841,7125,3832,7935,119,116,353,567,463,959,607,1671,853,1504,527,657,565,1138,455,1749,43599,12305,1953,0,0,0,0,1,0
2021-02-05T23:59:59+01:00,2,1,279,364,914,1720,1170,2842,1479,4340,2147,3692,1351,1512,4840,7123,3832,7932,118,108,350,563,455,946,603,1661,839,1481,522,647,559,1122,445,1727,43586,12148,1953,0,0,0,0,1,0
2021-02-04T23:59:59+01:00,2,1,276,359,907,1682,1163,2796,1478,4288,2134,3649,1343,1505,4812,7092,3821,7902,89,71,233,390,331,687,474,1271,628,1112,392,514,469,914,388,1485,43257,9449,1952,0,0,0,0,1,0
2021-02-03T23:59:59+01:00,2,1,274,350,902,1657,1159,2761,1467,4238,2125,3613,1335,1489,4790,7063,3809,7876,55,33,81,166,152,341,232,597,303,542,211,278,273,576,226,944,42958,5011,1952,0,0,0,0,1,0
2021-02-02T23:59:59+01:00,2,1,273,348,901,1645,1155,2742,1464,4206,2118,3587,1327,1483,4783,7050,3802,7854,16,10,26,49,60,97,73,164,97,122,45,74,67,127,50,193,42788,1271,1952,0,0,0,0,1,0
2021-02-01T23:59:59+01:00,2,1,273,343,901,1643,1154,2741,1463,4202,2117,3581,1326,1482,4781,7049,3802,7854,14,9,22,43,51,88,60,136,74,103,39,65,57,117,49,180,42762,1108,1952,0,0,0,0,1,0
2021-01-31T23:59:59+01:00,2,1,273,342,901,1639,1153,2737,1463,4197,2117,3578,1325,1482,4781,7048,3802,7854,13,8,21,38,44,80,54,125,64,97,34,54,47,108,46,174,42742,1008,1952,0,0,0,0,1,0
2021-01-30T23:59:59+01:00,2,1,273,342,896,1636,1145,2729,1455,4191,2113,3575,1325,1482,4728,6988,3756,7795,13,8,21,37,44,80,53,124,64,97,34,54,47,108,46,174,42513,1005,1918,0,0,0,0,1,0
2021-01-29T23:59:59+01:00,2,1,272,341,881,1628,1133,2708,1443,4161,2091,3548,1316,1476,4565,6785,3592,7591,11,8,21,37,41,80,52,122,61,96,32,49,46,108,46,174,41726,985,1807,0,0,0,0,1,0
2021-01-28T23:59:59+01:00,2,1,268,328,862,1541,1093,2598,1406,4061,2021,3473,1289,1464,4231,6315,3329,7238,7,4,10,17,22,39,21,56,36,63,20,31,31,70,36,117,39957,581,1562,0,0,0,0,1,0
2021-01-27T23:59:59+01:00,2,1,262,325,820,1486,1046,2504,1342,3964,1947,3366,1250,1437,3820,5750,3012,6779,3,4,10,8,12,21,8,22,14,29,11,13,15,39,14,56,38003,280,1109,0,0,0,0,1,0
2021-01-26T23:59:59+01:00,2,1,256,316,786,1440,981,2419,1281,3837,1830,3260,1192,1386,3476,5196,2664,6269,1,1,6,3,5,7,4,2,3,8,6,5,3,7,3,8,35929,73,662,0,0,0,0,1,0
2021-01-25T23:59:59+01:00,2,1,246,307,734,1379,920,2300,1180,3692,1670,3141,1113,1356,3083,4685,2355,5803,1,1,6,2,3,7,2,2,3,8,6,5,3,7,3,8,33907,68,60,0,0,0,0,0,0
2021-01-24T23:59:59+01:00,2,1,243,307,728,1375,909,2284,1175,3676,1643,3111,1107,1354,3057,4649,2338,5781,1,1,4,2,3,7,2,2,3,8,6,5,3,7,3,8,33733,66,7,0,0,0,0,0,0
2021-01-23T23:59:59+01:00,2,1,242,306,727,1375,909,2280,1174,3674,1640,3109,1106,1354,2952,4523,2272,5680,1,1,4,2,2,7,2,2,3,8,6,5,3,7,3,8,33320,65,6,0,0,0,0,0,0
2021-01-22T23:59:59+01:00,2,1,241,303,725,1359,907,2267,1168,3660,1636,3105,1104,1353,2793,4329,2170,5538,1,1,4,2,2,7,2,2,3,8,6,5,3,7,3,8,32655,65,6,0,0,0,0,0,0
2021-01-21T23:59:59+01:00,2,1,237,274,662,1203,839,2055,1087,3375,1539,2899,1061,1311,2450,3863,1881,5103,1,0,4,1,2,7,2,2,3,8,6,4,3,7,3,8,29836,62,6,0,0,0,0,0,0
2021-01-20T23:59:59+01:00,2,1,213,210,502,851,664,1565,887,2674,1302,2431,966,1177,1921,3117,1472,4339,1,0,4,1,2,7,2,2,3,6,5,4,3,7,3,8,24288,59,6,0,0,0,0,0,0
2021-01-19T23:59:59+01:00,2,1,186,191,455,744,610,1409,800,2374,1128,2124,799,920,1278,2192,1015,3275,0,0,3,1,0,0,0,0,2,1,1,0,0,0,0,0,19500,8,3,0,0,0,0,0,0
2021-01-18T23:59:59+01:00,1,1,138,136,378,619,487,1055,646,1829,937,1634,592,711,636,1272,513,1969,0,0,1,0,0,0,0,0,1,0,0,0,0,0,0,0,13552,2,2,0,0,0,0,0,0
2021-01-17T23:59:59+01:00,1,1,127,122,364,582,472,990,617,1712,878,1535,543,671,589,1175,471,1826,0,0,0,0,0,0,0,0,0,0,0,0,0,0,0,0,12676,0,0,0,0,0,0,0,0
2021-01-16T23:59:59+01:00,1,1,120,118,361,578,470,979,611,1699,872,1528,542,670,588,1170,467,1814,0,0,0,0,0,0,0,0,0,0,0,0,0,0,0,0,12589,0,0,0,0,0,0,0,0
2021-01-15T23:59:59+01:00,1,1,118,111,358,573,462,963,607,1688,857,1504,536,658,581,1154,459,1792,0,0,0,0,0,0,0,0,0,0,0,0,0,0,0,0,12423,0,0,0,0,0,0,0,0
2021-01-14T23:59:59+01:00,1,1,97,89,275,464,391,784,504,1417,700,1214,418,529,501,960,403,1607,0,0,0,0,0,0,0,0,0,0,0,0,0,0,0,0,10355,0,0,0,0,0,0,0,0
2021-01-13T23:59:59+01:00,1,1,67,49,163,282,255,519,352,924,478,780,258,324,311,635,258,1030,0,0,0,0,0,0,0,0,0,0,0,0,0,0,0,0,6687,0,0,0,0,0,0,0,0
2021-01-12T23:59:59+01:00,1,1,31,21,49,101,113,212,150,383,200,334,135,175,162,352,146,566,0,0,0,0,0,0,0,0,0,0,0,0,0,0,0,0,3132,0,0,0,0,0,0,0,0
2021-01-11T23:59:59+01:00,1,0,18,11,33,64,60,110,76,168,92,125,39,65,60,122,50,181,0,0,0,0,0,0,0,0,0,0,0,0,0,0,0,0,1275,0,0,0,0,0,0,0,0
2021-01-10T23:59:59+01:00,1,0,15,7,27,53,53,98,66,153,76,111,33,55,50,112,46,172,0,0,0,0,0,0,0,0,0,0,0,0,0,0,0,0,1128,0,0,0,0,0,0,0,0
2021-01-09T23:59:59+01:00,1,0,14,7,26,51,52,97,63,152,76,109,33,55,50,112,46,172,0,0,0,0,0,0,0,0,0,0,0,0,0,0,0,0,1116,0,0,0,0,0,0,0,0
2021-01-08T23:59:59+01:00,1,0,11,7,24,48,47,92,59,139,70,105,31,50,49,112,46,172,0,0,0,0,0,0,0,0,0,0,0,0,0,0,0,0,1063,0,0,0,0,0,0,0,0
2021-01-07T23:59:59+01:00,1,0,7,4,9,18,21,40,22,56,38,65,19,33,36,75,36,116,0,0,0,0,0,0,0,0,0,0,0,0,0,0,0,0,596,0,0,0,0,0,0,0,0
2021-01-06T23:59:59+01:00,1,0,7,4,9,15,14,30,14,39,25,53,15,25,30,67,34,101,0,0,0,0,0,0,0,0,0,0,0,0,0,0,0,0,483,0,0,0,0,0,0,0,0
2021-01-05T23:59:59+01:00,1,0,7,4,9,15,14,30,14,39,25,53,15,25,29,67,34,101,0,0,0,0,0,0,0,0,0,0,0,0,0,0,0,0,482,0,0,0,0,0,0,0,0
2021-01-04T23:59:59+01:00,1,0,2,4,8,5,4,14,3,7,6,16,6,5,6,16,4,13,0,0,0,0,0,0,0,0,0,0,0,0,0,0,0,0,120,0,0,0,0,0,0,0,0
2021-01-03T23:59:59+01:00,1,0,1,1,3,2,2,7,2,3,3,9,4,4,3,8,3,8,0,0,0,0,0,0,0,0,0,0,0,0,0,0,0,0,64,0,0,0,0,0,0,0,0
2021-01-02T23:59:59+01:00,1,0,1,1,3,2,2,7,2,3,3,9,4,4,3,8,3,8,0,0,0,0,0,0,0,0,0,0,0,0,0,0,0,0,64,0,0,0,0,0,0,0,0
2021-01-01T23:59:59+01:00,1,0,1,1,3,2,2,7,2,3,3,9,4,4,3,8,3,8,0,0,0,0,0,0,0,0,0,0,0,0,0,0,0,0,64,0,0,0,0,0,0,0,0
2020-12-31T23:59:59+01:00,1,0,1,1,3,1,2,7,2,2,3,8,4,4,3,8,3,8,0,0,0,0,0,0,0,0,0,0,0,0,0,0,0,0,61,0,0,0,0,0,0,0,0
2020-12-30T23:59:59+01:00,1,0,1,1,3,1,2,7,2,2,3,6,4,4,3,8,3,8,0,0,0,0,0,0,0,0,0,0,0,0,0,0,0,0,59,0,0,0,0,0,0,0,0
2020-12-29T23:59:59+01:00,1,0,1,1,2,1,2,6,2,2,3,6,2,2,2,8,2,7,0,0,0,0,0,0,0,0,0,0,0,0,0,0,0,0,50,0,0,0,0,0,0,0,0
2020-12-28T23:59:59+01:00,1,0,0,0,2,1,0,2,1,0,1,3,0,1,0,1,1,4,0,0,0,0,0,0,0,0,0,0,0,0,0,0,0,0,18,0,0,0,0,0,0,0,0
2020-12-27T23:59:59+01:00,0,0,0,0,0,0,0,1,1,0,1,2,0,1,0,1,1,4,0,0,0,0,0,0,0,0,0,0,0,0,0,0,0,0,12,0,0,0,0,0,0,0,0
