Datum,<15_m,<15_w,15-24_1_m,15-24_1_w,25-34_1_m,25-34_1_w,35-44_1_m,35-44_1_w,45-54_1_m,45-54_1_w,55-64_1_m,55-64_1_w,65-74_1_m,65-74_1_w,75-84_1_m,75-84_1_w,>84_1_m,>84_1_w,<24_2_m,<24_2_w,25-34_2_m,25-34_2_w,35-44_2_m,35-44_2_w,45-54_2_m,45-54_2_w,55-64_2_m,55-64_2_w,65-74_2_m,65-74_2_w,75-84_2_m,75-84_2_w,>84_2_m,>84_2_w,bp_1,bp_2,mo_1,mo_2,az_1,az_2,ja,unb_1,unb_2
2021-10-05T23:59:59+02:00,5408,5180,43538,41772,57359,49898,61445,57948,73177,71540,87600,85645,60565,64691,39640,50914,12568,22559,39325,37582,53429,45579,57911,53672,69222,66946,83671,81636,58442,62263,38292,49076,12044,21546,661096,617888,79284,76029,109626,103742,41410,51,59
2021-10-04T23:59:59+02:00,5382,5169,43471,41712,57296,49832,61402,57910,73125,71500,87573,85622,60549,64675,39637,50908,12566,22551,39261,37536,53367,45530,57880,53628,69187,66900,83645,81613,58420,62245,38283,49068,12043,21544,660614,617474,79280,76008,109626,103738,41329,51,59
2021-10-03T23:59:59+02:00,5372,5153,43443,41675,57243,49797,61366,57876,73096,71474,87549,85598,60539,64667,39625,50900,12562,22538,39231,37505,53337,45511,57856,53600,69167,66880,83625,81595,58409,62232,38277,49066,12042,21538,660285,617254,79278,76007,109626,103738,41253,51,59
2021-10-02T23:59:59+02:00,5372,5153,43442,41674,57240,49796,61366,57876,73096,71474,87549,85598,60539,64667,39625,50900,12562,22538,39231,37505,53337,45511,57856,53600,69167,66880,83625,81595,58409,62232,38277,49066,12042,21538,660281,617254,79276,76007,109626,103738,41253,51,59
2021-10-01T23:59:59+02:00,5359,5132,43367,41606,57173,49732,61304,57841,73044,71435,87511,85567,60524,64657,39620,50892,12562,22538,39175,37450,53289,45483,57816,53562,69132,66853,83601,81572,58402,62231,38274,49064,12042,21537,659799,616959,79275,76006,109626,103737,41133,51,59
2021-09-30T23:59:59+02:00,5288,5052,43190,41416,57014,49564,61184,57695,72949,71328,87438,85519,60501,64619,39600,50871,12558,22530,38946,37184,53130,45293,57678,53395,69032,66734,83527,81500,58385,62195,38258,49038,12036,21534,658487,615323,79263,76006,109626,103734,40909,51,59
2021-09-29T23:59:59+02:00,5255,5015,43053,41266,56876,49432,61088,57594,72865,71240,87381,85470,60477,64596,39583,50853,12554,22520,38759,36964,52989,45144,57586,53269,68938,66627,83461,81416,58343,62169,38246,49022,12033,21525,657476,613973,79237,76002,109626,103733,40748,51,59
2021-09-28T23:59:59+02:00,5213,4971,42845,41108,56731,49295,60984,57488,72780,71150,87318,85403,60447,64572,39568,50832,12547,22499,38564,36777,52847,45010,57487,53157,68855,66543,83385,81346,58315,62138,38230,49002,12031,21518,656280,612740,79228,76001,109625,103731,40587,51,59
2021-09-27T23:59:59+02:00,5183,4949,42755,41029,56640,49213,60900,57409,72718,71096,87269,85361,60425,64542,39546,50810,12539,22467,38477,36719,52769,44959,57414,53103,68818,66500,83342,81312,58292,62116,38220,48987,12029,21509,655629,612351,79222,75970,109625,103725,40344,51,59
2021-09-26T23:59:59+02:00,5170,4923,42711,40996,56609,49179,60881,57386,72694,71076,87255,85339,60415,64533,39542,50805,12538,22466,38455,36703,52736,44930,57392,53086,68796,66477,83323,81298,58286,62108,38215,48983,12029,21509,655382,612181,79217,75965,109625,103725,40263,51,59
2021-09-25T23:59:59+02:00,5170,4922,42707,40994,56609,49178,60881,57385,72693,71074,87255,85339,60415,64533,39542,50805,12538,22466,38451,36700,52735,44930,57392,53084,68795,66475,83323,81298,58285,62107,38215,48983,12029,21509,655376,612170,79215,75965,109625,103725,40259,51,59
2021-09-24T23:59:59+02:00,5151,4911,42622,40913,56545,49113,60815,57329,72632,71014,87217,85300,60403,64524,39537,50801,12537,22464,38394,36649,52685,44886,57342,53042,68749,66420,83290,81274,58274,62101,38212,48980,12028,21507,655029,612011,79212,75962,109625,103725,39930,51,59
2021-09-23T23:59:59+02:00,5080,4809,42351,40640,56319,48902,60643,57129,72478,70876,87083,85206,60348,64478,39517,50763,12530,22433,38156,36471,52495,44721,57193,52902,68618,66310,83190,81189,58237,62062,38199,48954,12021,21490,653420,610856,79199,75951,109624,103723,39309,51,59
2021-09-22T23:59:59+02:00,5041,4754,42197,40454,56142,48724,60496,56973,72367,70737,86990,85121,60311,64426,39495,50725,12527,22418,38019,36325,52334,44587,57063,52777,68541,66210,83102,81107,58204,62026,38182,48933,12018,21480,652102,609825,79185,75947,109623,103721,38955,51,59
2021-09-21T23:59:59+02:00,5005,4698,41997,40207,55919,48498,60332,56824,72275,70617,86901,85040,60268,64381,39476,50685,12518,22403,37858,36179,52183,44447,56943,52680,68473,66130,83025,81042,58175,62002,38157,48910,12012,21467,650519,608789,79184,75947,109623,103720,38685,51,59
2021-09-20T23:59:59+02:00,4980,4677,41891,40126,55789,48405,60229,56741,72197,70552,86843,84984,60243,64361,39463,50665,12512,22385,37776,36108,52068,44373,56859,52620,68411,66079,82974,81000,58152,61984,38147,48883,12009,21462,649815,608343,79175,75895,109623,103707,38397,51,59
2021-09-19T23:59:59+02:00,4975,4673,41847,40098,55715,48359,60181,56700,72156,70538,86816,84970,60236,64352,39462,50657,12512,22383,37744,36085,52023,44357,56825,52609,68375,66063,82952,80983,58144,61978,38144,48879,12009,21460,649559,608210,79173,75893,109620,103706,38245,51,59
2021-09-18T23:59:59+02:00,4973,4671,41835,40092,55697,48345,60162,56690,72144,70525,86806,84966,60231,64349,39461,50657,12512,22382,37740,36082,52007,44352,56812,52599,68366,66055,82942,80979,58139,61975,38142,48877,12009,21460,649504,608194,79172,75893,109620,103706,38167,51,59
2021-09-17T23:59:59+02:00,4918,4621,41688,39972,55580,48199,60020,56566,72008,70408,86737,84893,60195,64327,39452,50651,12509,22376,37633,35996,51911,44235,56721,52507,68258,65979,82882,80921,58108,61958,38135,48869,12007,21456,648673,607724,79172,75893,109620,103706,37618,51,59
2021-09-16T23:59:59+02:00,4821,4520,41402,39700,55325,47912,59786,56296,71818,70227,86608,84761,60144,64272,39429,50628,12499,22360,37357,35780,51711,44003,56541,52304,68113,65836,82772,80826,58055,61922,38117,48845,11998,21445,646750,606257,79168,75888,109604,103691,36949,51,59
2021-09-15T23:59:59+02:00,4756,4457,41160,39444,55080,47629,59571,56079,71660,70084,86489,84655,60101,64217,39400,50599,12491,22337,37148,35595,51537,43794,56400,52161,68007,65735,82677,80723,58009,61890,38093,48820,11995,21431,644958,605049,79166,75885,109604,103691,36442,51,59
2021-09-14T23:59:59+02:00,4728,4430,41038,39320,54950,47537,59482,55964,71563,69992,86412,84596,60082,64189,39382,50585,12486,22330,37075,35522,51445,43738,56327,52091,67932,65673,82618,80686,57992,61864,38078,48800,11989,21423,644190,604636,79166,75885,109604,103690,36067,51,59
2021-09-13T23:59:59+02:00,4700,4416,40936,39215,54859,47442,59418,55863,71491,69937,86369,84556,60051,64158,39376,50574,12482,22325,37001,35452,51358,43677,56268,52026,67867,65639,82578,80659,57969,61837,38069,48789,11988,21417,643482,604191,79165,75834,109603,103675,35879,51,59
2021-09-12T23:59:59+02:00,4691,4402,40905,39188,54838,47419,59393,55834,71464,69906,86355,84536,60043,64150,39374,50571,12480,22321,36964,35422,51340,43658,56243,52008,67847,65610,82557,80640,57958,61824,38064,48778,11988,21415,643273,603987,79156,75829,109602,103673,35800,51,59
2021-09-11T23:59:59+02:00,4682,4400,40890,39162,54809,47392,59374,55817,71440,69894,86344,84528,60042,64147,39373,50570,12480,22319,36947,35411,51318,43639,56230,51995,67824,65599,82544,80636,57956,61823,38062,48778,11988,21414,643177,603942,79156,75828,109602,103673,35689,51,59
2021-09-10T23:59:59+02:00,4637,4361,40709,38987,54652,47257,59257,55665,71313,69792,86255,84446,60014,64119,39362,50558,12476,22312,36821,35322,51209,43548,56140,51904,67731,65532,82472,80581,57937,61802,38053,48764,11981,21408,642265,603526,79155,75828,109602,103673,35109,51,59
2021-09-09T23:59:59+02:00,4563,4275,40465,38768,54455,47033,59080,55445,71165,69626,86150,84353,59988,64074,39339,50529,12467,22306,36610,35146,51034,43397,55987,51739,67588,65411,82364,80502,57898,61756,38036,48743,11976,21400,640772,602388,79154,75826,109602,103673,34511,51,58
2021-09-08T23:59:59+02:00,4464,4181,40237,38508,54256,46851,58905,55276,71052,69508,86057,84274,59951,64034,39331,50497,12461,22299,36324,34876,50799,43182,55787,51554,67453,65282,82250,80397,57865,61700,38013,48704,11965,21386,639344,600639,79149,75818,109602,103673,34004,51,58
2021-09-07T23:59:59+02:00,4391,4120,40033,38336,54126,46732,58803,55170,70975,69420,85995,84207,59927,64006,39320,50480,12458,22296,36196,34767,50695,43101,55705,51490,67384,65214,82185,80340,57832,61668,38001,48681,11958,21378,638333,599981,79141,75805,109598,103672,33679,51,58
2021-09-06T23:59:59+02:00,4350,4072,39927,38235,54047,46659,58735,55095,70929,69364,85950,84168,59907,63990,39317,50475,12456,22292,36081,34651,50599,43031,55621,51406,67325,65143,82130,80278,57805,61637,37988,48668,11957,21376,637649,599217,79141,75767,109597,103660,33537,51,58
2021-09-05T23:59:59+02:00,4337,4055,39892,38205,54025,46628,58699,55068,70901,69340,85926,84145,59904,63987,39314,50470,12455,22288,36055,34630,50571,43009,55588,51386,67306,65126,82112,80262,57797,61632,37985,48662,11955,21373,637426,599068,79140,75763,109596,103660,33433,51,58
2021-09-04T23:59:59+02:00,4337,4053,39883,38203,54022,46620,58698,55066,70899,69336,85922,84138,59904,63985,39314,50470,12455,22288,36044,34627,50568,43002,55584,51385,67304,65122,82109,80258,57796,61630,37985,48662,11955,21373,637407,599053,79140,75762,109596,103658,33406,51,58
2021-09-03T23:59:59+02:00,4298,4023,39769,38087,53921,46549,58616,54983,70829,69276,85857,84107,59886,63969,39308,50465,12452,22285,35965,34557,50483,42956,55522,51331,67245,65079,82063,80226,57781,61616,37977,48656,11949,21372,636825,598736,79140,75757,109596,103658,33075,51,58
2021-09-02T23:59:59+02:00,4258,3981,39592,37929,53777,46388,58476,54855,70702,69158,85779,84042,59838,63932,39285,50438,12450,22275,35838,34474,50370,42872,55422,51242,67145,64998,81990,80164,57734,61584,37960,48633,11943,21365,635813,598178,79140,75756,109596,103653,32562,51,58
2021-09-01T23:59:59+02:00,4197,3911,39398,37757,53613,46244,58357,54740,70611,69070,85718,83966,59794,63900,39269,50425,12448,22264,35505,34128,50140,42612,55225,51049,66985,64831,81858,80056,57685,61527,37928,48606,11938,21359,634685,595965,79129,75746,109595,103652,32229,51,58
2021-08-31T23:59:59+02:00,4146,3864,39261,37606,53482,46131,58253,54634,70524,68996,85640,83910,59764,63871,39252,50396,12446,22261,35385,34024,49998,42513,55113,50965,66891,64764,81777,80002,57645,61492,37914,48586,11932,21356,633750,595387,79127,75745,109593,103425,31924,50,58
2021-08-30T23:59:59+02:00,4095,3820,39149,37482,53376,46047,58166,54555,70462,68917,85579,83863,59747,63846,39240,50385,12444,22255,35312,33951,49921,42451,55036,50894,66831,64702,81723,79944,57617,61464,37899,48564,11931,21345,632909,594795,79124,75710,109593,103413,31759,50,58
2021-08-29T23:59:59+02:00,4084,3811,39131,37463,53358,46030,58151,54536,70454,68907,85563,83846,59745,63844,39237,50381,12443,22254,35283,33926,49891,42432,55024,50868,66808,64675,81700,79929,57607,61448,37894,48558,11928,21344,632790,594597,79121,75693,109593,103413,31691,50,58
2021-08-28T23:59:59+02:00,4084,3811,39130,37463,53357,46028,58150,54536,70453,68905,85563,83846,59745,63844,39237,50381,12443,22254,35283,33925,49891,42432,55021,50868,66807,64674,81700,79929,57607,61448,37894,48558,11928,21344,632785,594594,79121,75693,109593,103413,31688,50,58
2021-08-27T23:59:59+02:00,4048,3769,39008,37363,53257,45922,58067,54442,70363,68827,85502,83787,59719,63820,39225,50371,12443,22252,35181,33865,49791,42370,54946,50796,66717,64611,81646,79891,57582,61428,37883,48547,11927,21343,632145,594189,79121,75693,109588,103411,31288,50,58
2021-08-26T23:59:59+02:00,3965,3706,38811,37181,53085,45754,57930,54290,70234,68711,85375,83695,59671,63772,39201,50351,12436,22242,35006,33691,49637,42204,54785,50636,66589,64482,81501,79778,57535,61367,37854,48521,11922,21335,630950,593030,79118,75682,109582,103406,30717,50,58
2021-08-25T23:59:59+02:00,3871,3639,38641,36984,52930,45564,57815,54151,70134,68610,85281,83602,59635,63731,39183,50332,12434,22235,34621,33277,49364,41887,54548,50372,66395,64278,81321,79605,57445,61286,37832,48482,11910,21323,629708,590279,79117,75680,109582,103406,30322,50,58
2021-08-24T23:59:59+02:00,3850,3623,38553,36911,52850,45494,57759,54098,70080,68565,85236,83562,59603,63704,39174,50315,12431,22225,34473,33151,49243,41799,54460,50287,66292,64184,81229,79527,57397,61242,37824,48466,11905,21314,629269,589356,79113,75676,109580,103401,30028,50,58
2021-08-23T23:59:59+02:00,3823,3587,38457,36816,52770,45428,57704,54032,70021,68513,85182,83523,59585,63678,39164,50302,12429,22217,34333,33013,49118,41722,54359,50202,66198,64089,81141,79464,57361,61193,37804,48447,11904,21303,628736,588478,79111,75642,109578,103388,29763,50,58
2021-08-22T23:59:59+02:00,3815,3587,38429,36803,52755,45409,57687,54019,69995,68494,85165,83509,59575,63668,39162,50293,12424,22215,34285,32974,49091,41685,54323,50175,66155,64064,81106,79438,57346,61179,37801,48438,11899,21299,628633,588192,79109,75631,109577,103387,29642,50,58
2021-08-21T23:59:59+02:00,3813,3584,38410,36797,52746,45398,57672,54013,69981,68482,85159,83500,59568,63666,39161,50293,12424,22215,34273,32970,49081,41676,54309,50170,66143,64053,81100,79431,57342,61178,37801,48438,11899,21299,628593,588179,79108,75629,109576,103387,29562,50,58
2021-08-20T23:59:59+02:00,3793,3552,38340,36726,52662,45328,57596,53948,69908,68428,85097,83453,59551,63646,39158,50289,12424,22209,34173,32864,48966,41608,54217,50097,66048,63986,81030,79378,57322,61154,37795,48433,11898,21295,628227,587661,79106,75626,109576,103384,29156,50,58
2021-08-19T23:59:59+02:00,3765,3518,38168,36582,52500,45186,57472,53842,69776,68307,85000,83377,59521,63602,39143,50272,12420,22197,33822,32610,48678,41365,54000,49902,65840,63800,80854,79243,57266,61081,37749,48395,11893,21284,627328,585753,79104,75529,109567,103370,28606,50,58
2021-08-18T23:59:59+02:00,3715,3468,37978,36425,52373,45064,57375,53737,69666,68212,84924,83314,59482,63559,39127,50252,12418,22189,33440,32198,48375,41107,53743,49623,65622,63588,80669,79081,57183,60994,37713,48353,11889,21272,626325,583175,79101,75400,109564,103363,28245,50,58
2021-08-17T23:59:59+02:00,3653,3420,37815,36266,52253,44938,57293,53641,69571,68126,84852,83251,59447,63526,39114,50229,12413,22180,33049,31756,48048,40791,53452,49329,65374,63346,80469,78873,57072,60883,37671,48304,11877,21261,625364,580063,79101,75386,109559,103342,27921,50,58
2021-08-16T23:59:59+02:00,3597,3365,37667,36119,52156,44840,57218,53567,69501,68056,84796,83205,59425,63495,39099,50212,12407,22172,32489,31195,47656,40378,53060,48944,65069,63079,80247,78678,56995,60767,37639,48249,11868,21239,624434,576033,79097,75351,109559,103322,27764,50,58
2021-08-15T23:59:59+02:00,3588,3356,37633,36094,52123,44822,57191,53534,69486,68039,84785,83194,59413,63491,39096,50203,12407,22170,32411,31098,47583,40314,52997,48883,65025,63037,80204,78650,56977,60747,37631,48236,11867,21235,624245,575471,79097,75321,109558,103311,27682,50,58
2021-08-14T23:59:59+02:00,3584,3352,37625,36087,52118,44818,57185,53528,69482,68036,84777,83190,59406,63486,39096,50201,12407,22170,32403,31091,47573,40310,52989,48876,65022,63034,80197,78648,56972,60742,37631,48234,11867,21235,624215,575442,79094,75320,109558,103311,27638,50,58
2021-08-13T23:59:59+02:00,3567,3339,37555,36044,52058,44768,57117,53477,69413,67996,84712,83154,59384,63474,39085,50187,12404,22164,32262,30978,47444,40211,52868,48776,64920,62954,80107,78598,56949,60721,37618,48224,11865,21230,623909,574637,79094,75319,109558,103311,27294,50,58
2021-08-12T23:59:59+02:00,3527,3311,37426,35922,51969,44678,57046,53392,69319,67922,84637,83088,59356,63450,39073,50175,12404,22161,31733,30490,47059,39859,52476,48423,64594,62722,79886,78386,56857,60633,37574,48181,11860,21213,623189,571148,79094,75289,109556,103204,26974,50,58
2021-08-11T23:59:59+02:00,3485,3271,37268,35775,51857,44571,56923,53272,69224,67832,84554,83007,59316,63412,39052,50159,12400,22157,31089,29873,46552,39469,52047,47987,64291,62445,79673,78182,56761,60527,37538,48108,11847,21196,622287,567110,79088,75265,109554,103116,26563,50,58
2021-08-10T23:59:59+02:00,3437,3226,37109,35625,51743,44450,56817,53167,69158,67762,84488,82950,59292,63375,39034,50145,12393,22152,30202,28893,45815,38768,51379,47381,63906,62082,79426,77939,56656,60422,37493,48039,11839,21184,621342,560899,79086,75264,109551,103113,26301,50,58
2021-08-09T23:59:59+02:00,3401,3197,37015,35519,51666,44381,56757,53125,69127,67720,84458,82918,59275,63360,39022,50126,12392,22150,29491,28149,45146,38183,50808,46799,63533,61725,79149,77689,56535,60325,37449,47984,11832,21170,620756,556785,79085,73816,109550,103087,26175,50,58
2021-08-08T23:59:59+02:00,3392,3183,36989,35502,51641,44355,56739,53114,69109,67702,84438,82903,59272,63355,39017,50119,12391,22149,29366,28008,45002,38088,50712,46713,63477,61668,79101,77649,56500,60307,37439,47973,11832,21167,620580,555862,79084,73808,109549,103055,26114,50,58
2021-08-07T23:59:59+02:00,3392,3183,36987,35496,51631,44354,56737,53114,69105,67699,84437,82901,59271,63355,39017,50119,12391,22149,29357,28000,44988,38085,50711,46708,63474,61663,79098,77646,56497,60306,37438,47973,11832,21166,620572,555828,79083,73806,109549,103054,26091,50,58
2021-08-06T23:59:59+02:00,3381,3168,36919,35440,51550,44290,56670,53072,69063,67665,84405,82874,59259,63335,39006,50113,12388,22147,29119,27767,44779,37901,50527,46562,63336,61546,78998,77578,56472,60281,37423,47963,11829,21163,620291,554367,79080,73799,109549,103052,25782,50,58
2021-08-05T23:59:59+02:00,3348,3129,36767,35306,51436,44157,56549,52956,68947,67551,84280,82800,59216,63281,38983,50092,12379,22137,28418,27149,44191,37420,49971,46107,62977,61248,78706,77358,56363,60185,37383,47911,11821,21147,619491,550049,79079,73789,109549,102872,25152,50,58
2021-08-04T23:59:59+02:00,3289,3066,36566,35134,51284,44009,56410,52840,68822,67421,84165,82687,59148,63223,38965,50063,12374,22127,27274,26031,43230,36542,49011,45204,62384,60642,78209,76917,56153,60003,37323,47820,11808,21127,618396,541703,79068,73748,109549,102819,24537,50,58
2021-08-03T23:59:59+02:00,3216,3008,36350,34934,51126,43866,56284,52714,68688,67306,84077,82615,59105,63178,38944,50032,12365,22112,26196,24918,42298,35646,48114,44322,61842,60111,77759,76512,55984,59817,37262,47733,11788,21096,617026,533382,79060,73699,109545,102793,24246,50,58
2021-08-02T23:59:59+02:00,3172,2954,36207,34783,51015,43755,56191,52613,68602,67214,83991,82540,59066,63130,38929,50013,12357,22100,25295,23922,41448,34904,47384,43579,61358,59640,77373,76169,55820,59668,37211,47654,11771,21075,616049,526408,79059,73644,109544,102650,23937,50,58
2021-08-01T23:59:59+02:00,3167,2948,36190,34761,50988,43737,56171,52588,68572,67201,83977,82527,59060,63125,38927,50009,12357,22100,25036,23672,41201,34702,47152,43382,61217,59503,77257,76073,55784,59639,37196,47641,11767,21071,615905,524541,79056,73603,109543,102584,23858,50,58
2021-07-31T23:59:59+02:00,3166,2947,36185,34760,50988,43736,56169,52587,68571,67200,83977,82526,59060,63125,38927,50009,12357,22099,25029,23657,41193,34694,47147,43376,61208,59501,77255,76070,55784,59636,37196,47641,11767,21070,615892,524474,79056,73602,109543,102583,23855,50,58
2021-07-30T23:59:59+02:00,3149,2934,36124,34697,50918,43685,56106,52526,68515,67160,83939,82487,59048,63111,38923,50002,12354,22096,24709,23345,40920,34478,46888,43180,61019,59370,77105,75955,55753,59597,37182,47629,11767,21070,615602,522537,79052,73599,109540,102472,23537,50,58
2021-07-29T23:59:59+02:00,3126,2906,35983,34574,50787,43557,56012,52426,68444,67097,83868,82435,59022,63093,38911,49993,12354,22095,23755,22356,40038,33730,45987,42399,60471,58926,76744,75651,55633,59459,37142,47574,11760,21059,614724,515482,79033,73473,109540,102304,23343,50,58
2021-07-28T23:59:59+02:00,3077,2851,35739,34337,50562,43385,55809,52274,68297,66954,83754,82336,58970,63046,38889,49956,12344,22087,22538,21118,38714,32625,44673,41223,59669,58266,76238,75191,55438,59270,37073,47470,11746,21034,613339,505683,79027,73303,109539,102146,22719,50,58
2021-07-27T23:59:59+02:00,3051,2832,35631,34215,50479,43304,55726,52224,68235,66886,83694,82264,58930,63003,38877,49941,12343,22078,21299,19729,37286,31291,43307,39923,59043,57671,75817,74779,55275,59093,37015,47415,11735,21011,612610,495271,79011,73125,109539,102035,22510,50,58
2021-07-26T23:59:59+02:00,3032,2813,35569,34119,50420,43250,55682,52175,68191,66850,83658,82236,58917,62987,38865,49929,12342,22076,20280,18631,36039,30177,42039,38773,58546,57268,75531,74525,55178,58993,36994,47380,11729,20997,612083,487034,79004,72798,109539,101871,22442,50,58
2021-07-25T23:59:59+02:00,3021,2808,35522,34077,50376,43204,55655,52153,68168,66825,83629,82213,58901,62980,38862,49926,12339,22070,19879,18266,35624,29847,41631,38466,58351,57113,75372,74416,55131,58955,36972,47360,11726,20993,611791,484304,78998,72524,109539,101841,22358,50,58
2021-07-24T23:59:59+02:00,3021,2808,35517,34074,50374,43201,55653,52152,68166,66825,83627,82212,58901,62980,38861,49926,12339,22070,19872,18254,35613,29837,41625,38465,58347,57110,75368,74414,55131,58955,36971,47360,11726,20993,611784,484259,78996,72523,109539,101839,22345,50,58
2021-07-23T23:59:59+02:00,2997,2782,35366,33957,50225,43100,55534,52045,68069,66730,83535,82161,58870,62952,38851,49921,12334,22067,19634,18030,35351,29660,41353,38283,58181,56981,75231,74336,55092,58931,36959,47350,11720,20987,611156,483133,78996,72230,109539,101837,21762,50,58
2021-07-22T23:59:59+02:00,2946,2698,34929,33586,49917,42865,55269,51816,67839,66546,83359,82010,58783,62858,38815,49874,12323,22049,18843,17370,34257,28925,40232,37451,57441,56512,74679,73962,54912,58752,36894,47266,11699,20961,609004,477620,78983,70792,109535,101618,20917,50,57
2021-07-21T23:59:59+02:00,2891,2640,34619,33257,49675,42651,55080,51629,67649,66362,83232,81884,58718,62805,38783,49834,12312,22039,18018,16548,32943,27934,38970,36493,56746,55949,74231,73601,54766,58577,36828,47182,11687,20928,607174,471727,78932,68601,109534,101406,20377,50,57
2021-07-20T23:59:59+02:00,2816,2578,34262,32866,49390,42417,54905,51433,67466,66204,83091,81762,58653,62750,38754,49788,12311,22024,16868,15434,31230,26539,37240,35037,55953,55298,73685,73155,54600,58388,36778,47097,11669,20889,605063,462569,78897,66865,109532,101066,19935,50,57
2021-07-19T23:59:59+02:00,2732,2506,33699,32302,49077,42107,54632,51167,67269,65990,82921,81593,58586,62668,38709,49736,12304,22009,16213,14864,30289,25859,36375,34322,55513,54875,73357,72916,54513,58302,36741,47046,11663,20867,601853,458875,78836,64697,109531,100893,19744,50,57
2021-07-18T23:59:59+02:00,2704,2488,33601,32186,48986,42052,54576,51107,67207,65940,82877,81551,58558,62643,38698,49722,12302,22002,15895,14600,29721,25483,35881,33970,55258,54714,73211,72815,54471,58262,36733,47032,11662,20863,601245,457431,78820,63171,109530,100865,19562,50,56
2021-07-17T23:59:59+02:00,2704,2488,33600,32184,48981,42051,54575,51105,67207,65939,82877,81550,58558,62642,38698,49722,12302,22002,15890,14593,29709,25468,35876,33965,55253,54713,73211,72815,54471,58262,36733,47032,11662,20863,601235,457384,78818,63167,109528,100862,19561,50,56
2021-07-16T23:59:59+02:00,2646,2423,32993,31659,48485,41704,54181,50773,66825,65615,82563,81317,58439,62530,38648,49673,12298,21995,15474,14272,29216,25095,35429,33635,54914,54461,72951,72623,54359,58174,36698,46994,11659,20859,599017,455994,78814,63038,109527,100854,17366,50,56
2021-07-15T23:59:59+02:00,2513,2291,32132,30878,47864,41133,53606,50288,66397,65267,82309,81076,58350,62433,38614,49630,12290,21976,14636,13601,27891,24270,34128,32824,54235,54061,72537,72397,54265,58077,36668,46960,11652,20843,593997,451809,78802,60671,109526,100271,16678,50,56
2021-07-14T23:59:59+02:00,2407,2205,31586,30351,47373,40691,53184,49889,66069,64985,82070,80827,58245,62337,38581,49580,12280,21963,13395,12467,25895,22815,32228,31305,53486,53467,72027,72059,54127,57951,36626,46899,11642,20827,590127,442681,78784,58757,109525,99934,16143,50,55
2021-07-13T23:59:59+02:00,2350,2135,31320,30081,47101,40466,52932,49660,65865,64797,81903,80680,58178,62260,38556,49543,12270,21951,12407,11623,24164,21503,30283,29718,52290,52298,71208,71267,53878,57674,36539,46784,11624,20800,587976,435956,78768,55837,109516,96776,15744,50,55
2021-07-12T23:59:59+02:00,2123,1928,30461,29152,46446,39931,52360,49094,65475,64410,81626,80408,58042,62133,38514,49485,12261,21930,11657,10999,22768,20522,28544,28339,51332,51440,70468,70647,53620,57395,36472,46666,11611,20769,581748,427848,78749,53274,109516,96620,15722,50,55
2021-07-11T23:59:59+02:00,2078,1891,30341,29044,46382,39860,52309,49030,65418,64354,81565,80365,58021,62113,38508,49467,12256,21925,11495,10851,22495,20335,28180,28066,51127,51294,70295,70503,53567,57315,36450,46649,11601,20762,580929,425778,78743,53232,109514,96485,15697,50,52
2021-07-10T23:59:59+02:00,2078,1889,30338,29036,46380,39854,52307,49028,65415,64353,81564,80362,58021,62111,38507,49467,12256,21925,11483,10832,22482,20320,28164,28053,51120,51289,70292,70500,53567,57315,36449,46649,11601,20762,580900,425690,78742,53230,109514,96474,15691,50,52
2021-07-09T23:59:59+02:00,2034,1851,30106,28804,46164,39674,52121,48857,65254,64241,81460,80281,57991,62081,38491,49452,12252,21923,11100,10560,21838,19882,27494,27501,50411,50719,69709,70088,53465,57227,36426,46615,11596,20751,579704,424607,78736,52915,109509,93016,15044,50,52
2021-07-08T23:59:59+02:00,1897,1724,29443,28273,45556,39171,51567,48389,64851,63931,81160,80048,57899,61990,38459,49400,12247,21909,9918,9461,19894,18256,25029,25519,49378,49918,69082,69550,53240,57013,36350,46529,11581,20725,575449,414088,78714,50490,109493,92785,14214,50,52
2021-07-07T23:59:59+02:00,1684,1527,28330,27071,44505,38207,50468,47395,64192,63292,80619,79565,57695,61760,38393,49315,12234,21868,9385,8984,18807,17415,23631,24318,48553,49272,68534,69060,53040,56771,36274,46431,11565,20685,566180,407746,78698,48874,109491,92497,13707,50,52
2021-07-06T23:59:59+02:00,1483,1370,27250,26033,43484,37285,49534,46465,63593,62732,80183,79156,57513,61577,38336,49220,12210,21841,8669,8241,17479,16410,22018,23037,47946,48818,68159,68794,52922,56657,36225,46394,11558,20670,557929,400280,78687,48450,109488,92203,13117,50,52
2021-07-05T23:59:59+02:00,1327,1246,26105,24778,42404,36293,48482,45395,62925,62156,79746,78754,57340,61388,38283,49144,12201,21818,8416,8016,16978,16089,21457,22650,47638,48591,67964,68647,52870,56583,36199,46375,11555,20665,548617,397692,78679,48134,109488,91944,12956,50,50
2021-07-04T23:59:59+02:00,1262,1182,25783,24453,42096,36034,48228,45212,62778,62020,79633,78656,57304,61348,38272,49125,12199,21815,8160,7859,16706,15891,21175,22452,47513,48491,67885,68572,52846,56559,36184,46370,11553,20664,546301,396658,78651,47471,109487,91860,12916,50,50
2021-07-03T23:59:59+02:00,1262,1181,25775,24439,42083,36027,48226,45212,62774,62019,79632,78655,57303,61348,38272,49125,12199,21815,8154,7851,16695,15880,21168,22445,47506,48490,67880,68571,52845,56559,36184,46370,11553,20664,546269,396624,78650,47470,109487,91850,12896,50,50
2021-07-02T23:59:59+02:00,1194,1124,25461,24092,41762,35749,47968,44957,62630,61871,79558,78584,57286,61325,38266,49113,12195,21810,7976,7703,16326,15613,20724,22138,46540,47711,67383,68221,52761,56467,36169,46352,11552,20661,543889,394140,78649,47467,109482,89831,12880,50,50
2021-07-01T23:59:59+02:00,1139,1074,25086,23727,41379,35401,47572,44608,62379,61632,79368,78413,57223,61262,38235,49072,12188,21800,7585,7367,15510,14830,19552,21101,45003,46225,66167,67142,52451,56164,36072,46232,11528,20634,540742,388306,78547,46639,109473,85878,12751,50,50
2021-06-30T23:59:59+02:00,1066,1009,24664,23281,40951,35029,47162,44230,62151,61420,79194,78265,57145,61184,38208,49022,12180,21779,7213,7009,14563,14030,18120,19893,41787,43497,64470,65696,51982,55666,35923,46038,11501,20584,537294,376285,78514,45942,109469,83125,12618,50,49
2021-06-29T23:59:59+02:00,976,900,24164,22747,40430,34609,46729,43816,61891,61142,78982,78088,57066,61119,38180,48978,12174,21760,6937,6700,13898,13531,16957,18967,37456,39812,63115,64440,51494,55167,35790,45859,11470,20541,533224,360966,78505,45728,109469,82919,12508,50,49
2021-06-28T23:59:59+02:00,947,867,23826,22357,39971,34217,46309,43449,61652,60886,78790,77934,56992,61050,38151,48948,12171,21745,6626,6385,13244,13029,15939,18128,33808,36764,61989,63406,51139,54771,35695,45709,11445,20503,531460,352290,76819,41033,109467,82763,12471,50,49
2021-06-27T23:59:59+02:00,933,854,23734,22264,39895,34155,46249,43389,61620,60849,78754,77903,56977,61038,38145,48941,12170,21740,6534,6313,13007,12886,15515,17890,32973,36117,61730,63206,51048,54701,35677,45687,11443,20499,530845,349384,76813,40766,109461,82605,12446,50,49
2021-06-26T23:59:59+02:00,933,854,23728,22258,39885,34152,46247,43387,61618,60848,78754,77903,56977,61038,38145,48940,12170,21740,6531,6306,13000,12872,15507,17883,32969,36116,61723,63204,51046,54695,35677,45687,11443,20498,530814,349317,76812,40765,109460,82604,12446,50,49
2021-06-25T23:59:59+02:00,910,827,23615,22142,39801,34063,46165,43314,61573,60800,78706,77882,56966,61026,38142,48937,12169,21738,6434,6191,12892,12742,15368,17721,32252,35455,61332,62878,50968,54611,35669,45666,11440,20497,530018,346304,76811,40753,109457,82587,12445,50,49
2021-06-24T23:59:59+02:00,843,769,23229,21723,39447,33751,45815,43012,61367,60605,78546,77744,56912,60971,38119,48907,12164,21728,6097,5894,12330,12280,14660,17033,28949,32740,59044,61022,50382,54014,35533,45458,11422,20449,527061,332486,76762,40488,109455,81973,12329,50,49
2021-06-23T23:59:59+02:00,739,675,22585,21063,38874,33161,45160,42303,61000,60211,78297,77492,56809,60835,38072,48854,12154,21708,5942,5699,11962,11928,14150,16503,25588,29979,57398,59492,49859,53475,35412,45284,11401,20406,521472,323041,76706,37551,109452,81535,12317,50,49
2021-06-22T23:59:59+02:00,678,611,22157,20621,38467,32739,44725,41838,60725,59925,78093,77253,56711,60724,38036,48781,12141,21686,5753,5564,11636,11663,13722,16130,21247,26446,55319,57789,49259,52872,35235,45068,11380,20362,517662,308672,76578,37499,109446,81057,12180,50,49
2021-06-21T23:59:59+02:00,641,570,21903,20384,38211,32507,44480,41562,60535,59715,77961,77112,56657,60640,38011,48740,12132,21670,5621,5453,11326,11463,13381,15865,19696,25211,54400,57020,47035,50409,34636,44345,11357,20303,515607,303338,76377,37431,109429,74744,11969,49,49
2021-06-20T23:59:59+02:00,612,551,21612,20090,37913,32229,44196,41307,60384,59548,77823,76966,56608,60596,37991,48723,12129,21663,5563,5409,11193,11375,13226,15737,19298,24885,54132,56836,45375,48424,34070,43710,11337,20282,513217,302706,76295,36676,109418,69470,11963,48,47
2021-06-19T23:59:59+02:00,610,551,21607,20077,37897,32224,44193,41302,60378,59544,77821,76963,56605,60595,37991,48722,12129,21663,5557,5400,11188,11371,13216,15731,19290,24877,54118,56824,45366,48414,34069,43710,11337,20282,513153,302620,76290,36673,109418,69457,11963,48,47
2021-06-18T23:59:59+02:00,596,537,21511,19964,37830,32168,44118,41216,60323,59498,77776,76921,56582,60573,37986,48709,12128,21662,5464,5237,10891,10834,12841,15150,18749,23858,53261,55513,45164,48250,34041,43661,11331,20270,512393,301048,76283,36672,109412,64796,11962,48,47
2021-06-17T23:59:59+02:00,511,445,20791,19252,37073,31538,43323,40464,59915,59130,77478,76667,56465,60444,37937,48641,12115,21637,5274,5025,10509,10283,12317,14377,17815,22496,51684,53570,44012,46899,33723,43264,11284,20186,506407,293723,76190,36543,109401,60635,11780,48,47
2021-06-16T23:59:59+02:00,405,367,19995,18303,36083,30607,42317,39491,59372,58647,77080,76348,56319,60287,37878,48554,12105,21614,5086,4868,9997,9958,11582,13879,16268,21192,47802,50022,42256,44889,33256,42692,11221,20059,499027,277540,75653,36343,109385,59449,11659,48,46
2021-06-15T23:59:59+02:00,295,264,19185,17453,35157,29748,41385,38601,58936,58206,76744,76019,56175,60117,37819,48484,12090,21580,4886,4744,9475,9693,10874,13406,14755,20002,43529,45930,40704,43044,32775,42069,11154,19931,491800,260351,75535,36307,109375,58777,11500,48,45
2021-06-14T23:59:59+02:00,191,173,18073,16224,33911,28473,39922,37190,58345,57640,76350,75677,56047,59972,37776,48413,12081,21565,4763,4651,9129,9484,10393,13087,13584,18998,40885,43377,39632,41894,32482,41669,11122,19846,482053,249181,75100,36280,109371,58047,11452,47,45
2021-06-13T23:59:59+02:00,150,134,17566,15820,33435,28071,39429,36808,58132,57459,76201,75575,56020,59932,37754,48391,12078,21556,4677,4602,8981,9411,10229,13018,12978,18544,40416,42984,39395,41671,32422,41585,11116,19832,478977,248217,74798,34853,109364,57430,11325,47,45
2021-06-12T23:59:59+02:00,150,134,17559,15800,33420,28062,39422,36804,58125,57455,76197,75573,56019,59930,37753,48391,12078,21556,4670,4596,8970,9406,10217,13011,12966,18531,40232,42837,39372,41656,32418,41583,11116,19831,478899,247782,74794,34853,109364,57417,11324,47,45
2021-06-11T23:59:59+02:00,148,134,17475,15740,33272,27989,39250,36747,58005,57419,76126,75548,56006,59925,37751,48388,12078,21555,4588,4403,8812,8846,10026,12292,12732,17460,39743,41536,39217,41525,32400,41547,11114,19830,478555,247292,74380,34852,109259,52576,11315,47,45
2021-06-10T23:59:59+02:00,133,114,16634,15025,31857,27076,38005,35833,57322,56961,75716,75276,55916,59833,37712,48343,12067,21537,4337,4210,8252,8344,9344,11531,11996,16393,36888,38496,38414,40719,32234,41366,11098,19800,474666,240219,71408,34720,108983,48191,10256,47,45
2021-06-09T23:59:59+02:00,111,89,15862,14320,30579,26176,36790,34947,56743,56573,75372,75048,55831,59726,37685,48298,12054,21517,4153,4059,7891,8156,8876,11311,11375,16013,31802,33630,36916,39183,31989,41097,11077,19750,470004,226291,68981,34595,108937,46605,9754,45,42
2021-06-08T23:59:59+02:00,84,71,14947,13463,29199,25088,35425,33938,56128,56166,75071,74828,55755,59646,37662,48266,12050,21507,4071,3997,7733,8034,8724,11196,11081,15806,28974,30817,35957,38244,31829,40901,11053,19717,465419,218801,65550,34535,108889,45374,9391,45,42
2021-06-07T23:59:59+02:00,76,58,14310,12890,27833,24275,34265,33156,55651,55908,74826,74715,55718,59606,37646,48255,12050,21503,3978,3924,7538,7906,8424,11064,10713,15560,24636,26436,34491,36707,31607,40634,11025,19688,462288,207008,62513,34469,108857,43783,9038,45,42
2021-06-06T23:59:59+02:00,75,55,13989,12695,27046,23856,33612,32737,55341,55743,74668,74646,55697,59582,37632,48246,12048,21502,3911,3887,7385,7864,8266,10979,10390,15358,21809,23560,33488,35626,31467,40479,11018,19673,461141,204216,60457,29222,108829,42992,8698,45,41
2021-06-05T23:59:59+02:00,75,53,13959,12665,27003,23816,33583,32718,55336,55733,74662,74640,55692,59577,37627,48244,12048,21502,3889,3872,7350,7842,8219,10961,10327,15316,20381,22006,32692,34745,31397,40398,11014,19666,461017,199239,60352,29219,108822,42888,8697,45,41
2021-06-04T23:59:59+02:00,69,49,13730,12402,26689,23499,33246,32408,55275,55653,74623,74620,55683,59572,37626,48242,12048,21501,3860,3844,7271,7763,8164,10883,10248,15193,20274,21889,32618,34690,31365,40361,11011,19663,459114,199158,60289,29206,108790,42004,8697,45,41
2021-06-03T23:59:59+02:00,51,44,13162,11918,25654,22815,32110,31658,54779,55320,74307,74427,55610,59491,37591,48210,12041,21484,3732,3754,6996,7593,7882,10710,9920,14957,18386,20026,30638,32377,31092,40029,10988,19614,454782,190552,58785,29186,108774,40641,8286,45,38
2021-06-02T23:59:59+02:00,37,32,12472,11175,24657,21913,30973,30706,54514,55055,74116,74287,55557,59409,37574,48188,12033,21477,3698,3734,6936,7537,7826,10661,9837,14866,17865,19477,28709,30199,30993,39886,10981,19603,448476,185014,58607,29185,108772,40304,8276,44,38
2021-06-01T23:59:59+02:00,23,18,11344,10294,22530,20481,28437,28812,53101,53994,73109,73504,55251,59082,37451,48014,11997,21415,3469,3560,6437,7227,7224,10238,8978,14264,15916,17663,24922,25943,30306,39002,10905,19449,438963,171002,54146,29050,108734,38453,6970,44,36
2021-05-31T23:59:59+02:00,18,14,10481,9629,20692,19309,26389,27299,51992,53143,72402,72953,55034,58819,37377,47908,11983,21379,3327,3406,6102,6981,6825,9941,8438,13908,14849,16685,23727,24567,29917,38514,10845,19355,432154,165253,49769,29012,108714,36955,6140,44,35
2021-05-30T23:59:59+02:00,16,11,10133,9285,19969,18815,25683,26720,51652,52861,72165,72756,54957,58741,37352,47880,11975,21370,3146,3216,5754,6714,6536,9700,8220,13702,14591,16414,23435,24248,29807,38408,10831,19327,429566,164423,49360,28955,108682,35955,4689,44,35
2021-05-29T23:59:59+02:00,16,11,10117,9273,19951,18785,25663,26694,51641,52856,72161,72746,54955,58736,37351,47880,11974,21370,3144,3208,5750,6709,6530,9698,8212,13694,14581,16408,23424,24240,29803,38402,10830,19326,429405,164350,49360,28953,108682,35940,4689,44,35
2021-05-28T23:59:59+02:00,16,11,10051,9179,19811,18616,25400,26463,51481,52680,72014,72615,54916,58686,37337,47860,11971,21357,3097,3130,5657,6570,6427,9497,8097,13419,14389,16132,23272,24084,29749,38339,10823,19317,427748,163960,49323,28952,108662,34373,4688,43,34
2021-05-27T23:59:59+02:00,16,11,8794,7991,17408,16812,22623,24313,50389,51867,71348,72124,54718,58461,37242,47765,11957,21327,2799,2796,4812,5945,5534,8717,7305,12429,13261,14940,22280,23047,29363,37883,10768,19231,415849,160137,48367,28689,108520,29871,2387,43,34
2021-05-26T23:59:59+02:00,15,11,8393,7578,16532,16006,21434,23305,49784,51320,70927,71736,54567,58296,37174,47687,11946,21297,2615,2624,4443,5608,5056,8211,6827,11781,12290,13960,21379,22013,29051,37440,10721,19146,410253,156277,47634,28602,108438,26620,1641,42,33
2021-05-25T23:59:59+02:00,15,11,7822,6977,15286,15124,19983,22132,49303,50917,70679,71551,54489,58210,37149,47659,11942,21287,2539,2524,4252,5480,4810,7983,6546,11472,11732,13426,19218,19836,28678,36901,10686,19097,403469,150577,47392,28589,108390,24746,1243,42,33
2021-05-24T23:59:59+02:00,15,11,7734,6877,15062,14996,19698,21953,49202,50798,70635,71512,54485,58204,37146,47656,11940,21284,2497,2462,4167,5313,4717,7740,6421,11189,11594,13184,19103,19722,28627,36855,10679,19086,402334,150428,47313,28546,108291,23131,1228,42,31
2021-05-23T23:59:59+02:00,14,11,7718,6864,15024,14979,19644,21925,49191,50796,70630,71506,54483,58200,37146,47654,11940,21284,2494,2457,4161,5309,4706,7736,6415,11176,11571,13161,18962,19524,28596,36816,10677,19084,402145,149938,47313,28544,108290,23122,1219,42,30
2021-05-22T23:59:59+02:00,14,11,7715,6856,15015,14967,19633,21917,49191,50794,70627,71506,54483,58199,37146,47654,11940,21284,2492,2450,4154,5303,4704,7736,6411,11173,11563,13158,18949,19518,28595,36816,10677,19084,402090,149901,47313,28544,108290,23098,1217,42,30
2021-05-21T23:59:59+02:00,14,10,7640,6756,14889,14832,19428,21759,48952,50560,70485,71398,54456,58172,37138,47647,11934,21278,2422,2366,4065,5165,4601,7525,6288,10876,11391,12869,18883,19451,28579,36786,10674,19082,400518,149648,47310,28543,108265,21595,1214,41,30
2021-05-20T23:59:59+02:00,14,10,7364,6460,14304,14310,18492,20880,46272,48204,69327,70421,54097,57804,37029,47504,11902,21247,2159,2199,3705,4802,4158,6978,5734,10044,10302,11769,17603,18154,28072,36186,10598,18934,389509,144385,47143,28249,107957,17745,995,37,30
2021-05-19T23:59:59+02:00,13,9,7124,6239,13636,13824,17224,19879,42284,44725,67838,69112,53642,57277,36865,47273,11865,21196,2083,1995,3539,4464,3909,6455,5289,9361,9306,10652,16121,16504,27375,35266,10470,18724,374726,137203,46570,28105,107717,15217,975,37,20
2021-05-18T23:59:59+02:00,13,7,6928,6062,13087,13390,16127,19019,37561,40709,66384,67787,53086,56739,36714,47048,11823,21140,2037,1871,3400,4273,3724,6137,4955,8876,8439,9779,14538,14765,26665,34409,10379,18549,358613,130557,46506,27540,107558,13776,910,37,20
2021-05-17T23:59:59+02:00,13,7,6794,5969,12763,13140,15627,18629,35382,38843,65548,67002,52811,56424,36631,46939,11808,21103,1966,1808,3213,4090,3504,5907,4633,8504,7660,9079,11274,10735,25755,33257,10298,18378,354887,125332,42230,21438,107474,12473,805,37,20
2021-05-16T23:59:59+02:00,13,7,6730,5883,12638,12986,15455,18462,34890,38372,65362,66832,52755,56361,36618,46912,11803,21098,1907,1711,3109,3967,3424,5805,4525,8357,7477,8890,9079,8134,25270,32572,10264,18321,353407,124187,41721,16077,107438,11960,575,36,20
2021-05-15T23:59:59+02:00,13,7,6725,5874,12631,12980,15450,18456,34881,38369,65360,66830,52755,56360,36618,46912,11803,21098,1906,1711,3107,3962,3419,5802,4520,8354,7475,8887,9077,8132,25269,32572,10264,18321,353360,124157,41721,16077,107433,11959,572,36,20
2021-05-14T23:59:59+02:00,13,7,6526,5778,12390,12917,15218,18364,33908,37578,64824,66421,52659,56273,36601,46878,11801,21093,1789,1623,2995,3891,3362,5694,4470,8208,7427,8758,9070,8126,25268,32572,10264,18320,349991,124098,41690,16073,106971,11092,562,35,19
2021-05-13T23:59:59+02:00,13,7,6280,5593,11986,12662,14649,17916,30378,34789,62343,64342,52027,55600,36464,46658,11789,21045,1747,1583,2939,3815,3330,5603,4427,8105,7345,8639,9030,8066,25249,32530,10259,18316,335998,123846,41465,16049,106543,10575,500,35,19
2021-05-12T23:59:59+02:00,13,7,6263,5568,11913,12599,14538,17806,29743,34212,61834,63889,51853,55427,36427,46613,11782,21032,1747,1580,2937,3814,3326,5603,4424,8104,7343,8633,9023,8063,25249,32528,10259,18315,332997,123823,41451,16038,106538,10574,500,33,19
2021-05-11T23:59:59+02:00,12,7,5945,5435,11470,12317,13991,17424,25485,30725,59452,61880,51192,54750,36238,46369,11758,20969,1706,1465,2834,3552,3205,5228,4284,7662,7189,8312,8938,7980,25220,32488,10255,18304,318060,123581,41398,15848,105554,8803,377,30,19
2021-05-10T23:59:59+02:00,12,7,5819,5361,11310,12200,13770,17252,22011,27964,58201,60764,50830,54396,36146,46245,11743,20938,1667,1367,2749,3324,3103,4896,4173,7172,7067,7872,8898,7920,25208,32467,10253,18300,308130,123434,41238,15699,105261,6981,310,30,18
2021-05-09T23:59:59+02:00,12,7,5742,5329,11221,12134,13668,17171,20409,26782,57737,60379,50727,54296,36121,46204,11736,20933,1650,1345,2693,3201,3052,4755,4128,7052,7017,7778,8887,7908,25201,32461,10252,18300,307559,123392,37667,15653,105056,6326,297,29,18
2021-05-08T23:59:59+02:00,12,7,5739,5327,11210,12129,13658,17162,20401,26776,57728,60373,50724,54288,36117,46201,11734,20930,1649,1345,2692,3198,3052,4755,4125,7049,7016,7777,8885,7908,25200,32459,10252,18300,307469,123375,37666,15653,105055,6325,297,29,18
2021-05-07T23:59:59+02:00,12,7,5699,5291,11144,12081,13551,17082,19948,26419,56729,59563,50595,54158,36087,46170,11731,20916,1548,1302,2612,3153,3010,4726,4091,7026,6994,7745,8877,7899,25198,32458,10252,18299,304305,123340,37649,15644,104909,5902,292,28,18
2021-05-06T23:59:59+02:00,12,7,5450,5179,10628,11773,12844,16628,18648,25432,52462,55907,49397,52777,35757,45769,11679,20815,1328,1169,2374,2981,2840,4560,3940,6827,6842,7594,8803,7819,25178,32423,10249,18292,289165,123070,37459,15505,104352,4468,164,24,18
2021-05-05T23:59:59+02:00,12,7,5193,5081,10135,11536,12089,16175,17318,24449,48098,51768,47730,50858,35318,45197,11604,20692,1282,1076,2311,2853,2754,4381,3846,6587,6735,7396,8688,7723,25116,32348,10243,18276,271989,122586,37233,15460,103966,3509,48,24,18
2021-05-04T23:59:59+02:00,12,7,5110,4996,9821,11320,11637,15786,16338,23582,46223,49740,46662,49552,34943,44710,11535,20583,1271,1057,2283,2812,2713,4296,3793,6479,6663,7318,8645,7684,25095,32331,10242,18271,261611,122367,37209,15397,103688,3152,25,24,18
2021-05-03T23:59:59+02:00,12,7,5009,4908,9467,11148,11173,15521,15280,22721,44648,48123,45781,48600,34721,44364,11507,20491,1256,1032,2248,2780,2671,4232,3745,6425,6588,7264,8074,6993,23348,29996,10104,18033,252587,116535,37199,15315,103655,2911,16,24,18
2021-05-02T23:59:59+02:00,12,7,4946,4890,9352,11110,11025,15460,14668,22230,44129,47713,45641,48434,34671,44302,11500,20480,1252,1026,2230,2777,2658,4224,3716,6411,6568,7250,7884,6750,21370,27582,10057,17945,251375,116513,35560,10296,103600,2867,11,24,18
2021-05-01T23:59:59+02:00,12,7,4946,4888,9348,11105,11022,15458,14664,22226,44127,47709,45640,48434,34671,44302,11500,20480,1251,1026,2230,2777,2658,4224,3715,6411,6567,7250,7884,6749,21370,27582,10057,17945,251345,116510,35560,10296,103599,2866,11,24,18
2021-04-30T23:59:59+02:00,12,7,4900,4864,9281,11090,10967,15433,14588,22200,42647,46298,45306,48102,34634,44250,11495,20470,1045,932,2034,2687,2559,4163,3629,6351,6504,7191,7877,6732,21369,27580,10057,17945,247362,116501,35560,10293,103587,1838,11,24,17
2021-04-29T23:59:59+02:00,12,7,4662,4782,8805,10941,10362,15260,13902,21991,37710,41982,44295,47073,34512,44132,11491,20439,865,854,1860,2607,2474,4097,3521,6280,6435,7143,7854,6712,21364,27573,10057,17945,233620,116467,35457,10188,103246,963,11,24,17
2021-04-28T23:59:59+02:00,12,7,4486,4747,8554,10855,10009,15170,13546,21836,33060,37479,43049,45818,34386,43984,11476,20421,823,827,1822,2559,2442,4021,3485,6171,6386,7052,7834,6693,21351,27560,10052,17938,220394,116382,35438,10140,103031,473,10,22,16
2021-04-27T23:59:59+02:00,11,6,4256,4534,8210,10407,9622,14588,13076,21189,31931,36355,42767,45534,34370,43956,11472,20418,795,813,1787,2536,2424,4003,3467,6152,6351,7025,7823,6685,21346,27556,10049,17932,217670,116325,35424,10110,99576,288,10,22,16
2021-04-26T23:59:59+02:00,11,6,4234,4507,8137,10368,9516,14534,12926,21128,27515,31978,41548,44311,34290,43855,11459,20407,763,802,1757,2517,2395,3983,3442,6131,6300,6979,7775,6636,21315,27525,10049,17925,205793,116124,35415,10065,99492,84,10,20,16
2021-04-25T23:59:59+02:00,11,6,4211,4494,8105,10343,9453,14502,12833,21082,25546,29937,40847,43551,34243,43796,11455,20401,751,794,1745,2503,2377,3968,3418,6110,6268,6950,7755,6619,21298,27504,10048,17921,205128,116098,30302,9831,99357,80,9,20,16
2021-04-24T23:59:59+02:00,11,6,4192,4483,8074,10314,9411,14486,12781,21061,24043,28273,40088,42708,34178,43720,11452,20395,750,793,1742,2501,2376,3964,3418,6106,6268,6947,7753,6616,21297,27504,10048,17921,200059,116077,30302,9830,99286,77,9,20,16
2021-04-23T23:59:59+02:00,10,6,3927,4332,7605,10019,8983,14131,12219,20658,23562,27973,39999,42646,34157,43686,11446,20388,737,783,1725,2488,2356,3948,3395,6083,6246,6928,7739,6598,21292,27493,10048,17920,199709,116062,30287,9631,95724,66,9,18,16
2021-04-22T23:59:59+02:00,10,6,3835,4273,7416,9902,8704,13938,11774,20332,21231,25614,37238,39398,33630,43014,11375,20265,724,774,1696,2457,2298,3891,3324,6011,6137,6831,7659,6511,21236,27449,10045,17905,186672,115944,30096,8922,95160,64,9,18,14
2021-04-21T23:59:59+02:00,10,4,3808,4240,7285,9823,8522,13766,11438,20041,19971,24409,34026,35678,33148,42314,11310,20136,700,756,1661,2429,2254,3866,3291,5978,6097,6792,7627,6484,21216,27425,10041,17901,174900,115831,29921,8609,95081,60,9,18,14
2021-04-20T23:59:59+02:00,10,4,3774,4213,7180,9754,8311,13608,11069,19744,18877,23262,30717,32032,32670,41716,11253,20021,692,746,1646,2417,2220,3844,3248,5932,6056,6750,7585,6438,21190,27402,10035,17898,163271,115672,29898,8351,95019,58,9,18,14
2021-04-19T23:59:59+02:00,10,4,3756,4197,7106,9716,8193,13498,10814,19559,18214,22602,29844,30901,32377,41351,11211,19947,684,741,1624,2403,2196,3814,3213,5899,6022,6719,7541,6405,21159,27373,10033,17894,158438,115539,29880,8107,94955,56,9,18,14
2021-04-18T23:59:59+02:00,10,4,3753,4190,7090,9703,8179,13481,10778,19533,18126,22519,29722,30775,32349,41328,11208,19939,682,737,1609,2391,2179,3799,3188,5873,5992,6696,7518,6392,21141,27351,10030,17891,157945,115480,29811,7916,94905,55,9,17,14
2021-04-17T23:59:59+02:00,10,4,3752,4188,7087,9700,8176,13481,10772,19526,18113,22508,29699,30762,32347,41325,11208,19939,681,737,1608,2390,2177,3798,3184,5872,5990,6694,7518,6392,21141,27351,10030,17891,157862,115466,29810,7916,94899,54,9,17,14
2021-04-16T23:59:59+02:00,10,4,3585,4150,6742,9571,7806,13294,10375,19281,17660,22233,29494,30601,32264,41235,11193,19920,668,718,1596,2375,2150,3783,3130,5835,5948,6644,7426,6301,20728,26784,10000,17830,157106,114137,29802,7710,92484,51,9,17,14
2021-04-15T23:59:59+02:00,10,4,3484,4071,6391,9199,7227,12794,9598,18449,16337,21006,28296,29307,31744,40593,11112,19744,638,695,1543,2336,2066,3696,3020,5715,5619,6406,6927,5912,19986,25863,9901,17661,151360,110754,29508,7166,88472,46,9,17,14
2021-04-14T23:59:59+02:00,9,4,3432,4023,6157,8958,6896,12416,8978,17902,15217,19974,26880,27806,31112,39711,11000,19546,605,669,1497,2297,1991,3618,2878,5592,5310,6172,6381,5404,18963,24572,9814,17481,144544,106475,29308,6711,86144,40,9,16,14
2021-04-13T23:59:59+02:00,9,4,3401,3991,6068,8880,6748,12286,8676,17656,14417,19282,23538,24245,30176,38530,10894,19370,600,660,1484,2275,1959,3584,2780,5521,5093,5989,6016,5061,18661,24225,9772,17414,132911,104360,29298,6678,85937,39,9,16,13
2021-04-12T23:59:59+02:00,9,4,3379,3970,6018,8820,6660,12202,8458,17462,13801,18753,22532,23094,29752,37971,10825,19243,590,652,1474,2267,1936,3563,2724,5471,4944,5884,5695,4778,18365,23920,9733,17353,127824,102763,29278,6530,85826,39,9,16,13
2021-04-11T23:59:59+02:00,9,4,3373,3964,6000,8796,6631,12185,8416,17439,13710,18693,22403,22946,29702,37908,10815,19219,587,647,1461,2257,1923,3556,2707,5454,4907,5847,5636,4718,18191,23686,9712,17322,127286,102097,29212,6458,85690,39,9,16,13
2021-04-10T23:59:59+02:00,9,4,3365,3963,5977,8795,6609,12184,8394,17438,13686,18691,22398,22943,29698,37907,10815,19219,584,644,1454,2250,1918,3553,2700,5445,4891,5839,5624,4701,18028,23432,9698,17298,127265,101578,29121,6426,85685,39,8,16,13
2021-04-09T23:59:59+02:00,8,4,3327,3951,5929,8781,6551,12165,8355,17411,13636,18645,20442,20526,29212,37289,10785,19169,571,631,1428,2228,1891,3529,2658,5409,4818,5777,5508,4598,17450,22700,9660,17227,126565,99811,23995,6226,85604,31,7,15,13
2021-04-08T23:59:59+02:00,8,4,3302,3932,5861,8749,6477,12126,8265,17348,13491,18528,17843,17453,28689,36621,10747,19118,529,602,1340,2146,1797,3432,2479,5225,4318,5413,4700,3990,15657,20464,9469,16918,125694,92787,18120,5656,84727,22,6,15,13
2021-04-07T23:59:59+02:00,6,4,3224,3904,5655,8699,6269,12066,8057,17273,13231,18432,15173,14376,28012,35820,10717,19065,505,573,1285,2089,1701,3351,2325,5085,3907,5082,3981,3421,14800,19593,9354,16731,125484,88443,16580,5308,77899,19,5,15,13
2021-04-06T23:59:59+02:00,5,4,3196,3894,5610,8680,6198,12042,7972,17237,13158,18361,13187,12008,27377,35104,10704,19035,475,550,1217,2034,1615,3268,2163,4966,3536,4806,3456,3009,13954,18589,9278,16610,125356,84794,16376,4706,72020,15,5,15,11
2021-04-05T23:59:59+02:00,5,4,3194,3891,5575,8665,6161,12029,7927,17220,13085,18325,13142,11962,27366,35088,10703,19032,443,520,1165,1997,1564,3227,2095,4912,3448,4730,3399,2957,13810,18417,9269,16592,125331,84300,16167,4220,71857,15,4,15,11
2021-04-04T23:59:59+02:00,5,4,3193,3889,5575,8663,6159,12028,7926,17218,13085,18325,13139,11962,27365,35088,10703,19032,442,519,1164,1997,1563,3227,2094,4912,3448,4730,3399,2957,13809,18417,9269,16592,125321,84294,16167,4220,71852,15,4,15,11
2021-04-03T23:59:59+02:00,5,4,3192,3889,5575,8662,6159,12028,7926,17218,13085,18325,13139,11961,27364,35085,10703,19032,442,517,1164,1997,1562,3227,2094,4911,3442,4727,3393,2946,13722,18280,9260,16576,125316,84015,16167,4220,71850,15,4,15,11
2021-04-02T23:59:59+02:00,5,4,3192,3886,5572,8657,6155,12019,7918,17205,13059,18294,13093,11908,27336,35066,10700,19028,439,510,1162,1993,1550,3218,2083,4889,3412,4694,3361,2917,12785,17030,9193,16467,125149,81542,16164,4138,71765,15,4,15,9
2021-04-01T23:59:59+02:00,5,4,3178,3872,5533,8638,6088,11986,7847,17170,12947,18222,12978,11781,27278,34990,10691,19013,391,466,1064,1925,1450,3129,1931,4776,3207,4563,3126,2715,10748,14431,9080,16288,124834,75923,16040,3345,71330,15,3,14,9
2021-03-31T23:59:59+02:00,5,4,3177,3858,5516,8604,6053,11950,7803,17125,12866,18153,12864,11659,27227,34927,10683,19003,353,444,1028,1882,1376,3089,1826,4673,2950,4362,2712,2400,8151,11196,8899,16046,124522,68365,16000,3001,70939,14,3,13,8
2021-03-30T23:59:59+02:00,5,4,3170,3847,5491,8578,6020,11918,7763,17085,12788,18087,12777,11522,27189,34879,10677,18993,332,426,1006,1850,1317,3054,1701,4593,2703,4190,2344,2152,7262,10108,8832,15917,124390,65041,15968,2726,70420,14,2,13,8
2021-03-29T23:59:59+02:00,5,4,3158,3843,5462,8558,5983,11883,7718,17052,12714,18010,12132,10765,25316,32385,10527,18736,326,423,999,1835,1297,3029,1667,4553,2555,4102,2056,2001,6604,9400,8788,15839,118385,62733,15797,2723,70054,12,2,13,8
2021-03-28T23:59:59+02:00,5,4,3128,3827,5413,8520,5932,11838,7637,16997,12604,17940,11868,10462,23330,29919,10472,18637,325,421,997,1834,1288,3025,1663,4551,2543,4094,2031,1981,6581,9385,8786,15834,118325,62602,10611,2721,69582,12,2,13,6
2021-03-27T23:59:59+01:00,5,4,3116,3823,5374,8509,5896,11823,7589,16982,12558,17893,11833,10418,23326,29911,10472,18637,325,421,997,1834,1288,3025,1662,4549,2541,4091,2029,1979,6533,9310,8753,15785,118256,62385,10610,2721,69288,12,2,13,6
2021-03-26T23:59:59+01:00,5,4,2983,3502,4924,7357,5402,10504,6978,14935,11749,15609,11612,10235,22841,29181,10427,18566,324,417,992,1831,1282,3020,1659,4547,2536,4084,2021,1973,6403,9121,8609,15596,116701,61700,10354,2709,59744,2,2,13,6
2021-03-25T23:59:59+01:00,5,3,2861,3239,4765,6593,5173,9355,6653,13215,11022,13805,10750,9432,22111,28333,10350,18409,319,408,985,1822,1267,3001,1640,4513,2500,4034,1953,1915,6111,8693,8329,15143,113774,59923,9651,2705,52634,1,2,13,6
2021-03-24T23:59:59+01:00,5,3,2814,3194,4689,6529,5039,9249,6447,13044,10509,13400,9909,8608,21093,27071,10251,18221,317,403,977,1816,1250,2990,1625,4489,2453,3979,1885,1840,5746,8219,7913,14468,109737,57674,9304,2693,51022,1,0,12,6
2021-03-23T23:59:59+01:00,5,3,2786,3161,4621,6462,4928,9155,6235,12882,10051,12978,9192,7939,20577,26463,10196,18114,305,390,960,1807,1235,2968,1596,4468,2403,3931,1808,1774,5463,7837,7509,13842,107339,55601,8969,2692,49428,1,0,12,6
2021-03-22T23:59:59+01:00,5,3,2768,3122,4562,6423,4852,9087,6096,12743,9689,12704,8590,7372,20157,26027,10135,18020,303,387,948,1801,1221,2954,1583,4455,2377,3903,1781,1753,5324,7663,7058,13017,105852,53837,8710,2687,47781,1,0,12,5
2021-03-21T23:59:59+01:00,5,3,2761,3106,4516,6399,4801,9051,6003,12676,9500,12517,8283,7113,19989,25861,10123,17992,303,387,947,1801,1219,2954,1582,4454,2374,3903,1774,1747,5315,7658,7027,12959,105651,53730,8477,2670,46559,1,0,12,5
2021-03-20T23:59:59+01:00,5,3,2761,3099,4508,6394,4794,9048,5999,12668,9480,12503,8250,7081,19815,25584,10107,17966,303,387,947,1800,1218,2954,1581,4453,2370,3895,1762,1734,5300,7609,6849,12719,105094,53232,8464,2645,46495,1,0,12,5
2021-03-19T23:59:59+01:00,5,3,2725,3073,4436,6349,4687,8998,5859,12610,9212,12315,7946,6855,19331,24995,10075,17907,303,387,946,1799,1218,2951,1579,4452,2363,3890,1747,1723,5263,7566,6437,12099,103791,52096,8221,2623,45357,1,0,12,5
2021-03-18T23:59:59+01:00,5,3,2659,3000,4271,6211,4437,8793,5500,12303,8299,11646,6683,5839,18070,23631,9920,17674,300,382,941,1789,1204,2938,1540,4436,2298,3844,1668,1681,5188,7459,5694,10980,98863,49759,7677,2581,42392,0,0,12,4
2021-03-17T23:59:59+01:00,5,3,2622,2960,4192,6113,4299,8685,5245,12027,7622,11078,5694,4941,16719,22094,9751,17414,296,380,937,1782,1200,2929,1523,4415,2232,3819,1602,1636,5143,7393,5112,10090,93422,47963,7176,2524,40854,0,0,12,4
2021-03-16T23:59:59+01:00,5,3,2602,2932,4130,6046,4205,8588,5068,11871,7173,10688,4929,4325,15858,21111,9645,17239,292,378,934,1777,1197,2922,1515,4405,2210,3800,1572,1619,5105,7350,4600,9270,89765,46499,7137,2445,39505,0,0,11,4
2021-03-15T23:59:59+01:00,5,3,2599,2921,4114,6026,4174,8562,5019,11824,7055,10570,4782,4163,15537,20698,9613,17180,290,374,933,1771,1191,2915,1501,4396,2189,3778,1528,1602,5045,7276,4016,8407,88990,44907,7038,2303,38806,0,0,11,4
2021-03-14T23:59:59+01:00,5,2,2594,2912,4092,6006,4144,8543,4977,11791,6961,10481,4677,4050,15406,20528,9596,17140,288,373,933,1769,1185,2908,1496,4385,2178,3771,1518,1596,5037,7268,4010,8393,88680,44844,7020,2262,38195,0,0,10,4
2021-03-13T23:59:59+01:00,5,2,2588,2904,4085,5994,4136,8536,4968,11781,6941,10468,4655,4024,15090,20088,9576,17104,288,373,933,1769,1185,2908,1496,4385,2178,3771,1517,1596,5037,7267,4010,8393,87787,44843,6998,2261,38150,0,0,10,4
2021-03-12T23:59:59+01:00,5,2,2525,2828,3974,5823,4016,8314,4831,11482,6763,10197,4502,3886,14161,18824,9514,17002,288,372,931,1766,1185,2905,1494,4380,2177,3764,1510,1594,5030,7248,4008,8376,85306,44766,6937,2260,36398,0,0,8,4
2021-03-11T23:59:59+01:00,4,2,2399,2603,3746,5496,3759,7877,4504,10719,6132,9386,3982,3384,12546,16826,9412,16854,288,371,927,1762,1182,2891,1485,4368,2164,3737,1469,1566,4989,7211,3996,8349,80950,44617,6773,2136,31900,0,0,8,4
2021-03-10T23:59:59+01:00,4,2,2277,2472,3589,5258,3564,7554,4233,10235,5578,8816,3407,2941,10259,14104,9263,16622,285,367,922,1752,1175,2880,1481,4352,2142,3722,1440,1559,4958,7196,3987,8339,74607,44552,6601,2003,28962,0,0,8,4
2021-03-09T23:59:59+01:00,4,2,2252,2421,3521,5169,3450,7464,4062,10038,5185,8465,2924,2581,8733,12086,9157,16471,284,366,922,1746,1168,2871,1477,4344,2134,3711,1426,1554,4950,7191,3984,8337,69720,44511,6452,1952,27805,0,0,8,4
2021-03-08T23:59:59+01:00,4,2,2228,2348,3462,5102,3376,7380,3940,9925,4889,8270,2473,2317,6793,9681,9036,16293,284,363,921,1736,1162,2855,1471,4333,2131,3704,1415,1547,4934,7171,3977,8327,63994,44403,6116,1926,27401,0,0,8,4
2021-03-07T23:59:59+01:00,4,2,2166,2292,3367,4994,3279,7291,3841,9838,4752,8175,2422,2265,6770,9660,9036,16285,284,362,920,1736,1162,2853,1471,4333,2131,3704,1415,1547,4933,7171,3977,8327,63866,44400,5433,1924,27132,0,0,8,4
2021-03-06T23:59:59+01:00,4,2,2158,2279,3354,4984,3275,7287,3832,9828,4742,8170,2420,2263,6724,9590,9003,16235,284,362,919,1732,1161,2852,1471,4330,2127,3699,1414,1542,4927,7166,3975,8317,63654,44352,5373,1924,27115,0,0,8,4
2021-03-05T23:59:59+01:00,4,2,2028,2192,3130,4798,3036,6975,3553,9434,4409,7834,2331,2201,6517,9269,8806,15970,284,360,917,1729,1161,2851,1470,4324,2124,3693,1408,1540,4921,7160,3974,8310,62663,44300,4525,1924,25293,0,0,8,4
2021-03-04T23:59:59+01:00,4,2,1778,1971,2719,4363,2580,6336,2988,8533,3723,7021,2113,2041,6222,8902,8522,15507,281,359,916,1721,1159,2834,1469,4308,2115,3681,1397,1538,4909,7146,3967,8299,61003,44176,3246,1921,21068,0,0,8,4
2021-03-03T23:59:59+01:00,4,2,1707,1883,2612,4178,2447,6111,2848,8246,3536,6758,2030,1963,5881,8426,8158,14917,280,355,916,1711,1157,2811,1465,4284,2110,3666,1372,1526,4904,7140,3963,8291,58976,44029,3102,1921,19621,0,0,8,3
2021-03-02T23:59:59+01:00,4,2,1671,1807,2542,4060,2366,5961,2742,8065,3421,6605,1955,1895,5565,7987,7744,14238,278,350,913,1692,1154,2791,1462,4265,2109,3655,1347,1520,4894,7123,3958,8283,56849,43872,2860,1921,18913,0,0,8,3
2021-03-01T23:59:59+01:00,2,2,1661,1781,2503,3953,2318,5846,2706,7964,3368,6525,1913,1875,5427,7824,7262,13361,277,348,909,1686,1152,2779,1460,4252,2107,3640,1342,1515,4891,7121,3956,8276,54968,43789,2849,1921,18466,0,0,8,3
2021-02-28T23:59:59+01:00,2,2,1645,1742,2469,3881,2287,5791,2663,7885,3341,6477,1907,1871,5419,7819,7225,13301,277,348,908,1686,1152,2779,1460,4251,2107,3639,1342,1515,4891,7120,3956,8276,54842,43786,2847,1920,18030,0,0,8,3
2021-02-27T23:59:59+01:00,2,2,1643,1735,2466,3873,2283,5791,2661,7884,3338,6474,1901,1861,5409,7775,7052,13077,277,348,898,1681,1142,2772,1450,4242,2090,3630,1341,1512,4891,7119,3956,8276,54370,43782,2847,1842,18002,0,0,8,3
2021-02-26T23:59:59+01:00,2,1,1455,1578,2338,3630,2206,5384,2569,7380,3251,6016,1886,1836,5384,7742,6783,12684,275,346,890,1674,1134,2753,1444,4220,2080,3616,1334,1503,4884,7107,3952,8263,53613,43701,2828,1774,15676,0,0,8,2
2021-02-25T23:59:59+01:00,2,1,1241,1297,2119,3199,2034,4634,2372,6437,3010,5117,1795,1765,5332,7662,6199,11831,273,338,883,1613,1100,2657,1411,4110,2024,3541,1296,1482,4840,7065,3932,8208,51709,43227,2817,1546,11514,0,0,7,2
2021-02-24T23:59:59+01:00,2,1,1188,1088,2013,2934,1928,4297,2239,6033,2839,4847,1718,1710,5271,7572,5428,10636,271,332,847,1565,1050,2566,1350,3994,1935,3413,1256,1454,4823,7038,3922,8187,49342,42962,2805,1041,9590,0,0,7,2
2021-02-23T23:59:59+01:00,2,1,1173,1037,1978,2870,1902,4198,2213,5948,2805,4784,1710,1695,5235,7524,4780,9601,271,331,820,1538,1000,2514,1297,3916,1829,3338,1204,1427,4799,7012,3909,8148,47539,42755,2778,598,9132,0,0,7,2
2021-02-22T23:59:59+01:00,2,1,1165,995,1929,2726,1858,4053,2157,5753,2751,4678,1699,1684,5201,7475,4165,8712,269,321,777,1500,946,2431,1208,3808,1689,3241,1114,1368,4756,6941,3881,8038,45914,42279,2759,9,8325,0,0,6,2
2021-02-21T23:59:59+01:00,2,1,1163,981,1900,2664,1831,3956,2130,5648,2731,4615,1692,1678,5198,7466,4165,8708,267,319,772,1494,938,2399,1206,3772,1676,3201,1105,1353,4739,6917,3856,7994,45861,41999,2749,9,7913,0,0,6,2
2021-02-20T23:59:59+01:00,2,1,1163,981,1900,2663,1830,3956,2130,5648,2729,4610,1683,1669,5192,7459,4163,8705,267,319,772,1493,937,2395,1205,3768,1675,3199,1105,1353,4687,6857,3809,7937,45846,41770,2721,8,7911,0,0,6,2
2021-02-19T23:59:59+01:00,2,1,1163,978,1897,2658,1830,3947,2129,5639,2725,4607,1665,1660,5178,7441,4160,8700,266,318,768,1483,928,2371,1198,3725,1647,3146,1077,1314,4494,6604,3629,7636,45767,40596,2700,8,7907,0,0,6,2
2021-02-18T23:59:59+01:00,2,1,1132,896,1857,2539,1792,3810,2076,5433,2663,4434,1649,1643,5162,7408,4155,8671,238,289,723,1358,880,2165,1112,3388,1531,2849,967,1124,3999,5821,3213,6733,45614,36382,2667,8,7036,0,0,6,2
2021-02-17T23:59:59+01:00,2,1,1084,769,1776,2307,1715,3514,1967,5073,2588,4187,1624,1634,5141,7393,4146,8668,233,286,713,1340,871,2143,1100,3353,1512,2828,961,1121,3616,5295,2915,6305,45574,34584,2607,8,5402,0,0,6,2
2021-02-16T23:59:59+01:00,2,1,1043,731,1722,2204,1646,3342,1897,4866,2509,4079,1586,1620,5114,7370,4137,8656,226,280,697,1305,849,2089,1069,3235,1473,2741,937,1098,3258,4745,2573,5807,45520,32377,2440,5,4559,0,0,6,2
2021-02-15T23:59:59+01:00,2,1,1036,712,1702,2127,1628,3242,1878,4757,2495,4000,1556,1606,5083,7354,4104,8600,214,270,681,1272,830,2039,1049,3169,1431,2676,907,1067,2830,4188,2235,5225,45392,30079,2354,4,4131,0,0,6,2
2021-02-14T23:59:59+01:00,2,1,942,679,1624,2094,1566,3222,1835,4735,2460,3987,1549,1604,5074,7342,4101,8594,207,259,672,1254,812,1999,1033,3103,1400,2608,878,1022,2738,4046,2156,5026,45348,29210,2319,3,3739,0,0,5,2
2021-02-13T23:59:59+01:00,2,1,889,655,1594,2071,1551,3213,1819,4728,2452,3986,1548,1603,5074,7341,4100,8593,205,258,670,1253,812,1995,1033,3101,1399,2606,877,1022,2634,3921,2091,4925,45341,28799,2319,3,3555,0,0,5,2
2021-02-12T23:59:59+01:00,2,1,559,508,1247,1954,1380,3110,1679,4645,2345,3916,1529,1595,5064,7330,4090,8583,193,252,655,1227,798,1951,1006,3016,1344,2506,815,947,2407,3606,1943,4602,45220,27266,2319,2,1993,0,0,5,2
2021-02-11T23:59:59+01:00,2,1,394,432,1058,1840,1277,2992,1582,4532,2256,3826,1420,1550,5001,7278,4067,8533,156,189,555,983,663,1505,806,2344,1066,1913,574,695,1789,2719,1434,3321,44861,20713,2111,1,1064,0,0,5,0
2021-02-10T23:59:59+01:00,2,1,281,361,932,1734,1176,2870,1488,4348,2142,3704,1381,1537,4980,7267,4062,8531,134,127,384,622,492,1016,637,1734,899,1579,554,679,1383,2161,1117,2819,44785,16339,2002,0,6,0,0,4,0
2021-02-09T23:59:59+01:00,2,1,281,360,931,1728,1173,2862,1488,4342,2141,3699,1373,1534,4978,7265,4061,8529,131,125,376,589,473,989,616,1705,874,1549,552,676,998,1696,836,2412,44760,14599,1979,0,5,0,0,4,0
2021-02-08T23:59:59+01:00,2,1,281,358,930,1726,1170,2852,1481,4336,2139,3695,1368,1530,4976,7265,4060,8526,126,119,365,576,465,970,605,1674,856,1523,544,671,605,1205,531,1983,44731,12820,1956,0,5,0,0,4,0
2021-02-07T23:59:59+01:00,2,1,281,358,927,1726,1169,2852,1479,4334,2139,3695,1368,1530,4976,7264,4059,8526,122,116,359,572,464,963,602,1662,846,1507,536,668,604,1195,526,1968,44727,12712,1955,0,0,0,0,4,0
2021-02-06T23:59:59+01:00,2,1,281,358,927,1726,1169,2852,1479,4334,2139,3695,1368,1530,4976,7264,4059,8526,119,113,357,568,463,961,602,1660,846,1506,535,667,604,1195,526,1968,44727,12692,1955,0,0,0,0,4,0
2021-02-05T23:59:59+01:00,2,1,280,357,925,1726,1169,2851,1477,4333,2138,3695,1368,1530,4975,7262,4059,8523,118,105,354,563,455,948,598,1650,833,1483,530,657,598,1179,516,1943,44712,12532,1955,0,0,0,0,4,0
2021-02-04T23:59:59+01:00,2,1,276,352,919,1687,1162,2804,1477,4280,2126,3652,1361,1523,4946,7231,4047,8489,89,70,236,390,330,690,469,1259,624,1115,400,519,503,964,452,1678,44378,9789,1954,0,0,0,0,3,0
2021-02-03T23:59:59+01:00,2,1,274,343,915,1662,1158,2769,1466,4230,2117,3616,1353,1507,4921,7201,4033,8459,55,34,83,165,153,345,227,592,300,541,211,277,287,601,264,1046,44070,5182,1954,0,0,0,0,3,0
2021-02-02T23:59:59+01:00,2,1,273,341,914,1650,1154,2750,1463,4198,2110,3590,1345,1501,4913,7186,4024,8433,16,10,27,50,62,100,73,164,96,123,45,74,69,133,57,208,43891,1308,1954,0,0,0,0,3,0
2021-02-01T23:59:59+01:00,2,1,273,337,914,1647,1153,2749,1462,4194,2109,3584,1344,1500,4911,7185,4024,8433,13,9,23,43,52,91,60,139,74,104,39,66,61,124,55,195,43865,1149,1954,0,0,0,0,3,0
2021-01-31T23:59:59+01:00,2,1,273,336,914,1643,1152,2744,1462,4189,2109,3581,1343,1500,4910,7184,4024,8433,12,8,21,38,45,83,54,128,64,98,34,55,52,114,52,188,43845,1047,1952,0,0,0,0,3,0
2021-01-30T23:59:59+01:00,2,1,273,336,909,1640,1144,2736,1454,4183,2105,3578,1343,1500,4857,7124,3979,8375,12,8,21,37,45,83,53,127,64,98,34,55,52,114,52,188,43618,1044,1918,0,0,0,0,3,0
2021-01-29T23:59:59+01:00,2,1,272,335,894,1632,1132,2715,1442,4153,2082,3551,1334,1494,4694,6922,3811,8168,10,8,21,37,42,83,52,125,61,97,33,51,51,114,52,188,42825,1026,1806,0,0,0,0,3,0
2021-01-28T23:59:59+01:00,2,1,268,322,875,1545,1093,2605,1405,4051,2013,3477,1308,1481,4358,6449,3535,7808,7,4,9,17,23,41,21,57,36,64,20,33,35,74,40,126,41030,608,1563,0,0,0,0,3,0
2021-01-27T23:59:59+01:00,2,1,262,319,833,1490,1046,2511,1341,3953,1939,3370,1268,1454,3943,5878,3208,7336,3,4,9,8,12,20,8,23,14,29,12,14,17,42,17,63,39041,296,1110,0,0,0,0,3,0
2021-01-26T23:59:59+01:00,2,1,255,310,797,1443,979,2426,1280,3826,1823,3262,1207,1403,3594,5321,2852,6812,1,1,5,3,5,7,4,3,3,8,7,5,5,7,4,8,36928,77,662,0,0,0,0,3,0
2021-01-25T23:59:59+01:00,2,1,245,301,745,1383,918,2308,1178,3681,1665,3142,1127,1371,3197,4806,2535,6335,1,1,5,2,3,7,2,2,3,8,7,5,5,7,4,8,34876,71,62,0,0,0,0,2,0
2021-01-24T23:59:59+01:00,2,1,242,301,739,1379,907,2292,1173,3665,1637,3112,1121,1369,3170,4770,2518,6313,1,1,3,2,3,7,2,2,3,8,7,5,5,7,4,8,34701,69,8,0,0,0,0,2,0
2021-01-23T23:59:59+01:00,2,1,241,300,738,1378,907,2288,1172,3663,1634,3110,1120,1369,3065,4644,2452,6212,1,1,3,2,2,7,2,2,3,8,7,5,5,7,4,8,34287,68,7,0,0,0,0,2,0
2021-01-22T23:59:59+01:00,2,1,240,297,735,1362,905,2275,1166,3647,1630,3107,1118,1368,2904,4450,2349,6067,1,1,3,2,2,7,2,2,3,8,7,5,5,7,4,8,33614,68,7,0,0,0,0,2,0
2021-01-21T23:59:59+01:00,2,1,235,268,670,1206,838,2063,1085,3362,1535,2901,1075,1325,2557,3985,2054,5626,1,0,3,1,2,7,2,2,3,8,7,4,5,7,4,8,30781,65,7,0,0,0,0,0,0
2021-01-20T23:59:59+01:00,2,1,210,204,509,853,663,1571,887,2661,1298,2436,977,1192,2018,3232,1628,4812,1,0,3,1,2,7,2,2,3,6,6,4,5,7,4,8,25147,62,7,0,0,0,0,0,0
2021-01-19T23:59:59+01:00,2,1,184,187,463,744,609,1416,802,2365,1122,2128,809,933,1364,2293,1142,3674,0,0,2,1,0,0,0,0,2,1,1,0,0,0,0,0,20235,7,3,0,0,0,0,0,0
2021-01-18T23:59:59+01:00,1,1,138,132,385,619,487,1060,646,1822,930,1636,602,724,691,1343,598,2246,0,0,1,0,0,0,0,0,1,0,0,0,0,0,0,0,14059,2,2,0,0,0,0,0,0
2021-01-17T23:59:59+01:00,1,1,127,118,369,584,472,995,617,1705,871,1537,553,683,640,1241,552,2081,0,0,0,0,0,0,0,0,0,0,0,0,0,0,0,0,13147,0,0,0,0,0,0,0,0
2021-01-16T23:59:59+01:00,1,1,120,114,366,580,470,983,611,1692,865,1530,552,682,639,1235,547,2067,0,0,0,0,0,0,0,0,0,0,0,0,0,0,0,0,13055,0,0,0,0,0,0,0,0
2021-01-15T23:59:59+01:00,1,1,118,107,363,574,462,967,607,1681,851,1506,546,670,631,1218,539,2042,0,0,0,0,0,0,0,0,0,0,0,0,0,0,0,0,12884,0,0,0,0,0,0,0,0
2021-01-14T23:59:59+01:00,1,1,97,86,280,465,390,788,504,1411,695,1218,431,539,549,1020,475,1840,0,0,0,0,0,0,0,0,0,0,0,0,0,0,0,0,10790,0,0,0,0,0,0,0,0
2021-01-13T23:59:59+01:00,1,1,67,47,167,282,255,523,352,922,474,782,264,327,333,672,306,1170,0,0,0,0,0,0,0,0,0,0,0,0,0,0,0,0,6945,0,0,0,0,0,0,0,0
2021-01-12T23:59:59+01:00,1,1,31,20,52,101,114,215,150,383,196,333,137,179,174,372,177,650,0,0,0,0,0,0,0,0,0,0,0,0,0,0,0,0,3286,0,0,0,0,0,0,0,0
2021-01-11T23:59:59+01:00,1,0,17,10,36,63,62,114,77,171,91,126,40,66,66,131,55,201,0,0,0,0,0,0,0,0,0,0,0,0,0,0,0,0,1327,0,0,0,0,0,0,0,0
2021-01-10T23:59:59+01:00,1,0,14,7,29,52,55,102,67,156,75,112,34,56,56,120,50,191,0,0,0,0,0,0,0,0,0,0,0,0,0,0,0,0,1177,0,0,0,0,0,0,0,0
2021-01-09T23:59:59+01:00,1,0,13,7,28,51,54,101,64,155,75,110,34,56,56,120,50,191,0,0,0,0,0,0,0,0,0,0,0,0,0,0,0,0,1166,0,0,0,0,0,0,0,0
2021-01-08T23:59:59+01:00,1,0,10,7,26,48,49,96,60,142,69,106,32,51,55,120,50,191,0,0,0,0,0,0,0,0,0,0,0,0,0,0,0,0,1113,0,0,0,0,0,0,0,0
2021-01-07T23:59:59+01:00,1,0,7,4,9,18,22,43,23,57,38,66,19,34,40,80,39,127,0,0,0,0,0,0,0,0,0,0,0,0,0,0,0,0,627,0,0,0,0,0,0,0,0
2021-01-06T23:59:59+01:00,1,0,7,4,9,15,14,30,15,40,25,53,16,25,34,70,37,111,0,0,0,0,0,0,0,0,0,0,0,0,0,0,0,0,506,0,0,0,0,0,0,0,0
2021-01-05T23:59:59+01:00,1,0,7,4,9,15,14,30,15,40,25,53,16,25,33,70,37,111,0,0,0,0,0,0,0,0,0,0,0,0,0,0,0,0,505,0,0,0,0,0,0,0,0
2021-01-04T23:59:59+01:00,1,0,2,4,8,5,4,14,4,8,6,16,7,5,9,16,5,15,0,0,0,0,0,0,0,0,0,0,0,0,0,0,0,0,129,0,0,0,0,0,0,0,0
2021-01-03T23:59:59+01:00,1,0,1,1,3,2,2,7,3,3,3,9,5,4,6,8,4,9,0,0,0,0,0,0,0,0,0,0,0,0,0,0,0,0,71,0,0,0,0,0,0,0,0
2021-01-02T23:59:59+01:00,1,0,1,1,3,2,2,7,3,3,3,9,5,4,6,8,4,9,0,0,0,0,0,0,0,0,0,0,0,0,0,0,0,0,71,0,0,0,0,0,0,0,0
2021-01-01T23:59:59+01:00,1,0,1,1,3,2,2,7,2,3,3,9,5,4,6,8,4,9,0,0,0,0,0,0,0,0,0,0,0,0,0,0,0,0,70,0,0,0,0,0,0,0,0
2020-12-31T23:59:59+01:00,1,0,1,1,3,1,2,7,2,2,3,8,5,4,6,8,4,9,0,0,0,0,0,0,0,0,0,0,0,0,0,0,0,0,67,0,0,0,0,0,0,0,0
2020-12-30T23:59:59+01:00,1,0,1,1,3,1,2,7,2,2,3,6,5,4,6,8,4,9,0,0,0,0,0,0,0,0,0,0,0,0,0,0,0,0,65,0,0,0,0,0,0,0,0
2020-12-29T23:59:59+01:00,1,0,1,1,2,1,2,6,2,2,3,6,3,2,5,8,3,8,0,0,0,0,0,0,0,0,0,0,0,0,0,0,0,0,56,0,0,0,0,0,0,0,0
2020-12-28T23:59:59+01:00,1,0,0,0,2,1,0,2,1,0,1,3,0,1,0,1,1,5,0,0,0,0,0,0,0,0,0,0,0,0,0,0,0,0,19,0,0,0,0,0,0,0,0
2020-12-27T23:59:59+01:00,0,0,0,0,0,0,0,1,1,0,1,2,0,1,0,1,1,5,0,0,0,0,0,0,0,0,0,0,0,0,0,0,0,0,13,0,0,0,0,0,0,0,0
