Datum,<15_m,<15_w,15-24_1_m,15-24_1_w,25-34_1_m,25-34_1_w,35-44_1_m,35-44_1_w,45-54_1_m,45-54_1_w,55-64_1_m,55-64_1_w,65-74_1_m,65-74_1_w,75-84_1_m,75-84_1_w,>84_1_m,>84_1_w,<24_2_m,<24_2_w,25-34_2_m,25-34_2_w,35-44_2_m,35-44_2_w,45-54_2_m,45-54_2_w,55-64_2_m,55-64_2_w,65-74_2_m,65-74_2_w,75-84_2_m,75-84_2_w,>84_2_m,>84_2_w,bp_1,bp_2,mo_1,mo_2,az_1,az_2,ja,unb_1,unb_2
2021-09-26T23:59:59+02:00,5164,4910,42653,41103,56385,49064,60719,57301,72596,71036,87110,85263,60215,64353,39139,50476,12088,21635,38441,36813,52572,44819,57232,53002,68714,66432,83192,81211,58146,61952,37920,48740,11699,20873,652623,610018,79084,75890,109465,103645,40005,46,52
2021-09-25T23:59:59+02:00,5164,4910,42650,41101,56384,49063,60718,57301,72596,71035,87110,85263,60215,64353,39139,50476,12088,21635,38439,36811,52571,44818,57231,53001,68714,66431,83192,81211,58146,61951,37920,48740,11699,20873,652621,610013,79082,75890,109465,103645,40000,46,52
2021-09-24T23:59:59+02:00,5146,4899,42569,41019,56323,49000,60657,57246,72535,70975,87072,85224,60204,64344,39134,50472,12087,21633,38385,36761,52522,44774,57185,52959,68668,66376,83159,81187,58135,61945,37917,48737,11698,20871,652282,609855,79079,75887,109465,103645,39679,46,52
2021-09-23T23:59:59+02:00,5076,4798,42326,40761,56108,48797,60495,57051,72387,70841,86939,85130,60150,64299,39118,50435,12081,21607,38157,36592,52341,44619,57045,52825,68544,66268,83061,81104,58099,61907,37904,48712,11691,20856,650761,608763,79065,75877,109464,103643,39074,46,52
2021-09-22T23:59:59+02:00,5037,4744,42171,40578,55935,48620,60353,56902,72282,70703,86846,85046,60113,64251,39098,50398,12078,21592,38022,36446,52180,44485,56918,52705,68470,66168,82973,81023,58067,61874,37887,48691,11688,20846,649470,607740,79051,75874,109463,103641,38728,46,52
2021-09-21T23:59:59+02:00,5001,4688,41975,40331,55719,48398,60192,56754,72191,70584,86758,84966,60073,64207,39081,50358,12069,21578,37866,36302,52031,44346,56801,52610,68404,66091,82896,80958,58038,61850,37862,48668,11682,20834,647916,606724,79050,75874,109463,103640,38459,46,52
2021-09-20T23:59:59+02:00,4976,4666,41869,40251,55594,48307,60093,56672,72113,70519,86700,84909,60048,64187,39068,50338,12063,21560,37789,36231,51918,44273,56723,52550,68342,66040,82845,80916,58016,61832,37852,48641,11679,20829,647214,606285,79041,75822,109463,103626,38180,46,52
2021-09-19T23:59:59+02:00,4971,4662,41823,40225,55519,48261,60046,56631,72071,70505,86674,84895,60041,64178,39067,50330,12063,21558,37756,36207,51870,44257,56690,52539,68306,66023,82824,80899,58008,61826,37849,48637,11679,20827,646958,606149,79039,75820,109461,103625,38027,46,52
2021-09-18T23:59:59+02:00,4969,4660,41812,40219,55501,48247,60028,56621,72060,70492,86664,84891,60036,64175,39066,50330,12063,21557,37753,36203,51854,44252,56677,52529,68297,66014,82814,80895,58003,61823,37847,48635,11679,20827,646906,606132,79038,75820,109461,103625,37949,46,52
2021-09-17T23:59:59+02:00,4915,4610,41666,40097,55383,48103,59888,56498,71926,70377,86595,84817,60000,64153,39057,50324,12060,21551,37645,36116,51757,44138,56586,52437,68189,65939,82754,80836,57972,61806,37840,48627,11677,20823,646083,605660,79036,75820,109461,103625,37401,46,52
2021-09-16T23:59:59+02:00,4821,4510,41398,39827,55147,47819,59651,56229,71739,70196,86467,84685,59949,64098,39034,50301,12050,21535,37384,35900,51563,43909,56407,52236,68044,65797,82646,80740,57918,61770,37822,48603,11668,20812,644187,604204,79032,75815,109444,103609,36754,46,52
2021-09-15T23:59:59+02:00,4756,4447,41173,39575,54919,47538,59444,56015,71588,70053,86347,84581,59906,64043,39005,50273,12041,21511,37187,35717,51403,43703,56273,52092,67938,65698,82551,80640,57873,61737,37799,48579,11665,20798,642425,603011,79030,75814,109444,103609,36275,46,52
2021-09-14T23:59:59+02:00,4728,4423,41052,39450,54794,47447,59356,55900,71491,69962,86270,84522,59887,64015,38987,50259,12036,21505,37114,35642,51316,43648,56202,52022,67863,65635,82492,80603,57856,61711,37784,48559,11659,20790,641663,602597,79030,75814,109444,103608,35906,46,52
2021-09-13T23:59:59+02:00,4700,4409,40956,39339,54704,47352,59293,55799,71417,69909,86227,84482,59856,63985,38981,50249,12032,21500,37042,35577,51229,43587,56142,51957,67798,65602,82452,80576,57834,61684,37775,48548,11658,20784,640964,602160,79025,75764,109443,103593,35717,46,52
2021-09-12T23:59:59+02:00,4691,4395,40925,39312,54684,47329,59269,55769,71390,69879,86212,84462,59848,63977,38979,50246,12030,21496,37005,35548,51210,43568,56117,51938,67779,65573,82430,80557,57823,61671,37770,48537,11658,20782,640757,601956,79016,75759,109442,103591,35637,46,52
2021-09-11T23:59:59+02:00,4682,4393,40909,39286,54656,47302,59250,55753,71367,69868,86201,84454,59847,63974,38978,50245,12030,21494,36987,35537,51189,43548,56104,51926,67757,65563,82417,80553,57821,61670,37768,48537,11658,20781,640660,601909,79016,75758,109442,103591,35530,46,52
2021-09-10T23:59:59+02:00,4637,4354,40736,39112,54504,47169,59136,55602,71242,69766,86112,84373,59819,63946,38967,50232,12026,21487,36866,35448,51085,43459,56017,51835,67667,65498,82345,80499,57802,61649,37759,48523,11651,20775,639752,601495,79015,75758,109442,103591,34968,46,52
2021-09-09T23:59:59+02:00,4563,4268,40501,38897,54310,46948,58965,55384,71095,69603,86007,84280,59794,63900,38944,50203,12017,21481,36660,35271,50911,43310,55870,51674,67524,65378,82235,80420,57763,61604,37742,48502,11646,20767,638280,600365,79014,75756,109442,103591,34380,46,51
2021-09-08T23:59:59+02:00,4464,4174,40284,38638,54123,46766,58795,55215,70985,69484,85914,84204,59758,63861,38936,50170,12011,21474,36383,34999,50688,43099,55678,51490,67389,65250,82122,80316,57730,61548,37719,48463,11635,20753,636869,598634,79009,75748,109442,103591,33891,46,51
2021-09-07T23:59:59+02:00,4393,4116,40083,38467,53996,46650,58690,55108,70909,69398,85852,84139,59734,63833,38926,50153,12008,21471,36257,34889,50588,43021,55599,51426,67320,65183,82056,80259,57695,61517,37707,48440,11628,20745,635868,597979,79001,75735,109438,103590,33574,46,51
2021-09-06T23:59:59+02:00,4352,4068,39980,38365,53920,46578,58621,55033,70863,69343,85807,84102,59714,63817,38923,50148,12006,21467,36143,34771,50497,42951,55516,51343,67261,65112,82001,80197,57668,61487,37694,48427,11627,20743,635192,597224,79001,75697,109437,103579,33432,46,51
2021-09-05T23:59:59+02:00,4339,4051,39946,38336,53897,46547,58585,55005,70835,69320,85783,84079,59711,63814,38920,50143,12005,21463,36117,34749,50467,42929,55486,51322,67242,65095,81983,80181,57660,61482,37691,48421,11625,20740,634971,597075,79000,75692,109436,103579,33327,46,51
2021-09-04T23:59:59+02:00,4339,4049,39937,38334,53893,46540,58584,55003,70833,69316,85779,84072,59711,63812,38920,50143,12005,21463,36106,34746,50463,42922,55482,51321,67240,65091,81980,80177,57659,61480,37691,48421,11625,20740,634953,597060,79000,75691,109436,103577,33299,46,51
2021-09-03T23:59:59+02:00,4300,4019,39825,38221,53795,46473,58507,54921,70765,69256,85714,84041,59693,63796,38914,50138,12002,21460,36028,34675,50380,42879,55421,51269,67183,65049,81934,80145,57644,61466,37683,48415,11619,20739,634381,596744,79000,75686,109436,103577,32978,46,51
2021-09-02T23:59:59+02:00,4260,3977,39651,38060,53658,46312,58374,54794,70640,69137,85636,83976,59646,63759,38891,50111,12000,21450,35906,34594,50273,42795,55324,51181,67083,64966,81860,80082,57596,61433,37666,48391,11613,20732,633381,596189,79000,75685,109436,103573,32470,46,51
2021-09-01T23:59:59+02:00,4200,3907,39460,37888,53497,46166,58259,54681,70548,69049,85575,83900,59602,63727,38875,50098,11998,21439,35577,34250,50047,42538,55131,50991,66924,64798,81728,79974,57548,61376,37634,48363,11608,20726,632262,593997,78989,75673,109435,103572,32138,46,51
2021-08-31T23:59:59+02:00,4149,3861,39324,37737,53369,46055,58159,54573,70462,68975,85499,83845,59572,63698,38858,50069,11996,21436,35457,34146,49905,42438,55024,50905,66830,64731,81648,79920,57508,61341,37620,48343,11602,20723,631337,593420,78987,75672,109433,103344,31836,45,51
2021-08-30T23:59:59+02:00,4098,3817,39215,37613,53267,45970,58075,54497,70401,68896,85438,83798,59555,63673,38846,50058,11994,21430,35383,34074,49829,42374,54947,50833,66770,64669,81594,79863,57480,61312,37605,48321,11601,20712,630511,592829,78984,75637,109433,103332,31669,45,51
2021-08-29T23:59:59+02:00,4088,3807,39198,37594,53248,45955,58061,54478,70393,68886,85421,83781,59553,63671,38843,50054,11993,21429,35352,34048,49798,42357,54934,50807,66747,64641,81571,79848,57470,61296,37600,48315,11598,20711,630394,592627,78981,75620,109433,103332,31601,45,51
2021-08-28T23:59:59+02:00,4088,3807,39197,37594,53247,45953,58061,54478,70392,68884,85421,83781,59553,63671,38843,50054,11993,21429,35352,34047,49798,42357,54932,50807,66745,64640,81571,79848,57470,61296,37600,48315,11598,20711,630389,592624,78981,75619,109433,103332,31599,45,51
2021-08-27T23:59:59+02:00,4052,3765,39075,37494,53150,45848,57980,54385,70303,68806,85360,83722,59527,63647,38831,50044,11993,21427,35250,33987,49697,42296,54857,50733,66656,64578,81516,79809,57443,61276,37589,48304,11597,20710,629751,592211,78981,75617,109428,103330,31205,45,51
2021-08-26T23:59:59+02:00,3969,3703,38884,37312,52990,45682,57849,54235,70175,68690,85236,83630,59480,63599,38807,50024,11986,21417,35078,33815,49544,42134,54699,50574,66529,64449,81371,79696,57396,61215,37560,48278,11592,20702,628576,591056,78979,75605,109423,103325,30646,45,51
2021-08-25T23:59:59+02:00,3876,3636,38717,37115,52838,45495,57735,54096,70075,68589,85142,83538,59444,63558,38789,50005,11984,21410,34691,33402,49274,41818,54463,50310,66336,64246,81190,79525,57306,61134,37538,48240,11580,20690,627345,588312,78978,75603,109423,103325,30252,45,51
2021-08-24T23:59:59+02:00,3855,3620,38628,37041,52758,45425,57680,54043,70021,68542,85098,83498,59412,63531,38780,49988,11981,21400,34542,33279,49154,41728,54376,50226,66233,64153,81100,79446,57258,61090,37530,48224,11575,20681,626900,587391,78975,75599,109421,103320,29961,45,51
2021-08-23T23:59:59+02:00,3828,3585,38533,36946,52677,45358,57624,53975,69962,68490,85044,83459,59394,63505,38770,49975,11979,21392,34401,33139,49031,41650,54278,50141,66139,64057,81012,79383,57222,61041,37510,48205,11574,20670,626366,586516,78973,75564,109419,103307,29694,45,51
2021-08-22T23:59:59+02:00,3821,3585,38505,36935,52661,45339,57605,53962,69937,68472,85027,83446,59385,63494,38768,49966,11974,21390,34353,33100,49005,41612,54241,50112,66097,64032,80977,79357,57207,61026,37507,48196,11569,20666,626267,586225,78971,75554,109418,103306,29572,45,51
2021-08-21T23:59:59+02:00,3819,3582,38486,36928,52652,45328,57591,53956,69923,68460,85021,83437,59378,63492,38767,49966,11974,21390,34339,33094,48995,41603,54228,50107,66085,64021,80971,79350,57203,61025,37507,48196,11569,20666,626227,586208,78970,75553,109417,103306,29492,45,51
2021-08-20T23:59:59+02:00,3798,3550,38415,36858,52567,45257,57517,53893,69850,68406,84960,83390,59361,63473,38764,49962,11974,21384,34238,32989,48881,41535,54138,50034,65990,63954,80901,79297,57183,61002,37501,48191,11568,20662,625861,585691,78968,75550,109417,103303,29089,45,51
2021-08-19T23:59:59+02:00,3770,3517,38247,36716,52406,45119,57394,53789,69719,68286,84863,83314,59331,63429,38749,49945,11970,21372,33886,32732,48595,41292,53920,49839,65781,63770,80725,79163,57127,60929,37455,48153,11563,20651,624977,583777,78966,75455,109408,103290,28541,45,51
2021-08-18T23:59:59+02:00,3719,3467,38060,36560,52287,44998,57297,53683,69608,68192,84788,83250,59292,63385,38733,49925,11968,21364,33504,32320,48294,41035,53667,49560,65564,63559,80541,79002,57044,60843,37419,48111,11559,20639,623981,581208,78963,75327,109405,103283,28183,45,51
2021-08-17T23:59:59+02:00,3657,3419,37902,36403,52174,44876,57215,53587,69513,68106,84717,83187,59256,63352,38720,49902,11963,21355,33112,31876,47970,40726,53375,49270,65315,63316,80342,78795,56932,60732,37377,48062,11547,20628,623032,578101,78963,75311,109400,103262,27865,45,51
2021-08-16T23:59:59+02:00,3602,3365,37753,36255,52077,44777,57138,53513,69443,68038,84662,83140,59233,63321,38705,49886,11957,21347,32550,31317,47575,40310,52985,48886,65010,63052,80121,78600,56855,60616,37345,48008,11538,20606,622103,574075,78959,75276,109400,103242,27706,45,51
2021-08-15T23:59:59+02:00,3592,3356,37721,36230,52044,44758,57112,53480,69427,68021,84651,83129,59221,63317,38702,49877,11957,21345,32473,31219,47504,40246,52922,48825,64965,63011,80078,78572,56837,60596,37337,47995,11537,20602,621914,573516,78959,75245,109399,103231,27624,45,51
2021-08-14T23:59:59+02:00,3587,3352,37713,36223,52039,44754,57105,53474,69423,68018,84643,83125,59214,63312,38701,49875,11957,21345,32465,31213,47495,40243,52913,48818,64962,63008,80070,78570,56832,60591,37336,47993,11537,20602,621882,573487,78956,75245,109399,103231,27579,45,51
2021-08-13T23:59:59+02:00,3570,3339,37644,36181,51981,44705,57039,53424,69354,67978,84578,83089,59192,63300,38690,49861,11954,21339,32328,31100,47367,40144,52795,48719,64860,62928,79980,78520,56809,60570,37323,47983,11535,20597,621580,572688,78956,75243,109399,103231,27239,45,51
2021-08-12T23:59:59+02:00,3530,3311,37516,36060,51891,44615,56972,53338,69258,67904,84503,83023,59164,63276,38676,49849,11954,21336,31802,30612,46980,39794,52409,48372,64533,62697,79762,78311,56718,60482,37278,47940,11530,20580,620859,569218,78956,75214,109397,103124,26920,45,51
2021-08-11T23:59:59+02:00,3488,3271,37363,35913,51780,44510,56853,53219,69163,67812,84421,82942,59124,63238,38655,49833,11950,21332,31161,29995,46470,39405,51982,47936,64230,62418,79551,78107,56622,60375,37242,47867,11517,20562,619967,565180,78951,75190,109395,103036,26510,45,51
2021-08-10T23:59:59+02:00,3440,3224,37204,35762,51666,44390,56747,53111,69096,67741,84354,82885,59100,63201,38637,49819,11943,21327,30269,29015,45741,38704,51320,47331,63844,62056,79304,77863,56517,60270,37197,47798,11509,20550,619015,558982,78949,75188,109392,103032,26247,45,51
2021-08-09T23:59:59+02:00,3404,3195,37110,35655,51592,44320,56689,53069,69065,67699,84324,82853,59083,63186,38625,49800,11942,21325,29560,28270,45076,38128,50747,46754,63471,61699,79026,77614,56393,60172,37153,47743,11502,20536,618431,554887,78947,73733,109391,103006,26123,45,51
2021-08-08T23:59:59+02:00,3395,3181,37084,35638,51567,44295,56670,53059,69047,67681,84304,82838,59080,63181,38620,49793,11941,21324,29432,28128,44928,38031,50651,46669,63415,61642,78978,77574,56358,60154,37143,47732,11502,20533,618256,553955,78946,73725,109390,102974,26062,45,51
2021-08-07T23:59:59+02:00,3395,3181,37080,35632,51557,44294,56668,53059,69043,67678,84303,82836,59079,63181,38620,49793,11941,21324,29421,28122,44916,38025,50650,46665,63412,61636,78975,77571,56356,60153,37142,47731,11502,20532,618246,553920,78945,73721,109390,102974,26039,45,51
2021-08-06T23:59:59+02:00,3384,3167,37013,35577,51478,44231,56602,53016,69000,67646,84271,82808,59067,63161,38609,49787,11938,21322,29183,27895,44711,37840,50469,46523,63275,61520,78875,77503,56331,60128,37127,47721,11499,20529,617967,552471,78942,73715,109390,102973,25734,45,51
2021-08-05T23:59:59+02:00,3351,3127,36862,35443,51363,44096,56483,52898,68885,67532,84145,82734,59024,63107,38586,49766,11929,21312,28484,27278,44128,37358,49916,46067,62917,61223,78583,77283,56222,60032,37087,47669,11491,20513,617167,548164,78940,73705,109390,102794,25102,45,51
2021-08-04T23:59:59+02:00,3292,3064,36659,35273,51214,43950,56343,52782,68762,67405,84031,82622,58956,63049,38568,49737,11924,21302,27336,26154,43166,36480,48952,45163,62326,60617,78087,76843,56012,59851,37028,47578,11478,20493,616085,539809,78928,73665,109390,102740,24486,45,51
2021-08-03T23:59:59+02:00,3219,3006,36441,35070,51060,43808,56218,52656,68629,67289,83943,82549,58914,63005,38547,49706,11915,21287,26257,25039,42240,35587,48052,44279,61787,60085,77636,76435,55844,59664,36968,47491,11458,20462,614711,531481,78920,73617,109386,102714,24201,45,51
2021-08-02T23:59:59+02:00,3176,2952,36295,34919,50952,43699,56126,52556,68543,67198,83856,82474,58875,62957,38532,49687,11907,21275,25357,24037,41398,34848,47321,43538,61304,59616,77253,76091,55681,59515,36918,47414,11441,20441,613737,524520,78919,73562,109385,102572,23894,45,51
2021-08-01T23:59:59+02:00,3171,2946,36278,34897,50926,43681,56106,52531,68514,67185,83842,82461,58869,62952,38530,49683,11907,21275,25096,23789,41155,34648,47090,43341,61163,59480,77137,75995,55645,59486,36903,47401,11437,20437,613594,522659,78915,73521,109384,102507,23817,45,51
2021-07-31T23:59:59+02:00,3170,2945,36272,34896,50925,43680,56104,52530,68512,67184,83842,82460,58869,62952,38530,49683,11907,21274,25089,23775,41145,34641,47084,43335,61154,59478,77135,75994,55645,59483,36903,47401,11437,20436,613579,522592,78914,73520,109384,102507,23814,45,51
2021-07-30T23:59:59+02:00,3154,2931,36213,34832,50854,43630,56044,52471,68457,67144,83803,82421,58857,62938,38526,49676,11904,21271,24770,23464,40871,34426,46826,43138,60969,59348,76985,75877,55614,59443,36889,47389,11437,20435,613293,520653,78910,73518,109381,102399,23498,45,51
2021-07-29T23:59:59+02:00,3131,2903,36074,34709,50724,43502,55951,52370,68387,67080,83732,82370,58830,62920,38514,49667,11904,21270,23816,22473,39996,33678,45929,42355,60422,58907,76625,75573,55494,59305,36849,47334,11430,20424,612413,513599,78889,73393,109381,102232,23311,45,51
2021-07-28T23:59:59+02:00,3083,2848,35833,34471,50500,43329,55750,52221,68244,66938,83617,82271,58777,62873,38492,49630,11894,21262,22600,21222,38673,32577,44619,41183,59627,58247,76120,75115,55298,59117,36780,47230,11416,20399,611035,503803,78883,73227,109380,102074,22691,45,51
2021-07-27T23:59:59+02:00,3057,2829,35727,34350,50418,43246,55669,52169,68182,66870,83557,82200,58737,62830,38480,49615,11893,21253,21360,19825,37247,31241,43250,39882,59003,57654,75699,74704,55135,58941,36722,47175,11404,20376,610309,493381,78867,73052,109380,101961,22482,45,51
2021-07-26T23:59:59+02:00,3038,2810,35664,34254,50360,43193,55626,52120,68137,66832,83521,82172,58724,62814,38468,49603,11892,21251,20339,18722,35996,30126,41984,38732,58504,57254,75415,74453,55038,58841,36701,47140,11398,20362,609780,485139,78861,72723,109380,101800,22414,45,51
2021-07-25T23:59:59+02:00,3027,2805,35612,34212,50319,43148,55599,52097,68114,66807,83491,82149,58709,62807,38465,49600,11889,21245,19937,18356,35578,29796,41575,38425,58311,57099,75255,74346,54992,58803,36679,47120,11394,20358,609486,482405,78856,72449,109380,101772,22329,45,51
2021-07-24T23:59:59+02:00,3027,2805,35608,34208,50317,43145,55597,52096,68112,66807,83489,82148,58709,62807,38464,49600,11889,21245,19932,18346,35570,29786,41569,38424,58308,57097,75251,74344,54992,58803,36678,47120,11394,20358,609477,482367,78855,72449,109380,101770,22317,45,51
2021-07-23T23:59:59+02:00,3002,2780,35458,34091,50168,43045,55481,51990,68015,66713,83399,82096,58678,62778,38454,49595,11884,21242,19694,18125,35309,29610,41298,38243,58143,56968,75115,74268,54953,58779,36666,47110,11388,20352,608851,481247,78855,72156,109380,101768,21739,45,51
2021-07-22T23:59:59+02:00,2952,2695,35021,33721,49858,42808,55215,51763,67785,66530,83223,81945,58591,62684,38418,49548,11873,21224,18903,17462,34212,28876,40176,37412,57406,56498,74563,73894,54774,58600,36601,47026,11367,20326,606696,475722,78841,70726,109376,101547,20897,45,51
2021-07-21T23:59:59+02:00,2897,2637,34710,33390,49616,42596,55028,51577,67595,66345,83095,81819,58526,62632,38386,49508,11862,21214,18075,16631,32900,27882,38911,36454,56717,55936,74114,73533,54628,58425,36535,46942,11355,20293,604868,469819,78790,68536,109375,101334,20356,45,51
2021-07-20T23:59:59+02:00,2822,2575,34352,33005,49334,42361,54853,51383,67413,66187,82955,81697,58461,62577,38357,49462,11861,21199,16923,15508,31187,26479,37182,35000,55919,55288,73570,73087,54462,58236,36485,46857,11337,20254,602770,460647,78754,66796,109372,100995,19914,45,51
2021-07-19T23:59:59+02:00,2738,2504,33793,32441,49016,42052,54578,51116,67217,65971,82784,81527,58394,62495,38312,49410,11854,21184,16269,14933,30247,25797,36322,34285,55480,54866,73243,72849,54375,58150,36448,46807,11331,20232,599556,456957,78693,64628,109371,100824,19722,45,51
2021-07-18T23:59:59+02:00,2710,2486,33695,32329,48925,41995,54521,51057,67155,65920,82741,81485,58366,62470,38301,49396,11852,21177,15950,14668,29676,25417,35829,33937,55225,54705,73097,72748,54333,58111,36440,46793,11330,20228,598948,455517,78678,63093,109370,100796,19541,45,51
2021-07-17T23:59:59+02:00,2710,2486,33693,32327,48920,41993,54520,51055,67155,65919,82741,81484,58366,62469,38301,49396,11852,21177,15945,14662,29667,25402,35824,33933,55221,54704,73097,72748,54333,58111,36440,46793,11330,20228,598937,455473,78675,63089,109368,100796,19540,45,51
2021-07-16T23:59:59+02:00,2652,2421,33086,31802,48424,41646,54125,50722,66774,65596,82428,81251,58247,62357,38251,49347,11848,21170,15527,14341,29176,25033,35376,33602,54884,54451,72838,72556,54221,58022,36405,46755,11327,20224,596722,454089,78671,62960,109367,100788,17343,45,51
2021-07-15T23:59:59+02:00,2519,2289,32225,31021,47799,41077,53548,50240,66347,65249,82175,81012,58158,62261,38217,49304,11840,21151,14688,13670,27852,24201,34074,32792,54201,54051,72423,72327,54121,57926,36374,46719,11320,20208,591707,449904,78659,60568,109366,100207,16655,45,51
2021-07-14T23:59:59+02:00,2413,2202,31676,30493,47308,40636,53123,49842,66018,64967,81936,80764,58053,62165,38184,49254,11830,21138,13443,12526,25856,22747,32170,31269,53452,53459,71914,71988,53984,57801,36332,46658,11310,20193,587831,440771,78640,58640,109365,99872,16121,45,50
2021-07-13T23:59:59+02:00,2356,2133,31406,30226,47035,40413,52873,49616,65813,64778,81769,80615,57986,62088,38160,49217,11820,21125,12456,11675,24130,21436,30227,29683,52258,52291,71096,71198,53736,57524,36245,46543,11292,20166,585673,434046,78625,55717,109356,96719,15730,45,50
2021-07-12T23:59:59+02:00,2129,1926,30541,29296,46383,39880,52302,49049,65425,64389,81492,80343,57851,61961,38118,49159,11811,21104,11708,11048,22741,20456,28487,28304,51302,51433,70357,70580,53479,57246,36178,46425,11279,20135,579440,425942,78608,53158,109356,96566,15710,45,50
2021-07-11T23:59:59+02:00,2084,1889,30420,29186,46318,39808,52251,48985,65368,64333,81431,80300,57830,61941,38112,49141,11806,21099,11542,10899,22466,20271,28124,28032,51099,51288,70186,70436,53426,57165,36156,46408,11269,20128,578618,423871,78602,53116,109354,96433,15683,45,49
2021-07-10T23:59:59+02:00,2084,1887,30415,29179,46316,39803,52247,48984,65365,64332,81430,80298,57830,61939,38111,49141,11806,21099,11530,10881,22454,20257,28108,28020,51092,51284,70183,70433,53426,57165,36155,46408,11269,20128,578588,423787,78602,53114,109354,96423,15677,45,49
2021-07-09T23:59:59+02:00,2039,1849,30183,28944,46099,39621,52064,48812,65204,64221,81326,80217,57800,61909,38095,49126,11802,21097,11148,10608,21812,19820,27442,27469,50384,50716,69601,70022,53324,57077,36132,46374,11264,20117,577389,422711,78596,52800,109349,92971,15029,45,49
2021-07-08T23:59:59+02:00,1901,1721,29518,28411,45500,39118,51508,48346,64801,63913,81027,79984,57708,61819,38063,49074,11797,21083,9963,9498,19866,18184,24980,25484,49350,49917,68973,69484,53099,56863,36056,46288,11249,20091,573143,412172,78576,50367,109332,92745,14196,45,49
2021-07-07T23:59:59+02:00,1688,1525,28414,27204,44461,38155,50406,47352,64143,63275,80488,79501,57504,61588,37998,48990,11783,21042,9432,9019,18779,17348,23582,24278,48526,49271,68426,68995,52899,56621,35980,46190,11233,20051,563886,405825,78559,48753,109331,92456,13696,45,49
2021-07-06T23:59:59+02:00,1488,1367,27330,26158,43439,37238,49472,46420,63543,62712,80052,79095,57324,61406,37942,48896,11759,21015,8714,8273,17442,16347,21971,22997,47921,48820,68051,68729,52781,56507,35931,46153,11226,20036,555628,398357,78547,48328,109328,92160,13108,45,49
2021-07-05T23:59:59+02:00,1331,1243,26183,24904,42354,36238,48418,45351,62874,62136,79616,78694,57150,61217,37889,48820,11750,20992,8460,8047,16944,16033,21411,22613,47614,48594,67856,68580,52729,56433,35905,46134,11223,20031,546302,395778,78539,48014,109327,91902,12947,45,47
2021-07-04T23:59:59+02:00,1266,1179,25861,24575,42052,35979,48164,45169,62727,62001,79502,78598,57114,61177,37879,48801,11747,20989,8204,7891,16677,15838,21130,22414,47489,48495,67778,68505,52705,56408,35890,46129,11221,20030,543985,394751,78515,47351,109325,91818,12910,45,47
2021-07-03T23:59:59+02:00,1266,1178,25854,24563,42038,35972,48162,45169,62724,62000,79501,78597,57113,61177,37879,48801,11747,20989,8199,7883,16665,15828,21123,22407,47484,48494,67773,68504,52704,56408,35890,46129,11221,20030,543953,394716,78513,47350,109325,91808,12894,45,47
2021-07-02T23:59:59+02:00,1198,1121,25537,24213,41715,35691,47907,44917,62580,61852,79427,78526,57096,61155,37873,48789,11743,20984,8020,7731,16296,15560,20680,22099,46516,47715,67276,68154,52621,56316,35875,46111,11220,20027,541570,392226,78512,47346,109320,89790,12877,45,47
2021-07-01T23:59:59+02:00,1143,1071,25160,23850,41334,35343,47512,44566,62328,61614,79237,78356,57033,61092,37842,48748,11736,20974,7628,7396,15478,14781,19509,21065,44980,46227,66062,67075,52311,56013,35778,45991,11196,20000,538427,386399,78409,46519,109311,85837,12747,45,47
2021-06-30T23:59:59+02:00,1070,1007,24736,23401,40903,34969,47103,44190,62100,61402,79064,78208,56956,61014,37815,48698,11728,20953,7254,7036,14531,13975,18079,19858,41767,43496,64363,65630,51844,55515,35629,45798,11169,19950,534975,374372,78376,45825,109307,83082,12614,45,46
2021-06-29T23:59:59+02:00,979,898,24235,22867,40386,34552,46669,43775,61838,61125,78853,78030,56877,60949,37787,48654,11722,20934,6976,6725,13869,13481,16915,18937,37440,39805,63009,64377,51357,55015,35496,45620,11138,19907,530905,359062,78367,45614,109307,82873,12506,45,46
2021-06-28T23:59:59+02:00,950,865,23896,22476,39930,34168,46247,43408,61599,60869,78662,77876,56805,60881,37758,48624,11719,20919,6666,6405,13209,12978,15901,18099,33786,36757,61885,63344,51002,54620,35401,45470,11113,19869,529154,350378,76677,40915,109306,82720,12470,45,46
2021-06-27T23:59:59+02:00,936,852,23804,22384,39857,34105,46188,43349,61567,60832,78627,77845,56790,60869,37752,48617,11718,20914,6576,6330,12975,12836,15477,17861,32953,36111,61628,63145,50912,54550,35383,45448,11111,19865,528540,347475,76672,40650,109300,82563,12449,45,46
2021-06-26T23:59:59+02:00,935,852,23798,22378,39850,34102,46187,43348,61566,60831,78627,77845,56790,60869,37752,48616,11718,20914,6573,6323,12969,12823,15469,17854,32949,36110,61621,63143,50910,54544,35383,45448,11111,19864,528512,347410,76672,40649,109300,82562,12449,45,46
2021-06-25T23:59:59+02:00,912,826,23683,22263,39767,34015,46105,43277,61522,60784,78579,77825,56779,60855,37749,48613,11717,20912,6475,6210,12858,12690,15331,17693,32230,35449,61232,62819,50832,54460,35375,45427,11108,19863,527721,344395,76672,40637,109297,82546,12448,45,46
2021-06-24T23:59:59+02:00,845,768,23297,21836,39416,33705,45753,42975,61317,60590,78418,77688,56725,60800,37726,48583,11712,20902,6136,5910,12294,12225,14626,17009,28926,32731,58949,60965,50246,53862,35240,45219,11090,19815,524762,330577,76623,40374,109295,81931,12331,45,46
2021-06-23T23:59:59+02:00,740,674,22657,21174,38841,33118,45100,42264,60952,60199,78169,77436,56622,60664,37680,48530,11702,20882,5982,5719,11925,11879,14119,16481,25558,29969,57307,59437,49722,53324,35121,45045,11069,19772,519177,321147,76570,37433,109292,81497,12320,45,46
2021-06-22T23:59:59+02:00,679,610,22233,20730,38436,32698,44667,41797,60678,59914,77964,77197,56524,60553,37643,48457,11689,20860,5791,5582,11601,11619,13695,16106,21216,26438,55231,57736,49123,52721,34944,44829,11049,19728,515370,306787,76443,37379,109286,81023,12185,45,46
2021-06-21T23:59:59+02:00,642,569,21982,20493,38184,32467,44420,41521,60487,59702,77832,77056,56471,60469,37618,48416,11680,20844,5658,5472,11292,11422,13356,15844,19664,25205,54313,56967,46899,50266,34344,44107,11026,19669,513324,301463,76239,37311,109269,74717,11976,45,46
2021-06-20T23:59:59+02:00,613,550,21693,20198,37889,32191,44137,41267,60336,59534,77694,76909,56422,60426,37598,48399,11677,20837,5601,5427,11160,11334,13203,15716,19268,24880,54046,56784,45241,48281,33778,43472,11006,19649,510937,300835,76160,36559,109258,69447,11970,45,44
2021-06-19T23:59:59+02:00,611,550,21688,20186,37872,32186,44134,41263,60330,59530,77692,76906,56419,60425,37598,48398,11677,20837,5595,5418,11155,11331,13194,15710,19260,24872,54032,56772,45232,48271,33777,43472,11006,19649,510874,300751,76155,36556,109258,69434,11970,45,44
2021-06-18T23:59:59+02:00,597,536,21591,20075,37807,32131,44060,41177,60275,59484,77648,76864,56396,60403,37593,48385,11676,20836,5500,5252,10858,10794,12820,15127,18717,23853,53178,55465,45029,48108,33749,43423,11000,19637,510119,299179,76149,36555,109252,64772,11969,45,44
2021-06-17T23:59:59+02:00,512,444,20871,19360,37048,31496,43264,40423,59868,59117,77350,76609,56279,60274,37544,48318,11663,20811,5307,5039,10474,10238,12295,14353,17786,22492,51604,53522,43877,46759,33431,43026,10953,19554,504122,291855,76057,36427,109242,60608,11785,45,44
2021-06-16T23:59:59+02:00,405,366,20070,18404,36060,30560,42257,39447,59325,58635,76950,76290,56133,60115,37485,48231,11653,20788,5117,4883,9963,9917,11559,13857,16236,21187,47726,49974,42121,44754,32966,42455,10890,19428,496719,275684,75519,36227,109226,59423,11665,45,43
2021-06-15T23:59:59+02:00,295,263,19256,17548,35136,29703,41328,38562,58888,58197,76614,75960,55989,59945,37426,48161,11638,20754,4912,4756,9438,9657,10854,13386,14726,19998,43459,45885,40568,42910,32486,41833,10823,19300,489493,258504,75403,36193,109216,58754,11506,45,42
2021-06-14T23:59:59+02:00,191,172,18140,16312,33886,28430,39867,37154,58295,57633,76218,75618,55861,59800,37382,48090,11629,20739,4785,4662,9091,9447,10376,13068,13553,18991,40817,43330,39495,41761,32193,41432,10791,19215,479740,247327,74965,36167,109212,58023,11456,44,42
2021-06-13T23:59:59+02:00,150,133,17634,15907,33407,28026,39376,36772,58081,57452,76069,75517,55834,59760,37360,48068,11626,20730,4699,4613,8945,9375,10213,13000,12947,18537,40349,42937,39257,41538,32132,41348,10785,19201,476662,246363,74663,34742,109205,57409,11328,44,42
2021-06-12T23:59:59+02:00,150,133,17630,15888,33394,28017,39369,36768,58076,57449,76065,75515,55833,59758,37359,48068,11626,20730,4692,4608,8934,9370,10201,12993,12935,18524,40166,42790,39234,41523,32128,41346,10785,19200,476593,245928,74659,34742,109205,57398,11327,44,42
2021-06-11T23:59:59+02:00,148,133,17547,15830,33248,27948,39195,36713,57955,57411,75994,75489,55820,59753,37357,48065,11626,20729,4609,4416,8773,8809,10008,12273,12701,17452,39676,41492,39079,41392,32110,41310,10783,19199,476256,245436,74246,34740,109097,52554,11318,44,42
2021-06-10T23:59:59+02:00,133,113,16705,15113,31829,27031,37949,35802,57273,56952,75584,75217,55729,59661,37318,48020,11615,20711,4355,4222,8215,8313,9325,11514,11966,16385,36826,38454,38275,40588,31944,41128,10767,19169,472363,238370,71270,34608,108820,48176,10258,44,42
2021-06-09T23:59:59+02:00,111,87,15929,14405,30551,26127,36734,34918,56699,56565,75240,74990,55644,59554,37291,47975,11602,20691,4173,4069,7856,8126,8859,11296,11345,16005,31740,33588,36777,39054,31699,40859,10746,19120,467705,224449,68832,34484,108775,46591,9757,44,39
2021-06-08T23:59:59+02:00,84,69,15007,13535,29173,25035,35363,33906,56084,56161,74938,74769,55570,59475,37268,47943,11598,20681,4093,4005,7701,8010,8706,11182,11053,15799,28919,30776,35822,38119,31539,40663,10722,19087,463111,216980,65383,34427,108728,45365,9393,44,39
2021-06-07T23:59:59+02:00,76,56,14373,12949,27800,24222,34207,33126,55612,55904,74693,74657,55533,59435,37252,47932,11598,20677,4000,3931,7507,7885,8404,11049,10685,15553,24584,26395,34356,36585,31317,40396,10694,19059,459974,205193,62350,34362,108696,43776,9038,44,39
2021-06-06T23:59:59+02:00,75,53,14049,12757,27018,23802,33557,32707,55303,55739,74534,74588,55511,59411,37238,47923,11596,20676,3933,3895,7356,7841,8249,10965,10363,15352,21761,23517,33353,35505,31177,40242,10687,19044,458827,202403,60298,29117,108668,42990,8700,44,38
2021-06-05T23:59:59+02:00,75,51,14020,12729,26977,23761,33528,32688,55298,55729,74528,74581,55506,59406,37233,47921,11596,20676,3911,3881,7320,7820,8202,10948,10300,15310,20333,21965,32559,34626,31107,40161,10683,19037,458707,197432,60192,29114,108661,42888,8699,44,38
2021-06-04T23:59:59+02:00,69,47,13792,12468,26667,23446,33191,32379,55238,55648,74490,74561,55497,59401,37232,47919,11596,20675,3880,3852,7241,7741,8145,10870,10220,15187,20225,21848,32486,34571,31075,40124,10680,19034,456813,197350,60130,29102,108630,41998,8699,44,38
2021-06-03T23:59:59+02:00,51,42,13223,11979,25632,22760,32056,31630,54745,55315,74175,74368,55424,59320,37197,47887,11589,20658,3752,3760,6968,7571,7864,10698,9893,14950,18337,19986,30511,32265,30802,39793,10657,18986,452475,188759,58629,29082,108614,40636,8289,44,35
2021-06-02T23:59:59+02:00,37,30,12531,11225,24637,21859,30917,30676,54480,55050,73983,74227,55372,59238,37180,47865,11581,20651,3717,3740,6911,7516,7808,10650,9810,14859,17816,19438,28583,30091,30703,39650,10650,18975,446154,183228,58450,29081,108613,40302,8279,43,35
2021-06-01T23:59:59+02:00,23,16,11401,10338,22502,20421,28383,28779,53071,53988,72979,73444,55065,58910,37057,47691,11545,20589,3488,3566,6412,7209,7205,10228,8954,14257,15869,17621,24800,25840,30019,38767,10574,18821,436633,169226,53975,28945,108575,38458,6976,43,33
2021-05-31T23:59:59+02:00,18,12,10537,9671,20664,19250,26337,27270,51963,53139,72275,72895,54848,58647,36983,47586,11531,20553,3346,3414,6077,6964,6805,9930,8413,13902,14803,16645,23608,24468,29630,38280,10514,18727,429834,163484,49600,28908,108555,36963,6147,43,32
2021-05-30T23:59:59+02:00,16,9,10185,9323,19941,18752,25630,26690,51623,52857,72041,72698,54771,58569,36958,47558,11523,20544,3163,3222,5728,6697,6516,9687,8196,13696,14544,16374,23316,24151,29520,38174,10500,18699,427244,162658,49192,28851,108522,35963,4687,43,32
2021-05-29T23:59:59+02:00,16,9,10169,9311,19923,18725,25611,26664,51611,52853,72037,72688,54769,58564,36957,47558,11522,20544,3161,3214,5725,6693,6511,9685,8188,13688,14534,16369,23305,24143,29516,38169,10499,18698,427087,162588,49192,28849,108522,35950,4687,43,32
2021-05-28T23:59:59+02:00,16,9,10104,9215,19784,18556,25351,26434,51452,52678,71890,72557,54730,58514,36943,47538,11519,20531,3114,3138,5633,6552,6410,9483,8074,13411,14341,16092,23153,23988,29463,38106,10492,18689,425436,162199,49155,28848,108502,34383,4686,42,31
2021-05-27T23:59:59+02:00,16,9,8842,8012,17373,16741,22572,24280,50359,51865,71222,72066,54531,58290,36847,47443,11505,20501,2815,2805,4788,5929,5515,8700,7280,12424,13214,14901,22161,22953,29078,37653,10437,18602,413496,158377,48199,28586,108359,29891,2378,42,31
2021-05-26T23:59:59+02:00,15,9,8440,7596,16497,15936,21384,23270,49753,51318,70803,71679,54380,58125,36779,47365,11494,20471,2628,2632,4419,5593,5037,8195,6803,11776,12245,13920,21262,21921,28766,37210,10391,18517,407898,154523,47467,28498,108278,26642,1630,41,30
2021-05-25T23:59:59+02:00,15,9,7865,6992,15253,15052,19934,22096,49275,50917,70555,71494,54295,58036,36754,47337,11490,20461,2549,2529,4229,5463,4791,7968,6524,11466,11688,13389,19114,19753,28394,36674,10356,18468,401093,148844,47226,28485,108233,24767,1237,41,30
2021-05-24T23:59:59+02:00,15,9,7777,6891,15030,14925,19649,21916,49174,50798,70511,71454,54291,58030,36751,47334,11488,20458,2506,2466,4145,5297,4697,7724,6399,11182,11549,13148,19000,19640,28343,36628,10349,18457,399956,148693,47146,28442,108136,23152,1222,41,29
2021-05-23T23:59:59+02:00,14,9,7761,6878,14994,14908,19595,21889,49164,50796,70507,71448,54289,58026,36751,47332,11488,20458,2503,2462,4138,5292,4687,7720,6394,11169,11528,13125,18859,19442,28312,36589,10347,18455,399769,148204,47146,28440,108136,23143,1215,41,28
2021-05-22T23:59:59+02:00,14,9,7758,6870,14984,14896,19584,21882,49164,50794,70504,71448,54289,58025,36751,47332,11488,20458,2501,2455,4131,5286,4685,7720,6391,11166,11519,13122,18846,19436,28311,36589,10347,18455,399714,148167,47146,28440,108136,23119,1213,41,28
2021-05-21T23:59:59+02:00,14,8,7684,6773,14854,14761,19379,21722,48923,50560,70363,71342,54262,57998,36744,47325,11482,20452,2430,2371,4044,5147,4582,7507,6268,10869,11347,12833,18780,19370,28295,36559,10344,18453,398142,147915,47143,28439,108111,21614,1210,40,28
2021-05-20T23:59:59+02:00,14,8,7411,6480,14268,14238,18443,20847,46240,48204,69208,70366,53904,57630,36636,47183,11451,20421,2168,2209,3682,4782,4139,6959,5713,10036,10260,11734,17503,18075,27790,35961,10270,18306,387144,142662,46977,28149,107803,17763,992,36,28
2021-05-19T23:59:59+02:00,13,7,7171,6258,13606,13757,17175,19848,42250,44722,67718,69058,53450,57104,36472,46955,11414,20370,2092,2009,3517,4443,3891,6435,5268,9351,9266,10618,16027,16426,27095,35046,10144,18097,372369,135498,46405,28006,107566,15238,972,36,18
2021-05-18T23:59:59+02:00,13,5,6974,6079,13061,13327,16080,18991,37530,40702,66265,67734,52894,56565,36321,46731,11373,20314,2045,1879,3379,4254,3705,6118,4933,8870,8398,9746,14443,14690,26387,34194,10054,17925,356267,128863,46341,27443,107407,13795,908,36,18
2021-05-17T23:59:59+02:00,13,5,6840,5985,12738,13079,15583,18601,35350,38836,65428,66952,52621,56250,36238,46622,11359,20277,1974,1817,3191,4073,3484,5888,4610,8498,7621,9046,11182,10672,25477,33044,9973,17757,352547,123647,42064,21355,107327,12491,803,36,18
2021-05-16T23:59:59+02:00,13,5,6777,5901,12612,12925,15410,18433,34859,38366,65242,66782,52564,56187,36225,46594,11354,20272,1916,1720,3087,3950,3404,5786,4505,8353,7438,8858,8990,8073,24995,32362,9939,17700,351066,122506,41555,16004,107291,11981,574,35,18
2021-05-15T23:59:59+02:00,13,5,6772,5892,12606,12919,15406,18428,34852,38363,65240,66780,52564,56186,36225,46594,11354,20272,1915,1719,3084,3944,3399,5783,4500,8350,7436,8855,8988,8071,24994,32362,9939,17700,351021,122475,41555,16004,107289,11978,571,35,18
2021-05-14T23:59:59+02:00,13,5,6575,5795,12363,12858,15174,18336,33877,37571,64704,66371,52468,56099,36208,46560,11352,20267,1799,1631,2973,3875,3342,5675,4450,8204,7388,8726,8981,8065,24993,32362,9939,17699,347651,122417,41523,16000,106828,11115,560,34,17
2021-05-13T23:59:59+02:00,13,5,6328,5608,11959,12604,14609,17886,30345,34782,62229,64294,51837,55425,36072,46341,11340,20219,1756,1591,2917,3798,3310,5583,4407,8101,7305,8607,8942,8006,24974,32320,9934,17695,333664,122166,41298,15976,106403,10596,497,34,17
2021-05-12T23:59:59+02:00,13,5,6311,5584,11886,12541,14500,17777,29709,34206,61722,63841,51664,55252,36036,46296,11333,20206,1756,1588,2916,3797,3305,5583,4405,8100,7303,8601,8935,8003,24974,32318,9934,17694,330669,122144,41286,15965,106398,10595,497,32,17
2021-05-11T23:59:59+02:00,12,5,5989,5449,11444,12265,13954,17395,25450,30717,59341,61838,51003,54574,35848,46053,11312,20143,1714,1473,2813,3535,3184,5207,4266,7657,7151,8279,8851,7920,24945,32278,9931,17683,315743,121904,41233,15779,105415,8821,372,29,17
2021-05-10T23:59:59+02:00,12,5,5861,5376,11281,12151,13735,17226,21981,27958,58094,60722,50640,54223,35756,45930,11297,20112,1676,1377,2727,3305,3083,4875,4155,7167,7029,7842,8810,7860,24933,32257,9929,17679,305826,121758,41073,15630,105125,6998,307,29,17
2021-05-09T23:59:59+02:00,12,5,5784,5344,11192,12086,13634,17145,20378,26777,57629,60336,50537,54124,35730,45889,11290,20107,1659,1355,2669,3181,3032,4735,4110,7047,6976,7748,8799,7848,24926,32251,9928,17679,305256,121713,37500,15584,104921,6341,294,28,17
2021-05-08T23:59:59+02:00,12,5,5781,5341,11181,12082,13624,17136,20370,26771,57620,60330,50534,54116,35726,45886,11288,20104,1658,1355,2669,3179,3032,4735,4107,7044,6975,7747,8798,7848,24925,32249,9928,17679,305166,121698,37499,15584,104920,6341,294,28,17
2021-05-07T23:59:59+02:00,12,5,5741,5306,11116,12033,13516,17057,19916,26415,56622,59519,50405,53986,35696,45855,11285,20090,1554,1312,2589,3134,2990,4706,4073,7021,6953,7715,8790,7840,24923,32248,9928,17678,302001,121663,37482,15576,104776,5915,289,27,17
2021-05-06T23:59:59+02:00,12,5,5489,5194,10602,11725,12810,16604,18618,25426,52361,55862,49210,52607,35367,45454,11234,19989,1330,1180,2353,2962,2822,4541,3922,6821,6803,7565,8717,7761,24903,32213,9925,17671,286868,121399,37296,15438,104220,4479,162,23,17
2021-05-05T23:59:59+02:00,12,5,5230,5095,10107,11491,12055,16154,17285,24446,48002,51722,47543,50693,34931,44884,11159,19869,1284,1086,2290,2834,2738,4362,3828,6583,6696,7366,8602,7667,24841,32138,9919,17655,269710,120919,37070,15393,103833,3519,47,23,17
2021-05-04T23:59:59+02:00,12,5,5146,5010,9792,11279,11603,15766,16308,23579,46130,49694,46476,49390,34558,44398,11093,19761,1272,1067,2261,2793,2697,4277,3776,6475,6624,7290,8559,7628,24821,32121,9918,17650,259353,120702,37046,15331,103554,3161,24,23,17
2021-05-03T23:59:59+02:00,12,5,5043,4923,9442,11108,11142,15503,15247,22716,44559,48076,45596,48439,34338,44051,11065,19671,1257,1041,2229,2761,2655,4213,3728,6421,6549,7236,7989,6938,23077,29792,9780,17413,250334,114883,37037,15249,103526,2920,16,23,17
2021-05-02T23:59:59+02:00,12,5,4980,4904,9327,11072,10996,15442,14634,22227,44040,47666,45456,48273,34289,43989,11059,19660,1253,1036,2211,2758,2642,4205,3699,6407,6529,7222,7800,6694,21101,27382,9733,17325,249124,114860,35401,10237,103472,2877,11,23,17
2021-05-01T23:59:59+02:00,12,5,4980,4902,9322,11068,10993,15439,14630,22223,44038,47662,45455,48273,34289,43989,11059,19660,1252,1036,2211,2758,2642,4205,3698,6407,6528,7222,7800,6693,21101,27382,9733,17325,249094,114857,35401,10237,103470,2876,11,23,17
2021-04-30T23:59:59+02:00,12,5,4933,4879,9256,11053,10938,15414,14554,22197,42557,46249,45121,47942,34252,43937,11054,19650,1043,941,2014,2668,2543,4144,3612,6347,6465,7163,7793,6676,21100,27380,9733,17325,245110,114848,35401,10234,103458,1843,11,23,16
2021-04-29T23:59:59+02:00,12,5,4691,4797,8785,10902,10333,15242,13868,21989,37623,41932,44110,46914,34131,43819,11050,19620,861,862,1840,2589,2457,4078,3504,6276,6396,7115,7771,6657,21095,27374,9733,17325,231373,114815,35298,10130,103118,966,11,23,16
2021-04-28T23:59:59+02:00,12,5,4515,4762,8535,10817,9982,15152,13514,21834,32980,37431,42865,45662,34005,43671,11036,19602,819,832,1802,2543,2424,4002,3468,6167,6347,7024,7752,6638,21083,27361,9728,17318,218161,114732,35280,10082,102908,474,10,21,15
2021-04-27T23:59:59+02:00,11,4,4284,4547,8191,10369,9597,14568,13045,21186,31854,36307,42586,45382,33989,43643,11032,19599,791,818,1768,2519,2406,3984,3450,6148,6312,6997,7741,6630,21078,27356,9725,17312,215445,114674,35270,10051,99448,290,10,21,15
2021-04-26T23:59:59+02:00,11,4,4262,4519,8116,10331,9489,14513,12896,21126,27445,31927,41368,44161,33909,43543,11019,19588,759,807,1738,2500,2377,3964,3427,6127,6261,6951,7693,6581,21047,27325,9725,17305,203571,114474,35261,10007,99365,86,10,20,15
2021-04-25T23:59:59+02:00,11,4,4239,4506,8084,10304,9426,14481,12803,21080,25478,29886,40668,43400,33862,43485,11015,19583,747,799,1726,2486,2359,3949,3403,6106,6229,6922,7673,6565,21030,27304,9724,17301,202906,114448,30150,9774,99230,82,9,20,15
2021-04-24T23:59:59+02:00,11,4,4220,4495,8054,10276,9385,14465,12751,21059,23976,28224,39910,42560,33797,43409,11012,19577,746,798,1723,2484,2358,3945,3403,6102,6229,6919,7671,6562,21029,27304,9724,17301,197844,114427,30150,9773,99162,79,9,20,15
2021-04-23T23:59:59+02:00,10,4,3955,4343,7586,9982,8957,14110,12189,20657,23496,27924,39823,42498,33776,43375,11006,19570,732,788,1706,2471,2338,3929,3380,6079,6207,6900,7657,6544,21024,27293,9724,17300,197495,114412,30135,9574,95604,67,9,18,15
2021-04-22T23:59:59+02:00,10,4,3863,4285,7396,9867,8679,13917,11745,20329,21171,25564,37071,39260,33251,42708,10935,19450,719,779,1679,2441,2280,3872,3309,6007,6099,6804,7578,6457,20971,27249,9721,17285,184486,114293,29946,8875,95046,65,9,18,13
2021-04-21T23:59:59+02:00,10,4,3835,4253,7268,9789,8497,13746,11412,20040,19913,24360,33864,35550,32770,42008,10873,19324,695,761,1645,2413,2236,3847,3275,5974,6057,6764,7549,6430,20952,27225,9718,17281,172745,114182,29774,8562,94970,61,9,18,13
2021-04-20T23:59:59+02:00,10,4,3801,4226,7162,9720,8283,13590,11046,19743,18820,23213,30558,31907,32297,41411,10816,19217,687,751,1630,2401,2203,3825,3232,5929,6016,6723,7509,6385,20927,27202,9712,17278,161136,114027,29751,8307,94910,59,9,18,13
2021-04-19T23:59:59+02:00,10,4,3782,4209,7088,9682,8165,13480,10791,19557,18157,22553,29688,30782,32006,41048,10774,19143,679,746,1608,2387,2179,3795,3197,5896,5982,6692,7465,6352,20896,27174,9710,17274,156312,113895,29733,8063,94847,57,9,18,13
2021-04-18T23:59:59+02:00,10,4,3779,4203,7072,9668,8150,13462,10756,19532,18070,22471,29567,30657,31978,41026,10771,19135,677,742,1593,2375,2162,3780,3172,5870,5953,6669,7443,6339,20878,27152,9707,17271,155822,113836,29666,7874,94797,56,9,17,13
2021-04-17T23:59:59+02:00,10,4,3778,4201,7070,9666,8147,13462,10750,19525,18057,22460,29544,30644,31976,41024,10771,19135,676,742,1592,2374,2160,3779,3169,5869,5951,6667,7443,6339,20878,27152,9707,17271,155742,113823,29665,7874,94791,55,9,17,13
2021-04-16T23:59:59+02:00,10,4,3611,4163,6725,9537,7779,13275,10353,19280,17603,22185,29341,30486,31894,40935,10757,19116,664,724,1580,2359,2133,3764,3115,5832,5909,6617,7351,6250,20465,26587,9677,17210,154993,112499,29657,7669,92378,52,9,17,13
2021-04-15T23:59:59+02:00,10,4,3510,4084,6374,9165,7202,12775,9576,18447,16282,20959,28146,29194,31375,40295,10678,18942,634,701,1528,2321,2052,3677,3005,5712,5582,6379,6854,5863,19732,25672,9581,17042,149263,109143,29364,7128,88365,47,9,17,13
2021-04-14T23:59:59+02:00,9,4,3457,4034,6141,8928,6871,12398,8956,17898,15162,19928,26740,27693,30746,39419,10571,18747,600,675,1482,2283,1977,3599,2863,5589,5273,6144,6312,5355,18718,24390,9496,16869,142474,104895,29165,6672,86038,41,9,16,13
2021-04-13T23:59:59+02:00,9,4,3425,4002,6050,8850,6723,12268,8654,17652,14364,19237,23406,24143,29818,38244,10467,18575,595,666,1469,2261,1947,3565,2768,5518,5058,5960,5949,5014,18419,24046,9457,16803,130881,102798,29155,6641,85830,40,9,16,12
2021-04-12T23:59:59+02:00,9,4,3403,3981,6000,8791,6635,12184,8436,17458,13747,18708,22404,22992,29394,37686,10398,18453,585,658,1459,2253,1924,3544,2712,5469,4910,5856,5630,4733,18126,23743,9419,16743,125802,101213,29136,6495,85720,40,9,16,12
2021-04-11T23:59:59+02:00,9,4,3397,3975,5982,8767,6607,12167,8396,17435,13658,18648,22274,22844,29345,37624,10389,18429,582,653,1446,2243,1911,3536,2695,5452,4872,5819,5571,4674,17953,23509,9398,16714,125269,100549,29069,6423,85587,40,9,16,12
2021-04-10T23:59:59+02:00,9,4,3389,3974,5959,8766,6585,12166,8374,17434,13634,18646,22269,22841,29341,37623,10389,18429,581,651,1440,2236,1906,3533,2689,5444,4856,5811,5559,4657,17790,23255,9384,16690,125248,100036,28978,6391,85582,40,8,16,12
2021-04-09T23:59:59+02:00,8,4,3351,3962,5912,8754,6527,12147,8335,17407,13583,18600,20318,20433,28860,37008,10359,18380,568,638,1414,2214,1879,3509,2647,5408,4785,5749,5443,4554,17213,22522,9346,16619,124554,98270,23870,6192,85502,32,7,15,12
2021-04-08T23:59:59+02:00,8,4,3327,3943,5843,8723,6452,12109,8245,17344,13439,18481,17726,17370,28340,36343,10322,18330,526,608,1325,2132,1785,3412,2468,5224,4291,5385,4639,3947,15433,20293,9160,16317,123687,91289,18015,5621,84626,22,6,15,12
2021-04-07T23:59:59+02:00,6,4,3249,3915,5633,8673,6245,12049,8036,17269,13178,18385,15061,14302,27664,35545,10292,18277,503,580,1272,2077,1690,3332,2315,5084,3883,5055,3924,3382,14581,19428,9048,16136,123478,86985,16481,5274,77804,19,5,15,12
2021-04-06T23:59:59+02:00,5,4,3221,3905,5587,8655,6175,12026,7949,17233,13105,18314,13078,11938,27032,34831,10279,18247,472,557,1204,2022,1605,3250,2153,4965,3513,4779,3399,2972,13740,18429,8974,16020,123352,83354,16279,4675,71933,15,5,15,10
2021-04-05T23:59:59+02:00,5,4,3219,3902,5551,8641,6138,12014,7904,17217,13033,18278,13033,11892,27021,34815,10278,18244,440,527,1152,1985,1554,3209,2085,4911,3425,4703,3342,2920,13597,18258,8965,16002,123328,82863,16071,4188,71771,15,4,15,10
2021-04-04T23:59:59+02:00,5,4,3218,3900,5551,8639,6136,12013,7903,17215,13033,18278,13030,11892,27020,34815,10278,18244,439,526,1151,1985,1554,3209,2084,4911,3425,4703,3342,2920,13596,18258,8965,16002,123318,82858,16071,4188,71766,15,4,15,10
2021-04-03T23:59:59+02:00,5,4,3217,3900,5551,8638,6136,12013,7903,17215,13033,18278,13030,11891,27019,34812,10278,18244,439,524,1151,1985,1553,3209,2084,4910,3419,4700,3336,2909,13509,18122,8956,15986,123313,82580,16071,4188,71764,15,4,15,10
2021-04-02T23:59:59+02:00,5,4,3217,3897,5548,8633,6132,12004,7895,17203,13007,18247,12984,11839,26991,34793,10275,18240,436,517,1149,1981,1541,3200,2074,4888,3389,4667,3305,2880,12580,16877,8891,15878,123147,80124,16068,4107,71680,15,4,15,8
2021-04-01T23:59:59+02:00,5,4,3202,3883,5509,8613,6065,11972,7825,17168,12896,18175,12869,11712,26933,34717,10266,18225,389,473,1052,1914,1441,3112,1924,4775,3187,4535,3073,2680,10554,14286,8782,15703,122832,74541,15945,3318,71245,15,3,14,8
2021-03-31T23:59:59+02:00,5,4,3201,3870,5492,8579,6032,11936,7782,17123,12815,18106,12755,11589,26881,34655,10258,18216,351,451,1016,1872,1369,3072,1820,4672,2932,4339,2662,2365,7985,11058,8606,15464,122520,67036,15905,2978,70858,14,3,13,7
2021-03-30T23:59:59+02:00,5,4,3194,3859,5467,8551,6000,11905,7743,17083,12738,18040,12668,11452,26844,34607,10253,18206,330,432,993,1840,1309,3037,1696,4593,2686,4167,2296,2118,7104,9975,8540,15337,122389,63733,15873,2701,70342,14,2,13,7
2021-03-29T23:59:59+02:00,5,4,3182,3855,5438,8532,5964,11871,7699,17050,12664,17963,12023,10695,24978,32122,10104,17951,324,429,986,1825,1289,3012,1661,4555,2540,4082,2009,1970,6454,9267,8496,15259,116404,61443,15703,2698,69978,12,2,13,7
2021-03-28T23:59:59+02:00,5,4,3152,3839,5390,8494,5914,11828,7618,16995,12554,17893,11760,10392,22994,29661,10049,17852,323,427,984,1824,1281,3008,1657,4553,2528,4074,1984,1950,6431,9252,8494,15254,116345,61313,10524,2696,69510,12,2,13,5
2021-03-27T23:59:59+01:00,5,4,3140,3835,5351,8483,5878,11813,7571,16980,12508,17846,11726,10349,22990,29653,10049,17852,323,427,984,1824,1281,3008,1656,4551,2526,4072,1982,1948,6383,9177,8462,15205,116277,61098,10523,2696,69218,12,2,13,5
2021-03-26T23:59:59+01:00,5,4,3004,3511,4900,7328,5383,10493,6960,14934,11699,15570,11506,10169,22507,28927,10004,17781,322,423,980,1821,1275,3003,1653,4549,2521,4065,1974,1942,6253,8989,8320,15020,114731,60421,10269,2684,59670,2,2,13,5
2021-03-25T23:59:59+01:00,5,3,2878,3244,4740,6563,5157,9346,6636,13214,10975,13769,10651,9368,21791,28088,9931,17626,317,414,974,1812,1260,2984,1634,4514,2486,4017,1908,1883,5962,8561,8048,14574,111827,58664,9583,2680,52560,1,2,13,5
2021-03-24T23:59:59+01:00,5,3,2831,3200,4664,6502,5023,9240,6430,13043,10464,13363,9818,8547,20780,26832,9834,17445,315,409,969,1807,1243,2974,1623,4490,2443,3967,1847,1810,5602,8091,7638,13907,107821,56465,9235,2668,50956,1,0,12,5
2021-03-23T23:59:59+01:00,5,3,2803,3167,4596,6436,4912,9146,6220,12882,10008,12942,9104,7880,20272,26230,9782,17340,303,396,951,1798,1228,2953,1595,4469,2393,3919,1777,1746,5325,7713,7251,13290,105446,54438,8903,2667,49367,1,0,12,5
2021-03-22T23:59:59+01:00,5,3,2785,3128,4536,6398,4837,9078,6081,12745,9647,12671,8503,7315,19858,25797,9722,17247,301,393,939,1792,1215,2940,1583,4456,2368,3895,1752,1725,5188,7539,6809,12476,103972,52706,8646,2662,47726,1,0,12,4
2021-03-21T23:59:59+01:00,5,3,2778,3113,4491,6376,4786,9041,5989,12677,9459,12483,8198,7059,19691,25631,9710,17222,301,393,938,1792,1213,2940,1582,4455,2365,3895,1745,1719,5179,7534,6779,12419,103772,52601,8416,2645,46512,1,0,12,4
2021-03-20T23:59:59+01:00,5,3,2778,3108,4483,6371,4779,9038,5985,12669,9439,12469,8165,7028,19517,25354,9694,17196,301,393,938,1791,1212,2940,1581,4454,2361,3887,1733,1706,5166,7485,6603,12183,103215,52110,8404,2621,46450,1,0,12,4
2021-03-19T23:59:59+01:00,5,3,2743,3084,4410,6327,4670,8988,5845,12611,9173,12281,7862,6804,19034,24764,9662,17137,301,393,937,1790,1212,2937,1578,4453,2355,3882,1717,1697,5130,7442,6201,11567,101913,50988,8162,2601,45316,1,0,12,4
2021-03-18T23:59:59+01:00,5,3,2677,3010,4247,6192,4422,8783,5487,12305,8270,11611,6603,5792,17783,23408,9513,16912,298,388,932,1780,1198,2924,1539,4437,2290,3837,1639,1655,5059,7335,5471,10459,97028,48681,7620,2559,42363,0,0,12,3
2021-03-17T23:59:59+01:00,5,3,2639,2972,4168,6094,4284,8675,5233,12029,7596,11044,5619,4898,16439,21878,9348,16658,294,386,928,1773,1194,2916,1523,4416,2224,3813,1574,1610,5014,7272,4899,9581,91624,46912,7118,2504,40828,0,0,12,3
2021-03-16T23:59:59+01:00,5,3,2619,2943,4105,6027,4192,8579,5057,11873,7146,10656,4857,4283,15589,20901,9247,16491,290,384,925,1768,1191,2909,1515,4406,2202,3794,1544,1593,4977,7229,4398,8776,87999,45475,7082,2425,39481,0,0,11,3
2021-03-15T23:59:59+01:00,5,3,2616,2932,4089,6009,4161,8553,5008,11826,7028,10542,4711,4122,15271,20491,9218,16432,288,380,924,1762,1185,2902,1501,4397,2181,3772,1504,1576,4919,7156,3821,7916,87233,43893,6985,2290,38788,0,0,11,3
2021-03-14T23:59:59+01:00,5,2,2611,2923,4068,5990,4131,8534,4966,11793,6934,10454,4607,4009,15141,20321,9202,16396,286,379,924,1760,1179,2895,1496,4386,2170,3765,1494,1570,4911,7148,3816,7903,86927,43832,6967,2249,38183,0,0,10,3
2021-03-13T23:59:59+01:00,5,2,2607,2916,4063,5978,4123,8528,4958,11784,6914,10441,4585,3983,14825,19883,9182,16360,286,379,924,1760,1179,2895,1496,4386,2170,3765,1494,1570,4911,7147,3816,7903,86042,43831,6945,2249,38140,0,0,10,3
2021-03-12T23:59:59+01:00,5,2,2544,2840,3952,5808,4004,8307,4821,11485,6736,10171,4432,3845,13905,18628,9121,16259,286,378,922,1757,1179,2892,1494,4381,2169,3758,1487,1568,4904,7128,3814,7888,83583,43756,6883,2248,36391,0,0,8,3
2021-03-11T23:59:59+01:00,4,2,2419,2615,3726,5481,3748,7869,4496,10722,6110,9361,3916,3345,12304,16635,9023,16112,286,377,918,1753,1176,2878,1485,4369,2157,3731,1447,1540,4863,7093,3802,7861,79265,43608,6721,2127,31894,0,0,8,3
2021-03-10T23:59:59+01:00,4,2,2297,2482,3575,5248,3554,7546,4228,10235,5557,8793,3345,2903,10037,13924,8878,15886,283,373,914,1744,1169,2867,1481,4353,2135,3716,1418,1532,4833,7078,3793,7853,72973,43542,6550,1999,28963,0,0,8,3
2021-03-09T23:59:59+01:00,4,2,2271,2430,3509,5162,3441,7457,4057,10040,5165,8442,2866,2547,8531,11911,8776,15737,282,372,914,1738,1162,2858,1477,4345,2127,3705,1404,1527,4825,7073,3790,7851,68124,43501,6400,1948,27816,0,0,8,3
2021-03-08T23:59:59+01:00,4,2,2247,2357,3452,5095,3368,7373,3934,9929,4873,8253,2419,2287,6614,9512,8657,15563,282,369,913,1728,1156,2842,1471,4334,2124,3698,1393,1520,4809,7053,3783,7842,62449,43394,6066,1922,27416,0,0,8,3
2021-03-07T23:59:59+01:00,4,2,2184,2301,3356,4987,3272,7284,3837,9842,4738,8158,2368,2236,6592,9491,8657,15555,282,368,912,1728,1156,2841,1471,4334,2124,3698,1393,1520,4808,7053,3783,7842,62322,43392,5385,1920,27149,0,0,8,3
2021-03-06T23:59:59+01:00,4,2,2176,2288,3344,4978,3268,7279,3828,9833,4727,8155,2366,2234,6546,9421,8625,15506,282,368,911,1724,1155,2840,1471,4331,2120,3693,1392,1515,4802,7048,3781,7833,62113,43345,5325,1920,27134,0,0,8,3
2021-03-05T23:59:59+01:00,4,2,2045,2203,3120,4790,3029,6968,3551,9439,4398,7819,2279,2173,6339,9103,8434,15245,282,366,909,1721,1155,2839,1470,4325,2117,3687,1386,1513,4796,7042,3780,7827,61135,43294,4486,1920,25312,0,0,8,3
2021-03-04T23:59:59+01:00,4,2,1792,1983,2711,4358,2573,6328,2987,8536,3713,7007,2066,2013,6048,8737,8160,14792,279,365,908,1713,1153,2822,1469,4309,2108,3675,1375,1511,4785,7028,3773,7816,59500,43171,3214,1917,21088,0,0,8,3
2021-03-03T23:59:59+01:00,4,2,1720,1895,2605,4173,2440,6101,2847,8250,3527,6743,1985,1936,5710,8264,7808,14212,278,361,908,1703,1151,2799,1465,4285,2103,3660,1350,1500,4780,7022,3769,7809,57503,43026,3071,1917,19640,0,0,8,2
2021-03-02T23:59:59+01:00,4,2,1684,1814,2537,4055,2359,5952,2742,8069,3413,6591,1913,1869,5402,7828,7409,13544,276,356,905,1684,1148,2778,1462,4266,2102,3649,1325,1494,4770,7006,3763,7802,55422,42869,2829,1917,18928,0,0,8,2
2021-03-01T23:59:59+01:00,2,2,1674,1787,2498,3947,2311,5837,2706,7968,3360,6513,1873,1849,5264,7665,6939,12682,275,354,901,1678,1146,2766,1460,4253,2100,3634,1320,1489,4767,7004,3762,7796,53572,42788,2818,1917,18479,0,0,8,2
2021-02-28T23:59:59+01:00,2,2,1657,1749,2463,3876,2281,5782,2663,7889,3333,6465,1867,1845,5256,7660,6904,12623,275,354,900,1678,1146,2766,1460,4252,2100,3633,1320,1489,4767,7003,3762,7796,53450,42785,2816,1916,18043,0,0,8,2
2021-02-27T23:59:59+01:00,2,2,1655,1743,2459,3868,2277,5782,2662,7888,3330,6462,1861,1835,5247,7616,6734,12404,275,354,890,1673,1136,2759,1450,4243,2083,3624,1319,1486,4767,7002,3762,7796,52987,42781,2816,1838,18016,0,0,8,2
2021-02-26T23:59:59+01:00,2,1,1466,1586,2335,3626,2200,5377,2570,7384,3243,6004,1846,1810,5222,7583,6475,12015,274,352,883,1666,1128,2740,1444,4221,2073,3610,1312,1477,4760,6990,3759,7784,52244,42704,2796,1770,15697,0,0,8,1
2021-02-25T23:59:59+01:00,2,1,1250,1309,2115,3191,2027,4627,2373,6440,3003,5105,1757,1739,5172,7504,5906,11174,272,344,876,1606,1094,2645,1411,4111,2017,3535,1275,1456,4718,6949,3741,7732,50376,42241,2784,1542,11528,0,0,7,1
2021-02-24T23:59:59+01:00,2,1,1197,1098,2008,2924,1922,4289,2240,6035,2832,4836,1683,1684,5114,7414,5151,9997,270,338,838,1559,1044,2554,1350,3995,1928,3407,1235,1429,4703,6923,3731,7715,48050,41984,2772,1036,9598,0,0,7,1
2021-02-23T23:59:59+01:00,2,1,1182,1048,1975,2860,1896,4190,2214,5950,2798,4775,1675,1669,5079,7366,4521,8978,270,337,811,1532,996,2502,1297,3917,1822,3332,1184,1404,4680,6898,3720,7681,46283,41787,2746,597,9143,0,0,7,1
2021-02-22T23:59:59+01:00,2,1,1174,1006,1925,2717,1852,4045,2159,5754,2744,4669,1664,1658,5045,7317,3918,8094,268,327,768,1493,942,2419,1209,3810,1683,3235,1095,1347,4640,6829,3694,7578,44676,41329,2726,9,8336,0,0,6,1
2021-02-21T23:59:59+01:00,2,1,1172,992,1895,2655,1826,3948,2132,5650,2724,4606,1657,1652,5042,7308,3918,8090,266,325,763,1487,934,2387,1207,3774,1670,3195,1086,1332,4624,6804,3672,7537,44623,41055,2716,9,7925,0,0,6,1
2021-02-20T23:59:59+01:00,2,1,1172,992,1895,2654,1825,3948,2132,5650,2722,4601,1648,1643,5038,7302,3916,8087,266,325,763,1486,933,2383,1206,3770,1669,3193,1086,1332,4572,6743,3626,7479,44608,40825,2691,8,7923,0,0,6,1
2021-02-19T23:59:59+01:00,2,1,1172,989,1892,2649,1824,3939,2131,5641,2719,4598,1629,1635,5025,7285,3913,8082,265,324,759,1476,924,2359,1199,3727,1642,3140,1059,1294,4382,6490,3449,7188,44529,39670,2672,8,7919,0,0,6,1
2021-02-18T23:59:59+01:00,2,1,1140,907,1853,2530,1786,3802,2078,5437,2657,4425,1614,1619,5009,7252,3908,8056,237,295,714,1352,877,2154,1112,3390,1526,2844,950,1107,3899,5720,3057,6340,44379,35567,2639,8,7052,0,0,6,1
2021-02-17T23:59:59+01:00,2,1,1091,778,1772,2298,1710,3505,1969,5077,2582,4177,1590,1610,4989,7238,3900,8053,232,292,704,1334,868,2132,1100,3355,1507,2823,944,1104,3518,5199,2768,5921,44339,33794,2583,8,5414,0,0,6,1
2021-02-16T23:59:59+01:00,2,1,1050,741,1715,2196,1642,3333,1899,4870,2503,4071,1555,1596,4962,7217,3891,8041,226,286,690,1300,847,2078,1069,3237,1468,2737,920,1081,3168,4654,2429,5433,44285,31619,2421,5,4573,0,0,6,1
2021-02-15T23:59:59+01:00,2,1,1043,722,1695,2119,1623,3234,1880,4761,2489,3994,1527,1582,4933,7200,3859,7985,214,276,675,1266,828,2028,1049,3171,1426,2672,890,1050,2750,4103,2104,4872,44156,29371,2339,4,4148,0,0,6,1
2021-02-14T23:59:59+01:00,2,1,947,688,1617,2085,1561,3215,1837,4739,2454,3981,1520,1580,4924,7188,3856,7980,207,264,666,1248,810,1988,1033,3105,1396,2604,861,1005,2661,3965,2033,4689,44114,28533,2304,3,3752,0,0,5,1
2021-02-13T23:59:59+01:00,2,1,894,664,1587,2062,1546,3206,1821,4732,2446,3980,1519,1579,4924,7188,3855,7979,205,263,664,1248,810,1984,1033,3103,1395,2602,860,1005,2558,3840,1968,4589,44108,28125,2304,3,3568,0,0,5,1
2021-02-12T23:59:59+01:00,2,1,559,516,1239,1945,1374,3103,1681,4649,2339,3910,1500,1571,4915,7177,3848,7973,193,257,650,1222,796,1940,1007,3018,1340,2502,798,931,2334,3531,1826,4288,43995,26632,2304,2,1998,0,0,5,1
2021-02-11T23:59:59+01:00,2,1,393,439,1049,1832,1272,2984,1584,4536,2251,3821,1393,1526,4853,7128,3827,7926,155,193,550,978,661,1495,807,2346,1062,1909,560,684,1740,2660,1348,3100,43643,20249,2105,1,1064,0,0,5,0
2021-02-10T23:59:59+01:00,2,1,280,367,923,1727,1172,2862,1490,4352,2138,3698,1355,1514,4834,7117,3822,7924,133,131,378,617,490,1006,638,1738,895,1576,541,668,1335,2103,1037,2606,43568,15894,2001,0,5,0,0,4,0
2021-02-09T23:59:59+01:00,2,1,280,366,922,1721,1169,2853,1490,4346,2137,3693,1348,1511,4832,7115,3821,7922,130,129,369,587,471,979,617,1709,870,1546,539,665,955,1638,759,2204,43543,14169,1978,0,4,0,0,4,0
2021-02-08T23:59:59+01:00,2,1,280,364,921,1719,1166,2843,1483,4340,2135,3689,1343,1507,4830,7115,3820,7919,125,123,358,576,463,962,606,1678,852,1520,531,660,566,1153,458,1781,43514,12414,1955,0,4,0,0,4,0
2021-02-07T23:59:59+01:00,2,1,280,364,919,1719,1165,2843,1481,4338,2135,3689,1343,1507,4830,7114,3819,7919,121,120,354,570,462,955,603,1666,842,1504,523,657,565,1143,453,1766,43510,12306,1954,0,0,0,0,4,0
2021-02-06T23:59:59+01:00,2,1,280,364,919,1719,1165,2843,1481,4338,2135,3689,1343,1507,4830,7114,3819,7919,118,117,352,566,461,954,603,1664,842,1503,522,656,565,1143,453,1766,43510,12287,1954,0,0,0,0,4,0
2021-02-05T23:59:59+01:00,2,1,280,363,918,1719,1165,2842,1479,4337,2134,3689,1343,1507,4829,7112,3819,7916,117,109,349,562,453,941,599,1654,828,1480,517,646,559,1127,443,1744,43497,12130,1954,0,0,0,0,4,0
2021-02-04T23:59:59+01:00,2,1,276,358,911,1681,1158,2796,1479,4284,2121,3646,1337,1500,4801,7082,3808,7887,88,72,233,389,329,684,470,1264,619,1111,387,513,468,920,386,1502,43172,9436,1953,0,0,0,0,3,0
2021-02-03T23:59:59+01:00,2,1,274,349,906,1656,1154,2761,1468,4234,2112,3610,1329,1484,4779,7053,3796,7862,54,34,81,165,152,339,228,593,295,539,207,275,270,574,223,946,42874,4976,1953,0,0,0,0,3,0
2021-02-02T23:59:59+01:00,2,1,273,347,905,1644,1150,2742,1465,4202,2105,3584,1321,1478,4772,7039,3789,7840,15,10,25,49,60,95,73,164,91,120,43,74,66,128,51,193,42703,1258,1953,0,0,0,0,3,0
2021-02-01T23:59:59+01:00,2,1,273,343,905,1642,1149,2741,1464,4198,2104,3578,1320,1477,4770,7038,3789,7840,13,9,21,43,51,87,60,138,71,101,37,66,57,118,50,180,42678,1103,1953,0,0,0,0,3,0
2021-01-31T23:59:59+01:00,2,1,273,342,905,1638,1148,2736,1464,4193,2104,3575,1319,1477,4769,7037,3789,7840,13,8,20,38,44,79,54,127,64,97,33,55,48,109,47,174,42658,1011,1951,0,0,0,0,3,0
2021-01-30T23:59:59+01:00,2,1,273,342,900,1635,1140,2728,1456,4187,2100,3572,1319,1477,4716,6977,3744,7781,13,8,20,37,44,79,53,126,64,97,33,55,48,109,47,174,42430,1008,1917,0,0,0,0,3,0
2021-01-29T23:59:59+01:00,2,1,272,341,885,1627,1128,2707,1444,4157,2077,3545,1310,1471,4555,6774,3580,7578,11,8,20,37,41,79,52,124,61,96,32,51,47,109,47,174,41646,990,1805,0,0,0,0,3,0
2021-01-28T23:59:59+01:00,2,1,268,328,866,1540,1089,2597,1407,4055,2008,3470,1283,1458,4223,6305,3318,7226,7,4,9,17,22,38,21,57,36,63,20,33,32,71,37,117,39881,585,1560,0,0,0,0,3,0
2021-01-27T23:59:59+01:00,2,1,262,325,824,1485,1042,2503,1343,3957,1934,3363,1244,1431,3812,5741,3002,6768,3,4,9,8,12,20,8,23,14,29,11,14,15,39,15,56,37929,281,1107,0,0,0,0,3,0
2021-01-26T23:59:59+01:00,2,1,256,316,790,1439,977,2418,1282,3830,1818,3255,1185,1380,3469,5187,2654,6258,1,1,5,3,5,7,4,3,3,8,6,5,3,7,3,8,35854,73,660,0,0,0,0,3,0
2021-01-25T23:59:59+01:00,2,1,246,307,738,1378,916,2300,1181,3686,1660,3136,1106,1350,3077,4675,2345,5792,1,1,5,2,3,7,2,2,3,8,6,5,3,7,3,8,33833,67,61,0,0,0,0,2,0
2021-01-24T23:59:59+01:00,2,1,243,307,732,1374,905,2284,1176,3670,1632,3106,1100,1348,3051,4639,2328,5770,1,1,3,2,3,7,2,2,3,8,6,5,3,7,3,8,33659,65,7,0,0,0,0,2,0
2021-01-23T23:59:59+01:00,2,1,242,306,731,1374,905,2280,1175,3668,1629,3104,1099,1348,2946,4513,2262,5669,1,1,3,2,2,7,2,2,3,8,6,5,3,7,3,8,33246,64,6,0,0,0,0,2,0
2021-01-22T23:59:59+01:00,2,1,241,303,729,1358,903,2267,1169,3652,1625,3101,1097,1347,2787,4320,2161,5528,1,1,3,2,2,7,2,2,3,8,6,5,3,7,3,8,32583,64,6,0,0,0,0,2,0
2021-01-21T23:59:59+01:00,2,1,237,274,665,1202,836,2055,1088,3367,1529,2894,1054,1304,2446,3857,1872,5093,1,0,3,1,2,7,2,2,3,8,6,4,3,7,3,8,29770,61,6,0,0,0,0,0,0
2021-01-20T23:59:59+01:00,2,1,212,210,504,850,662,1564,888,2667,1293,2429,959,1171,1918,3112,1463,4329,1,0,3,1,2,7,2,2,3,6,5,4,3,7,3,8,24228,58,6,0,0,0,0,0,0
2021-01-19T23:59:59+01:00,2,1,186,191,457,743,608,1408,802,2370,1119,2123,790,916,1277,2186,1005,3265,0,0,2,1,0,0,0,0,2,1,1,0,0,0,0,0,19446,7,3,0,0,0,0,0,0
2021-01-18T23:59:59+01:00,1,1,138,136,379,618,486,1054,647,1826,928,1633,587,710,636,1267,506,1962,0,0,1,0,0,0,0,0,1,0,0,0,0,0,0,0,13513,2,2,0,0,0,0,0,0
2021-01-17T23:59:59+01:00,1,1,127,122,365,581,471,989,618,1709,869,1534,538,670,588,1170,464,1820,0,0,0,0,0,0,0,0,0,0,0,0,0,0,0,0,12637,0,0,0,0,0,0,0,0
2021-01-16T23:59:59+01:00,1,1,120,118,362,577,469,978,612,1696,863,1527,537,669,587,1165,460,1808,0,0,0,0,0,0,0,0,0,0,0,0,0,0,0,0,12550,0,0,0,0,0,0,0,0
2021-01-15T23:59:59+01:00,1,1,118,111,359,572,461,962,608,1685,848,1503,531,657,580,1149,452,1786,0,0,0,0,0,0,0,0,0,0,0,0,0,0,0,0,12384,0,0,0,0,0,0,0,0
2021-01-14T23:59:59+01:00,1,1,97,89,276,464,390,783,505,1415,694,1213,416,528,500,955,396,1603,0,0,0,0,0,0,0,0,0,0,0,0,0,0,0,0,10326,0,0,0,0,0,0,0,0
2021-01-13T23:59:59+01:00,1,1,67,49,164,282,254,519,353,923,473,779,256,324,309,630,252,1025,0,0,0,0,0,0,0,0,0,0,0,0,0,0,0,0,6661,0,0,0,0,0,0,0,0
2021-01-12T23:59:59+01:00,1,1,31,21,49,101,113,211,151,384,195,333,134,176,160,347,142,559,0,0,0,0,0,0,0,0,0,0,0,0,0,0,0,0,3109,0,0,0,0,0,0,0,0
2021-01-11T23:59:59+01:00,1,0,18,11,33,64,60,110,77,170,91,125,39,66,60,123,50,181,0,0,0,0,0,0,0,0,0,0,0,0,0,0,0,0,1279,0,0,0,0,0,0,0,0
2021-01-10T23:59:59+01:00,1,0,15,7,27,53,53,98,67,155,75,111,33,56,50,113,46,172,0,0,0,0,0,0,0,0,0,0,0,0,0,0,0,0,1132,0,0,0,0,0,0,0,0
2021-01-09T23:59:59+01:00,1,0,14,7,26,51,52,97,64,154,75,109,33,56,50,113,46,172,0,0,0,0,0,0,0,0,0,0,0,0,0,0,0,0,1120,0,0,0,0,0,0,0,0
2021-01-08T23:59:59+01:00,1,0,11,7,24,48,47,92,60,141,69,105,31,51,49,113,46,172,0,0,0,0,0,0,0,0,0,0,0,0,0,0,0,0,1067,0,0,0,0,0,0,0,0
2021-01-07T23:59:59+01:00,1,0,7,4,9,18,21,40,23,57,38,65,19,34,36,76,36,116,0,0,0,0,0,0,0,0,0,0,0,0,0,0,0,0,600,0,0,0,0,0,0,0,0
2021-01-06T23:59:59+01:00,1,0,7,4,9,15,14,29,15,40,25,53,15,25,30,67,34,101,0,0,0,0,0,0,0,0,0,0,0,0,0,0,0,0,484,0,0,0,0,0,0,0,0
2021-01-05T23:59:59+01:00,1,0,7,4,9,15,14,29,15,40,25,53,15,25,29,67,34,101,0,0,0,0,0,0,0,0,0,0,0,0,0,0,0,0,483,0,0,0,0,0,0,0,0
2021-01-04T23:59:59+01:00,1,0,2,4,8,5,4,14,4,8,6,16,6,5,6,16,4,13,0,0,0,0,0,0,0,0,0,0,0,0,0,0,0,0,122,0,0,0,0,0,0,0,0
2021-01-03T23:59:59+01:00,1,0,1,1,3,2,2,7,3,3,3,9,4,4,3,8,3,8,0,0,0,0,0,0,0,0,0,0,0,0,0,0,0,0,65,0,0,0,0,0,0,0,0
2021-01-02T23:59:59+01:00,1,0,1,1,3,2,2,7,3,3,3,9,4,4,3,8,3,8,0,0,0,0,0,0,0,0,0,0,0,0,0,0,0,0,65,0,0,0,0,0,0,0,0
2021-01-01T23:59:59+01:00,1,0,1,1,3,2,2,7,2,3,3,9,4,4,3,8,3,8,0,0,0,0,0,0,0,0,0,0,0,0,0,0,0,0,64,0,0,0,0,0,0,0,0
2020-12-31T23:59:59+01:00,1,0,1,1,3,1,2,7,2,2,3,8,4,4,3,8,3,8,0,0,0,0,0,0,0,0,0,0,0,0,0,0,0,0,61,0,0,0,0,0,0,0,0
2020-12-30T23:59:59+01:00,1,0,1,1,3,1,2,7,2,2,3,6,4,4,3,8,3,8,0,0,0,0,0,0,0,0,0,0,0,0,0,0,0,0,59,0,0,0,0,0,0,0,0
2020-12-29T23:59:59+01:00,1,0,1,1,2,1,2,6,2,2,3,6,2,2,2,8,2,7,0,0,0,0,0,0,0,0,0,0,0,0,0,0,0,0,50,0,0,0,0,0,0,0,0
2020-12-28T23:59:59+01:00,1,0,0,0,2,1,0,2,1,0,1,3,0,1,0,1,1,4,0,0,0,0,0,0,0,0,0,0,0,0,0,0,0,0,18,0,0,0,0,0,0,0,0
2020-12-27T23:59:59+01:00,0,0,0,0,0,0,0,1,1,0,1,2,0,1,0,1,1,4,0,0,0,0,0,0,0,0,0,0,0,0,0,0,0,0,12,0,0,0,0,0,0,0,0
