Datum,<15_1_m,<15_1_w,15-24_1_m,15-24_1_w,25-34_1_m,25-34_1_w,35-44_1_m,35-44_1_w,45-54_1_m,45-54_1_w,55-64_1_m,55-64_1_w,65-74_1_m,65-74_1_w,75-84_1_m,75-84_1_w,>84_1_m,>84_1_w,<15_2_m,<15_2_w,15-24_2_m,15-24_2_w,25-34_2_m,25-34_2_w,35-44_2_m,35-44_2_w,45-54_2_m,45-54_2_w,55-64_2_m,55-64_2_w,65-74_2_m,65-74_2_w,75-84_2_m,75-84_2_w,>84_2_m,>84_2_w,bp_1,bp_2,mo_1,mo_2,az_1,az_2,ja,unb_1,unb_2
2021-12-07T23:59:59+01:00,13877,13080,56263,52376,70570,61858,71625,67069,81404,79020,93194,90837,62407,67095,40476,52305,12859,23300,7035,6838,48654,45877,63285,54365,65663,60912,75896,73311,88776,86239,60444,64643,39326,50611,12349,22232,772247,698759,81294,77440,109905,104024,46158,62,75
2021-12-06T23:59:59+01:00,13559,12807,56175,52281,70482,61757,71546,66998,81356,78951,93136,90768,62374,67052,40463,52270,12849,23276,6936,6745,48306,45631,62950,54083,65424,60673,75665,73120,88586,86061,60364,64551,39302,50557,12341,22210,770759,695903,81268,77347,109905,104023,46157,62,75
2021-12-05T23:59:59+01:00,13381,12687,56113,52222,70426,61674,71489,66942,81328,78908,93111,90731,62340,67019,40451,52238,12848,23265,6888,6684,48119,45474,62718,53887,65249,60528,75529,72980,88474,85949,60314,64486,39289,50527,12334,22196,769840,694109,81262,77265,109905,104021,46155,62,75
2021-12-04T23:59:59+01:00,13302,12626,56066,52175,70383,61621,71462,66912,81297,78887,93092,90714,62332,67014,40448,52234,12848,23262,6834,6622,47863,45245,62460,53636,65062,60372,75387,72850,88361,85859,60294,64459,39284,50511,12333,22191,769343,692107,81261,77265,109905,104021,46155,62,75
2021-12-03T23:59:59+01:00,13035,12368,55944,52108,70326,61528,71402,66837,81247,78827,93050,90656,62313,66994,40438,52221,12847,23253,6707,6490,47356,44817,62015,53249,64718,60079,75112,72600,88180,85706,60259,64409,39265,50483,12330,22185,768069,688473,81254,77236,109905,104021,46155,62,75
2021-12-02T23:59:59+01:00,12602,11966,55776,51973,70168,61361,71287,66697,81166,78733,92972,90545,62271,66927,40421,52174,12834,23228,6524,6315,46767,44308,61483,52748,64261,59681,74729,72258,87933,85462,60175,64295,39219,50423,12317,22160,765815,683651,81222,77162,109904,104021,46149,62,75
2021-12-01T23:59:59+01:00,12283,11708,55637,51845,70029,61157,71182,66569,81063,78633,92887,90450,62224,66848,40401,52136,12824,23200,6395,6207,46314,43914,60948,52265,63852,59319,74400,71944,87657,85213,60105,64188,39184,50362,12312,22127,763848,679396,81170,77071,109904,104021,46143,62,75
2021-11-30T23:59:59+01:00,11897,11381,55522,51745,69897,61012,71108,66462,81002,78568,92817,90373,62191,66789,40383,52098,12811,23175,6337,6134,45992,43661,60628,51994,63607,59102,74170,71761,87511,85057,60039,64125,39153,50319,12309,22113,762024,676740,81151,77035,109904,104021,46141,62,75
2021-11-29T23:59:59+01:00,11348,10865,55385,51653,69758,60859,71012,66359,80920,78472,92743,90290,62142,66726,40368,52066,12800,23152,6262,6069,45650,43427,60256,51674,63327,58896,73925,71532,87340,84902,59992,64073,39123,50283,12302,22101,759726,673941,81139,76963,109904,104018,46137,62,75
2021-11-28T23:59:59+01:00,10847,10390,55320,51578,69685,60767,70937,66283,80867,78413,92684,90229,62121,66690,40354,52047,12783,23139,6215,6016,45528,43310,60095,51538,63196,58785,73811,71413,87242,84814,59960,64032,39103,50257,12298,22087,757962,672551,81122,76922,109904,104018,46134,62,75
2021-11-27T23:59:59+01:00,10610,10203,55292,51550,69649,60745,70926,66267,80852,78404,92678,90227,62119,66684,40354,52044,12782,23138,6206,6009,45504,43295,60059,51518,63179,58769,73789,71396,87223,84799,59956,64028,39103,50257,12298,22086,757356,672330,81120,76919,109904,104018,46132,62,75
2021-11-26T23:59:59+01:00,10033,9627,55188,51462,69550,60641,70865,66189,80781,78341,92622,90166,62100,66658,40341,52021,12782,23135,6169,5965,45345,43153,59880,51415,63036,58656,73675,71314,87149,84745,59942,64012,39094,50250,12296,22084,755344,671052,81116,76911,109904,104016,46126,62,75
2021-11-25T23:59:59+01:00,9299,8989,54969,51259,69344,60380,70698,65975,80634,78149,92503,90039,62054,66593,40317,51969,12769,23100,6026,5858,44964,42807,59474,51067,62703,58354,73378,71004,86950,84574,59894,63948,39062,50211,12289,22070,751915,667549,81085,76870,109904,104016,46123,62,75
2021-11-24T23:59:59+01:00,9079,8742,54779,51077,69154,60157,70521,65804,80486,78010,92390,89892,61997,66504,40291,51914,12760,23066,5964,5800,44670,42511,59062,50741,62385,58090,73088,70788,86720,84411,59833,63876,39037,50157,12278,22051,749548,664425,81047,76837,109904,104014,46111,62,75
2021-11-23T23:59:59+01:00,8872,8570,54588,50909,68945,59923,70367,65638,80346,77842,92282,89758,61932,66426,40253,51854,12741,23047,5929,5771,44491,42359,58847,50576,62205,57945,72909,70627,86582,84305,59797,63810,39010,50106,12263,22031,747251,662570,81028,76814,109904,104007,46097,62,75
2021-11-22T23:59:59+01:00,8735,8445,54412,50752,68763,59716,70205,65481,80224,77696,92171,89649,61875,66340,40216,51796,12727,23018,5899,5736,44353,42236,58656,50437,62034,57814,72775,70504,86459,84218,59756,63752,38990,50074,12255,22008,745229,660996,80994,76798,109904,104006,46081,62,75
2021-11-21T23:59:59+01:00,8654,8354,54257,50652,68601,59542,70085,65366,80128,77594,92099,89557,61838,66275,40191,51767,12726,23004,5887,5724,44308,42201,58582,50391,61969,57767,72724,70448,86401,84170,59734,63719,38972,50050,12251,22004,743741,660367,80970,76788,109900,104006,46066,62,75
2021-11-20T23:59:59+01:00,8603,8304,54173,50603,68510,59439,69993,65292,80077,77531,92063,89519,61831,66256,40187,51761,12726,23001,5883,5710,44289,42182,58552,50374,61949,57746,72697,70427,86391,84154,59732,63712,38971,50047,12251,22004,742997,660158,80896,76769,109900,104006,46063,62,75
2021-11-19T23:59:59+01:00,8484,8194,53981,50408,68336,59275,69855,65143,79962,77421,91975,89431,61798,66221,40178,51744,12721,22994,5868,5697,44191,42120,58447,50302,61868,57688,72602,70350,86330,84113,59711,63692,38965,50039,12250,22002,741356,659377,80805,76734,109900,104003,46046,62,75
2021-11-18T23:59:59+01:00,8165,7878,53576,50066,67978,58840,69561,64825,79735,77183,91801,89235,61715,66129,40146,51688,12719,22962,5758,5593,43892,41893,58161,50071,61651,57486,72407,70143,86158,83972,59641,63625,38929,49994,12239,21987,737507,656807,80764,76703,109900,104000,46015,62,75
2021-11-17T23:59:59+01:00,7942,7664,53226,49738,67667,58498,69267,64583,79516,76995,91646,89054,61645,66045,40115,51653,12714,22936,5691,5518,43666,41672,57843,49839,61433,57277,72206,69957,85997,83823,59579,63542,38906,49947,12234,21966,734309,654418,80699,76622,109899,104000,45981,62,75
2021-11-16T23:59:59+01:00,7801,7526,52770,49396,67292,58151,68990,64306,79271,76770,91478,88862,61576,65959,40077,51601,12704,22905,5671,5497,43530,41577,57688,49731,61326,57173,72086,69856,85899,83728,59532,63476,38871,49907,12231,21955,731021,653157,80578,76581,109899,104000,45921,62,75
2021-11-15T23:59:59+01:00,7697,7430,52458,49120,66916,57823,68721,64071,79064,76581,91325,88696,61504,65868,40060,51552,12698,22890,5651,5483,43441,41514,57571,49649,61249,57096,72018,69792,85842,83665,59493,63439,38855,49873,12226,21943,728177,652301,80521,76564,109899,103999,45861,62,75
2021-11-14T23:59:59+01:00,7633,7376,52191,48948,66622,57559,68520,63895,78914,76434,91207,88586,61455,65824,40045,51525,12695,22883,5647,5475,43364,41467,57493,49579,61193,57029,71952,69743,85793,83616,59456,63404,38845,49856,12221,21938,726133,651660,80480,76553,109899,103999,45784,62,75
2021-11-13T23:59:59+01:00,7514,7277,51758,48536,66201,57167,68203,63609,78640,76238,91041,88472,61428,65784,40029,51504,12692,22878,5628,5467,43317,41415,57439,49531,61152,56994,71903,69687,85746,83582,59443,63389,38834,49844,12218,21934,722811,651120,80467,76552,109899,103998,45778,62,75
2021-11-12T23:59:59+01:00,7352,7117,51139,48079,65645,56710,67779,63237,78325,75927,90842,88303,61392,65708,39998,51465,12688,22864,5604,5440,43173,41326,57329,49438,61052,56907,71807,69594,85663,83518,59408,63354,38826,49829,12210,21927,718515,650069,80426,76549,109898,103997,45715,62,75
2021-11-11T23:59:59+01:00,7149,6898,50311,47455,64978,56060,67258,62772,77882,75538,90587,88051,61320,65613,39967,51418,12677,22843,5529,5369,42988,41137,57147,49233,60891,56732,71672,69442,85532,83403,59355,63297,38792,49788,12200,21911,712916,648228,80337,76512,109898,103993,45610,62,75
2021-11-10T23:59:59+01:00,6950,6761,49511,46805,64142,55360,66621,62235,77396,75060,90277,87759,61232,65497,39932,51359,12670,22824,5494,5317,42779,40959,56926,49020,60713,56565,71520,69263,85405,83258,59290,63238,38751,49741,12193,21894,706794,646330,80224,76468,109896,103992,45461,62,75
2021-11-09T23:59:59+01:00,6841,6634,48850,46239,63466,54816,66150,61824,76983,74667,90003,87493,61157,65406,39902,51319,12665,22808,5467,5296,42628,40857,56793,48901,60611,56455,71425,69145,85314,83164,59239,63177,38728,49702,12185,21884,701987,645181,80051,76444,109888,103991,45280,62,75
2021-11-08T23:59:59+01:00,6737,6527,48198,45772,62826,54310,65673,61398,76584,74332,89761,87262,61081,65345,39875,51280,12660,22793,5443,5275,42522,40736,56664,48804,60526,56370,71335,69063,85251,83090,59194,63132,38717,49680,12179,21863,697607,644282,79809,76404,109888,103990,45093,62,75
2021-11-07T23:59:59+01:00,6693,6478,47924,45554,62534,54058,65436,61220,76378,74162,89646,87156,61046,65304,39868,51264,12658,22787,5431,5253,42460,40685,56588,48745,60467,56319,71280,69010,85216,83056,59173,63115,38706,49669,12177,21857,695530,643777,79766,76399,109887,103990,44966,62,75
2021-11-06T23:59:59+01:00,6680,6460,47889,45516,62475,54013,65402,61196,76353,74137,89628,87145,61046,65304,39868,51264,12658,22786,5428,5253,42456,40678,56574,48736,60461,56313,71275,69006,85210,83053,59173,63115,38706,49669,12177,21857,695195,643717,79761,76398,109887,103990,44960,62,75
2021-11-05T23:59:59+01:00,6612,6388,47630,45286,62176,53752,65154,61002,76155,73963,89509,87064,61038,65286,39867,51257,12658,22780,5404,5229,42388,40628,56497,48657,60402,56245,71210,68952,85176,83022,59162,63103,38699,49663,12175,21854,693131,643214,79754,76395,109882,103990,44792,62,75
2021-11-04T23:59:59+01:00,6459,6250,47070,44807,61613,53258,64688,60615,75810,73658,89308,86924,61006,65229,39846,51236,12651,22772,5331,5142,42207,40421,56320,48462,60248,56093,71089,68822,85064,82933,59125,63064,38684,49617,12170,21846,689043,641646,79703,76374,109882,103989,44554,62,75
2021-11-03T23:59:59+01:00,6376,6161,46609,44424,61016,52851,64297,60275,75483,73397,89096,86766,60975,65183,39835,51214,12645,22757,5290,5083,42024,40267,56088,48282,60118,55955,70966,68702,84980,82855,59089,63028,38664,49588,12165,21831,685465,640215,79648,76351,109882,103987,44347,62,75
2021-11-02T23:59:59+01:00,6324,6106,46336,44210,60642,52611,64000,60103,75275,73260,88975,86683,60958,65153,39825,51193,12640,22748,5266,5059,41916,40185,55990,48199,60026,55893,70893,68634,84926,82806,59065,62999,38649,49571,12158,21807,683334,639445,79620,76345,109879,103987,44190,62,75
2021-11-01T23:59:59+01:00,6267,6048,46118,44026,60385,52443,63764,59931,75103,73146,88887,86628,60945,65137,39815,51187,12638,22745,5240,5032,41850,40117,55896,48120,59925,55844,70820,68586,84874,82773,59056,62983,38642,49555,12153,21794,681784,638928,79609,76343,109873,103986,43928,62,75
2021-10-31T23:59:59+01:00,6262,6048,46114,44024,60380,52439,63760,59928,75102,73142,88885,86628,60945,65137,39815,51187,12638,22745,5238,5030,41850,40115,55896,48119,59923,55843,70818,68585,84874,82773,59056,62983,38642,49554,12153,21793,681752,638914,79608,76343,109873,103986,43927,62,75
2021-10-30T23:59:59+02:00,6262,6048,46114,44023,60378,52435,63760,59928,75100,73141,88884,86627,60945,65137,39815,51187,12638,22745,5238,5030,41850,40115,55895,48114,59922,55842,70818,68585,84874,82773,59056,62983,38641,49552,12153,21793,681741,638906,79608,76341,109873,103986,43926,62,75
2021-10-29T23:59:59+02:00,6236,6018,45978,43904,60161,52280,63567,59813,74960,73026,88791,86592,60940,65133,39808,51181,12638,22741,5218,5017,41789,40060,55814,48046,59837,55796,70758,68536,84844,82756,59049,62976,38639,49549,12152,21791,680644,638593,79594,76336,109873,103986,43637,62,75
2021-10-28T23:59:59+02:00,6162,5951,45711,43672,59824,52076,63306,59622,74739,72885,88669,86507,60910,65114,39800,51170,12637,22737,5190,4968,41671,39956,55660,47940,59720,55717,70662,68456,84773,82706,59031,62955,38623,49532,12146,21778,678653,637714,79561,76324,109873,103985,43386,62,75
2021-10-27T23:59:59+02:00,6091,5884,45473,43475,59546,51865,63131,59457,74585,72762,88574,86431,60893,65094,39798,51158,12633,22732,5150,4922,41491,39801,55500,47789,59617,55596,70565,68374,84720,82631,59007,62930,38601,49507,12141,21768,676917,636507,79541,76310,109872,103985,43233,62,75
2021-10-26T23:59:59+02:00,5986,5790,45169,43214,59194,51636,62904,59266,74394,72610,88477,86343,60876,65062,39793,51146,12627,22726,5074,4843,41292,39588,55318,47611,59490,55481,70482,68262,84638,82560,58977,62892,38580,49478,12138,21754,674749,635050,79526,76300,109871,103985,43048,62,75
2021-10-25T23:59:59+02:00,5980,5784,45141,43195,59154,51613,62879,59255,74368,72596,88462,86328,60875,65060,39791,51146,12627,22726,5070,4843,41280,39584,55298,47604,59475,55479,70474,68253,84633,82553,58977,62889,38579,49478,12137,21754,674569,635005,79525,76300,109869,103982,42998,62,75
2021-10-24T23:59:59+02:00,5952,5759,45048,43128,59032,51522,62787,59186,74280,72542,88416,86298,60867,65048,39788,51139,12625,22723,5060,4832,41223,39536,55228,47549,59426,55439,70440,68222,84608,82531,58964,62876,38574,49472,12136,21753,673884,634674,79518,76290,109869,103980,42850,62,75
2021-10-23T23:59:59+02:00,5952,5759,45047,43128,59031,51521,62787,59185,74280,72542,88416,86298,60867,65048,39788,51139,12625,22723,5060,4832,41223,39536,55227,47549,59426,55439,70440,68222,84608,82531,58963,62876,38574,49472,12136,21753,673880,634672,79518,76290,109869,103980,42850,62,75
2021-10-22T23:59:59+02:00,5927,5726,44950,43060,58920,51432,62673,59106,74205,72477,88366,86270,60867,65044,39786,51137,12623,22723,5042,4813,41154,39480,55170,47496,59365,55393,70408,68187,84571,82519,58956,62871,38569,49465,12135,21753,673216,634325,79507,76288,109868,103978,42681,62,75
2021-10-21T23:59:59+02:00,5867,5684,44799,42935,58751,51296,62518,58988,74083,72385,88278,86216,60848,65029,39775,51120,12620,22716,4994,4775,41030,39347,55057,47380,59265,55269,70320,68115,84510,82472,58934,62837,38552,49447,12130,21744,671991,633309,79488,76275,109868,103978,42541,62,75
2021-10-20T23:59:59+02:00,5830,5632,44660,42804,58574,51144,62394,58891,73982,72308,88230,86170,60838,65011,39757,51103,12615,22700,4944,4703,40881,39187,54890,47219,59142,55127,70229,68016,84437,82407,58897,62800,38534,49425,12127,21732,670847,631946,79465,76254,109866,103978,42444,62,75
2021-10-19T23:59:59+02:00,5802,5593,44532,42695,58440,51039,62321,58819,73939,72240,88189,86141,60816,64994,39740,51090,12608,22688,4880,4646,40677,39003,54721,47054,59037,54984,70144,67920,84371,82346,58858,62757,38518,49404,12125,21710,669967,630485,79456,76243,109865,103975,42377,62,75
2021-10-18T23:59:59+02:00,5781,5580,44474,42632,58379,50983,62288,58777,73909,72205,88165,86128,60798,64979,39737,51081,12606,22683,4865,4632,40621,38953,54667,46993,59005,54932,70107,67878,84335,82317,58840,62742,38511,49387,12122,21700,669532,630013,79454,76233,109865,103973,42313,62,75
2021-10-17T23:59:59+02:00,5768,5561,44438,42611,58345,50954,62257,58755,73891,72185,88143,86112,60791,64975,39731,51072,12604,22673,4847,4609,40582,38924,54645,46957,58982,54903,70089,67860,84315,82298,58830,62733,38509,49383,12121,21695,669245,629721,79448,76226,109865,103973,42287,62,75
2021-10-16T23:59:59+02:00,5766,5559,44438,42611,58345,50952,62257,58755,73891,72185,88143,86112,60791,64975,39731,51072,12604,22673,4847,4608,40581,38922,54645,46955,58982,54903,70089,67859,84315,82298,58830,62733,38509,49383,12121,21695,669239,629716,79448,76224,109865,103973,42287,62,75
2021-10-15T23:59:59+02:00,5751,5539,44380,42560,58285,50903,62211,58725,73854,72146,88111,86087,60778,64972,39726,51067,12601,22670,4825,4587,40525,38871,54601,46922,58942,54861,70055,67829,84287,82280,58825,62728,38500,49380,12120,21691,668834,629355,79446,76224,109863,103973,42202,62,75
2021-10-14T23:59:59+02:00,5705,5508,44302,42471,58210,50810,62141,58654,73790,72083,88050,86051,60765,64954,39714,51049,12594,22656,4778,4528,40419,38735,54538,46844,58861,54767,69979,67751,84249,82239,58791,62706,38494,49365,12117,21682,668095,628499,79437,76207,109863,103971,42091,62,75
2021-10-13T23:59:59+02:00,5664,5445,44199,42355,58101,50709,62063,58565,73734,72015,88001,86009,60747,64927,39706,51038,12591,22647,4690,4458,40234,38500,54390,46614,58736,54597,69893,67624,84162,82162,58761,62669,38475,49324,12112,21668,667173,626803,79424,76185,109863,103971,42035,62,75
2021-10-12T23:59:59+02:00,5625,5415,44072,42232,57980,50590,61978,58482,73647,71951,87939,85963,60723,64897,39700,51021,12587,22634,4638,4392,39992,38271,54179,46416,58588,54446,69800,67512,84082,82090,58727,62625,38455,49296,12104,21655,666177,625082,79419,76183,109862,103971,41957,62,75
2021-10-11T23:59:59+02:00,5607,5401,44026,42178,57928,50530,61938,58439,73607,71917,87906,85939,60707,64884,39694,51007,12581,22622,4620,4377,39944,38226,54124,46365,58542,54400,69770,67474,84058,82056,58706,62601,38443,49269,12096,21633,665697,624562,79412,76178,109862,103970,41919,62,75
2021-10-10T23:59:59+02:00,5593,5388,44000,42149,57893,50505,61905,58411,73587,71897,87891,85927,60700,64879,39693,51003,12580,22619,4611,4367,39911,38202,54085,46331,58508,54378,69746,67457,84044,82044,58702,62594,38437,49263,12093,21631,665456,624313,79407,76173,109862,103969,41874,62,75
2021-10-09T23:59:59+02:00,5592,5387,43999,42144,57893,50505,61903,58411,73587,71897,87891,85927,60700,64879,39693,51003,12580,22619,4610,4367,39909,38200,54084,46331,58506,54378,69746,67457,84044,82044,58701,62594,38437,49263,12093,21631,665448,624308,79407,76173,109862,103967,41872,62,75
2021-10-08T23:59:59+02:00,5565,5366,43948,42097,57837,50447,61853,58377,73539,71869,87867,85915,60692,64870,39687,50994,12578,22615,4598,4345,39872,38158,54054,46296,58471,54335,69710,67436,84027,82031,58697,62582,38434,49259,12092,21629,665040,624027,79406,76170,109862,103967,41787,62,75
2021-10-07T23:59:59+02:00,5500,5288,43799,41960,57707,50318,61761,58291,73461,71794,87813,85876,60679,64846,39677,50984,12575,22607,4507,4252,39675,37930,53907,46100,58344,54173,69604,67326,83972,81970,58668,62538,38413,49243,12085,21621,663978,622445,79390,76156,109862,103967,41685,62,75
2021-10-06T23:59:59+02:00,5474,5247,43658,41846,57591,50230,61679,58198,73392,71727,87754,85831,60664,64821,39664,50959,12572,22590,4445,4198,39512,37751,53773,45946,58242,54037,69513,67216,83907,81897,58633,62498,38398,49218,12084,21603,663044,621081,79372,76152,109861,103966,41597,62,75
2021-10-05T23:59:59+02:00,5434,5209,43527,41703,57478,50093,61561,58120,73321,71662,87700,85772,60645,64801,39653,50941,12569,22572,4398,4150,39379,37602,53656,45817,58142,53914,69413,67138,83847,81837,58608,62466,38379,49193,12078,21599,661997,619919,79366,76143,109861,103965,41514,62,75
2021-10-04T23:59:59+02:00,5405,5196,43449,41633,57406,50017,61514,58077,73269,71616,87666,85747,60625,64781,39648,50933,12565,22560,4379,4131,39304,37551,53587,45754,58105,53866,69377,67085,83818,81810,58582,62446,38369,49183,12076,21596,661437,619438,79361,76120,109861,103961,41425,62,75
2021-10-03T23:59:59+02:00,5395,5180,43419,41596,57351,49980,61478,58040,73238,71589,87642,85723,60614,64770,39638,50925,12562,22551,4371,4121,39273,37519,53556,45735,58079,53836,69357,67065,83798,81792,58571,62432,38364,49182,12075,21593,661099,619215,79359,76119,109861,103961,41349,62,75
2021-10-02T23:59:59+02:00,5395,5180,43418,41595,57348,49979,61478,58039,73238,71589,87642,85723,60614,64770,39638,50925,12562,22551,4371,4121,39272,37519,53556,45735,58079,53836,69356,67064,83798,81792,58570,62431,38364,49182,12075,21593,661094,619214,79357,76119,109861,103957,41349,62,75
2021-10-01T23:59:59+02:00,5382,5159,43343,41528,57279,49913,61418,58004,73186,71551,87604,85692,60598,64759,39633,50917,12562,22551,4354,4109,39218,37465,53508,45704,58041,53798,69321,67038,83774,81769,58563,62430,38361,49180,12075,21592,660607,618919,79356,76118,109861,103956,41232,62,75
2021-09-30T23:59:59+02:00,5308,5079,43166,41337,57119,49744,61297,57860,73091,71441,87531,85644,60574,64720,39615,50896,12558,22543,4235,3980,38984,37195,53350,45511,57900,53628,69219,66917,83697,81695,58546,62393,38345,49154,12069,21589,659291,617257,79343,76117,109861,103953,41005,62,75
2021-09-29T23:59:59+02:00,5272,5042,43021,41187,56972,49609,61202,57760,73005,71353,87472,85595,60549,64697,39600,50879,12555,22534,4150,3921,38795,36972,53207,45361,57807,53501,69126,66808,83631,81611,58502,62367,38333,49137,12066,21579,658257,615893,79321,76112,109861,103952,40842,62,75
2021-09-28T23:59:59+02:00,5230,4998,42813,41029,56825,49470,61096,57653,72923,71264,87411,85525,60519,64674,39586,50858,12550,22513,4091,3868,38600,36784,53063,45222,57707,53390,69043,66721,83555,81539,58474,62337,38320,49119,12064,21575,657061,614657,79313,76111,109860,103949,40680,62,75
2021-09-27T23:59:59+02:00,5198,4976,42720,40949,56729,49386,61008,57573,72861,71210,87362,85485,60496,64647,39564,50836,12542,22482,4077,3852,38515,36725,52979,45171,57632,53335,69006,66678,83512,81504,58451,62315,38309,49105,12061,21564,656406,614263,79305,76080,109860,103943,40430,62,75
2021-09-26T23:59:59+02:00,5185,4950,42674,40914,56698,49351,60990,57549,72837,71189,87348,85463,60488,64640,39560,50832,12541,22481,4067,3845,38493,36707,52942,45140,57608,53318,68984,66655,83493,81490,58444,62307,38304,49101,12061,21564,656160,614082,79299,76075,109860,103943,40348,62,75
2021-09-25T23:59:59+02:00,5185,4949,42670,40912,56698,49350,60990,57548,72836,71187,87348,85463,60488,64640,39560,50832,12541,22481,4067,3845,38489,36704,52941,45140,57607,53316,68984,66653,83493,81490,58443,62306,38304,49101,12061,21564,656154,614073,79297,76073,109860,103943,40344,62,75
2021-09-24T23:59:59+02:00,5166,4938,42582,40830,56632,49284,60923,57492,72773,71127,87308,85422,60475,64631,39555,50828,12540,22479,4062,3837,38430,36653,52892,45095,57556,53274,68938,66597,83459,81465,58432,62300,38301,49098,12060,21562,655797,613912,79293,76070,109860,103943,40011,62,75
2021-09-23T23:59:59+02:00,5093,4837,42309,40559,56407,49073,60753,57290,72615,70990,87176,85328,60422,64590,39537,50792,12535,22451,3984,3750,38193,36472,52702,44931,57406,53136,68801,66487,83360,81378,58394,62261,38288,49075,12055,21548,654205,612758,79280,76059,109859,103941,39388,62,75
2021-09-22T23:59:59+02:00,5054,4782,42156,40376,56230,48890,60606,57134,72505,70855,87084,85249,60387,64541,39517,50755,12532,22436,3943,3700,38054,36325,52542,44793,57276,53010,68722,66388,83269,81295,58360,62226,38271,49055,12052,21539,652906,611717,79266,76055,109858,103939,39034,62,75
2021-09-21T23:59:59+02:00,5018,4727,41955,40130,56002,48663,60443,56984,72412,70735,86996,85166,60348,64497,39500,50715,12523,22422,3896,3665,37890,36178,52385,44652,57153,52912,68651,66309,83193,81231,58331,62201,38247,49033,12047,21526,651331,610675,79265,76055,109858,103938,38757,62,75
2021-09-20T23:59:59+02:00,4992,4705,41848,40046,55870,48567,60340,56900,72334,70670,86938,85111,60323,64477,39487,50695,12517,22403,3888,3651,37808,36104,52269,44576,57070,52852,68589,66258,83142,81188,58308,62184,38237,49006,12044,21521,650622,610226,79252,76003,109858,103925,38466,62,75
2021-09-19T23:59:59+02:00,4987,4701,41804,40018,55795,48519,60291,56859,72293,70657,86911,85097,60316,64468,39486,50687,12517,22401,3878,3648,37776,36080,52224,44558,57037,52841,68553,66242,83119,81169,58300,62178,38234,49002,12044,21519,650363,610088,79250,76001,109855,103924,38314,62,75
2021-09-18T23:59:59+02:00,4985,4699,41792,40013,55777,48505,60273,56849,72281,70645,86901,85093,60311,64465,39485,50687,12517,22400,3877,3648,37772,36077,52208,44553,57026,52831,68544,66234,83109,81165,58295,62175,38232,49001,12044,21519,650309,610071,79249,76001,109855,103924,38239,62,75
2021-09-17T23:59:59+02:00,4930,4648,41642,39891,55664,48360,60132,56727,72144,70531,86832,85020,60276,64443,39476,50681,12514,22394,3845,3621,37665,35990,52115,44437,56938,52739,68436,66158,83049,81107,58263,62158,38225,48993,12042,21515,649477,609597,79248,76001,109853,103924,37699,62,75
2021-09-16T23:59:59+02:00,4833,4547,41361,39619,55410,48072,59897,56453,71951,70351,86703,84888,60224,64386,39454,50658,12503,22379,3740,3518,37389,35772,51908,44200,56754,52535,68290,66010,82939,81008,58210,62123,38206,48970,12033,21504,647557,608115,79241,75995,109848,103909,37015,62,75
2021-09-15T23:59:59+02:00,4768,4483,41125,39364,55166,47790,59681,56236,71794,70208,86584,84783,60182,64331,39429,50634,12499,22362,3680,3470,37185,35586,51734,43989,56616,52391,68182,65910,82842,80906,58163,62089,38183,48945,12031,21490,645784,606898,79239,75992,109848,103909,36518,62,75
2021-09-14T23:59:59+02:00,4740,4453,41002,39235,55038,47697,59589,56117,71694,70112,86506,84724,60163,64304,39415,50622,12496,22358,3666,3457,37112,35512,51640,43933,56544,52321,68106,65847,82784,80869,58145,62063,38168,48925,12025,21482,645007,606483,79239,75992,109848,103908,36141,62,75
2021-09-13T23:59:59+02:00,4712,4439,40897,39131,54948,47601,59525,56017,71622,70057,86462,84683,60133,64272,39409,50611,12492,22353,3645,3439,37035,35442,51553,43873,56484,52257,68041,65810,82744,80842,58121,62036,38159,48914,12024,21476,644297,606034,79238,75941,109847,103893,35952,62,75
2021-09-12T23:59:59+02:00,4703,4425,40864,39105,54927,47578,59498,55986,71593,70025,86448,84663,60125,64263,39407,50608,12491,22349,3636,3435,36998,35412,51534,43853,56458,52239,68020,65782,82723,80823,58110,62023,38154,48903,12024,21474,644082,605828,79229,75935,109846,103892,35871,62,75
2021-09-11T23:59:59+02:00,4694,4423,40849,39079,54900,47551,59479,55969,71570,70013,86437,84655,60124,64260,39406,50607,12491,22347,3633,3433,36981,35401,51513,43834,56445,52226,67997,65771,82710,80819,58108,62022,38152,48903,12024,21473,643987,605782,79229,75934,109846,103892,35762,62,75
2021-09-10T23:59:59+02:00,4648,4383,40670,38908,54742,47415,59361,55817,71443,69910,86349,84574,60096,64232,39396,50595,12487,22340,3615,3414,36855,35311,51403,43741,56351,52134,67903,65705,82637,80763,58089,62001,38143,48889,12017,21467,643080,605356,79227,75934,109846,103892,35181,62,75
2021-09-09T23:59:59+02:00,4574,4295,40427,38690,54550,47188,59184,55597,71295,69739,86247,84479,60071,64189,39377,50569,12479,22335,3557,3349,36642,35136,51227,43588,56199,51969,67762,65586,82527,80684,58047,61954,38126,48867,12012,21459,641599,604212,79226,75932,109846,103892,34581,62,74
2021-09-08T23:59:59+02:00,4475,4200,40202,38431,54349,47005,59010,55429,71184,69621,86155,84400,60036,64149,39369,50536,12473,22328,3447,3244,36358,34866,50991,43371,55999,51781,67625,65455,82413,80580,58012,61898,38103,48828,12001,21445,640178,602457,79221,75921,109845,103892,34073,62,74
2021-09-07T23:59:59+02:00,4401,4138,40000,38262,54218,46884,58905,55321,71106,69531,86093,84333,60012,64121,39358,50521,12470,22325,3418,3218,36230,34759,50886,43290,55914,51716,67555,65388,82348,80523,57979,61866,38091,48805,11995,21437,639158,601792,79214,75910,109840,103891,33751,62,74
2021-09-06T23:59:59+02:00,4360,4090,39895,38159,54137,46811,58838,55247,71060,69476,86049,84295,59993,64104,39355,50517,12468,22321,3385,3194,36115,34644,50791,43218,55829,51631,67495,65317,82294,80461,57953,61835,38081,48793,11994,21435,638479,601033,79214,75872,109838,103879,33607,62,74
2021-09-05T23:59:59+02:00,4347,4073,39861,38129,54115,46778,58800,55220,71032,69451,86025,84272,59989,64101,39352,50512,12467,22317,3381,3187,36088,34623,50761,43195,55796,51610,67476,65300,82276,80445,57945,61830,38078,48787,11992,21432,638251,600879,79213,75868,109837,103878,33503,62,74
2021-09-04T23:59:59+02:00,4347,4071,39852,38126,54112,46770,58799,55218,71030,69447,86021,84265,59989,64099,39352,50512,12467,22317,3380,3186,36076,34620,50758,43187,55792,51609,67474,65296,82273,80441,57944,61828,38078,48787,11992,21432,638231,600860,79213,75867,109837,103876,33476,62,74
2021-09-03T23:59:59+02:00,4310,4042,39739,38015,54012,46698,58721,55137,70961,69388,85956,84236,59972,64084,39346,50506,12464,22314,3366,3170,35996,34551,50670,43139,55728,51553,67416,65254,82227,80407,57930,61813,38070,48781,11986,21431,637665,600527,79212,75861,109837,103876,33150,62,74
2021-09-02T23:59:59+02:00,4269,3999,39564,37856,53868,46538,58579,55009,70834,69269,85879,84171,59924,64047,39323,50478,12462,22304,3348,3155,35871,34465,50559,43055,55626,51463,67315,65173,82154,80343,57883,61781,38053,48757,11981,21424,636646,599959,79211,75860,109837,103871,32642,62,74
2021-09-01T23:59:59+02:00,4208,3929,39370,37683,53704,46396,58458,54895,70741,69182,85817,84094,59881,64016,39307,50465,12460,22293,3214,3034,35537,34121,50324,42791,55428,51267,67155,65007,82020,80237,57836,61725,38021,48731,11976,21418,635525,597748,79200,75850,109836,103870,32301,62,73
2021-08-31T23:59:59+02:00,4159,3881,39233,37530,53571,46283,58355,54789,70653,69108,85739,84038,59852,63988,39289,50436,12458,22290,3193,3017,35417,34017,50180,42691,55316,51184,67062,64939,81939,80184,57798,61688,38007,48711,11970,21415,634585,597163,79198,75849,109834,103644,31999,61,73
2021-08-30T23:59:59+02:00,4108,3836,39121,37405,53467,46199,58271,54710,70591,69030,85678,83992,59834,63963,39278,50425,12456,22284,3180,2998,35343,33945,50103,42631,55241,51113,67001,64876,81886,80127,57772,61661,37993,48690,11969,21404,633742,596573,79195,75814,109834,103632,31841,61,73
2021-08-29T23:59:59+02:00,4097,3827,39102,37386,53449,46182,58255,54690,70583,69020,85662,83975,59832,63961,39274,50421,12455,22283,3174,2991,35312,33919,50073,42612,55227,51085,66976,64849,81863,80112,57762,61645,37988,48684,11966,21403,633621,596369,79191,75796,109834,103631,31772,61,73
2021-08-28T23:59:59+02:00,4097,3827,39100,37386,53448,46181,58255,54690,70582,69018,85662,83975,59832,63961,39274,50421,12455,22283,3174,2991,35312,33918,50072,42611,55225,51085,66975,64848,81863,80112,57762,61645,37988,48684,11966,21403,633616,596365,79191,75796,109834,103630,31770,61,73
2021-08-27T23:59:59+02:00,4062,3786,38979,37287,53347,46076,58173,54596,70493,68940,85598,83916,59806,63938,39262,50411,12455,22281,3167,2974,35209,33859,49967,42546,55153,51011,66882,64785,81808,80072,57737,61624,37977,48674,11965,21402,632981,595947,79191,75796,109829,103628,31369,61,72
2021-08-26T23:59:59+02:00,3977,3723,38788,37103,53178,45907,58037,54446,70363,68826,85469,83826,59760,63892,39238,50391,12448,22271,3140,2936,35030,33684,49812,42376,54992,50849,66750,64654,81662,79958,57688,61563,37949,48648,11960,21394,631797,594769,79188,75785,109826,103623,30796,61,72
2021-08-25T23:59:59+02:00,3881,3655,38618,36904,53021,45713,57921,54304,70260,68724,85375,83732,59722,63850,39220,50372,12446,22264,3023,2801,34644,33269,49534,42055,54751,50584,66556,64450,81481,79786,57603,61481,37927,48610,11948,21382,630543,592017,79187,75783,109825,103622,30391,61,72
2021-08-24T23:59:59+02:00,3860,3639,38531,36831,52942,45643,57864,54250,70206,68678,85330,83692,59691,63824,39211,50355,12443,22254,2980,2771,34496,33142,49411,41966,54662,50498,66453,64356,81390,79709,57553,61437,37919,48594,11944,21373,630105,591091,79183,75778,109824,103617,30096,61,72
2021-08-23T23:59:59+02:00,3832,3603,38433,36735,52859,45579,57807,54185,70147,68627,85276,83652,59673,63797,39201,50342,12441,22246,2962,2740,34355,33005,49285,41889,54561,50413,66359,64260,81301,79645,57517,61387,37899,48574,11943,21362,629568,590209,79179,75744,109822,103602,29830,61,72
2021-08-22T23:59:59+02:00,3824,3602,38403,36721,52844,45560,57790,54172,70120,68608,85259,83638,59663,63787,39199,50333,12436,22244,2954,2721,34306,32966,49256,41852,54525,50386,66316,64235,81265,79618,57502,61373,37896,48565,11938,21359,629460,589919,79177,75732,109821,103601,29709,61,72
2021-08-21T23:59:59+02:00,3821,3599,38383,36715,52834,45549,57776,54166,70105,68597,85253,83629,59656,63785,39198,50333,12436,22244,2954,2721,34293,32961,49243,41841,54511,50381,66304,64223,81259,79611,57498,61372,37896,48565,11938,21359,629418,589899,79176,75730,109820,103600,29629,61,72
2021-08-20T23:59:59+02:00,3801,3567,38313,36645,52752,45475,57699,54102,70031,68544,85190,83581,59639,63765,39195,50329,12436,22238,2936,2707,34195,32856,49127,41771,54418,50304,66209,64155,81189,79557,57478,61348,37890,48560,11937,21355,629046,589370,79174,75727,109820,103597,29226,61,72
2021-08-19T23:59:59+02:00,3773,3533,38143,36504,52589,45334,57577,53998,69902,68424,85090,83505,59609,63721,39180,50312,12432,22226,2901,2654,33842,32607,48835,41525,54200,50107,66001,63967,81012,79422,57423,61276,37843,48522,11932,21344,628154,587450,79172,75629,109811,103583,28679,61,72
2021-08-18T23:59:59+02:00,3723,3483,37956,36348,52458,45211,57480,53892,69793,68329,85014,83441,59569,63677,39165,50292,12430,22218,2831,2581,33460,32195,48529,41269,53944,49827,65781,63755,80828,79260,57340,61188,37807,48479,11928,21332,627146,584868,79169,75499,109809,103576,28319,61,72
2021-08-17T23:59:59+02:00,3662,3435,37794,36189,52335,45085,57400,53795,69697,68242,84940,83379,59535,63644,39152,50269,12426,22210,2731,2504,33067,31750,48201,40952,53650,49537,65532,63512,80627,79050,57231,61077,37766,48430,11915,21320,626187,581747,79169,75486,109804,103554,27993,61,72
2021-08-16T23:59:59+02:00,3606,3380,37650,36047,52240,44987,57327,53724,69627,68173,84887,83334,59514,63615,39138,50252,12420,22202,2598,2396,32508,31191,47808,40537,53258,49148,65227,63243,80403,78853,57154,60961,37733,48375,11906,21298,625281,577704,79165,75450,109804,103534,27837,61,72
2021-08-15T23:59:59+02:00,3597,3371,37616,36022,52207,44969,57301,53690,69610,68157,84876,83324,59502,63611,39135,50243,12420,22200,2581,2385,32427,31095,47736,40472,53195,49086,65183,63201,80359,78826,57136,60941,37725,48362,11905,21294,625090,577137,79165,75420,109803,103523,27757,61,72
2021-08-14T23:59:59+02:00,3592,3366,37608,36015,52200,44965,57295,53683,69606,68154,84868,83320,59495,63607,39134,50241,12420,22200,2580,2383,32418,31087,47725,40468,53186,49077,65180,63198,80352,78824,57131,60937,37724,48360,11905,21294,625056,577103,79162,75419,109803,103523,27712,61,72
2021-08-13T23:59:59+02:00,3575,3352,37536,35972,52137,44913,57229,53632,69537,68113,84802,83284,59473,63595,39123,50226,12417,22194,2557,2355,32276,30969,47596,40368,53065,48976,65078,63118,80263,78774,57108,60916,37711,48350,11903,21289,624741,576293,79162,75416,109803,103523,27368,61,72
2021-08-12T23:59:59+02:00,3536,3324,37408,35850,52046,44823,57155,53545,69443,68040,84729,83217,59444,63570,39111,50213,12417,22191,2478,2265,31745,30482,47212,40014,52671,48621,64750,62886,80043,78562,57015,60827,37667,48307,11898,21272,624016,572797,79161,75384,109801,103415,27047,61,72
2021-08-11T23:59:59+02:00,3493,3282,37254,35705,51934,44712,57036,53421,69344,67948,84643,83136,59403,63532,39090,50197,12413,22187,2358,2185,31098,29860,46702,39625,52241,48184,64446,62607,79831,78357,56917,60721,37631,48234,11885,21255,623105,568745,79153,75360,109799,103326,26635,61,71
2021-08-10T23:59:59+02:00,3445,3237,37095,35557,51822,44589,56930,53316,69280,67877,84577,83079,59378,63495,39072,50183,12406,22182,2191,2035,30213,28878,45967,38922,51572,47578,64060,62243,79580,78116,56812,60616,37586,48166,11877,21243,622160,562527,79151,75359,109796,103323,26375,61,71
2021-08-09T23:59:59+02:00,3408,3208,36999,35449,51741,44520,56870,53274,69249,67834,84548,83047,59360,63481,39060,50164,12405,22180,2055,1915,29502,28133,45297,38335,50998,46993,63689,61885,79301,77867,56691,60519,37543,48111,11870,21229,621568,558405,79149,73913,109795,103297,26247,61,71
2021-08-08T23:59:59+02:00,3399,3194,36971,35431,51716,44491,56853,53263,69231,67815,84527,83030,59355,63476,39055,50157,12404,22179,2021,1890,29375,27991,45147,38240,50898,46908,63633,61827,79252,77826,56654,60500,37533,48100,11870,21226,621386,557468,79147,73905,109794,103265,26182,61,71
2021-08-07T23:59:59+02:00,3399,3194,36969,35425,51706,44490,56850,53263,69227,67811,84526,83028,59354,63476,39055,50157,12404,22179,2021,1890,29365,27983,45132,38237,50896,46903,63630,61821,79248,77823,56652,60499,37532,48100,11870,21225,621378,557432,79146,73903,109794,103264,26157,61,71
2021-08-06T23:59:59+02:00,3388,3179,36904,35370,51626,44424,56784,53221,69184,67779,84494,83000,59342,63457,39044,50151,12401,22177,1983,1847,29124,27751,44921,38052,50716,46756,63493,61702,79149,77755,56627,60473,37517,48090,11866,21222,621099,555964,79142,73895,109794,103262,25852,61,71
2021-08-05T23:59:59+02:00,3355,3140,36749,35238,51513,44289,56662,53104,69067,67665,84367,82924,59299,63404,39021,50131,12391,22167,1863,1716,28426,27132,44334,37565,50153,46298,63133,61403,78857,77536,56517,60379,37479,48036,11857,21206,620295,551631,79139,73885,109793,103082,25221,61,71
2021-08-04T23:59:59+02:00,3296,3077,36549,35067,51363,44139,56522,52988,68943,67536,84251,82810,59231,63347,39003,50103,12387,22157,1662,1538,27281,26014,43373,36686,49193,45390,62542,60794,78360,77094,56306,60198,37420,47947,11843,21186,619204,543281,79129,73843,109793,103029,24603,61,71
2021-08-03T23:59:59+02:00,3222,3019,36329,34868,51212,44000,56398,52866,68812,67422,84162,82737,59187,63303,38983,50073,12378,22142,1460,1333,26198,24899,42429,35786,48292,44502,61996,60261,77912,76690,56135,60011,37358,47859,11824,21154,617860,534922,79121,73794,109783,103003,24309,61,71
2021-08-02T23:59:59+02:00,3177,2965,36187,34719,51103,43888,56304,52767,68724,67330,84077,82664,59147,63254,38968,50053,12370,22130,1270,1168,25295,23910,41581,35041,47563,43758,61512,59787,77526,76345,55970,59861,37309,47780,11807,21133,616888,527948,79119,73739,109782,102860,23998,61,71
2021-08-01T23:59:59+02:00,3172,2959,36170,34697,51074,43869,56284,52740,68693,67317,84063,82652,59141,63249,38966,50049,12370,22130,1225,1137,25035,23661,41332,34838,47330,43560,61371,59650,77410,76248,55934,59832,37294,47767,11803,21129,616740,526080,79116,73696,109781,102791,23918,61,71
2021-07-31T23:59:59+02:00,3171,2958,36164,34696,51074,43867,56282,52739,68691,67315,84063,82650,59140,63248,38966,50049,12370,22129,1222,1136,25028,23645,41324,34827,47325,43553,61363,59648,77408,76245,55934,59828,37294,47767,11803,21128,616725,526007,79116,73695,109777,102790,23915,60,71
2021-07-30T23:59:59+02:00,3154,2945,36102,34633,51003,43817,56217,52676,68635,67275,84025,82610,59128,63235,38962,50042,12367,22126,1165,1081,24705,23337,41051,34613,47063,43357,61174,59517,77258,76129,55902,59789,37280,47755,11803,21128,616429,524068,79112,73692,109774,102679,23598,60,70
2021-07-29T23:59:59+02:00,3130,2916,35962,34512,50872,43688,56123,52576,68564,67210,83954,82558,59103,63217,38949,50033,12367,22125,1021,964,23749,22354,40169,33858,46160,42573,60628,59072,76897,75823,55781,59651,37240,47700,11796,21117,615553,517006,79094,73566,109773,102511,23400,60,70
2021-07-28T23:59:59+02:00,3080,2861,35719,34273,50651,43514,55926,52425,68416,67067,83840,82460,59050,63170,38926,49995,12357,22117,822,808,22527,21119,38843,32752,44839,41390,59818,58409,76389,75366,55586,59462,37172,47595,11782,21092,614175,507186,79089,73395,109773,102351,22769,60,70
2021-07-27T23:59:59+02:00,3055,2842,35611,34156,50564,43431,55846,52375,68354,66998,83779,82388,59010,63127,38914,49980,12356,22108,667,649,21292,19734,37417,31421,43470,40089,59189,57812,75966,74951,55423,59285,37114,47540,11771,21069,613448,496774,79073,73216,109772,102239,22560,60,70
2021-07-26T23:59:59+02:00,3036,2823,35550,34060,50505,43377,55805,52326,68310,66962,83743,82359,58996,63111,38902,49968,12355,22106,565,564,20274,18637,36167,30307,42196,38939,58693,57407,75679,74697,55326,59185,37093,47505,11765,21055,612925,488529,79066,72890,109772,102075,22490,60,70
2021-07-25T23:59:59+02:00,3026,2818,35502,34019,50459,43329,55777,52303,68287,66937,83711,82335,58980,63104,38899,49965,12352,22100,496,493,19876,18273,35744,29975,41781,38632,58496,57250,75520,74587,55279,59146,37071,47486,11762,21051,612628,485788,79060,72614,109772,102044,22402,60,70
2021-07-24T23:59:59+02:00,3026,2818,35495,34016,50457,43325,55775,52302,68286,66937,83709,82334,58980,63104,38898,49965,12352,22100,496,493,19867,18259,35732,29963,41773,38631,58491,57247,75516,74585,55279,59146,37070,47486,11762,21051,612620,485736,79059,72613,109772,102041,22387,60,70
2021-07-23T23:59:59+02:00,3002,2792,35343,33898,50309,43224,55658,52195,68188,66843,83619,82282,58949,63076,38888,49960,12347,22097,470,477,19627,18037,35471,29783,41502,38445,58323,57116,75379,74505,55239,59122,37058,47476,11756,21045,611995,484599,79059,72320,109772,102039,21803,60,70
2021-07-22T23:59:59+02:00,2951,2708,34905,33531,50000,42991,55396,51968,67959,66660,83444,82134,58863,62983,38852,49913,12336,22079,426,428,18836,17378,34377,29045,40374,37610,57584,56646,74826,74129,55057,58942,36993,47393,11735,21019,609856,479066,79045,70886,109768,101817,20960,60,69
2021-07-21T23:59:59+02:00,2896,2650,34593,33210,49756,42778,55208,51780,67765,66476,83315,82008,58798,62930,38821,49875,12325,22069,384,387,18010,16563,33061,28051,39111,36649,56885,56083,74372,73765,54911,58766,36927,47309,11723,20986,608027,473158,78994,68692,109767,101603,20421,60,69
2021-07-20T23:59:59+02:00,2820,2588,34236,32823,49473,42545,55037,51584,67583,66318,83174,81888,58736,62874,38793,49830,12324,22054,328,307,16865,15447,31342,26656,37375,35190,56083,55430,73825,73317,54741,58577,36876,47223,11705,20948,605935,463975,78959,66957,109766,101259,19975,60,69
2021-07-19T23:59:59+02:00,2736,2516,33677,32263,49164,42235,54762,51319,67387,66105,82998,81719,58669,62792,38748,49778,12317,22039,294,259,16207,14883,30391,25976,36509,34474,55642,55008,73496,73077,54654,58491,36839,47172,11699,20926,602735,460265,78898,64798,109765,101085,19781,60,68
2021-07-18T23:59:59+02:00,2708,2498,33578,32145,49070,42180,54706,51257,67327,66055,82955,81677,58641,62766,38737,49766,12315,22032,278,238,15886,14620,29822,25599,36014,34121,55389,54846,73351,72976,54612,58452,36831,47158,11698,20922,602122,458816,78881,63271,109764,101058,19601,60,67
2021-07-17T23:59:59+02:00,2708,2498,33577,32143,49064,42178,54703,51255,67327,66054,82955,81676,58641,62765,38737,49766,12315,22032,278,238,15881,14613,29805,25582,36009,34116,55384,54845,73351,72976,54612,58452,36831,47158,11698,20922,602111,458762,78880,63267,109758,101055,19600,60,67
2021-07-16T23:59:59+02:00,2649,2433,32971,31625,48573,41831,54314,50919,66945,65732,82641,81444,58523,62652,38688,49717,12311,22025,270,227,15467,14290,29312,25207,35562,33784,55046,54589,73090,72783,54501,58363,36797,47120,11695,20918,599895,457354,78876,63137,109757,101048,17415,60,67
2021-07-15T23:59:59+02:00,2517,2302,32112,30842,47955,41255,53739,50437,66518,65383,82387,81202,58433,62555,38654,49674,12303,22007,241,201,14636,13616,27988,24377,34252,32968,54364,54186,72675,72558,54408,58266,36768,47086,11688,20902,594877,453147,78864,60775,109756,100463,16728,60,67
2021-07-14T23:59:59+02:00,2411,2215,31572,30316,47468,40823,53322,50041,66189,65107,82148,80952,58331,62459,38621,49624,12293,21994,194,162,13393,12487,25992,22915,32344,31445,53613,53587,72164,72217,54267,58141,36725,47025,11678,20886,591037,443986,78845,58862,109755,100125,16196,60,66
2021-07-13T23:59:59+02:00,2354,2145,31306,30048,47195,40596,53073,49816,65982,64921,81980,80804,58265,62383,38595,49587,12283,21982,170,140,12403,11648,24263,21611,30403,29851,52416,52412,71345,71420,54017,57864,36638,46910,11660,20858,588883,437243,78830,55950,109748,96969,15801,60,66
2021-07-12T23:59:59+02:00,2128,1938,30446,29118,46543,40060,52502,49247,65592,64532,81702,80534,58129,62257,38553,49530,12273,21961,148,123,11651,11021,22869,20629,28660,28468,51452,51548,70601,70801,53759,57584,36572,46792,11647,20827,582655,429118,78812,53377,109748,96815,15777,60,65
2021-07-11T23:59:59+02:00,2083,1900,30325,29013,46477,39989,52449,49184,65535,64477,81641,80491,58107,62237,38547,49512,12268,21956,145,115,11489,10874,22595,20438,28294,28193,51246,51402,70428,70656,53706,57505,36550,46775,11638,20820,581838,427046,78804,53334,109746,96676,15751,59,62
2021-07-10T23:59:59+02:00,2083,1898,30322,29005,46471,39983,52446,49181,65532,64476,81639,80488,58107,62235,38546,49512,12268,21956,145,115,11476,10856,22578,20420,28278,28180,51239,51397,70424,70653,53706,57505,36549,46775,11638,20820,581805,426953,78802,53332,109746,96664,15743,59,62
2021-07-09T23:59:59+02:00,2039,1860,30088,28774,46254,39801,52262,49011,65370,64363,81533,80407,58077,62205,38531,49497,12264,21954,144,109,11091,10585,21935,19980,27609,27628,50531,50828,69840,70241,53604,57417,36526,46740,11633,20809,580606,425867,78796,53017,109740,93207,15097,58,62
2021-07-08T23:59:59+02:00,1900,1733,29427,28243,45645,39297,51706,48542,64968,64051,81232,80172,57983,62113,38499,49446,12259,21940,107,81,9915,9485,19994,18347,25137,25643,49490,50024,69210,69700,53377,57203,36450,46653,11618,20783,576340,415332,78774,50585,109724,92971,14267,58,62
2021-07-07T23:59:59+02:00,1687,1535,28314,27040,44602,38331,50615,47544,64310,63411,80689,79688,57780,61882,38432,49361,12246,21899,83,70,9382,9015,18901,17513,23735,24441,48663,49375,68662,69209,53177,56961,36373,46554,11602,20744,567067,408987,78758,48968,109722,92675,13768,58,62
2021-07-06T23:59:59+02:00,1485,1377,27238,26003,43581,37410,49676,46611,63710,62850,80254,79276,57598,61699,38376,49266,12222,21872,62,45,8671,8278,17570,16506,22120,23161,48054,48922,68285,68940,53059,56848,36323,46517,11595,20729,558807,401522,78748,48537,109719,92385,13179,58,62
2021-07-05T23:59:59+02:00,1328,1253,26098,24762,42504,36412,48626,45540,63043,62274,79817,78873,57425,61510,38323,49190,12213,21849,50,35,8417,8051,17064,16181,21555,22773,47743,48695,68088,68792,53005,56774,36297,46497,11592,20724,549516,398913,78739,48218,109719,92128,13014,58,60
2021-07-04T23:59:59+02:00,1263,1189,25777,24436,42191,36150,48372,45351,62896,62138,79703,78776,57389,61469,38312,49171,12211,21846,43,34,8159,7889,16790,15984,21271,22573,47619,48596,68003,68712,52981,56750,36282,46492,11590,20723,547193,397866,78709,47556,109718,92041,12968,58,60
2021-07-03T23:59:59+02:00,1263,1188,25769,24422,42178,36143,48370,45351,62892,62137,79702,78775,57388,61469,38312,49171,12211,21846,43,34,8152,7882,16779,15974,21264,22566,47612,48595,67998,68711,52980,56749,36282,46492,11590,20723,547159,397829,78708,47555,109718,92032,12950,58,60
2021-07-02T23:59:59+02:00,1195,1131,25452,24073,41856,35866,48111,45095,62749,61990,79628,78704,57371,61446,38306,49159,12207,21841,42,31,7973,7731,16404,15708,20818,22260,46645,47814,67498,68360,52895,56656,36267,46474,11589,20720,544780,395334,78706,47550,109712,90011,12930,58,60
2021-07-01T23:59:59+02:00,1140,1079,25077,23709,41471,35515,47715,44745,62499,61750,79439,78533,57308,61383,38275,49118,12200,21831,36,27,7582,7392,15589,14918,19645,21224,45102,46330,66280,67283,52586,56353,36169,46354,11565,20693,541631,389493,78605,46722,109702,86056,12797,58,60
2021-06-30T23:59:59+02:00,1067,1013,24655,23265,41042,35144,47303,44365,62268,61543,79270,78384,57227,61303,38247,49066,12192,21810,29,20,7206,7032,14637,14120,18207,20016,41880,43596,64581,65834,52117,55852,36019,46159,11538,20644,538176,377442,78572,46024,109699,83296,12665,58,60
2021-06-29T23:59:59+02:00,976,904,24153,22732,40525,34722,46871,43948,62007,61258,79057,78204,57148,61239,38218,49022,12186,21791,20,18,6929,6722,13969,13616,17046,19089,37544,39906,63224,64574,51629,55352,35885,45979,11507,20600,534092,362094,78563,45810,109699,83090,12555,58,60
2021-06-28T23:59:59+02:00,947,871,23815,22340,40065,34329,46451,43578,61768,61002,78865,78047,57074,61170,38189,48992,12183,21776,18,10,6619,6404,13309,13113,16026,18249,33898,36853,62097,63539,51274,54953,35790,45828,11482,20562,532321,353407,76876,41106,109696,82934,12517,58,60
2021-06-27T23:59:59+02:00,933,858,23719,22248,39986,34266,46393,43518,61735,60963,78828,78017,57059,61159,38183,48985,12182,21771,17,9,6526,6333,13071,12971,15601,18011,33060,36205,61836,63337,51184,54882,35773,45806,11480,20558,531701,350496,76869,40835,109690,82778,12491,58,60
2021-06-26T23:59:59+02:00,933,858,23713,22241,39977,34263,46390,43515,61734,60962,78827,78017,57059,61159,38183,48984,12182,21771,17,9,6523,6325,13062,12957,15592,18003,33055,36204,61828,63334,51182,54876,35773,45806,11480,20557,531672,350425,76868,40834,109688,82776,12488,58,60
2021-06-25T23:59:59+02:00,910,831,23602,22124,39891,34175,46309,43443,61689,60914,78780,77994,57047,61147,38180,48981,12181,21769,16,8,6426,6209,12953,12827,15453,17840,32337,35543,61437,63007,51104,54793,35765,45785,11477,20556,530874,347412,76867,40820,109687,82757,12487,58,60
2021-06-24T23:59:59+02:00,843,773,23213,21706,39535,33863,45956,43138,61483,60719,78620,77855,56993,61092,38158,48951,12176,21758,15,5,6087,5914,12388,12362,14743,17151,29030,32825,59150,61147,50514,54194,35629,45576,11459,20508,527911,333579,76817,40553,109684,82139,12368,58,58
2021-06-23T23:59:59+02:00,739,679,22567,21051,38963,33274,45300,42430,61116,60326,78371,77604,56888,60956,38111,48898,12166,21738,13,4,5931,5721,12019,12005,14231,16616,25670,30065,57508,59612,49989,53650,35508,45403,11438,20464,522327,324117,76761,37617,109681,81699,12356,58,58
2021-06-22T23:59:59+02:00,678,614,22142,20611,38559,32851,44864,41968,60843,60041,78166,77362,56791,60847,38075,48827,12153,21716,11,3,5744,5586,11692,11736,13794,16240,21327,26530,55423,57907,49385,53038,35329,45186,11417,20420,518528,309715,76634,37562,109676,81215,12218,58,58
2021-06-21T23:59:59+02:00,641,573,21889,20372,38307,32617,44617,41692,60653,59828,78034,77221,56737,60761,38050,48787,12144,21700,9,3,5613,5475,11383,11535,13451,15972,19773,25296,54501,57134,47161,50568,34728,44460,11394,20361,516467,304361,76434,37494,109658,74897,12008,57,57
2021-06-20T23:59:59+02:00,612,553,21601,20079,38006,32335,44331,41430,60501,59660,77896,77074,56688,60716,38030,48770,12141,21693,9,3,5553,5429,11248,11443,13293,15842,19373,24970,54230,56950,45499,48584,34160,43823,11373,20340,514060,303713,76353,36738,109646,69614,12002,56,55
2021-06-19T23:59:59+02:00,610,553,21596,20065,37990,32326,44327,41424,60494,59656,77894,77071,56685,60715,38030,48769,12141,21693,9,3,5547,5420,11244,11438,13283,15834,19365,24960,54215,56938,45490,48574,34159,43823,11373,20340,513989,303626,76347,36732,109646,69600,12002,56,55
2021-06-18T23:59:59+02:00,596,539,21497,19953,37921,32268,44251,41337,60438,59610,77849,77029,56663,60693,38025,48756,12140,21692,9,3,5454,5256,10945,10902,12905,15253,18823,23938,53357,55624,45283,48409,34131,43774,11367,20328,513223,302043,76340,36730,109640,64933,12000,55,55
2021-06-17T23:59:59+02:00,510,447,20777,19241,37162,31635,43457,40584,60028,59242,77550,76777,56548,60564,37975,48687,12127,21667,8,3,5264,5044,10559,10348,12378,14479,17885,22573,51780,53674,44128,47055,33814,43373,11319,20244,507232,294695,76247,36599,109630,60766,11815,55,53
2021-06-16T23:59:59+02:00,405,368,19978,18298,36176,30706,42447,39611,59484,58758,77160,76458,56405,60411,37917,48599,12117,21644,8,3,5078,4888,10043,10022,11639,13975,16334,21270,47893,50126,42370,45035,33345,42800,11256,20116,499870,278478,75709,36400,109615,59577,11694,55,52
2021-06-15T23:59:59+02:00,295,265,19172,17452,35252,29853,41518,38720,59045,58315,76827,76126,56262,60243,37860,48529,12101,21610,7,3,4878,4764,9518,9755,10927,13501,14816,20079,43612,46028,40816,43183,32860,42178,11190,19988,492660,261252,75590,36364,109605,58900,11536,55,51
2021-06-14T23:59:59+02:00,191,173,18057,16220,34004,28576,40048,37308,58457,57747,76434,75784,56134,60099,37817,48459,12092,21595,7,3,4756,4672,9172,9546,10443,13182,13642,19073,40965,43467,39741,42030,32567,41776,11158,19902,482897,250060,75157,36335,109599,58168,11488,55,51
2021-06-13T23:59:59+02:00,150,134,17551,15817,33521,28174,39555,36926,58244,57563,76285,75681,56107,60058,37795,48438,12089,21586,7,3,4667,4622,9022,9473,10280,13111,13038,18619,40494,43072,39504,41807,32507,41691,11151,19888,479814,249089,74855,34909,109592,57548,11359,55,51
2021-06-12T23:59:59+02:00,150,134,17543,15795,33504,28163,39548,36921,58236,57559,76281,75679,56106,60056,37794,48438,12089,21586,7,3,4660,4616,9012,9468,10268,13102,13026,18606,40309,42925,39482,41792,32503,41689,11151,19887,479728,248654,74851,34908,109592,57536,11357,55,51
2021-06-11T23:59:59+02:00,148,134,17456,15736,33357,28089,39375,36865,58115,57523,76210,75654,56093,60051,37792,48435,12089,21585,7,3,4581,4424,8854,8906,10076,12382,12791,17535,39820,41620,39326,41662,32485,41652,11149,19886,479381,248165,74438,34906,109486,52689,11348,55,51
2021-06-10T23:59:59+02:00,133,114,16614,15020,31951,27177,38127,35945,57431,57064,75800,75381,56004,59959,37753,48390,12077,21567,7,3,4331,4228,8300,8404,9387,11617,12051,16462,36962,38576,38523,40857,32319,41471,11133,19856,475482,241076,71472,34772,109213,48302,10286,55,51
2021-06-09T23:59:59+02:00,111,89,15834,14323,30663,26279,36908,35058,56851,56676,75455,75155,55919,59853,37726,48345,12064,21547,7,3,4145,4076,7938,8215,8918,11395,11429,16079,31865,33696,37020,39314,32074,41200,11111,19806,470807,227100,69044,34644,109169,46714,9784,53,49
2021-06-08T23:59:59+02:00,84,71,14923,13464,29282,25190,35541,34050,56233,56268,75160,74940,55843,59779,37703,48313,12060,21537,7,3,4060,4013,7779,8092,8765,11277,11134,15871,29034,30874,36061,38367,31913,41004,11087,19773,466227,219586,65619,34583,109124,45476,9420,52,49
2021-06-07T23:59:59+02:00,76,58,14287,12890,27920,24378,34378,33265,55754,56009,74917,74834,55809,59739,37687,48302,12060,21533,7,3,3967,3941,7581,7961,8463,11144,10766,15625,24689,26488,34588,36823,31691,40736,11059,19743,463100,207770,62585,34515,109095,43877,9064,52,49
2021-06-06T23:59:59+02:00,75,55,13966,12697,27132,23962,33724,32847,55443,55843,74760,74768,55788,59715,37673,48293,12058,21532,7,3,3902,3905,7428,7917,8303,11058,10441,15423,21861,23605,33587,35739,31551,40580,11052,19728,461953,204977,60538,29262,109067,43082,8721,52,48
2021-06-05T23:59:59+02:00,75,53,13936,12668,27081,23919,33695,32827,55438,55833,74754,74762,55784,59711,37668,48291,12058,21532,7,3,3880,3887,7393,7894,8255,11037,10378,15381,20437,22052,32788,34856,31482,40499,11048,19721,461817,200002,60434,29257,109062,42971,8720,52,48
2021-06-04T23:59:59+02:00,69,49,13706,12408,26766,23600,33355,32515,55377,55753,74715,74741,55774,59706,37667,48289,12058,21531,7,3,3852,3860,7314,7815,8199,10955,10298,15259,20330,21934,32712,34801,31450,40462,11045,19718,459910,199919,60371,29244,109028,42085,8718,52,48
2021-06-03T23:59:59+02:00,51,43,13142,11924,25727,22911,32219,31763,54879,55420,74398,74547,55702,59626,37632,48259,12052,21515,7,3,3722,3768,7038,7642,7915,10779,9970,15021,18440,20075,30728,32486,31174,40126,11021,19668,455571,191295,58869,29220,109014,40719,8304,52,45
2021-06-02T23:59:59+02:00,37,31,12455,11182,24730,22005,31082,30809,54612,55155,74206,74405,55649,59545,37615,48237,12044,21508,7,3,3688,3746,6982,7584,7858,10729,9884,14929,17920,19525,28799,30305,31075,39983,11014,19656,449265,185751,58688,29219,109011,40381,8291,52,45
2021-06-01T23:59:59+02:00,23,16,11327,10302,22606,20577,28541,28915,53194,54086,73197,73622,55348,59221,37492,48065,12009,21448,7,2,3461,3570,6487,7271,7257,10302,9025,14324,15966,17708,25003,26031,30387,39096,10939,19501,439757,171701,54222,29080,108974,38530,6984,52,42
2021-05-31T23:59:59+02:00,18,12,10463,9636,20764,19405,26490,27401,52086,53234,72489,73071,55131,58960,37419,47960,11994,21412,7,2,3321,3415,6151,7022,6858,10004,8485,13965,14896,16726,23805,24650,29997,38602,10879,19407,432947,165932,49841,29041,108952,37025,6153,52,41
2021-05-30T23:59:59+02:00,16,9,10115,9292,20044,18908,25783,26821,51746,52953,72251,72874,55055,58883,37394,47931,11986,21403,7,2,3140,3226,5805,6756,6567,9762,8266,13759,14635,16456,23512,24332,29887,38496,10864,19379,430358,165101,49431,28982,108921,36025,4702,52,41
2021-05-29T23:59:59+02:00,16,9,10100,9279,20026,18877,25763,26795,51734,52948,72246,72864,55053,58878,37393,47931,11985,21403,7,2,3137,3216,5800,6750,6559,9758,8258,13751,14626,16449,23501,24323,29883,38490,10863,19378,430195,165025,49431,28979,108920,36005,4702,52,40
2021-05-28T23:59:59+02:00,16,9,10034,9183,19885,18708,25498,26563,51572,52770,72098,72733,55015,58829,37379,47911,11982,21390,7,2,3090,3139,5707,6609,6456,9557,8141,13477,14434,16174,23346,24166,29829,38427,10856,19369,428529,164626,49394,28978,108900,34441,4701,51,40
2021-05-27T23:59:59+02:00,16,9,8781,8000,17493,16898,22716,24411,50476,51955,71433,72240,54817,58607,37286,47816,11968,21361,7,2,2793,2807,4861,5987,5562,8772,7344,12482,13305,14980,22350,23118,29438,37968,10801,19282,416640,160787,48433,28714,108762,29921,2397,51,40
2021-05-26T23:59:59+02:00,15,9,8381,7584,16611,16095,21526,23402,49868,51411,71013,71855,54665,58440,37218,47738,11957,21331,7,2,2608,2635,4491,5650,5082,8262,6866,11832,12325,13995,21444,22078,29128,37523,10754,19197,411043,156901,47697,28627,108682,26666,1647,50,38
2021-05-25T23:59:59+02:00,15,9,7814,6993,15366,15213,20077,22227,49389,51009,70765,71667,54592,58359,37194,47711,11953,21321,7,2,2533,2535,4301,5520,4838,8031,6587,11523,11770,13458,19278,19893,28752,36982,10718,19148,404289,151179,47452,28614,108629,24791,1254,50,38
2021-05-24T23:59:59+02:00,15,9,7727,6893,15141,15087,19791,22048,49287,50889,70721,71627,54589,58353,37193,47709,11952,21318,7,2,2492,2472,4214,5353,4745,7787,6461,11241,11630,13215,19161,19777,28699,36935,10711,19137,403152,151024,47373,28571,108535,23167,1239,50,38
2021-05-23T23:59:59+02:00,14,9,7708,6880,15103,15070,19736,22018,49276,50886,70716,71621,54588,58349,37193,47707,11952,21318,7,2,2488,2467,4206,5349,4734,7781,6453,11228,11608,13193,19018,19579,28668,36896,10709,19135,402959,150529,47373,28569,108534,23158,1228,50,37
2021-05-22T23:59:59+02:00,14,9,7705,6872,15094,15057,19725,22011,49276,50884,70713,71621,54587,58347,37193,47707,11952,21318,6,2,2486,2460,4198,5344,4732,7781,6448,11222,11600,13190,19005,19573,28667,36896,10709,19135,402902,150491,47373,28568,108534,23132,1226,50,37
2021-05-21T23:59:59+02:00,14,9,7630,6771,14966,14921,19517,21853,49037,50651,70570,71512,54559,58320,37185,47700,11946,21312,6,2,2415,2374,4107,5204,4627,7571,6324,10924,11425,12902,18938,19506,28651,36866,10706,19133,401323,150227,47369,28567,108509,21628,1223,49,36
2021-05-20T23:59:59+02:00,14,9,7353,6472,14378,14398,18579,20974,46354,48295,69413,70534,54200,57952,37076,47558,11914,21281,6,2,2152,2204,3746,4841,4183,7018,5770,10090,10332,11797,17648,18196,28141,36261,10628,18982,390296,144920,47202,28272,108202,17762,1007,47,36
2021-05-19T23:59:59+02:00,13,8,7114,6246,13710,13910,17300,19971,42367,44812,67923,69222,53740,57430,36912,47328,11878,21230,6,2,2073,2001,3579,4503,3934,6489,5324,9406,9331,10675,16168,16540,27442,35339,10500,18772,375486,137716,46627,28128,107966,15225,988,47,27
2021-05-18T23:59:59+02:00,13,7,6919,6071,13161,13475,16199,19108,37643,40788,66469,67898,53188,56888,36763,47105,11836,21174,6,2,2027,1878,3439,4311,3749,6168,4989,8919,8463,9803,14582,14801,26726,34481,10409,18597,359370,131058,46561,27559,107804,13783,923,47,27
2021-05-17T23:59:59+02:00,13,7,6784,5975,12834,13220,15699,18716,35458,38921,65634,67112,52912,56572,36681,46996,11821,21137,6,2,1956,1815,3250,4126,3527,5934,4667,8545,7680,9102,11316,10772,25815,33331,10328,18426,355625,125818,42283,21460,107719,12475,818,47,27
2021-05-16T23:59:59+02:00,13,7,6719,5890,12711,13065,15527,18547,34965,38449,65447,66941,52856,56511,36669,46969,11816,21132,6,2,1897,1717,3145,4003,3446,5833,4559,8398,7496,8913,9117,8168,25328,32648,10294,18367,354141,124658,41774,16103,107685,11962,588,46,26
2021-05-15T23:59:59+02:00,13,7,6714,5881,12705,13058,15522,18541,34956,38444,65444,66939,52855,56510,36669,46969,11816,21132,6,2,1896,1717,3142,3999,3442,5830,4553,8395,7494,8910,9115,8165,25327,32648,10294,18367,354091,124627,41773,16103,107680,11961,585,46,26
2021-05-14T23:59:59+02:00,13,7,6513,5785,12464,12994,15288,18447,33983,37652,64907,66530,52759,56424,36652,46935,11814,21127,6,2,1781,1628,3031,3927,3385,5721,4503,8248,7446,8780,9108,8159,25326,32648,10294,18366,350717,124564,41742,16099,107215,11096,575,45,25
2021-05-13T23:59:59+02:00,13,7,6264,5601,12056,12737,14715,17998,30454,34861,62426,64445,52127,55750,36514,46715,11802,21079,5,2,1739,1588,2974,3851,3353,5628,4460,8143,7365,8661,9068,8098,25306,32605,10289,18361,336707,124307,41517,16074,106782,10577,513,45,25
2021-05-12T23:59:59+02:00,13,7,6244,5576,11982,12669,14601,17888,29819,34282,61918,63992,51953,55577,36477,46670,11795,21066,5,2,1739,1585,2972,3849,3350,5628,4455,8141,7363,8655,9061,8095,25306,32603,10289,18360,333695,124281,41503,16064,106775,10576,512,44,25
2021-05-11T23:59:59+02:00,12,7,5925,5443,11536,12384,14047,17504,25557,30789,59529,61980,51291,54896,36290,46423,11771,21003,5,2,1700,1471,2869,3587,3228,5254,4312,7700,7209,8333,8974,8009,25277,32562,10285,18349,318730,124031,41447,15871,105782,8813,386,42,25
2021-05-10T23:59:59+02:00,12,7,5797,5370,11371,12266,13826,17330,22080,28026,58269,60861,50929,54542,36197,46299,11756,20972,5,2,1660,1373,2782,3358,3125,4922,4199,7209,7088,7894,8934,7948,25265,32540,10283,18345,308783,123881,41285,15722,105483,6986,318,41,25
2021-05-09T23:59:59+02:00,12,7,5721,5337,11283,12201,13720,17247,20479,26843,57805,60475,50825,54442,36172,46258,11749,20967,5,2,1643,1351,2725,3233,3074,4779,4153,7089,7041,7801,8923,7936,25258,32534,10282,18345,308206,123841,37713,15676,105281,6328,304,39,25
2021-05-08T23:59:59+02:00,12,7,5718,5335,11270,12196,13708,17232,20471,26837,57796,60469,50822,54433,36168,46255,11747,20964,5,2,1642,1351,2720,3230,3074,4778,4150,7086,7039,7800,8921,7936,25257,32532,10282,18345,308113,123822,37708,15676,105278,6325,302,39,25
2021-05-07T23:59:59+02:00,12,7,5678,5300,11201,12148,13599,17151,20019,26481,56799,59657,50693,54302,36139,46224,11744,20950,5,2,1543,1308,2640,3186,3032,4749,4115,7062,7017,7767,8912,7928,25254,32530,10282,18344,304949,123783,37687,15668,105132,5904,297,39,24
2021-05-06T23:59:59+02:00,12,7,5425,5189,10682,11838,12891,16697,18717,25496,52528,55995,49494,52920,35807,45823,11691,20848,5,2,1325,1179,2401,3015,2859,4583,3962,6864,6864,7616,8834,7845,25234,32495,10279,18337,289788,123505,37494,15527,104572,4473,170,36,24
2021-05-05T23:59:59+02:00,12,7,5170,5095,10191,11598,12132,16242,17379,24510,48155,51852,47829,50996,35367,45250,11616,20725,5,2,1279,1086,2338,2886,2773,4403,3868,6624,6757,7415,8720,7747,25172,32420,10273,18321,272581,123015,37270,15482,104185,3514,54,36,24
2021-05-04T23:59:59+02:00,12,7,5084,5009,9871,11379,11679,15851,16395,23643,46278,49816,46758,49687,34990,44765,11547,20616,5,2,1268,1067,2309,2844,2731,4316,3815,6516,6685,7336,8678,7708,25150,32403,10272,18316,262171,122793,37245,15417,103904,3156,31,36,24
2021-05-03T23:59:59+02:00,12,7,4984,4921,9516,11207,11212,15585,15338,22780,44705,48198,45874,48730,34768,44421,11519,20523,5,2,1253,1042,2274,2811,2690,4252,3766,6460,6608,7282,8107,7018,23398,30067,10133,18077,253138,116952,37234,15336,103872,2913,20,36,24
2021-05-02T23:59:59+02:00,12,7,4922,4903,9400,11168,11065,15523,14727,22289,44185,47788,45732,48564,34718,44360,11512,20512,5,1,1249,1036,2255,2808,2677,4244,3737,6445,6588,7268,7917,6775,21419,27650,10086,17989,251922,116930,35598,10312,103816,2868,15,36,24
2021-05-01T23:59:59+02:00,12,7,4922,4901,9396,11163,11062,15521,14721,22284,44183,47784,45731,48564,34718,44360,11512,20512,5,1,1248,1036,2255,2808,2677,4244,3736,6445,6587,7268,7917,6774,21419,27650,10086,17989,251889,116927,35598,10312,103815,2867,15,36,24
2021-04-30T23:59:59+02:00,12,7,4876,4877,9329,11145,11006,15496,14645,22256,42700,46373,45398,48235,34681,44308,11507,20502,5,1,1041,942,2058,2719,2578,4183,3649,6385,6522,7209,7910,6756,21418,27648,10086,17989,247902,116917,35598,10309,103803,1835,15,35,23
2021-04-29T23:59:59+02:00,12,7,4638,4792,8854,10996,10401,15317,13958,22047,37761,42059,44387,47202,34559,44190,11503,20471,5,1,863,865,1884,2641,2493,4117,3539,6314,6454,7159,7887,6736,21413,27641,10086,17988,234154,116883,35494,10203,103457,962,15,34,23
2021-04-28T23:59:59+02:00,12,7,4462,4758,8604,10910,10046,15226,13601,21887,33107,37542,43141,45942,34433,44041,11488,20453,5,1,821,839,1846,2592,2460,4039,3503,6205,6406,7069,7865,6716,21400,27628,10081,17981,220895,116793,35475,10155,103244,473,14,32,22
2021-04-27T23:59:59+02:00,11,6,4231,4545,8260,10459,9659,14644,13128,21240,31974,36415,42859,45655,34417,44013,11484,20450,5,1,794,825,1811,2568,2442,4021,3485,6184,6371,7042,7855,6707,21395,27624,10078,17975,218157,116734,35460,10126,99787,288,14,32,21
2021-04-26T23:59:59+02:00,11,6,4209,4517,8187,10421,9553,14588,12977,21179,27561,32029,41641,44433,34337,43912,11471,20439,5,1,762,814,1780,2549,2412,4000,3460,6163,6319,6995,7805,6658,21365,27593,10078,17968,206273,116530,35450,10080,99702,83,14,32,20
2021-04-25T23:59:59+02:00,11,6,4187,4505,8154,10396,9489,14555,12884,21132,25590,29986,40940,43671,34290,43852,11467,20433,5,1,750,806,1768,2535,2394,3985,3435,6142,6286,6966,7786,6641,21348,27572,10077,17964,205603,116503,30333,9846,99567,79,13,32,20
2021-04-24T23:59:59+02:00,11,6,4168,4494,8124,10367,9448,14539,12829,21111,24090,28323,40182,42827,34226,43776,11464,20427,5,1,749,805,1764,2532,2392,3981,3435,6138,6286,6963,7784,6638,21346,27572,10077,17964,200541,116479,30331,9844,99495,76,13,32,20
2021-04-23T23:59:59+02:00,11,6,3904,4343,7654,10069,9019,14184,12267,20708,23608,28023,40091,42764,34205,43742,11458,20420,5,1,736,794,1747,2519,2372,3965,3412,6115,6264,6944,7770,6619,21341,27560,10077,17963,200185,116461,30315,9645,95933,65,13,30,20
2021-04-22T23:59:59+02:00,11,6,3811,4283,7462,9952,8737,13991,11820,20380,21278,25667,37329,39516,33679,43069,11387,20295,5,1,723,785,1717,2488,2314,3908,3341,6043,6154,6847,7691,6532,21285,27516,10074,17948,187144,116343,30121,8936,95365,62,13,30,18
2021-04-21T23:59:59+02:00,11,4,3783,4249,7332,9873,8554,13816,11480,20091,20018,24460,34116,35792,33196,42368,11322,20166,5,1,699,767,1681,2460,2270,3884,3308,6009,6114,6808,7659,6505,21265,27492,10069,17944,175361,116228,29944,8623,95283,58,13,30,18
2021-04-20T23:59:59+02:00,11,4,3750,4222,7226,9803,8341,13655,11110,19791,18921,23308,30803,32142,32719,41769,11265,20049,4,1,691,757,1666,2448,2236,3862,3265,5963,6073,6766,7617,6460,21240,27469,10063,17941,163704,116069,29921,8366,95221,56,13,30,18
2021-04-19T23:59:59+02:00,11,4,3732,4206,7149,9765,8223,13545,10854,19605,18255,22647,29926,31008,32426,41405,11223,19975,4,1,683,752,1645,2434,2212,3832,3229,5929,6039,6735,7574,6427,21209,27441,10060,17937,158859,115937,29903,8121,95154,54,13,30,18
2021-04-18T23:59:59+02:00,11,4,3729,4199,7133,9752,8208,13527,10816,19579,18168,22564,29803,30882,32398,41382,11220,19967,4,1,681,747,1630,2423,2195,3816,3204,5903,6009,6712,7551,6414,21191,27419,10057,17934,158363,115877,29833,7930,95104,53,13,29,18
2021-04-17T23:59:59+02:00,11,4,3727,4197,7128,9749,8204,13526,10810,19572,18154,22553,29781,30869,32396,41379,11220,19967,4,1,680,747,1627,2422,2193,3815,3200,5902,6007,6710,7551,6414,21191,27419,10057,17934,158276,115862,29832,7929,95097,52,13,29,18
2021-04-16T23:59:59+02:00,11,4,3559,4160,6783,9619,7833,13339,10409,19327,17699,22280,29573,30704,32311,41287,11205,19948,4,1,667,727,1615,2407,2166,3799,3146,5865,5966,6660,7457,6323,20778,26851,10027,17873,157506,114531,29824,7721,92680,49,13,28,18
2021-04-15T23:59:59+02:00,11,4,3459,4079,6429,9245,7253,12835,9631,18492,16374,21051,28367,29403,31793,40644,11124,19772,4,1,637,704,1562,2367,2081,3713,3038,5745,5637,6421,6956,5935,20032,25923,9927,17703,151739,111135,29529,7176,88657,44,13,28,18
2021-04-14T23:59:59+02:00,10,4,3405,4032,6190,9004,6923,12457,9013,17944,15254,20013,26946,27893,31160,39763,11012,19575,4,1,604,677,1514,2329,2006,3634,2896,5622,5329,6188,6409,5425,19008,24631,9839,17523,144905,106848,29330,6721,86324,39,13,26,18
2021-04-13T23:59:59+02:00,10,4,3374,3999,6099,8925,6775,12324,8706,17697,14450,19318,23597,24326,30221,38582,10906,19400,4,1,599,668,1501,2305,1974,3599,2794,5550,5111,6004,6041,5082,18707,24283,9796,17456,133240,104720,29319,6687,86115,38,13,26,17
2021-04-12T23:59:59+02:00,10,4,3354,3978,6048,8866,6687,12237,8488,17502,13833,18791,22590,23176,29796,38023,10837,19273,4,1,589,660,1490,2298,1951,3578,2737,5500,4963,5899,5716,4800,18411,23977,9757,17394,128151,103118,29300,6540,86003,38,13,26,16
2021-04-11T23:59:59+02:00,10,4,3348,3972,6029,8842,6658,12219,8446,17479,13740,18730,22461,23026,29744,37958,10827,19249,4,1,585,655,1477,2287,1938,3570,2720,5483,4926,5861,5657,4740,18237,23745,9736,17363,127608,102451,29234,6467,85863,38,13,24,16
2021-04-10T23:59:59+02:00,10,4,3340,3971,6006,8841,6635,12218,8424,17477,13716,18728,22456,23023,29740,37957,10827,19249,4,1,582,652,1469,2279,1932,3567,2713,5474,4909,5853,5643,4723,18073,23490,9722,17340,127586,101927,29143,6434,85858,38,11,24,16
2021-04-09T23:59:59+02:00,9,4,3303,3959,5958,8827,6576,12198,8385,17450,13666,18681,20499,20605,29255,37339,10797,19199,4,1,568,638,1441,2257,1905,3542,2670,5438,4836,5791,5528,4619,17493,22757,9684,17269,126883,100151,24016,6234,85777,30,10,24,16
2021-04-08T23:59:59+02:00,9,4,3278,3940,5890,8796,6502,12158,8295,17386,13521,18563,17897,17530,28733,36673,10758,19149,4,1,526,609,1351,2174,1810,3445,2490,5254,4332,5429,4723,4009,15694,20508,9493,16960,126015,93101,18136,5664,84898,22,9,24,16
2021-04-07T23:59:59+02:00,8,4,3198,3910,5683,8745,6294,12094,8083,17309,13257,18465,15223,14447,28052,35872,10728,19096,4,1,502,579,1296,2117,1713,3364,2336,5113,3918,5096,4000,3440,14832,19638,9377,16773,125791,88743,16592,5315,78055,19,6,24,16
2021-04-06T23:59:59+02:00,7,4,3169,3900,5637,8726,6223,12070,7997,17272,13182,18392,13233,12072,27416,35154,10714,19066,4,1,472,556,1228,2060,1627,3280,2174,4993,3545,4818,3474,3025,13984,18627,9301,16652,125651,85074,16387,4711,72166,15,6,24,15
2021-04-05T23:59:59+02:00,7,4,3167,3896,5603,8711,6186,12055,7952,17255,13109,18356,13188,12026,27405,35137,10713,19063,4,1,441,526,1176,2023,1576,3238,2108,4939,3455,4742,3418,2973,13839,18455,9292,16634,125624,84580,16177,4225,72003,15,5,24,15
2021-04-04T23:59:59+02:00,7,4,3166,3894,5603,8709,6184,12054,7951,17253,13107,18356,13184,12025,27404,35136,10713,19063,4,1,440,524,1175,2023,1575,3238,2107,4939,3455,4742,3418,2973,13837,18455,9292,16634,125610,84573,16177,4224,71997,15,5,24,15
2021-04-03T23:59:59+02:00,7,4,3165,3894,5601,8708,6184,12054,7951,17253,13107,18356,13184,12023,27403,35133,10713,19063,4,1,440,522,1175,2023,1574,3238,2107,4938,3449,4739,3412,2963,13750,18318,9283,16618,125602,84295,16177,4224,71995,15,5,24,15
2021-04-02T23:59:59+02:00,7,4,3165,3889,5597,8703,6179,12045,7943,17240,13080,18325,13137,11970,27375,35113,10710,19059,4,1,437,515,1173,2019,1561,3229,2096,4916,3418,4706,3380,2934,12814,17066,9216,16509,125430,81819,16173,4142,71909,15,5,24,13
2021-04-01T23:59:59+02:00,7,4,3151,3875,5558,8684,6112,12012,7872,17205,12967,18253,13022,11842,27317,35036,10701,19043,4,1,389,471,1074,1949,1461,3140,1944,4803,3213,4575,3143,2732,10768,14463,9100,16326,125115,76175,16048,3349,71471,15,4,23,13
2021-03-31T23:59:59+02:00,7,4,3150,3861,5541,8650,6076,11974,7828,17160,12886,18184,12907,11720,27266,34974,10693,19033,3,1,351,448,1037,1905,1386,3100,1839,4698,2954,4374,2726,2413,8169,11231,8919,16084,124801,68605,16007,3002,71080,14,4,22,13
2021-03-30T23:59:59+02:00,7,4,3143,3850,5517,8624,6043,11942,7788,17119,12808,18118,12821,11581,27228,34926,10687,19023,3,1,330,430,1015,1873,1327,3064,1715,4617,2706,4202,2355,2164,7282,10147,8850,15954,124667,65278,15977,2727,70561,14,3,21,13
2021-03-29T23:59:59+02:00,7,4,3131,3846,5489,8603,6007,11906,7744,17085,12734,18042,12172,10823,25358,32436,10537,18766,3,1,324,427,1008,1858,1307,3039,1681,4575,2556,4114,2067,2013,6622,9434,8806,15876,118665,62959,15808,2724,70194,12,3,20,13
2021-03-28T23:59:59+02:00,7,4,3101,3830,5441,8564,5957,11861,7662,17030,12622,17972,11907,10519,23372,29966,10483,18668,3,1,323,425,1005,1857,1298,3035,1677,4573,2544,4106,2042,1993,6598,9419,8804,15871,118607,62826,10618,2722,69718,12,3,20,11
2021-03-27T23:59:59+01:00,7,4,3089,3825,5400,8552,5920,11846,7612,17014,12575,17925,11872,10475,23368,29958,10483,18668,3,1,323,425,1005,1857,1298,3034,1676,4570,2542,4103,2040,1991,6550,9344,8771,15823,118535,62608,10616,2722,69419,12,3,20,11
2021-03-26T23:59:59+01:00,7,4,2961,3503,4950,7401,5424,10530,6999,14966,11768,15635,11648,10291,22883,29229,10438,18597,3,1,322,422,1003,1854,1292,3029,1673,4568,2537,4096,2032,1985,6421,9156,8627,15636,116979,61929,10359,2710,59873,4,3,20,11
2021-03-25T23:59:59+01:00,7,3,2841,3240,4791,6634,5193,9382,6673,13242,11039,13831,10786,9483,22151,28379,10361,18440,3,1,317,413,996,1845,1277,3010,1654,4535,2501,4046,1963,1926,6131,8729,8346,15183,114044,60154,9655,2706,52754,3,3,20,10
2021-03-24T23:59:59+01:00,7,3,2796,3195,4714,6571,5059,9274,6468,13071,10526,13424,9946,8661,21132,27121,10263,18252,3,1,314,408,989,1838,1260,3000,1639,4511,2454,3990,1893,1850,5766,8254,7928,14506,110009,57895,9308,2695,51146,3,1,19,10
2021-03-23T23:59:59+01:00,7,3,2768,3161,4645,6500,4949,9181,6253,12908,10067,13001,9226,7990,20618,26513,10208,18145,3,1,302,395,972,1826,1245,2976,1609,4489,2405,3942,1814,1784,5482,7869,7525,13878,107602,55810,8976,2694,49545,2,1,19,10
2021-03-22T23:59:59+01:00,7,3,2750,3122,4585,6460,4872,9113,6115,12769,9706,12729,8621,7419,20197,26074,10148,18051,1,1,300,392,961,1820,1231,2963,1595,4477,2379,3915,1788,1762,5343,7695,7076,13052,106118,54050,8718,2689,47885,2,1,19,9
2021-03-21T23:59:59+01:00,7,3,2743,3105,4538,6435,4821,9077,6021,12701,9517,12542,8313,7159,20030,25907,10136,18023,1,1,300,392,960,1820,1228,2963,1594,4476,2376,3915,1781,1756,5334,7690,7045,12994,105915,53942,8486,2672,46657,2,1,19,9
2021-03-20T23:59:59+01:00,7,3,2742,3098,4531,6429,4814,9074,6017,12693,9497,12528,8280,7127,19857,25630,10120,17997,1,1,300,392,960,1818,1227,2963,1593,4475,2372,3907,1769,1743,5319,7641,6867,12754,105358,53443,8473,2647,46593,2,1,19,9
2021-03-19T23:59:59+01:00,7,3,2707,3071,4459,6384,4707,9023,5877,12635,9229,12339,7976,6899,19372,25038,10088,17938,1,1,300,391,959,1817,1227,2960,1591,4474,2365,3902,1753,1732,5282,7598,6453,12128,104054,52298,8229,2624,45449,2,1,19,9
2021-03-18T23:59:59+01:00,7,3,2641,2998,4296,6244,4459,8818,5520,12327,8312,11665,6711,5874,18110,23670,9933,17706,1,1,297,386,954,1807,1213,2947,1552,4458,2302,3859,1675,1691,5207,7491,5709,11010,99120,49967,7687,2582,42467,1,1,19,9
2021-03-17T23:59:59+01:00,7,3,2605,2958,4214,6148,4321,8709,5264,12050,7638,11097,5723,4974,16756,22127,9766,17446,1,1,293,384,950,1799,1209,2938,1535,4436,2238,3837,1613,1649,5163,7424,5129,10119,93669,48182,7189,2525,40928,1,1,19,9
2021-03-16T23:59:59+01:00,6,3,2585,2930,4150,6082,4227,8612,5086,11894,7189,10708,4957,4356,15895,21144,9659,17272,1,1,289,382,947,1794,1206,2931,1527,4426,2216,3818,1581,1632,5126,7381,4618,9297,90006,46718,7149,2446,39580,0,1,19,8
2021-03-15T23:59:59+01:00,6,3,2582,2919,4134,6060,4195,8586,5037,11847,7071,10590,4809,4194,15574,20731,9627,17213,1,1,287,378,946,1787,1200,2924,1513,4417,2195,3796,1537,1615,5066,7306,4031,8433,89229,45121,7049,2303,38881,0,1,18,8
2021-03-14T23:59:59+01:00,6,2,2576,2911,4111,6038,4164,8566,4996,11813,6977,10501,4703,4078,15439,20562,9610,17172,1,1,284,377,946,1785,1194,2917,1508,4406,2184,3789,1527,1609,5059,7298,4025,8419,88917,45058,7030,2262,38260,0,1,17,8
2021-03-13T23:59:59+01:00,6,2,2569,2900,4102,6025,4156,8558,4988,11803,6957,10488,4679,4052,15125,20125,9590,17136,1,1,284,377,946,1785,1194,2917,1508,4406,2184,3789,1526,1608,5059,7297,4025,8419,88026,45056,7008,2261,38209,0,1,17,8
2021-03-12T23:59:59+01:00,6,2,2505,2824,3992,5854,4034,8334,4850,11503,6778,10215,4526,3914,14196,18861,9527,17034,1,1,284,376,944,1782,1194,2913,1505,4401,2183,3782,1519,1606,5051,7278,4023,8402,85537,44977,6947,2259,36455,0,1,15,8
2021-03-11T23:59:59+01:00,5,2,2381,2600,3760,5524,3777,7899,4522,10740,6145,9404,4001,3408,12571,16856,9425,16883,1,1,284,374,940,1777,1190,2900,1496,4389,2171,3755,1483,1579,5016,7241,4011,8375,81155,44828,6784,2146,31948,0,1,15,8
2021-03-10T23:59:59+01:00,5,2,2262,2469,3603,5286,3583,7574,4250,10256,5588,8834,3426,2960,10283,14128,9276,16645,1,1,280,370,934,1767,1183,2889,1492,4373,2149,3739,1454,1571,4986,7226,4001,8365,74798,44760,6612,2012,29004,0,1,15,8
2021-03-09T23:59:59+01:00,5,2,2237,2419,3537,5196,3468,7484,4080,10059,5193,8483,2941,2599,8755,12107,9169,16494,1,1,279,369,934,1761,1176,2879,1488,4365,2141,3728,1439,1565,4978,7221,3998,8363,69903,44719,6462,1959,27848,0,1,14,7
2021-03-08T23:59:59+01:00,5,2,2213,2344,3478,5127,3394,7400,3957,9944,4895,8289,2495,2335,6816,9705,9047,16315,1,1,279,366,933,1751,1170,2863,1482,4354,2136,3721,1428,1558,4962,7201,3991,8353,64181,44610,6125,1932,27440,0,1,14,7
2021-03-07T23:59:59+01:00,5,2,2151,2288,3383,5019,3296,7310,3858,9857,4758,8194,2444,2283,6793,9684,9047,16307,1,1,278,364,932,1751,1170,2861,1482,4354,2136,3721,1428,1558,4961,7201,3991,8352,64052,44604,5443,1930,27169,0,1,14,7
2021-03-06T23:59:59+01:00,5,2,2143,2275,3369,5009,3291,7304,3849,9846,4748,8189,2442,2280,6747,9614,9014,16257,1,1,278,364,931,1747,1169,2860,1482,4351,2132,3716,1427,1553,4955,7196,3989,8342,63838,44556,5383,1930,27148,0,1,14,7
2021-03-05T23:59:59+01:00,5,2,2014,2189,3145,4820,3050,6992,3571,9451,4414,7853,2353,2218,6540,9293,8817,15991,1,1,278,363,929,1744,1168,2859,1481,4345,2129,3709,1421,1551,4949,7190,3988,8335,62847,44504,4535,1930,25322,0,0,14,7
2021-03-04T23:59:59+01:00,5,2,1764,1970,2732,4381,2591,6353,3006,8549,3728,7040,2134,2058,6244,8926,8533,15528,1,1,275,362,928,1735,1166,2842,1480,4329,2120,3697,1410,1549,4937,7176,3981,8324,61185,44380,3254,1926,21091,0,0,14,7
2021-03-03T23:59:59+01:00,5,2,1693,1882,2624,4194,2458,6125,2864,8259,3541,6775,2050,1979,5903,8450,8167,14938,1,1,274,358,928,1725,1163,2819,1476,4305,2115,3682,1385,1537,4932,7170,3977,8316,59151,44232,3110,1926,19634,0,0,14,6
2021-03-02T23:59:59+01:00,5,2,1658,1805,2554,4075,2377,5972,2757,8077,3427,6622,1975,1911,5586,8009,7754,14258,1,1,272,353,925,1706,1160,2798,1473,4286,2114,3671,1360,1531,4922,7153,3972,8308,57017,44074,2867,1926,18926,0,0,14,6
2021-03-01T23:59:59+01:00,3,2,1648,1778,2517,3966,2329,5858,2721,7976,3373,6543,1932,1890,5448,7846,7272,13379,1,1,271,351,921,1700,1158,2786,1471,4273,2112,3655,1354,1526,4919,7151,3970,8301,55132,43989,2855,1926,18480,0,0,14,6
2021-02-28T23:59:59+01:00,3,2,1632,1740,2483,3894,2298,5805,2678,7895,3346,6495,1926,1886,5440,7841,7235,13319,1,1,271,351,920,1700,1158,2786,1471,4272,2112,3654,1354,1526,4919,7150,3970,8301,55007,43986,2853,1925,18044,0,0,14,6
2021-02-27T23:59:59+01:00,3,2,1630,1733,2480,3887,2295,5805,2676,7893,3343,6492,1920,1876,5430,7797,7062,13095,1,1,271,351,909,1695,1148,2779,1461,4263,2095,3645,1353,1523,4919,7149,3970,8301,54535,43982,2853,1846,18017,0,0,14,6
2021-02-26T23:59:59+01:00,3,1,1441,1574,2349,3646,2216,5397,2583,7388,3256,6034,1905,1851,5405,7764,6792,12700,1,1,269,349,900,1688,1140,2759,1455,4241,2085,3632,1346,1514,4911,7137,3966,8288,53775,43899,2833,1777,15683,0,0,14,6
2021-02-25T23:59:59+01:00,3,1,1228,1294,2129,3215,2043,4644,2385,6447,3013,5136,1814,1779,5353,7684,6207,11846,1,1,267,341,893,1628,1106,2665,1422,4130,2029,3557,1308,1493,4867,7095,3946,8233,51869,43426,2821,1550,11518,0,0,13,6
2021-02-24T23:59:59+01:00,3,1,1175,1086,2023,2951,1936,4306,2253,6043,2843,4867,1737,1725,5292,7594,5440,10653,1,1,265,335,856,1580,1056,2573,1361,4013,1940,3428,1268,1464,4849,7068,3936,8212,49511,43158,2810,1042,9594,0,0,13,6
2021-02-23T23:59:59+01:00,3,1,1158,1035,1987,2886,1910,4208,2227,5958,2809,4804,1729,1710,5256,7546,4792,9618,1,1,265,334,829,1553,1006,2521,1308,3934,1834,3353,1216,1437,4825,7042,3923,8173,47708,42950,2782,599,9134,0,0,13,6
2021-02-22T23:59:59+01:00,3,1,1150,992,1937,2741,1866,4062,2171,5764,2755,4699,1717,1699,5222,7498,4177,8725,1,1,264,325,787,1515,951,2438,1219,3826,1695,3256,1126,1378,4781,6971,3894,8062,46079,42474,2764,10,8325,0,0,11,6
2021-02-21T23:59:59+01:00,3,1,1146,978,1908,2679,1839,3965,2144,5659,2734,4636,1710,1693,5219,7489,4177,8721,1,1,262,323,782,1509,943,2405,1217,3789,1682,3216,1117,1363,4763,6944,3869,8018,46024,42188,2754,10,7912,0,0,11,6
2021-02-20T23:59:59+01:00,3,1,1146,978,1907,2678,1838,3964,2143,5659,2730,4630,1701,1684,5212,7482,4175,8718,1,1,262,323,782,1508,942,2401,1216,3785,1681,3214,1117,1363,4710,6884,3822,7960,46009,41957,2726,9,7903,0,0,11,6
2021-02-19T23:59:59+01:00,3,1,1146,976,1904,2673,1838,3953,2142,5650,2726,4626,1682,1675,5197,7464,4172,8713,1,1,261,321,778,1497,933,2376,1209,3743,1651,3160,1089,1324,4517,6630,3642,7659,45928,40777,2704,9,7898,0,0,11,6
2021-02-18T23:59:59+01:00,3,1,1114,895,1865,2554,1799,3817,2088,5444,2665,4453,1665,1658,5181,7431,4167,8684,1,1,235,292,732,1372,885,2170,1122,3404,1534,2863,977,1135,4019,5844,3225,6753,45773,36549,2671,9,7029,0,0,11,6
2021-02-17T23:59:59+01:00,3,1,1068,769,1783,2322,1721,3521,1978,5084,2590,4207,1640,1649,5161,7416,4158,8681,1,1,230,289,722,1355,876,2148,1110,3369,1515,2841,971,1132,3635,5316,2924,6326,45731,34746,2611,9,5399,0,0,11,6
2021-02-16T23:59:59+01:00,3,1,1028,730,1726,2218,1652,3348,1907,4877,2511,4099,1600,1635,5134,7393,4149,8669,1,1,223,283,705,1319,854,2093,1079,3251,1476,2754,947,1108,3276,4766,2580,5828,45677,32533,2444,6,4550,0,0,9,5
2021-02-15T23:59:59+01:00,3,1,1022,711,1706,2141,1634,3248,1888,4767,2497,4020,1570,1621,5104,7377,4116,8613,1,1,211,273,690,1283,835,2043,1058,3185,1434,2689,917,1077,2847,4207,2242,5246,45550,30229,2358,5,4122,0,0,9,5
2021-02-14T23:59:59+01:00,3,1,928,677,1630,2107,1572,3229,1845,4745,2462,4007,1563,1619,5095,7365,4113,8607,1,1,204,262,681,1265,817,2003,1042,3119,1403,2621,887,1031,2755,4065,2163,5045,45505,29357,2323,4,3732,0,0,8,4
2021-02-13T23:59:59+01:00,3,1,876,653,1600,2084,1557,3220,1829,4738,2454,4006,1562,1617,5095,7364,4112,8606,1,1,202,261,679,1264,817,1999,1042,3117,1402,2618,886,1030,2651,3939,2097,4944,45497,28943,2323,3,3549,0,0,8,4
2021-02-12T23:59:59+01:00,3,1,549,509,1252,1968,1386,3117,1688,4656,2347,3935,1543,1609,5085,7353,4102,8596,1,1,190,255,664,1237,803,1955,1015,3031,1347,2518,824,955,2423,3621,1949,4620,45375,27403,2322,2,1994,0,0,8,4
2021-02-11T23:59:59+01:00,3,1,388,435,1064,1854,1282,2999,1590,4541,2258,3844,1435,1565,5022,7300,4079,8546,1,1,154,193,563,990,667,1509,815,2359,1066,1924,581,700,1803,2732,1438,3340,45016,20833,2115,1,1067,0,0,8,2
2021-02-10T23:59:59+01:00,3,1,275,366,937,1747,1180,2877,1496,4356,2144,3722,1396,1552,5001,7290,4075,8544,1,1,133,130,392,629,494,1019,646,1748,898,1590,560,684,1397,2171,1121,2838,44941,16450,2007,0,7,0,0,7,2
2021-02-09T23:59:59+01:00,3,1,275,365,936,1741,1177,2866,1496,4350,2143,3717,1388,1549,4999,7288,4074,8542,1,1,130,128,384,597,475,992,624,1719,873,1559,558,681,1012,1702,841,2429,44915,14705,1983,0,5,0,0,7,1
2021-02-08T23:59:59+01:00,3,1,275,363,935,1739,1174,2856,1489,4345,2141,3713,1383,1545,4997,7288,4073,8539,1,1,125,122,372,583,467,972,612,1686,855,1533,550,676,616,1211,534,2001,44887,12916,1960,0,5,0,0,7,1
2021-02-07T23:59:59+01:00,3,1,275,363,931,1739,1173,2856,1487,4343,2141,3713,1383,1545,4997,7287,4072,8539,1,1,121,119,367,580,466,965,608,1674,845,1517,542,673,615,1201,529,1986,44882,12809,1959,0,0,0,0,7,1
2021-02-06T23:59:59+01:00,3,1,275,363,931,1739,1173,2856,1487,4343,2141,3713,1383,1545,4997,7287,4072,8539,1,1,118,116,365,577,465,962,608,1672,845,1516,541,672,615,1201,529,1986,44882,12789,1959,0,0,0,0,7,1
2021-02-05T23:59:59+01:00,3,1,274,362,929,1739,1173,2855,1485,4342,2140,3713,1383,1545,4996,7285,4072,8536,1,1,117,106,361,572,457,949,604,1662,832,1493,536,662,609,1185,519,1960,44867,12625,1959,0,0,0,0,7,1
2021-02-04T23:59:59+01:00,3,1,270,357,923,1700,1165,2807,1485,4290,2129,3670,1375,1538,4967,7253,4060,8502,1,0,89,71,243,397,331,693,475,1268,622,1124,406,524,514,969,454,1693,44530,9873,1958,0,0,0,0,7,1
2021-02-03T23:59:59+01:00,3,1,268,347,919,1674,1161,2772,1474,4240,2120,3634,1367,1521,4942,7223,4046,8472,1,0,55,34,87,171,152,347,232,599,300,548,214,280,292,604,264,1049,44220,5229,1957,0,0,0,0,7,0
2021-02-02T23:59:59+01:00,3,1,267,345,918,1662,1157,2753,1471,4207,2113,3608,1359,1515,4934,7209,4037,8446,1,0,16,10,30,56,60,101,74,167,96,126,47,77,71,133,57,209,44041,1331,1957,0,0,0,0,7,0
2021-02-01T23:59:59+01:00,3,1,267,340,918,1659,1156,2752,1470,4203,2112,3601,1357,1514,4932,7208,4037,8446,1,0,13,9,26,48,50,92,61,141,74,107,41,68,62,124,55,196,44012,1168,1957,0,0,0,0,7,0
2021-01-31T23:59:59+01:00,3,1,267,339,918,1655,1155,2746,1470,4198,2112,3598,1356,1514,4931,7207,4037,8445,1,0,12,8,23,43,44,84,55,130,64,101,36,57,53,114,52,188,43990,1065,1955,0,0,0,0,7,0
2021-01-30T23:59:59+01:00,3,1,267,339,912,1652,1147,2738,1462,4192,2108,3595,1356,1514,4878,7147,3990,8387,1,0,12,8,23,41,44,84,54,129,64,101,36,57,53,114,52,188,43761,1061,1920,0,0,0,0,7,0
2021-01-29T23:59:59+01:00,3,1,266,337,897,1644,1135,2717,1450,4162,2084,3568,1347,1508,4713,6943,3821,8178,1,0,10,8,23,41,41,84,53,127,61,100,34,52,52,114,52,188,42959,1041,1808,0,0,0,0,7,0
2021-01-28T23:59:59+01:00,3,1,262,324,877,1559,1097,2607,1412,4060,2014,3493,1321,1495,4376,6470,3543,7819,1,0,7,4,10,20,22,42,22,59,36,67,21,34,36,74,40,126,41162,621,1564,0,0,0,0,7,0
2021-01-27T23:59:59+01:00,3,1,256,321,835,1504,1050,2513,1348,3962,1940,3385,1281,1468,3963,5897,3214,7346,1,0,3,4,10,10,11,21,9,23,15,33,12,15,18,42,17,63,39169,307,1111,0,0,0,0,7,0
2021-01-26T23:59:59+01:00,3,1,249,312,798,1457,983,2427,1287,3835,1824,3277,1220,1416,3612,5338,2857,6823,1,0,1,1,6,5,4,7,5,3,4,11,7,5,5,7,4,8,37051,84,663,0,0,0,0,5,0
2021-01-25T23:59:59+01:00,3,1,239,303,747,1396,922,2308,1185,3690,1666,3156,1140,1384,3213,4823,2541,6347,1,0,1,1,6,4,2,7,2,2,3,11,7,5,5,7,4,8,34997,76,63,0,0,0,0,4,0
2021-01-24T23:59:59+01:00,3,1,236,303,741,1392,911,2292,1180,3674,1638,3126,1134,1381,3186,4787,2524,6325,1,0,1,1,4,4,2,7,2,2,3,11,7,5,5,7,4,8,34822,74,9,0,0,0,0,3,0
2021-01-23T23:59:59+01:00,3,1,235,302,740,1391,911,2288,1179,3672,1635,3124,1133,1381,3080,4661,2457,6223,1,0,1,1,4,4,2,7,2,2,3,11,7,5,5,7,4,8,34405,74,8,0,0,0,0,3,0
2021-01-22T23:59:59+01:00,3,1,234,299,737,1375,909,2275,1173,3656,1631,3120,1131,1380,2918,4466,2354,6078,1,0,1,1,4,4,2,7,2,2,3,11,7,5,5,7,4,8,33729,74,8,0,0,0,0,3,0
2021-01-21T23:59:59+01:00,3,1,230,271,671,1218,842,2063,1092,3371,1535,2915,1087,1337,2570,4001,2059,5636,1,0,1,0,3,3,2,7,2,2,3,11,7,4,5,7,4,8,30893,70,8,0,0,0,0,1,0
2021-01-20T23:59:59+01:00,3,1,206,207,512,866,667,1571,891,2670,1298,2448,989,1202,2029,3247,1636,4825,1,0,1,0,3,3,2,7,2,2,3,9,6,4,5,7,4,8,25260,67,8,0,0,0,0,0,0
2021-01-19T23:59:59+01:00,3,1,182,190,464,756,612,1416,805,2373,1122,2141,821,942,1374,2303,1150,3692,0,0,0,0,2,1,0,0,0,0,2,2,1,0,0,0,0,0,20343,8,4,0,0,0,0,0,0
2021-01-18T23:59:59+01:00,2,1,137,135,389,629,489,1060,649,1827,930,1646,609,731,699,1354,604,2258,0,0,0,0,1,0,0,0,0,0,1,0,0,0,0,0,0,0,14145,2,4,0,0,0,0,0,0
2021-01-17T23:59:59+01:00,2,1,126,120,374,594,474,995,620,1710,871,1547,560,690,648,1251,558,2092,0,0,0,0,0,0,0,0,0,0,0,0,0,0,0,0,0,0,13232,0,1,0,0,0,0,0,0
2021-01-16T23:59:59+01:00,2,1,119,116,371,591,472,982,614,1697,865,1540,559,689,647,1245,553,2078,0,0,0,0,0,0,0,0,0,0,0,0,0,0,0,0,0,0,13140,0,1,0,0,0,0,0,0
2021-01-15T23:59:59+01:00,2,1,117,108,367,584,464,966,610,1686,851,1516,553,676,639,1228,545,2052,0,0,0,0,0,0,0,0,0,0,0,0,0,0,0,0,0,0,12965,0,0,0,0,0,0,0,0
2021-01-14T23:59:59+01:00,2,1,97,87,283,472,392,788,506,1415,694,1227,435,543,556,1029,482,1851,0,0,0,0,0,0,0,0,0,0,0,0,0,0,0,0,0,0,10860,0,0,0,0,0,0,0,0
2021-01-13T23:59:59+01:00,2,1,67,47,170,289,257,521,354,925,473,790,267,329,336,678,310,1173,0,0,0,0,0,0,0,0,0,0,0,0,0,0,0,0,0,0,6989,0,0,0,0,0,0,0,0
2021-01-12T23:59:59+01:00,2,1,31,20,56,108,114,216,152,385,197,338,140,180,176,376,180,654,0,0,0,0,0,0,0,0,0,0,0,0,0,0,0,0,0,0,3326,0,0,0,0,0,0,0,0
2021-01-11T23:59:59+01:00,2,0,17,10,39,69,62,114,79,172,90,129,42,67,66,130,55,200,0,0,0,0,0,0,0,0,0,0,0,0,0,0,0,0,0,0,1343,0,0,0,0,0,0,0,0
2021-01-10T23:59:59+01:00,2,0,14,7,32,58,55,102,69,157,74,115,35,57,56,119,50,190,0,0,0,0,0,0,0,0,0,0,0,0,0,0,0,0,0,0,1192,0,0,0,0,0,0,0,0
2021-01-09T23:59:59+01:00,2,0,13,7,31,56,54,101,66,156,74,113,35,57,56,119,50,190,0,0,0,0,0,0,0,0,0,0,0,0,0,0,0,0,0,0,1180,0,0,0,0,0,0,0,0
2021-01-08T23:59:59+01:00,2,0,10,7,29,53,49,96,61,143,68,109,33,52,55,119,50,190,0,0,0,0,0,0,0,0,0,0,0,0,0,0,0,0,0,0,1126,0,0,0,0,0,0,0,0
2021-01-07T23:59:59+01:00,2,0,7,4,10,22,22,43,24,58,37,69,20,35,40,79,39,126,0,0,0,0,0,0,0,0,0,0,0,0,0,0,0,0,0,0,637,0,0,0,0,0,0,0,0
2021-01-06T23:59:59+01:00,2,0,7,4,10,18,14,30,16,41,26,57,16,25,33,69,37,110,0,0,0,0,0,0,0,0,0,0,0,0,0,0,0,0,0,0,515,0,0,0,0,0,0,0,0
2021-01-05T23:59:59+01:00,2,0,7,4,10,18,14,30,16,41,26,57,16,25,32,69,37,110,0,0,0,0,0,0,0,0,0,0,0,0,0,0,0,0,0,0,514,0,0,0,0,0,0,0,0
2021-01-04T23:59:59+01:00,2,0,2,4,9,8,4,14,4,8,6,20,7,5,9,16,5,15,0,0,0,0,0,0,0,0,0,0,0,0,0,0,0,0,0,0,138,0,0,0,0,0,0,0,0
2021-01-03T23:59:59+01:00,1,0,1,1,4,5,2,7,3,3,3,12,5,4,6,8,4,9,0,0,0,0,0,0,0,0,0,0,0,0,0,0,0,0,0,0,78,0,0,0,0,0,0,0,0
2021-01-02T23:59:59+01:00,1,0,1,1,4,4,2,7,3,3,3,12,5,4,6,8,4,9,0,0,0,0,0,0,0,0,0,0,0,0,0,0,0,0,0,0,77,0,0,0,0,0,0,0,0
2021-01-01T23:59:59+01:00,1,0,1,1,4,4,2,7,2,3,3,12,5,4,6,8,4,9,0,0,0,0,0,0,0,0,0,0,0,0,0,0,0,0,0,0,76,0,0,0,0,0,0,0,0
2020-12-31T23:59:59+01:00,1,0,1,1,4,3,2,7,2,2,3,11,5,4,6,8,4,9,0,0,0,0,0,0,0,0,0,0,0,0,0,0,0,0,0,0,73,0,0,0,0,0,0,0,0
2020-12-30T23:59:59+01:00,1,0,1,1,4,3,2,7,2,2,3,9,5,4,6,8,4,9,0,0,0,0,0,0,0,0,0,0,0,0,0,0,0,0,0,0,71,0,0,0,0,0,0,0,0
2020-12-29T23:59:59+01:00,1,0,1,1,3,1,2,6,2,2,3,7,3,2,5,8,3,8,0,0,0,0,0,0,0,0,0,0,0,0,0,0,0,0,0,0,58,0,0,0,0,0,0,0,0
2020-12-28T23:59:59+01:00,1,0,0,0,3,1,0,2,1,0,1,3,0,1,0,1,1,5,0,0,0,0,0,0,0,0,0,0,0,0,0,0,0,0,0,0,20,0,0,0,0,0,0,0,0
2020-12-27T23:59:59+01:00,0,0,0,0,0,0,0,1,1,0,1,2,0,1,0,1,1,5,0,0,0,0,0,0,0,0,0,0,0,0,0,0,0,0,0,0,13,0,0,0,0,0,0,0,0
