Datum,<15_m,<15_w,15-24_1_m,15-24_1_w,25-34_1_m,25-34_1_w,35-44_1_m,35-44_1_w,45-54_1_m,45-54_1_w,55-64_1_m,55-64_1_w,65-74_1_m,65-74_1_w,75-84_1_m,75-84_1_w,>84_1_m,>84_1_w,<24_2_m,<24_2_w,25-34_2_m,25-34_2_w,35-44_2_m,35-44_2_w,45-54_2_m,45-54_2_w,55-64_2_m,55-64_2_w,65-74_2_m,65-74_2_w,75-84_2_m,75-84_2_w,>84_2_m,>84_2_w,bp_1,bp_2,mo_1,mo_2,az_1,az_2,ja,unb_1,unb_2
2021-10-18T23:59:59+02:00,5752,5558,44478,42714,58232,50795,62176,58612,73767,72092,88053,85997,60717,64869,39724,51045,12602,22661,40584,38966,54466,46782,58821,54716,69943,67716,84177,82163,58706,62574,38438,49296,12095,21661,668578,628348,79379,76148,109652,103782,42208,50,62
2021-10-17T23:59:59+02:00,5741,5541,44442,42694,58202,50769,62145,58590,73749,72075,88032,85984,60710,64865,39718,51040,12601,22655,40546,38936,54444,46746,58798,54691,69927,67701,84157,82144,58697,62565,38436,49292,12094,21656,668317,628063,79375,76144,109652,103782,42182,50,62
2021-10-16T23:59:59+02:00,5739,5540,44442,42694,58202,50767,62145,58590,73749,72075,88032,85984,60710,64865,39718,51040,12601,22655,40545,38934,54444,46744,58798,54691,69927,67701,84157,82144,58697,62565,38436,49292,12094,21656,668312,628058,79375,76143,109652,103782,42182,50,62
2021-10-15T23:59:59+02:00,5724,5520,44384,42644,58148,50720,62102,58560,73712,72038,88002,85960,60697,64861,39713,51035,12598,22653,40492,38883,54401,46713,58758,54649,69894,67672,84129,82127,58693,62560,38428,49289,12093,21652,667922,627706,79373,76143,109650,103782,42099,50,62
2021-10-14T23:59:59+02:00,5678,5490,44308,42556,58076,50628,62031,58491,73652,71976,87941,85924,60684,64842,39699,51017,12588,22635,40387,38747,54337,46636,58676,54555,69823,67594,84092,82087,58660,62538,38421,49273,12090,21643,667184,626853,79364,76126,109650,103780,41991,50,62
2021-10-13T23:59:59+02:00,5639,5427,44208,42441,57968,50528,61957,58405,73596,71907,87893,85885,60667,64815,39691,51006,12586,22627,40204,38513,54188,46408,58551,54385,69738,67467,84007,82011,58630,62502,38401,49232,12085,21630,666281,625167,79352,76104,109650,103780,41936,50,62
2021-10-12T23:59:59+02:00,5602,5397,44085,42317,57855,50412,61873,58319,73509,71842,87831,85837,60643,64783,39684,50988,12581,22611,39963,38284,53978,46211,58404,54236,69645,67354,83927,81941,58596,62458,38380,49202,12076,21616,665288,623449,79347,76102,109649,103780,41858,50,62
2021-10-11T23:59:59+02:00,5586,5384,44040,42262,57805,50350,61834,58278,73470,71810,87801,85813,60628,64770,39677,50974,12575,22599,39916,38237,53923,46163,58358,54194,69615,67318,83907,81908,58575,62434,38367,49175,12068,21594,664820,622941,79340,76097,109649,103779,41820,50,62
2021-10-10T23:59:59+02:00,5572,5371,44013,42232,57770,50325,61801,58250,73450,71791,87786,85801,60619,64765,39676,50970,12574,22596,39883,38213,53885,46129,58324,54172,69591,67301,83893,81896,58570,62427,38362,49169,12066,21592,664577,622695,79335,76092,109649,103778,41774,50,62
2021-10-09T23:59:59+02:00,5571,5370,44012,42228,57770,50325,61799,58250,73450,71791,87786,85801,60619,64765,39676,50970,12574,22596,39881,38211,53884,46129,58322,54172,69591,67301,83893,81896,58569,62427,38362,49169,12066,21592,664570,622690,79335,76092,109649,103776,41772,50,62
2021-10-08T23:59:59+02:00,5547,5349,43965,42181,57717,50269,61749,58216,73402,71764,87761,85789,60611,64757,39670,50961,12572,22593,39846,38172,53857,46096,58286,54133,69558,67281,83876,81883,58565,62415,38359,49165,12065,21590,664175,622424,79333,76089,109649,103776,41689,50,62
2021-10-07T23:59:59+02:00,5483,5272,43820,42045,57603,50142,61660,58129,73326,71689,87707,85751,60598,64734,39660,50951,12569,22585,39656,37943,53719,45903,58161,53972,69453,67172,83821,81821,58536,62372,38338,49150,12058,21582,663131,620854,79318,76075,109649,103776,41599,50,62
2021-10-06T23:59:59+02:00,5458,5233,43681,41929,57489,50053,61581,58038,73261,71622,87647,85707,60581,64709,39646,50926,12566,22568,39494,37765,53588,45752,58058,53835,69362,67063,83756,81747,58502,62333,38323,49124,12056,21564,662210,619494,79296,76073,109648,103776,41512,50,62
2021-10-05T23:59:59+02:00,5418,5197,43553,41788,57377,49918,61463,57961,73191,71559,87594,85649,60562,64688,39635,50908,12562,22550,39361,37620,53471,45624,57963,53713,69263,66985,83697,81687,58477,62301,38305,49099,12050,21560,661173,618352,79290,76065,109648,103775,41433,50,62
2021-10-04T23:59:59+02:00,5389,5184,43475,41719,57308,49844,61415,57920,73136,71514,87561,85624,60543,64669,39630,50900,12558,22538,39288,37568,53403,45563,57925,53665,69226,66932,83667,81660,58451,62281,38295,49089,12048,21557,660621,617873,79286,76043,109648,103771,41343,50,62
2021-10-03T23:59:59+02:00,5379,5168,43447,41682,57255,49809,61379,57886,73107,71488,87537,85600,60533,64661,39619,50893,12555,22527,39258,37537,53373,45544,57899,53635,69206,66912,83647,81642,58440,62268,38289,49088,12047,21552,660297,617651,79284,76042,109648,103771,41267,50,62
2021-10-02T23:59:59+02:00,5379,5168,43446,41681,57252,49808,61379,57886,73107,71487,87537,85600,60533,64661,39619,50893,12555,22527,39258,37537,53373,45544,57899,53635,69206,66912,83647,81642,58440,62268,38289,49088,12047,21552,660292,617651,79282,76042,109648,103771,41267,50,62
2021-10-01T23:59:59+02:00,5366,5147,43371,41613,57185,49745,61317,57851,73055,71448,87499,85569,60518,64651,39614,50885,12555,22527,39202,37482,53325,45515,57859,53597,69171,66885,83623,81619,58433,62267,38286,49086,12047,21551,659811,617355,79281,76041,109648,103770,41147,50,62
2021-09-30T23:59:59+02:00,5295,5067,43193,41424,57026,49577,61196,57706,72960,71341,87426,85521,60495,64612,39595,50865,12551,22519,38971,37214,53165,45325,57719,53429,69070,66766,83548,81546,58416,62231,38270,49060,12041,21548,658502,615710,79269,76041,109648,103767,40921,50,62
2021-09-29T23:59:59+02:00,5262,5030,43056,41274,56888,49445,61100,57606,72876,71253,87368,85472,60470,64589,39578,50846,12547,22509,38782,36992,53024,45176,57627,53302,68976,66659,83482,81461,58374,62205,38258,49044,12038,21538,657489,614352,79243,76037,109648,103766,40760,50,62
2021-09-28T23:59:59+02:00,5220,4986,42848,41116,56743,49308,60996,57500,72791,71164,87308,85405,60441,64565,39564,50825,12540,22488,38587,36805,52881,45042,57527,53190,68893,66574,83406,81391,58346,62174,38242,49024,12036,21531,656298,613115,79235,76036,109647,103763,40599,50,62
2021-09-27T23:59:59+02:00,5189,4964,42757,41037,56651,49224,60911,57420,72728,71110,87258,85364,60419,64537,39543,50804,12532,22456,38500,36747,52802,44991,57454,53136,68856,66531,83363,81357,58323,62152,38232,49009,12034,21522,655644,612726,79229,76005,109647,103757,40355,50,62
2021-09-26T23:59:59+02:00,5176,4938,42713,41004,56620,49190,60893,57397,72704,71091,87244,85343,60411,64530,39539,50799,12531,22455,38478,36731,52768,44962,57431,53119,68834,66508,83344,81343,58317,62144,38227,49005,12034,21522,655404,612553,79224,76000,109647,103757,40274,50,62
2021-09-25T23:59:59+02:00,5176,4937,42709,41002,56620,49189,60893,57396,72703,71089,87244,85343,60411,64530,39539,50799,12531,22455,38474,36728,52767,44962,57431,53117,68833,66506,83344,81343,58316,62143,38227,49005,12034,21522,655398,612542,79222,76000,109647,103757,40270,50,62
2021-09-24T23:59:59+02:00,5157,4926,42623,40920,56556,49124,60827,57340,72642,71029,87206,85304,60399,64521,39534,50795,12530,22453,38416,36677,52717,44918,57380,53075,68787,66451,83311,81319,58305,62137,38224,49002,12033,21520,655051,612382,79218,75997,109647,103757,39940,50,62
2021-09-23T23:59:59+02:00,5085,4824,42353,40648,56330,48913,60656,57140,72488,70891,87074,85210,60345,64476,39515,50756,12523,22422,38176,36498,52527,44753,57230,52935,68656,66341,83211,81234,58268,62098,38211,48976,12026,21503,653448,611222,79205,75986,109646,103755,39319,50,62
2021-09-22T23:59:59+02:00,5046,4769,42199,40464,56153,48736,60509,56984,72378,70754,86981,85125,60308,64425,39493,50719,12520,22407,38039,36352,52366,44620,57101,52809,68579,66242,83123,81152,58234,62062,38194,48955,12023,21493,652137,610191,79191,75982,109645,103753,38966,50,62
2021-09-21T23:59:59+02:00,5010,4713,42000,40217,55929,48511,60345,56836,72287,70633,86893,85044,60268,64381,39475,50679,12511,22393,37877,36206,52214,44480,56981,52712,68511,66162,83046,81087,58205,62038,38170,48933,12017,21480,650564,609157,79190,75982,109645,103752,38695,50,62
2021-09-20T23:59:59+02:00,4984,4691,41894,40136,55798,48417,60242,56753,72209,70568,86835,84988,60243,64361,39462,50659,12505,22374,37795,36135,52099,44405,56897,52652,68449,66111,82995,81044,58182,62020,38160,48906,12014,21475,649856,608709,79180,75930,109645,103739,38407,50,62
2021-09-19T23:59:59+02:00,4979,4687,41850,40108,55724,48370,60193,56712,72168,70555,86808,84974,60236,64352,39461,50651,12505,22372,37763,36112,52054,44389,56863,52641,68413,66095,82973,81027,58174,62014,38157,48902,12014,21473,649599,608576,79178,75928,109642,103738,38255,50,62
2021-09-18T23:59:59+02:00,4977,4685,41838,40102,55706,48356,60174,56702,72156,70542,86798,84970,60231,64349,39460,50651,12505,22371,37759,36109,52038,44384,56850,52631,68404,66087,82963,81023,58169,62011,38155,48900,12014,21473,649544,608560,79177,75928,109642,103738,38177,50,62
2021-09-17T23:59:59+02:00,4922,4634,41691,39981,55588,48210,60032,56577,72020,70426,86729,84897,60195,64327,39451,50645,12502,22365,37652,36022,51941,44267,56759,52539,68296,66009,82903,80965,58138,61994,38148,48892,12012,21469,648711,608086,79176,75928,109642,103738,37628,50,62
2021-09-16T23:59:59+02:00,4825,4533,41405,39709,55333,47923,59798,56307,71830,70245,86600,84765,60143,64271,39428,50622,12491,22349,37376,35806,51741,44034,56577,52336,68151,65866,82793,80867,58085,61959,38130,48868,12003,21458,646784,606613,79172,75923,109628,103723,36958,50,62
2021-09-15T23:59:59+02:00,4760,4469,41164,39453,55088,47641,59583,56090,71672,70102,86480,84660,60100,64216,39400,50593,12482,22325,37166,35621,51567,43825,56436,52193,68044,65765,82698,80764,58039,61927,38106,48843,12001,21444,644993,605405,79170,75920,109628,103723,36450,50,62
2021-09-14T23:59:59+02:00,4732,4441,41041,39329,54958,47549,59494,55975,71575,70011,86403,84601,60081,64189,39386,50581,12479,22320,37093,35548,51475,43769,56363,52123,67969,65703,82639,80727,58021,61901,38091,48823,11995,21436,644235,604991,79170,75920,109628,103722,36075,50,62
2021-09-13T23:59:59+02:00,4704,4427,40938,39224,54867,47453,59430,55874,71503,69955,86360,84560,60050,64157,39380,50570,12475,22315,37018,35478,51388,43708,56304,52058,67904,65669,82599,80700,57998,61874,38082,48812,11994,21430,643523,604546,79169,75869,109627,103707,35886,50,62
2021-09-12T23:59:59+02:00,4695,4413,40907,39197,54846,47430,59404,55843,71476,69923,86346,84540,60042,64149,39378,50567,12473,22311,36981,35448,51370,43689,56279,52040,67884,65641,82578,80681,57987,61861,38077,48801,11994,21428,643310,604343,79160,75864,109626,103705,35807,50,62
2021-09-11T23:59:59+02:00,4686,4411,40892,39171,54817,47403,59385,55826,71452,69911,86335,84532,60041,64146,39377,50566,12473,22309,36964,35437,51348,43670,56266,52027,67861,65630,82565,80677,57985,61860,38075,48801,11994,21427,643214,604298,79160,75863,109626,103705,35696,50,62
2021-09-10T23:59:59+02:00,4641,4372,40711,38997,54661,47268,59265,55674,71325,69809,86246,84449,60013,64118,39366,50554,12469,22302,36838,35348,51239,43579,56175,51936,67768,65564,82493,80622,57966,61839,38066,48787,11987,21421,642302,603883,79158,75863,109626,103705,35115,50,62
2021-09-09T23:59:59+02:00,4567,4285,40467,38778,54464,47045,59088,55453,71178,69643,86141,84355,59987,64073,39342,50525,12460,22296,36627,35172,51064,43428,56022,51771,67625,65443,82385,80543,57927,61793,38049,48765,11982,21413,640807,602743,79157,75861,109626,103705,34517,50,61
2021-09-08T23:59:59+02:00,4468,4190,40239,38519,54265,46863,58913,55284,71065,69526,86048,84276,59950,64033,39334,50493,12454,22289,36341,34902,50829,43212,55822,51586,67490,65313,82271,80438,57894,61737,38026,48726,11971,21399,639380,600991,79152,75853,109626,103705,34010,50,61
2021-09-07T23:59:59+02:00,4395,4129,40035,38348,54135,46744,58811,55176,70988,69437,85986,84209,59926,64005,39323,50477,12451,22286,36213,34794,50724,43131,55740,51522,67420,65244,82206,80381,57861,61704,38014,48703,11965,21391,638365,600331,79146,75839,109622,103704,33686,50,61
2021-09-06T23:59:59+02:00,4354,4081,39930,38247,54055,46671,58743,55100,70942,69381,85941,84171,59906,63988,39320,50472,12449,22282,36097,34678,50628,43061,55656,51437,67361,65173,82152,80319,57834,61673,38003,48690,11964,21389,637681,599569,79146,75801,109620,103692,33543,50,61
2021-09-05T23:59:59+02:00,4341,4063,39895,38217,54033,46640,58707,55073,70914,69358,85917,84148,59903,63985,39317,50467,12448,22278,36071,34657,50600,43038,55623,51417,67342,65156,82134,80303,57826,61668,38000,48684,11962,21386,637458,599419,79145,75797,109619,103692,33439,50,61
2021-09-04T23:59:59+02:00,4341,4061,39886,38214,54030,46632,58706,55071,70912,69354,85913,84141,59903,63983,39317,50467,12448,22278,36060,34654,50597,43031,55619,51416,67340,65152,82131,80299,57825,61666,38000,48684,11962,21386,637438,599402,79145,75796,109619,103690,33412,50,61
2021-09-03T23:59:59+02:00,4302,4031,39772,38099,53929,46561,58625,54988,70842,69294,85849,84110,59885,63967,39311,50462,12445,22275,35981,34583,50512,42985,55556,51362,67281,65109,82086,80267,57810,61652,37992,48678,11956,21385,636858,599083,79145,75791,109619,103690,33082,50,61
2021-09-02T23:59:59+02:00,4263,3989,39594,37941,53785,46402,58484,54861,70715,69176,85771,84045,59837,63930,39288,50434,12443,22265,35854,34500,50399,42900,55456,51273,67181,65028,82013,80205,57763,61620,37975,48655,11950,21378,635847,598525,79145,75790,109619,103685,32569,50,61
2021-09-01T23:59:59+02:00,4202,3919,39400,37769,53622,46259,58366,54746,70624,69088,85710,83968,59793,63899,39272,50421,12441,22254,35520,34153,50168,42640,55259,51079,67021,64862,81881,80097,57714,61563,37943,48628,11945,21372,634722,596309,79134,75780,109618,103684,32236,50,61
2021-08-31T23:59:59+02:00,4152,3872,39263,37618,53491,46147,58262,54641,70537,69014,85632,83912,59763,63871,39255,50392,12439,22251,35400,34049,50026,42540,55147,50994,66926,64795,81799,80043,57674,61527,37929,48608,11939,21369,633791,595725,79132,75779,109616,103457,31931,49,61
2021-08-30T23:59:59+02:00,4101,3828,39151,37493,53385,46063,58175,54562,70475,68935,85571,83865,59745,63845,39243,50381,12437,22245,35327,33976,49949,42478,55070,50923,66866,64733,81745,79985,57647,61499,37914,48587,11938,21358,632947,595135,79129,75744,109616,103445,31766,49,61
2021-08-29T23:59:59+02:00,4090,3819,39133,37474,53366,46046,58160,54543,70467,68925,85555,83848,59743,63843,39240,50377,12436,22244,35298,33951,49918,42459,55058,50897,66843,64706,81722,79971,57637,61483,37909,48582,11935,21357,632828,594939,79126,75727,109616,103445,31697,49,61
2021-08-28T23:59:59+02:00,4090,3819,39132,37474,53365,46045,58159,54543,70466,68923,85555,83848,59743,63843,39240,50377,12436,22244,35298,33950,49918,42459,55055,50897,66842,64705,81722,79971,57637,61483,37909,48582,11935,21357,632824,594936,79126,75727,109616,103445,31694,49,61
2021-08-27T23:59:59+02:00,4054,3777,39010,37374,53264,45939,58076,54449,70377,68845,85494,83790,59717,63819,39228,50367,12436,22242,35196,33890,49817,42397,54982,50825,66751,64642,81668,79932,57612,61463,37898,48572,11934,21356,632186,594532,79126,75727,109611,103443,31293,49,61
2021-08-26T23:59:59+02:00,3970,3714,38813,37192,53092,45770,57939,54298,70248,68729,85367,83698,59669,63771,39204,50347,12429,22232,35021,33716,49664,42231,54821,50664,66623,64513,81523,79819,57565,61402,37869,48546,11929,21348,630990,593373,79123,75716,109605,103438,30722,49,61
2021-08-25T23:59:59+02:00,3875,3646,38644,36995,52937,45580,57825,54159,70147,68628,85273,83605,59633,63730,39186,50328,12427,22225,34637,33301,49391,41915,54583,50400,66429,64310,81343,79647,57477,61321,37847,48508,11917,21336,629747,590627,79122,75714,109605,103438,30327,49,61
2021-08-24T23:59:59+02:00,3854,3630,38556,36922,52857,45510,57769,54106,70093,68583,85227,83565,59601,63704,39177,50311,12424,22215,34489,33175,49270,41827,54495,50315,66326,64216,81252,79570,57428,61276,37839,48492,11912,21327,629308,589704,79118,75710,109603,103433,30033,49,61
2021-08-23T23:59:59+02:00,3826,3593,38460,36827,52777,45444,57714,54040,70034,68531,85173,83526,59583,63677,39167,50298,12422,22207,34349,33038,49145,41750,54394,50230,66232,64120,81164,79507,57392,61226,37819,48472,11911,21316,628773,588825,79116,75676,109601,103420,29767,49,61
2021-08-22T23:59:59+02:00,3818,3593,38431,36814,52762,45425,57697,54027,70008,68512,85156,83512,59573,63667,39165,50289,12417,22205,34301,32999,49117,41713,54358,50203,66189,64095,81129,79481,57377,61212,37816,48463,11906,21313,628669,588539,79114,75665,109600,103419,29646,49,61
2021-08-21T23:59:59+02:00,3816,3590,38411,36808,52753,45414,57682,54021,69994,68500,85150,83503,59566,63665,39164,50289,12417,22205,34289,32995,49107,41704,54344,50198,66177,64084,81123,79474,57373,61211,37816,48463,11906,21313,628628,588526,79113,75663,109599,103419,29566,49,61
2021-08-20T23:59:59+02:00,3796,3558,38341,36737,52669,45343,57606,53956,69921,68446,85088,83455,59549,63645,39161,50285,12417,22199,34189,32889,48992,41636,54252,50124,66082,64017,81053,79421,57353,61187,37810,48458,11905,21309,628260,588006,79111,75660,109599,103416,29160,49,61
2021-08-19T23:59:59+02:00,3768,3524,38169,36593,52507,45201,57482,53850,69789,68324,84991,83379,59519,63601,39146,50268,12413,22187,33838,32635,48704,41392,54035,49929,65874,63830,80877,79286,57297,61114,37764,48420,11900,21298,627360,586096,79109,75563,109590,103402,28610,49,61
2021-08-18T23:59:59+02:00,3718,3474,37979,36436,52380,45079,57385,53745,69679,68228,84915,83315,59480,63558,39131,50248,12411,22179,33456,32222,48401,41134,53778,49651,65655,63618,80693,79124,57215,61027,37728,48378,11896,21286,626355,583519,79106,75434,109588,103395,28249,49,61
2021-08-17T23:59:59+02:00,3657,3426,37816,36277,52260,44952,57303,53649,69584,68142,84843,83252,59445,63525,39118,50225,12406,22170,33065,31780,48074,40818,53487,49357,65407,63376,80493,78915,57105,60916,37686,48329,11884,21275,625394,580406,79106,75420,109583,103374,27925,49,61
2021-08-16T23:59:59+02:00,3601,3370,37668,36131,52163,44854,57228,53576,69514,68072,84787,83206,59423,63494,39103,50208,12400,22162,32505,31218,47682,40405,53095,48971,65101,63109,80274,78720,57028,60800,37654,48274,11875,21253,624465,576375,79102,75385,109583,103354,27768,49,61
2021-08-15T23:59:59+02:00,3592,3361,37634,36106,52130,44836,57201,53543,69499,68056,84776,83195,59411,63490,39100,50199,12400,22160,32427,31121,47609,40341,53032,48910,65057,63067,80231,78692,57010,60780,37646,48261,11874,21249,624277,575813,79102,75355,109582,103343,27686,49,61
2021-08-14T23:59:59+02:00,3587,3356,37626,36099,52124,44832,57195,53536,69495,68053,84768,83191,59404,63485,39100,50197,12400,22160,32419,31114,47598,40337,53023,48902,65054,63064,80224,78690,57005,60775,37646,48259,11874,21249,624244,575782,79099,75354,109582,103343,27641,49,61
2021-08-13T23:59:59+02:00,3570,3342,37556,36056,52063,44782,57128,53486,69426,68013,84703,83155,59382,63473,39089,50182,12397,22154,32278,31001,47469,40238,52901,48801,64952,62984,80134,78640,56982,60754,37633,48249,11872,21244,623937,574975,79099,75353,109582,103343,27297,49,61
2021-08-12T23:59:59+02:00,3530,3314,37427,35933,51973,44692,57056,53401,69332,67939,84628,83089,59353,63449,39077,50169,12397,22151,31749,30513,47084,39887,52509,48448,64626,62752,79913,78428,56890,60666,37588,48206,11867,21227,623213,571486,79098,75323,109580,103236,26977,49,61
2021-08-11T23:59:59+02:00,3488,3274,37269,35787,51861,44584,56932,53280,69236,67849,84545,83008,59313,63411,39056,50153,12393,22147,31105,29894,46577,39497,52080,48012,64323,62475,79700,78224,56794,60560,37552,48133,11854,21210,622308,567446,79092,75299,109578,103148,26566,49,61
2021-08-10T23:59:59+02:00,3440,3229,37110,35637,51747,44462,56826,53175,69170,67779,84477,82951,59289,63374,39038,50139,12386,22142,30218,28914,45839,38796,51412,47406,63937,62111,79453,77981,56689,60455,37507,48064,11846,21198,621360,561232,79090,75298,109575,103145,26304,49,61
2021-08-09T23:59:59+02:00,3404,3200,37016,35531,51670,44393,56766,53133,69139,67737,84447,82919,59272,63359,39026,50120,12385,22140,29507,28170,45170,38211,50841,46824,63565,61753,79175,77731,56568,60359,37463,48009,11839,21184,620774,557118,79089,73850,109574,103119,26178,49,61
2021-08-08T23:59:59+02:00,3395,3186,36990,35514,51645,44367,56748,53122,69121,67719,84427,82904,59269,63354,39021,50113,12384,22139,29382,28029,45026,38116,50744,46738,63509,61696,79126,77690,56533,60341,37453,47998,11839,21181,620598,556192,79088,73842,109573,103087,26117,49,61
2021-08-07T23:59:59+02:00,3395,3186,36988,35508,51635,44366,56746,53122,69117,67716,84426,82902,59268,63354,39021,50113,12384,22139,29373,28021,45011,38113,50743,46733,63506,61691,79123,77687,56530,60340,37452,47998,11839,21180,620590,556157,79087,73840,109573,103086,26094,49,61
2021-08-06T23:59:59+02:00,3384,3171,36921,35452,51554,44302,56679,53080,69075,67682,84394,82875,59256,63334,39010,50107,12381,22137,29134,27788,44802,37929,50559,46587,63368,61574,79023,77619,56505,60315,37437,47988,11836,21177,620310,554695,79084,73833,109573,103084,25785,49,61
2021-08-05T23:59:59+02:00,3351,3132,36769,35318,51440,44169,56558,52964,68959,67568,84269,82800,59213,63280,38987,50086,12372,22127,28434,27169,44214,37448,50003,46132,63009,61276,78731,77399,56396,60220,37397,47935,11828,21161,619509,550377,79083,73823,109573,102904,25155,49,61
2021-08-04T23:59:59+02:00,3292,3069,36568,35146,51288,44021,56418,52848,68834,67438,84154,82687,59145,63222,38969,50057,12367,22117,27289,26051,43253,36571,49043,45228,62416,60670,78234,76959,56186,60038,37337,47846,11815,21141,618413,542033,79072,73782,109573,102851,24540,49,61
2021-08-03T23:59:59+02:00,3219,3011,36352,34948,51131,43879,56293,52723,68701,67324,84066,82615,59102,63177,38948,50027,12358,22102,26211,24936,42320,35674,48145,44345,61873,60139,77784,76554,56017,59853,37276,47758,11796,21110,617052,533706,79064,73733,109569,102825,24249,49,61
2021-08-02T23:59:59+02:00,3174,2957,36209,34797,51021,43768,56200,52622,68615,67231,83980,82540,59063,63129,38933,50007,12350,22090,25310,23940,41469,34931,47415,43601,61388,59668,77398,76211,55853,59704,37226,47679,11779,21089,616073,526729,79063,73678,109568,102682,23940,49,61
2021-08-01T23:59:59+02:00,3169,2951,36192,34775,50994,43749,56180,52597,68585,67218,83966,82527,59057,63124,38931,50003,12350,22090,25051,23689,41222,34729,47183,43404,61247,59531,77282,76115,55817,59675,37211,47666,11775,21085,615928,524860,79060,73637,109567,102616,23861,49,61
2021-07-31T23:59:59+02:00,3168,2950,36187,34774,50994,43748,56178,52596,68584,67217,83966,82526,59057,63124,38931,50003,12350,22089,25044,23674,41214,34721,47178,43398,61238,59529,77280,76112,55817,59672,37211,47666,11775,21084,615915,524792,79060,73636,109567,102615,23858,49,61
2021-07-30T23:59:59+02:00,3151,2937,36126,34711,50924,43697,56115,52535,68528,67177,83928,82486,59045,63110,38927,49996,12347,22086,24724,23362,40941,34505,46918,43202,61049,59398,77130,75997,55785,59633,37197,47654,11775,21084,615624,522854,79056,73633,109564,102504,23540,49,60
2021-07-29T23:59:59+02:00,3128,2909,35986,34587,50793,43569,56021,52435,68457,67114,83857,82434,59019,63092,38915,49987,12347,22085,23770,22373,40059,33758,46016,42421,60501,58953,76769,75693,55665,59495,37157,47599,11768,21073,614746,515799,79037,73507,109564,102335,23346,49,60
2021-07-28T23:59:59+02:00,3079,2854,35742,34350,50569,43397,55819,52283,68310,66971,83743,82335,58967,63045,38893,49950,12337,22077,22553,21135,38736,32652,44700,41245,59699,58293,76263,75233,55470,59306,37088,47495,11754,21048,613362,505996,79031,73337,109563,102177,22723,49,60
2021-07-27T23:59:59+02:00,3053,2835,35634,34229,50486,43316,55736,52232,68248,66902,83683,82263,58926,63002,38881,49935,12336,22068,21314,19745,37308,31318,43333,39944,59072,57697,75842,74821,55307,59129,37030,47440,11743,21025,612632,495579,79015,73159,109562,102066,22514,49,60
2021-07-26T23:59:59+02:00,3034,2816,35572,34133,50427,43262,55691,52183,68204,66865,83647,82236,58913,62986,38869,49923,12335,22066,20295,18646,36061,30203,42064,38793,58575,57294,75556,74567,55210,59029,37009,47405,11737,21011,612105,487339,79008,72832,109562,101902,22445,49,60
2021-07-25T23:59:59+02:00,3024,2811,35525,34091,50382,43214,55664,52161,68181,66840,83618,82213,58897,62979,38866,49920,12332,22060,19894,18281,35645,29872,41656,38486,58379,57139,75397,74458,55163,58991,36987,47385,11734,21007,611813,484608,79002,72558,109562,101872,22359,49,60
2021-07-24T23:59:59+02:00,3024,2811,35520,34088,50380,43211,55662,52160,68179,66840,83616,82212,58897,62979,38865,49920,12332,22060,19887,18269,35634,29862,41650,38485,58375,57136,75393,74456,55163,58991,36986,47385,11734,21007,611806,484563,79000,72557,109562,101870,22346,49,60
2021-07-23T23:59:59+02:00,3000,2785,35369,33970,50231,43110,55543,52053,68082,66745,83524,82161,58866,62951,38855,49915,12327,22057,19649,18045,35372,29685,41378,38303,58209,57006,75256,74378,55124,58967,36974,47375,11728,21001,611177,483436,79000,72264,109562,101868,21763,49,60
2021-07-22T23:59:59+02:00,2949,2701,34931,33599,49923,42876,55276,51824,67851,66560,83348,82010,58779,62858,38819,49868,12316,22039,18858,17386,34277,28949,40255,37471,57468,56536,74704,74004,54944,58787,36908,47291,11707,20975,609023,477918,78987,70825,109558,101649,20917,49,59
2021-07-21T23:59:59+02:00,2894,2643,34620,33270,49680,42662,55088,51636,67661,66376,83221,81884,58714,62805,38788,49828,12305,22029,18033,16564,32963,27958,38993,36513,56773,55973,74256,73643,54798,58612,36842,47207,11695,20942,607192,472024,78936,68635,109557,101437,20377,49,59
2021-07-20T23:59:59+02:00,2818,2581,34264,32880,49395,42429,54914,51440,67479,66218,83080,81762,58649,62750,38759,49782,12304,22014,16883,15449,31249,26562,37262,35057,55978,55324,73709,73197,54632,58423,36792,47122,11677,20903,605085,462863,78901,66897,109555,101097,19935,49,59
2021-07-19T23:59:59+02:00,2734,2509,33702,32316,49082,42119,54641,51175,67282,66005,82910,81594,58582,62668,38714,49730,12297,21999,16226,14879,30306,25882,36397,34341,55538,54900,73381,72957,54545,58337,36755,47071,11671,20881,601879,459164,78840,64727,109554,100924,19744,49,59
2021-07-18T23:59:59+02:00,2706,2491,33604,32200,48991,42064,54585,51115,67221,65956,82866,81552,58555,62642,38703,49717,12295,21992,15907,14615,29738,25505,35903,33989,55282,54738,73235,72856,54503,58297,36747,47056,11670,20877,601274,457716,78824,63200,109553,100896,19562,49,58
2021-07-17T23:59:59+02:00,2706,2491,33603,32198,48985,42063,54582,51113,67221,65955,82866,81551,58555,62641,38703,49717,12295,21992,15902,14608,29726,25490,35898,33984,55277,54737,73235,72856,54503,58297,36747,47056,11670,20877,601264,457669,78822,63196,109548,100893,19561,49,58
2021-07-16T23:59:59+02:00,2647,2426,32997,31675,48489,41716,54187,50780,66839,65631,82552,81319,58436,62529,38653,49668,12291,21985,15486,14285,29233,25117,35451,33653,54938,54484,72975,72663,54391,58209,36712,47018,11667,20873,599047,456274,78818,63067,109547,100885,17366,49,58
2021-07-15T23:59:59+02:00,2514,2294,32135,30893,47867,41145,53612,50295,66410,65283,82298,81077,58346,62432,38619,49625,12283,21966,14648,13612,27908,24292,34150,32842,54259,54084,72561,72437,54297,58112,36682,46984,11660,20857,594021,452089,78806,60698,109546,100302,16678,49,58
2021-07-14T23:59:59+02:00,2408,2208,31589,30366,47378,40705,53191,49895,66082,65001,82059,80829,58241,62336,38586,49575,12273,21953,13406,12478,25909,22835,32249,31322,53510,53490,72051,72098,54159,57986,36640,46923,11650,20841,590155,442955,78789,58781,109545,99965,16143,49,57
2021-07-13T23:59:59+02:00,2351,2138,31324,30096,47108,40480,52940,49665,65878,64813,81892,80681,58174,62260,38561,49538,12263,21941,12416,11633,24176,21521,30302,29735,52315,52321,71232,71304,53910,57709,36553,46808,11633,20814,588006,436227,78775,55857,109536,96806,15743,49,57
2021-07-12T23:59:59+02:00,2124,1931,30465,29166,46455,39946,52368,49098,65488,64425,81613,80408,58038,62134,38519,49481,12254,21920,11665,11010,22778,20539,28562,28356,51356,51461,70491,70684,53652,57429,36486,46690,11620,20783,581777,428113,78756,53291,109536,96650,15721,49,57
2021-07-11T23:59:59+02:00,2079,1894,30345,29058,46391,39875,52316,49035,65431,64369,81552,80365,58017,62114,38513,49463,12249,21915,11503,10862,22505,20352,28197,28084,51151,51315,70318,70540,53599,57349,36464,46673,11610,20776,580958,426043,78750,53249,109534,96515,15696,49,54
2021-07-10T23:59:59+02:00,2079,1892,30342,29050,46388,39869,52314,49033,65428,64368,81551,80362,58017,62112,38512,49463,12249,21915,11491,10843,22491,20337,28181,28071,51144,51310,70315,70537,53599,57349,36463,46673,11610,20776,580929,425955,78749,53247,109534,96504,15689,49,54
2021-07-09T23:59:59+02:00,2035,1854,30110,28818,46172,39689,52129,48862,65266,64256,81447,80281,57987,62082,38497,49448,12245,21913,11108,10572,21847,19899,27513,27519,50435,50740,69732,70125,53497,57262,36440,46639,11605,20765,579733,424873,78743,52932,109529,93047,15044,48,54
2021-07-08T23:59:59+02:00,1897,1727,29447,28287,45564,39186,51574,48394,64864,63946,81147,80048,57895,61991,38465,49397,12240,21899,9926,9473,19903,18272,25049,25537,49400,49939,69105,69587,53272,57048,36364,46552,11590,20739,575478,414351,78721,50507,109513,92816,14214,48,54
2021-07-07T23:59:59+02:00,1684,1530,28334,27084,44514,38221,50475,47399,64205,63307,80606,79565,57691,61761,38399,49312,12227,21858,9393,8996,18816,17430,23650,24336,48575,49293,68558,69097,53072,56806,36288,46454,11574,20699,566207,408008,78705,48891,109511,92528,13707,48,54
2021-07-06T23:59:59+02:00,1483,1372,27254,26046,43492,37299,49540,46469,63605,62746,80171,79156,57509,61577,38342,49217,12203,21831,8677,8253,17488,16425,22037,23055,47968,48839,68182,68831,52955,56692,36239,46417,11567,20684,557951,400543,78694,48466,109508,92234,13117,48,54
2021-07-05T23:59:59+02:00,1327,1248,26110,24793,42412,36306,48488,45398,62938,62170,79734,78755,57336,61388,38289,49141,12194,21808,8423,8026,16986,16104,21474,22668,47660,48612,67987,68683,52903,56619,36213,46398,11564,20679,548643,397950,78686,48150,109508,91975,12955,48,52
2021-07-04T23:59:59+02:00,1262,1184,25788,24468,42104,36047,48235,45214,62791,62034,79621,78657,57300,61348,38278,49122,12192,21805,8167,7869,16714,15906,21191,22470,47535,48512,67908,68608,52879,56595,36198,46393,11562,20678,546327,396915,78658,47487,109507,91891,12915,48,52
2021-07-03T23:59:59+02:00,1262,1183,25780,24454,42091,36040,48233,45214,62787,62033,79620,78656,57299,61348,38278,49122,12192,21805,8161,7861,16703,15895,21184,22463,47528,48511,67903,68607,52878,56595,36198,46393,11562,20678,546295,396881,78657,47486,109507,91881,12895,48,52
2021-07-02T23:59:59+02:00,1194,1126,25466,24107,41770,35762,47975,44959,62643,61885,79546,78585,57282,61325,38272,49110,12188,21800,7983,7713,16334,15628,20740,22156,46562,47732,67406,68257,52794,56503,36183,46375,11561,20675,543915,394397,78656,47483,109502,89862,12879,48,52
2021-07-01T23:59:59+02:00,1139,1076,25091,23743,41387,35414,47579,44610,62393,61645,79356,78414,57219,61262,38241,49069,12181,21790,7592,7376,15519,14845,19567,21119,45023,46245,66190,67178,52485,56200,36086,46255,11537,20648,540770,388563,78554,46655,109493,85907,12749,48,52
2021-06-30T23:59:59+02:00,1066,1011,24668,23295,40960,35042,47170,44232,62165,61435,79184,78266,57141,61184,38213,49019,12173,21769,7218,7018,14571,14044,18132,19909,41805,43515,64490,65731,52017,55701,35937,46061,11510,20598,537325,376526,78521,45958,109489,83154,12615,48,51
2021-06-29T23:59:59+02:00,976,902,24168,22761,40439,34623,46737,43818,61905,61155,78972,78089,57062,61119,38185,48975,12167,21750,6942,6709,13906,13545,16969,18982,37473,39829,63134,64475,51529,55202,35804,45882,11479,20555,533254,361203,78512,45744,109489,82948,12505,48,51
2021-06-28T23:59:59+02:00,947,869,23830,22371,39980,34231,46317,43451,61666,60899,78780,77935,56988,61050,38156,48945,12164,21735,6631,6394,13251,13043,15951,18143,33827,36781,62008,63439,51174,54806,35709,45732,11454,20517,531490,352527,76826,41048,109487,82792,12468,48,51
2021-06-27T23:59:59+02:00,933,856,23738,22278,39904,34169,46258,43391,61634,60862,78744,77904,56973,61039,38150,48938,12163,21730,6539,6322,13014,12900,15526,17905,32991,36134,61749,63239,51083,54735,35691,45710,11452,20513,530876,349619,76821,40780,109481,82634,12443,48,51
2021-06-26T23:59:59+02:00,933,856,23732,22272,39894,34165,46256,43389,61632,60861,78744,77904,56973,61039,38150,48937,12163,21730,6536,6315,13007,12886,15518,17898,32987,36133,61742,63237,51081,54729,35691,45710,11452,20512,530844,349552,76820,40779,109480,82633,12443,48,51
2021-06-25T23:59:59+02:00,910,829,23619,22155,39810,34077,46174,43316,61587,60813,78696,77882,56962,61027,38147,48934,12162,21728,6439,6200,12899,12755,15379,17736,32270,35472,61351,62911,51003,54645,35683,45689,11449,20511,530047,346538,76819,40767,109477,82616,12442,48,51
2021-06-24T23:59:59+02:00,843,771,23232,21737,39456,33764,45824,43014,61381,60619,78536,77744,56908,60973,38124,48904,12157,21718,6101,5902,12337,12293,14670,17048,28966,32756,59063,61055,50417,54047,35547,45481,11431,20463,527092,332716,76770,40502,109475,82001,12325,48,51
2021-06-23T23:59:59+02:00,739,677,22588,21077,38883,33174,45169,42306,61014,60225,78286,77493,56804,60837,38077,48851,12147,21698,5946,5707,11969,11941,14160,16517,25605,29996,57417,59524,49894,53508,35426,45307,11410,20420,521503,323269,76714,37566,109472,81563,12313,48,51
2021-06-22T23:59:59+02:00,678,612,22160,20636,38476,32752,44733,41843,60740,59938,78080,77251,56706,60726,38041,48778,12134,21676,5757,5571,11642,11675,13730,16143,21262,26462,55338,57820,49294,52903,35249,45091,11389,20376,517688,308888,76587,37514,109466,81085,12176,48,51
2021-06-21T23:59:59+02:00,641,571,21905,20399,38220,32519,44488,41567,60549,59727,77948,77110,56652,60642,38016,48737,12125,21660,5625,5460,11332,11475,13389,15878,19711,25227,54418,57050,47069,50438,34650,44368,11366,20317,515629,303551,76386,37446,109449,74770,11965,47,51
2021-06-20T23:59:59+02:00,612,552,21614,20103,37922,32241,44204,41311,60398,59560,77811,76964,56603,60598,37996,48720,12122,21653,5567,5416,11199,11387,13234,15750,19313,24901,54149,56866,45409,48454,34084,43733,11346,20296,513237,302918,76304,36691,109438,69497,11959,46,49
2021-06-19T23:59:59+02:00,610,552,21609,20090,37906,32236,44201,41306,60392,59556,77809,76961,56600,60597,37996,48719,12122,21653,5561,5407,11194,11383,13224,15744,19305,24893,54135,56854,45400,48444,34083,43733,11346,20296,513173,302832,76299,36688,109438,69484,11959,46,49
2021-06-18T23:59:59+02:00,596,538,21513,19977,37838,32180,44126,41220,60337,59510,77764,76919,56578,60575,37991,48706,12121,21652,5468,5244,10897,10846,12849,15162,18764,23874,53278,55543,45196,48280,34055,43684,11340,20284,512412,301260,76292,36687,109433,64820,11958,46,49
2021-06-17T23:59:59+02:00,511,446,20793,19263,37082,31549,43332,40468,59928,59142,77465,76666,56461,60446,37941,48638,12108,21628,5278,5030,10514,10295,12323,14388,17830,22512,51701,53599,44044,46929,33737,43287,11293,20200,506425,293930,76199,36558,109422,60658,11775,46,49
2021-06-16T23:59:59+02:00,405,367,19997,18314,36092,30616,42325,39494,59385,58661,77069,76349,56316,60291,37883,48551,12098,21605,5090,4873,10001,9970,11587,13890,16283,21207,47819,50051,42286,44916,33269,42715,11230,20073,499050,277739,75662,36357,109406,59472,11654,46,48
2021-06-15T23:59:59+02:00,295,264,19187,17464,35167,29757,41395,38605,58948,58221,76734,76019,56173,60124,37824,48481,12083,21571,4890,4749,9478,9705,10877,13416,14770,20016,43544,45957,40733,43068,32788,42092,11163,19945,491831,260537,75544,36321,109396,58800,11495,46,47
2021-06-14T23:59:59+02:00,191,173,18075,16235,33921,28481,39933,37194,58357,57654,76341,75677,56044,59979,37781,48411,12074,21556,4767,4656,9131,9496,10395,13097,13598,19012,40899,43402,39659,41918,32495,41691,11131,19860,482083,249359,75109,36294,109393,58069,11447,45,47
2021-06-13T23:59:59+02:00,150,134,17568,15831,33444,28079,39440,36812,58143,57473,76192,75575,56017,59939,37759,48389,12071,21547,4680,4607,8983,9423,10231,13028,12992,18558,40430,43009,39422,41695,32435,41606,11125,19846,479006,248393,74806,34867,109386,57452,11320,45,47
2021-06-12T23:59:59+02:00,150,134,17561,15811,33428,28070,39433,36808,58136,57469,76188,75573,56016,59937,37758,48389,12071,21547,4673,4601,8972,9418,10219,13021,12980,18545,40246,42862,39399,41680,32431,41604,11125,19845,478927,247958,74802,34867,109386,57439,11319,45,47
2021-06-11T23:59:59+02:00,148,134,17477,15751,33280,27997,39261,36751,58016,57433,76117,75549,56003,59932,37756,48386,12071,21546,4591,4408,8814,8858,10028,12302,12746,17474,39757,41560,39244,41549,32413,41568,11123,19844,478584,247468,74388,34866,109281,52597,11310,45,47
2021-06-10T23:59:59+02:00,133,114,16637,15035,31867,27085,38018,35835,57333,56976,75707,75277,55913,59840,37717,48341,12060,21528,4339,4214,8255,8355,9345,11539,12009,16405,36901,38519,38442,40743,32247,41387,11107,19814,474696,240390,71419,34734,109005,48208,10251,45,47
2021-06-09T23:59:59+02:00,111,89,15862,14330,30586,26187,36803,34949,56754,56588,75363,75049,55829,59733,37690,48296,12047,21508,4155,4063,7894,8166,8876,11319,11388,16025,31815,33647,36943,39205,32002,41118,11086,19764,470033,226451,68988,34609,108961,46621,9749,43,45
2021-06-08T23:59:59+02:00,84,71,14948,13470,29206,25099,35439,33940,56138,56181,75062,74832,55754,59656,37667,48264,12043,21498,4073,4001,7736,8044,8724,11204,11093,15818,28986,30830,35983,38263,31842,40922,11062,19731,465453,218954,65555,34548,108915,45388,9386,43,45
2021-06-07T23:59:59+02:00,76,58,14311,12896,27838,24285,34279,33159,55661,55923,74818,74721,55718,59616,37651,48253,12043,21494,3980,3928,7541,7916,8424,11073,10725,15572,24648,26448,34515,36722,31620,40655,11034,19701,462322,207154,62518,34482,108883,43796,9034,43,45
2021-06-06T23:59:59+02:00,75,55,13990,12701,27050,23866,33626,32740,55351,55757,74661,74655,55697,59592,37637,48244,12041,21493,3913,3891,7388,7874,8266,10988,10402,15369,21820,23568,33512,35640,31480,40500,11027,19686,461175,204359,60463,29232,108856,43004,8694,43,44
2021-06-05T23:59:59+02:00,75,53,13960,12672,27007,23826,33597,32721,55346,55747,74655,74649,55692,59587,37632,48242,12041,21493,3891,3875,7353,7852,8219,10970,10339,15327,20392,22013,32714,34759,31410,40419,11023,19679,461051,199379,60358,29229,108850,42899,8693,43,44
2021-06-04T23:59:59+02:00,69,49,13730,12410,26693,23509,33260,32411,55285,55667,74616,74629,55683,59582,37631,48240,12041,21492,3862,3847,7274,7773,8164,10892,10260,15204,20285,21896,32640,34704,31378,40382,11020,19676,459149,199298,60295,29216,108817,42015,8693,43,44
2021-06-03T23:59:59+02:00,51,44,13163,11925,25658,22824,32124,31660,54790,55334,74300,74435,55611,59503,37596,48209,12034,21475,3733,3757,6998,7603,7882,10719,9932,14968,18397,20034,30661,32390,31105,40049,10997,19627,454818,190692,58791,29196,108802,40650,8282,43,41
2021-06-02T23:59:59+02:00,37,32,12473,11182,24660,21921,30987,30706,54525,55069,74109,74295,55558,59421,37579,48187,12026,21468,3699,3737,6938,7546,7826,10669,9849,14877,17877,19485,28732,30212,31006,39906,10990,19616,448509,185154,58613,29195,108800,40313,8271,42,41
2021-06-01T23:59:59+02:00,23,18,11345,10301,22533,20489,28450,28816,53113,54009,73102,73512,55256,59096,37456,48014,11991,21408,3470,3563,6439,7236,7225,10243,8989,14275,15927,17670,24941,25950,30318,39021,10913,19460,439010,171123,54153,29058,108762,38463,6965,42,39
2021-05-31T23:59:59+02:00,18,14,10482,9635,20695,19317,26401,27302,52004,53157,72396,72962,55041,58833,37382,47909,11976,21372,3328,3409,6104,6989,6826,9947,8449,13919,14859,16691,23742,24573,29929,38531,10853,19366,432199,165364,49776,29020,108743,36965,6136,42,38
2021-05-30T23:59:59+02:00,16,11,10134,9291,19972,18823,25695,26723,51665,52875,72159,72765,54965,58756,37357,47881,11968,21363,3147,3219,5756,6722,6538,9706,8231,13713,14600,16420,23451,24255,29819,38425,10838,19338,429612,164534,49366,28963,108711,35963,4688,42,38
2021-05-29T23:59:59+02:00,16,11,10118,9279,19954,18793,25675,26697,51654,52870,72155,72755,54963,58751,37356,47881,11967,21363,3145,3211,5752,6717,6532,9704,8223,13705,14590,16414,23440,24247,29815,38419,10837,19337,429451,164461,49366,28961,108711,35948,4688,42,38
2021-05-28T23:59:59+02:00,16,11,10052,9185,19814,18624,25412,26466,51494,52694,72008,72624,54924,58701,37342,47861,11964,21350,3098,3133,5659,6578,6429,9503,8108,13431,14398,16138,23287,24091,29761,38356,10830,19328,427794,164071,49329,28960,108691,34381,4687,41,37
2021-05-27T23:59:59+02:00,16,11,8794,7997,17411,16820,22635,24316,50401,51879,71342,72133,54726,58476,37247,47766,11950,21320,2800,2799,4814,5953,5536,8723,7316,12440,13269,14945,22295,23054,29374,37900,10775,19242,415892,160246,48373,28697,108549,29878,2385,41,37
2021-05-26T23:59:59+02:00,15,11,8393,7583,16535,16014,21446,23308,49796,51333,70920,71745,54575,58311,37179,47688,11939,21290,2616,2627,4445,5615,5058,8216,6838,11792,12300,13965,21393,22020,29062,37457,10728,19157,410293,156384,47641,28610,108468,26628,1639,40,36
2021-05-25T23:59:59+02:00,15,11,7824,6983,15292,15133,20000,22135,49317,50930,70672,71560,54500,58227,37154,47660,11935,21280,2540,2527,4254,5487,4812,7987,6557,11483,11742,13431,19230,19842,28688,36918,10693,19108,403526,150679,47401,28597,108420,24754,1241,40,36
2021-05-24T23:59:59+02:00,15,11,7736,6883,15068,15005,19715,21956,49216,50811,70628,71521,54496,58221,37151,47657,11934,21277,2498,2464,4168,5319,4719,7744,6432,11200,11604,13189,19115,19728,28637,36872,10686,19097,402392,150530,47322,28554,108321,23136,1226,40,34
2021-05-23T23:59:59+02:00,14,11,7720,6870,15030,14988,19660,21928,49205,50809,70623,71515,54495,58217,37151,47655,11934,21277,2495,2459,4162,5315,4708,7740,6426,11187,11581,13166,18973,19530,28606,36833,10684,19095,402203,150039,47322,28552,108320,23127,1217,40,33
2021-05-22T23:59:59+02:00,14,11,7717,6862,15021,14976,19649,21920,49205,50807,70620,71515,54495,58216,37151,47655,11934,21277,2493,2452,4155,5309,4706,7740,6422,11184,11573,13163,18960,19524,28605,36833,10684,19095,402148,150002,47322,28552,108320,23103,1215,40,33
2021-05-21T23:59:59+02:00,14,10,7642,6762,14895,14841,19444,21762,48966,50573,70477,71407,54468,58189,37143,47648,11928,21271,2423,2368,4066,5169,4602,7529,6298,10887,11401,12874,18894,19457,28589,36803,10681,19093,400575,149746,47319,28551,108295,21599,1212,39,33
2021-05-20T23:59:59+02:00,14,10,7366,6466,14310,14318,18506,20884,46288,48217,69319,70431,54110,57822,37034,47505,11896,21240,2160,2200,3706,4806,4159,6980,5743,10055,10312,11773,17613,18159,28082,36203,10605,18945,389564,144480,47152,28257,107990,17745,993,37,33
2021-05-19T23:59:59+02:00,13,9,7126,6245,13643,13831,17238,19883,42298,44737,67829,69122,53655,57296,36870,47274,11859,21189,2083,1996,3541,4468,3910,6458,5298,9372,9315,10656,16130,16509,27385,35283,10477,18735,374777,137295,46579,28113,107750,15218,974,37,23
2021-05-18T23:59:59+02:00,13,7,6930,6069,13093,13397,16141,19024,37575,40718,66375,67797,53100,56758,36719,47050,11817,21133,2037,1872,3402,4277,3725,6140,4964,8887,8449,9784,14546,14768,26675,34425,10386,18560,358665,130648,46514,27547,107591,13777,909,37,23
2021-05-17T23:59:59+02:00,13,7,6796,5974,12768,13147,15640,18634,35395,38852,65540,67010,52825,56443,36636,46941,11802,21096,1966,1809,3215,4094,3505,5909,4642,8515,7669,9084,11281,10738,25765,33273,10305,18389,354934,125422,42237,21443,107507,12474,804,37,23
2021-05-16T23:59:59+02:00,13,7,6732,5888,12643,12993,15468,18467,34903,38381,65354,66840,52769,56380,36623,46914,11797,21091,1907,1712,3111,3971,3425,5807,4534,8368,7486,8895,9086,8137,25280,32588,10271,18331,353454,124276,41728,16082,107471,11961,574,36,23
2021-05-15T23:59:59+02:00,13,7,6727,5879,12636,12987,15463,18461,34894,38378,65352,66838,52768,56379,36623,46914,11797,21091,1906,1712,3109,3966,3420,5804,4529,8365,7484,8892,9084,8135,25279,32588,10271,18331,353406,124246,41728,16082,107466,11960,571,36,23
2021-05-14T23:59:59+02:00,13,7,6527,5783,12395,12924,15231,18369,33921,37587,64815,66429,52672,56292,36606,46880,11795,21086,1789,1624,2997,3894,3363,5696,4479,8219,7436,8763,9077,8129,25278,32588,10271,18330,350035,124187,41697,16078,107004,11092,561,35,22
2021-05-13T23:59:59+02:00,13,7,6281,5598,11990,12669,14662,17921,30391,34797,62334,64350,52040,55619,36468,46660,11783,21038,1747,1584,2941,3818,3331,5605,4436,8116,7354,8644,9038,8069,25259,32546,10266,18326,336039,123936,41472,16054,106576,10575,499,35,22
2021-05-12T23:59:59+02:00,13,7,6264,5573,11917,12606,14550,17811,29756,34220,61826,63897,51867,55446,36431,46615,11776,21025,1747,1581,2939,3817,3327,5605,4433,8115,7352,8638,9031,8066,25259,32544,10266,18325,333038,123913,41458,16043,106571,10574,499,34,22
2021-05-11T23:59:59+02:00,12,7,5946,5440,11472,12324,14003,17428,25497,30732,59444,61888,51206,54767,36242,46370,11752,20962,1706,1466,2836,3555,3206,5230,4293,7673,7198,8316,8946,7983,25230,32504,10262,18314,318093,123671,41405,15853,105586,8802,376,32,22
2021-05-10T23:59:59+02:00,12,7,5820,5366,11312,12207,13782,17256,22022,27970,58192,60772,50844,54413,36150,46246,11737,20931,1667,1368,2751,3327,3103,4898,4182,7183,7076,7876,8906,7923,25218,32482,10260,18310,308160,123523,41245,15704,105293,6979,309,32,21
2021-05-09T23:59:59+02:00,12,7,5743,5334,11223,12141,13680,17175,20421,26788,57728,60387,50741,54313,36125,46205,11730,20926,1650,1346,2695,3204,3052,4757,4137,7063,7026,7782,8895,7911,25211,32476,10259,18310,307589,123481,37675,15658,105088,6324,296,31,21
2021-05-08T23:59:59+02:00,12,7,5740,5332,11212,12136,13670,17166,20413,26782,57719,60381,50738,54305,36121,46202,11728,20923,1649,1346,2694,3201,3052,4757,4134,7060,7025,7781,8893,7911,25210,32474,10259,18310,307499,123464,37674,15658,105087,6323,296,31,21
2021-05-07T23:59:59+02:00,12,7,5700,5296,11146,12088,13563,17086,19960,26425,56722,59571,50609,54175,36091,46171,11725,20909,1548,1303,2614,3156,3010,4728,4100,7036,7003,7749,8885,7902,25208,32473,10259,18309,304337,123429,37657,15649,104941,5899,291,30,21
2021-05-06T23:59:59+02:00,12,7,5450,5184,10630,11779,12854,16631,18662,25439,52459,55916,49413,52795,35760,45770,11673,20808,1327,1170,2377,2984,2840,4562,3948,6837,6850,7598,8810,7821,25188,32438,10256,18302,289202,123155,37467,15509,104383,4465,164,26,21
2021-05-05T23:59:59+02:00,12,7,5193,5086,10137,11542,12097,16178,17332,24455,48095,51776,47746,50874,35321,45198,11598,20685,1281,1077,2314,2856,2755,4383,3854,6597,6743,7399,8695,7725,25126,32363,10250,18286,272020,122671,37241,15464,103997,3506,48,26,21
2021-05-04T23:59:59+02:00,12,7,5110,5001,9821,11326,11644,15788,16352,23587,46219,49744,46676,49566,34946,44711,11529,20576,1270,1058,2286,2815,2714,4299,3801,6489,6671,7321,8653,7686,25105,32346,10249,18281,261628,122453,37217,15401,103719,3150,25,26,21
2021-05-03T23:59:59+02:00,12,7,5009,4913,9467,11154,11179,15523,15295,22726,44645,48127,45794,48613,34724,44367,11501,20484,1255,1033,2251,2782,2672,4235,3752,6435,6596,7267,8081,6995,23358,30010,10111,18043,252605,116618,37207,15319,103686,2908,16,26,21
2021-05-02T23:59:59+02:00,12,7,4946,4895,9352,11116,11031,15462,14683,22235,44126,47717,45654,48447,34674,44305,11494,20473,1251,1027,2233,2779,2659,4227,3723,6421,6576,7253,7891,6752,21379,27596,10064,17955,251393,116596,35568,10299,103631,2864,11,26,21
2021-05-01T23:59:59+02:00,12,7,4946,4893,9348,11111,11028,15460,14679,22231,44124,47713,45653,48447,34674,44305,11494,20473,1250,1027,2233,2779,2659,4227,3722,6421,6575,7253,7891,6751,21379,27596,10064,17955,251363,116593,35568,10299,103630,2863,11,26,21
2021-04-30T23:59:59+02:00,12,7,4900,4869,9281,11095,10972,15435,14603,22205,42644,46301,45319,48116,34637,44253,11489,20463,1044,933,2037,2689,2560,4166,3636,6361,6512,7194,7884,6734,21378,27594,10064,17955,247378,116584,35568,10296,103618,1835,11,26,20
2021-04-29T23:59:59+02:00,12,7,4663,4786,8805,10946,10367,15261,13918,21996,37708,41988,44309,47085,34515,44135,11485,20432,864,855,1863,2609,2475,4100,3527,6290,6443,7146,7861,6714,21373,27587,10064,17955,233639,116550,35465,10191,103277,959,11,26,20
2021-04-28T23:59:59+02:00,12,7,4486,4751,8554,10859,10014,15171,13562,21841,33059,37479,43063,45829,34389,43987,11470,20414,822,828,1825,2562,2443,4024,3491,6181,6395,7056,7841,6695,21360,27574,10059,17948,220405,116465,35446,10143,103062,472,10,24,19
2021-04-27T23:59:59+02:00,11,6,4256,4538,8210,10411,9626,14589,13091,21194,31930,36353,42781,45544,34373,43959,11466,20411,794,814,1790,2539,2425,4006,3473,6162,6360,7029,7830,6687,21355,27570,10056,17942,217678,116408,35431,10113,99606,287,10,24,19
2021-04-26T23:59:59+02:00,11,6,4234,4511,8138,10373,9520,14536,12941,21133,27522,31980,41562,44324,34293,43858,11453,20400,762,803,1760,2520,2397,3986,3448,6141,6309,6983,7782,6638,21324,27539,10056,17935,205819,116207,35422,10068,99522,84,10,22,19
2021-04-25T23:59:59+02:00,11,6,4211,4498,8106,10348,9457,14504,12848,21086,25552,29937,40861,43564,34246,43799,11449,20394,750,795,1748,2506,2379,3971,3424,6120,6277,6954,7762,6621,21307,27518,10055,17931,205152,116181,30307,9834,99387,80,9,22,19
2021-04-24T23:59:59+02:00,11,6,4192,4487,8075,10319,9415,14488,12796,21065,24049,28273,40102,42721,34181,43723,11446,20388,749,794,1745,2504,2378,3967,3424,6116,6277,6951,7760,6618,21306,27518,10055,17931,200083,116160,30307,9833,99316,77,9,22,19
2021-04-23T23:59:59+02:00,10,6,3927,4336,7606,10024,8987,14133,12234,20662,23567,27973,40013,42659,34160,43689,11440,20381,736,784,1728,2491,2358,3951,3401,6093,6255,6932,7746,6600,21301,27507,10055,17930,199733,116145,30292,9634,95753,66,9,20,19
2021-04-22T23:59:59+02:00,10,6,3834,4277,7417,9907,8708,13939,11789,20336,21237,25618,37256,39415,33633,43016,11369,20258,723,775,1699,2460,2300,3894,3330,6021,6146,6835,7667,6513,21245,27463,10052,17915,186706,116028,30101,8925,95189,64,9,20,17
2021-04-21T23:59:59+02:00,10,4,3807,4244,7286,9828,8526,13767,11453,20045,19978,24414,34043,35695,33150,42316,11304,20129,699,757,1664,2432,2256,3869,3297,5988,6106,6796,7635,6486,21225,27439,10048,17911,174934,115915,29926,8612,95110,60,9,20,17
2021-04-20T23:59:59+02:00,10,4,3773,4217,7181,9759,8315,13608,11083,19748,18881,23265,30731,32050,32673,41717,11246,20012,691,747,1649,2420,2222,3847,3254,5942,6065,6754,7593,6441,21199,27416,10042,17908,163293,115757,29903,8354,95048,58,9,20,17
2021-04-19T23:59:59+02:00,10,4,3755,4201,7107,9721,8197,13498,10828,19563,18216,22604,29855,30918,32380,41352,11204,19938,683,742,1627,2406,2198,3817,3218,5909,6031,6723,7549,6408,21168,27387,10040,17904,158454,115623,29885,8110,94983,56,9,20,17
2021-04-18T23:59:59+02:00,10,4,3752,4194,7091,9708,8183,13481,10791,19537,18128,22521,29733,30792,32352,41329,11201,19930,681,738,1612,2394,2181,3802,3193,5883,6001,6700,7526,6395,21150,27365,10037,17901,157961,115564,29816,7919,94932,55,9,19,17
2021-04-17T23:59:59+02:00,10,4,3751,4192,7088,9705,8180,13481,10785,19530,18115,22510,29710,30779,32350,41326,11201,19930,680,738,1611,2393,2179,3801,3189,5882,5999,6698,7526,6395,21150,27365,10037,17901,157878,115550,29815,7919,94926,54,9,19,17
2021-04-16T23:59:59+02:00,10,4,3584,4154,6743,9576,7810,13294,10387,19285,17662,22235,29505,30618,32267,41236,11186,19911,667,719,1599,2378,2152,3786,3135,5845,5957,6648,7433,6304,20737,26798,10007,17840,157121,114220,29807,7713,92511,51,9,19,17
2021-04-15T23:59:59+02:00,10,4,3483,4075,6392,9204,7231,12794,9609,18452,16339,21007,28306,29324,31748,40594,11105,19735,637,696,1546,2339,2067,3699,3025,5725,5628,6410,6934,5916,19994,25877,9908,17670,151374,110835,29513,7169,88497,46,9,19,17
2021-04-14T23:59:59+02:00,9,4,3431,4027,6158,8963,6900,12417,8988,17905,15218,19974,26890,27822,31116,39712,10993,19537,604,670,1500,2300,1992,3621,2883,5602,5319,6176,6389,5407,18972,24586,9821,17490,144554,106557,29313,6714,86170,40,9,18,17
2021-04-13T23:59:59+02:00,9,4,3399,3995,6069,8885,6752,12287,8685,17659,14418,19282,23545,24261,30180,38531,10887,19361,599,661,1487,2277,1960,3587,2785,5531,5102,5993,6024,5065,18670,24238,9779,17423,132916,104441,29303,6681,85963,39,9,18,16
2021-04-12T23:59:59+02:00,9,4,3377,3974,6019,8825,6664,12202,8467,17465,13802,18753,22538,23110,29756,37972,10818,19234,589,653,1477,2269,1937,3566,2728,5481,4953,5888,5703,4782,18374,23934,9740,17362,127827,102844,29283,6533,85852,39,9,18,16
2021-04-11T23:59:59+02:00,9,4,3371,3968,6001,8801,6635,12185,8425,17442,13711,18693,22409,22961,29706,37909,10808,19210,586,648,1464,2259,1924,3559,2711,5464,4916,5851,5644,4722,18200,23700,9719,17331,127288,102178,29217,6461,85716,39,9,18,16
2021-04-10T23:59:59+02:00,9,4,3363,3967,5978,8800,6613,12184,8403,17441,13687,18691,22404,22958,29702,37908,10808,19210,583,645,1456,2252,1919,3556,2704,5455,4900,5843,5632,4705,18036,23446,9705,17307,127267,101657,29126,6429,85711,39,8,18,16
2021-04-09T23:59:59+02:00,8,4,3325,3955,5930,8786,6555,12165,8364,17414,13637,18645,20448,20541,29216,37289,10778,19160,570,632,1430,2230,1892,3532,2662,5419,4827,5781,5516,4602,17458,22714,9667,17236,126567,99890,23999,6229,85630,31,7,17,16
2021-04-08T23:59:59+02:00,8,4,3300,3936,5862,8754,6481,12126,8274,17350,13492,18528,17849,17466,28695,36622,10740,19109,528,603,1342,2148,1798,3435,2482,5235,4327,5418,4711,3996,15667,20475,9477,16927,125699,92872,18123,5658,84751,22,6,17,16
2021-04-07T23:59:59+02:00,6,4,3222,3908,5656,8704,6273,12066,8066,17275,13231,18432,15180,14389,28018,35821,10710,19056,504,574,1287,2091,1703,3355,2329,5095,3914,5087,3991,3425,14809,19603,9361,16740,125489,88523,16583,5310,77923,19,5,17,16
2021-04-06T23:59:59+02:00,5,4,3194,3898,5611,8684,6202,12042,7981,17238,13158,18361,13192,12020,27383,35105,10697,19026,474,551,1219,2036,1617,3272,2167,4976,3543,4811,3466,3011,13963,18599,9285,16619,125359,84872,16379,4708,72041,15,5,17,14
2021-04-05T23:59:59+02:00,5,4,3192,3895,5576,8669,6165,12029,7936,17221,13085,18325,13147,11974,27372,35089,10696,19023,442,521,1167,1999,1566,3231,2099,4922,3455,4735,3409,2959,13819,18427,9276,16601,125334,84378,16170,4222,71878,15,4,17,14
2021-04-04T23:59:59+02:00,5,4,3191,3893,5576,8667,6163,12028,7935,17219,13085,18325,13144,11974,27371,35089,10696,19023,441,520,1166,1999,1565,3231,2098,4922,3455,4735,3409,2959,13818,18427,9276,16601,125324,84372,16170,4222,71873,15,4,17,14
2021-04-03T23:59:59+02:00,5,4,3190,3893,5576,8666,6163,12028,7935,17219,13085,18325,13144,11973,27370,35086,10696,19023,441,518,1166,1999,1564,3231,2098,4921,3449,4732,3403,2949,13731,18290,9267,16585,125319,84094,16170,4222,71871,15,4,17,14
2021-04-02T23:59:59+02:00,5,4,3190,3890,5573,8661,6159,12019,7927,17206,13059,18294,13097,11920,27342,35067,10693,19019,438,511,1164,1995,1552,3222,2087,4899,3419,4699,3371,2920,12794,17039,9200,16476,125151,81620,16167,4140,71786,15,4,17,12
2021-04-01T23:59:59+02:00,5,4,3176,3876,5534,8642,6092,11986,7856,17171,12946,18222,12982,11793,27284,34991,10684,19004,390,467,1066,1927,1452,3133,1935,4786,3214,4568,3135,2718,10757,14440,9087,16296,124836,75999,16043,3347,71350,15,3,16,12
2021-03-31T23:59:59+02:00,5,4,3175,3862,5517,8608,6057,11950,7812,17126,12865,18153,12868,11671,27233,34928,10676,18994,352,444,1030,1884,1378,3093,1830,4682,2956,4367,2721,2403,8158,11208,8906,16054,124524,68439,16003,3003,70959,14,3,15,11
2021-03-30T23:59:59+02:00,5,4,3168,3851,5492,8582,6024,11918,7772,17086,12787,18087,12782,11534,27195,34880,10670,18984,331,426,1008,1852,1319,3058,1705,4601,2709,4196,2353,2155,7270,10123,8839,15925,124392,65119,15971,2728,70441,14,2,15,11
2021-03-29T23:59:59+02:00,5,4,3156,3847,5463,8562,5987,11883,7727,17053,12713,18010,12134,10777,25323,32389,10521,18727,325,423,1001,1837,1299,3033,1671,4560,2560,4108,2065,2004,6612,9412,8795,15847,118389,62806,15800,2725,70075,12,2,15,11
2021-03-28T23:59:59+02:00,5,4,3126,3831,5415,8524,5936,11838,7646,16998,12603,17940,11870,10474,23338,29921,10466,18628,324,421,998,1836,1290,3029,1667,4558,2548,4100,2040,1984,6589,9397,8793,15842,118330,62674,10613,2723,69603,12,2,15,9
2021-03-27T23:59:59+01:00,5,4,3114,3827,5376,8513,5900,11823,7598,16983,12557,17893,11835,10430,23334,29913,10466,18628,324,421,998,1836,1290,3029,1666,4556,2546,4097,2038,1982,6541,9322,8760,15793,118261,62457,10612,2723,69309,12,2,15,9
2021-03-26T23:59:59+01:00,5,4,2981,3506,4926,7361,5406,10504,6986,14936,11748,15607,11614,10247,22849,29183,10421,18557,323,417,993,1833,1284,3024,1663,4554,2541,4090,2030,1976,6411,9133,8616,15604,116706,61772,10356,2711,59762,2,2,15,9
2021-03-25T23:59:59+01:00,5,3,2859,3243,4767,6596,5177,9354,6661,13216,11021,13804,10752,9444,22119,28335,10344,18400,318,408,986,1824,1269,3005,1644,4520,2505,4040,1962,1918,6119,8704,8335,15151,113780,59993,9653,2707,52650,1,2,15,9
2021-03-24T23:59:59+01:00,5,3,2812,3198,4691,6532,5043,9248,6455,13045,10508,13399,9913,8620,21100,27076,10246,18212,316,403,978,1818,1252,2994,1629,4496,2458,3984,1894,1843,5753,8230,7919,14476,109748,57742,9306,2695,51038,1,0,14,9
2021-03-23T23:59:59+01:00,5,3,2784,3165,4623,6464,4932,9154,6242,12883,10050,12977,9196,7951,20585,26467,10191,18105,304,390,961,1809,1237,2972,1600,4474,2408,3935,1815,1777,5469,7847,7515,13850,107348,55663,8971,2694,49444,1,0,14,9
2021-03-22T23:59:59+01:00,5,3,2767,3126,4564,6425,4856,9086,6103,12744,9688,12703,8594,7384,20164,26028,10130,18011,302,387,949,1803,1223,2958,1587,4461,2381,3907,1788,1755,5330,7673,7064,13025,105858,53897,8713,2689,47796,1,0,14,8
2021-03-21T23:59:59+01:00,5,3,2760,3110,4518,6401,4805,9050,6010,12677,9499,12515,8288,7125,19996,25861,10118,17983,302,387,948,1803,1221,2958,1586,4460,2378,3907,1781,1749,5321,7668,7033,12967,105656,53790,8480,2672,46574,1,0,14,8
2021-03-20T23:59:59+01:00,5,3,2760,3103,4510,6396,4798,9047,6006,12669,9479,12501,8255,7093,19822,25584,10102,17957,302,387,948,1802,1220,2958,1585,4459,2374,3899,1769,1736,5306,7619,6855,12727,105099,53292,8467,2647,46510,1,0,14,8
2021-03-19T23:59:59+01:00,5,3,2724,3078,4438,6351,4691,8997,5866,12611,9211,12313,7951,6867,19338,24994,10070,17898,302,386,947,1801,1220,2955,1583,4458,2367,3894,1754,1725,5269,7576,6443,12107,103797,52155,8224,2625,45371,1,0,14,8
2021-03-18T23:59:59+01:00,5,3,2658,3005,4273,6213,4441,8791,5508,12304,8298,11644,6688,5851,18078,23631,9915,17665,299,381,942,1791,1206,2942,1544,4442,2302,3848,1675,1683,5194,7469,5700,10988,98871,49818,7680,2583,42406,0,0,14,7
2021-03-17T23:59:59+01:00,5,3,2621,2965,4194,6115,4303,8683,5253,12028,7622,11076,5698,4951,16726,22092,9747,17405,295,379,938,1783,1202,2933,1527,4421,2236,3823,1609,1638,5149,7403,5119,10096,93428,48020,7179,2526,40866,0,0,14,7
2021-03-16T23:59:59+01:00,5,3,2601,2937,4132,6048,4209,8586,5076,11872,7172,10686,4933,4332,15864,21109,9641,17230,291,377,935,1778,1199,2926,1519,4411,2214,3804,1577,1621,5111,7360,4607,9276,89766,46555,7140,2447,39517,0,0,13,6
2021-03-15T23:59:59+01:00,5,3,2598,2926,4116,6028,4178,8560,5026,11825,7054,10568,4786,4170,15543,20696,9609,17171,289,373,934,1772,1193,2919,1505,4402,2193,3782,1533,1604,5051,7286,4023,8413,88991,44963,7041,2305,38817,0,0,13,6
2021-03-14T23:59:59+01:00,5,2,2593,2917,4094,6008,4148,8541,4985,11792,6960,10479,4681,4057,15412,20527,9592,17131,287,372,934,1770,1187,2912,1500,4391,2182,3775,1523,1598,5043,7278,4017,8399,88684,44900,7023,2264,38205,0,0,12,6
2021-03-13T23:59:59+01:00,5,2,2587,2908,4086,5996,4140,8534,4976,11782,6940,10466,4659,4031,15096,20087,9572,17095,287,372,934,1770,1187,2912,1500,4391,2182,3775,1522,1598,5043,7277,4017,8399,87790,44899,7001,2263,38159,0,0,12,6
2021-03-12T23:59:59+01:00,5,2,2525,2832,3975,5825,4020,8312,4839,11483,6762,10195,4506,3893,14167,18824,9510,16993,287,371,932,1767,1187,2908,1498,4386,2181,3768,1515,1596,5036,7258,4015,8382,85310,44821,6940,2262,36408,0,0,10,6
2021-03-11T23:59:59+01:00,4,2,2399,2607,3747,5498,3763,7875,4512,10721,6131,9384,3986,3390,12552,16827,9408,16844,287,370,928,1763,1184,2894,1489,4374,2168,3741,1474,1568,4995,7221,4003,8355,80954,44672,6776,2138,31910,0,0,10,6
2021-03-10T23:59:59+01:00,4,2,2277,2476,3590,5260,3568,7552,4240,10238,5577,8814,3411,2948,10264,14105,9259,16613,284,366,923,1753,1177,2883,1485,4358,2146,3726,1445,1561,4964,7206,3994,8345,74612,44607,6604,2005,28972,0,0,10,6
2021-03-09T23:59:59+01:00,4,2,2252,2425,3522,5171,3453,7462,4069,10041,5182,8463,2928,2588,8738,12087,9153,16462,283,365,923,1747,1170,2874,1481,4350,2138,3715,1430,1556,4956,7201,3991,8343,69722,44566,6455,1954,27815,0,0,10,5
2021-03-08T23:59:59+01:00,4,2,2228,2351,3463,5103,3379,7378,3947,9928,4885,8269,2480,2323,6799,9684,9032,16284,283,362,922,1737,1164,2858,1475,4339,2134,3708,1419,1549,4940,7181,3984,8333,64001,44457,6119,1928,27409,0,0,10,5
2021-03-07T23:59:59+01:00,4,2,2166,2295,3367,4995,3282,7289,3848,9841,4748,8174,2429,2271,6776,9663,9032,16276,283,361,921,1737,1164,2856,1475,4339,2134,3708,1419,1549,4939,7181,3984,8333,63872,44454,5436,1926,27140,0,0,10,5
2021-03-06T23:59:59+01:00,4,2,2158,2282,3354,4985,3278,7285,3839,9831,4738,8169,2427,2269,6730,9593,8999,16226,283,361,920,1733,1163,2855,1475,4336,2130,3703,1418,1544,4933,7176,3982,8323,63660,44406,5376,1926,27123,0,0,10,5
2021-03-05T23:59:59+01:00,4,2,2028,2195,3130,4798,3039,6973,3560,9436,4404,7833,2338,2207,6524,9271,8802,15961,283,359,918,1730,1163,2854,1474,4330,2127,3697,1412,1542,4927,7170,3981,8316,62669,44354,4528,1926,25298,0,0,10,5
2021-03-04T23:59:59+01:00,4,2,1778,1974,2719,4362,2583,6334,2994,8535,3718,7019,2119,2047,6228,8904,8518,15498,280,358,917,1722,1161,2837,1473,4314,2118,3685,1401,1540,4915,7156,3974,8305,61007,44230,3249,1923,21070,0,0,10,5
2021-03-03T23:59:59+01:00,4,2,1707,1886,2612,4177,2450,6108,2854,8248,3531,6756,2035,1969,5887,8428,8154,14907,279,354,917,1712,1158,2814,1469,4290,2113,3670,1376,1528,4910,7150,3970,8297,58979,44082,3105,1923,19621,0,0,10,4
2021-03-02T23:59:59+01:00,4,2,1671,1810,2542,4059,2369,5958,2747,8067,3416,6603,1960,1901,5570,7988,7740,14228,277,349,914,1693,1155,2794,1466,4271,2112,3659,1351,1522,4900,7133,3965,8289,56849,43925,2863,1923,18913,0,0,10,4
2021-03-01T23:59:59+01:00,2,2,1661,1783,2503,3952,2321,5843,2711,7966,3363,6524,1918,1880,5432,7825,7258,13352,276,347,910,1687,1153,2782,1464,4258,2110,3644,1346,1517,4897,7131,3963,8282,54968,43842,2852,1923,18466,0,0,10,4
2021-02-28T23:59:59+01:00,2,2,1645,1744,2469,3880,2290,5788,2668,7887,3336,6476,1912,1876,5424,7820,7221,13292,276,347,909,1687,1153,2782,1464,4257,2110,3643,1346,1517,4897,7130,3963,8282,54842,43839,2850,1922,18030,0,0,10,4
2021-02-27T23:59:59+01:00,2,2,1643,1737,2466,3872,2286,5788,2666,7886,3333,6473,1906,1866,5414,7776,7048,13068,276,347,899,1682,1143,2775,1454,4248,2093,3634,1345,1514,4897,7129,3963,8282,54370,43835,2850,1844,18002,0,0,10,4
2021-02-26T23:59:59+01:00,2,1,1455,1580,2338,3629,2208,5383,2574,7382,3246,6015,1891,1841,5389,7743,6779,12675,274,345,891,1675,1135,2755,1448,4226,2083,3620,1338,1505,4890,7117,3959,8269,53613,43754,2830,1775,15678,0,0,10,3
2021-02-25T23:59:59+01:00,2,1,1241,1298,2119,3198,2036,4633,2376,6439,3005,5116,1800,1770,5337,7663,6196,11823,272,337,884,1614,1101,2659,1415,4116,2027,3545,1300,1484,4846,7075,3939,8214,51711,43280,2818,1547,11515,0,0,9,3
2021-02-24T23:59:59+01:00,2,1,1188,1089,2013,2933,1930,4296,2243,6035,2835,4846,1723,1715,5276,7574,5425,10629,270,331,848,1566,1051,2568,1354,4000,1938,3417,1260,1456,4829,7048,3929,8193,49347,43015,2806,1042,9591,0,0,9,3
2021-02-23T23:59:59+01:00,2,1,1173,1038,1978,2869,1904,4197,2217,5950,2801,4783,1714,1700,5240,7526,4777,9594,270,330,821,1539,1001,2516,1301,3922,1832,3342,1208,1429,4805,7022,3916,8154,47544,42808,2779,599,9133,0,0,8,3
2021-02-22T23:59:59+01:00,2,1,1165,996,1929,2725,1860,4052,2161,5755,2747,4678,1703,1689,5206,7478,4162,8704,268,321,778,1501,947,2433,1212,3814,1692,3244,1118,1370,4762,6950,3888,8044,45919,42332,2761,9,8326,0,0,7,3
2021-02-21T23:59:59+01:00,2,1,1163,982,1900,2663,1833,3955,2134,5650,2727,4615,1696,1683,5203,7469,4162,8700,266,319,773,1495,939,2401,1210,3778,1679,3204,1109,1355,4744,6926,3863,8000,45866,42051,2751,9,7914,0,0,7,3
2021-02-20T23:59:59+01:00,2,1,1163,982,1900,2662,1832,3955,2134,5650,2725,4610,1687,1674,5197,7462,4160,8697,266,319,773,1494,938,2397,1209,3774,1678,3202,1109,1355,4692,6866,3816,7943,45851,41822,2723,8,7912,0,0,7,3
2021-02-19T23:59:59+01:00,2,1,1163,979,1897,2657,1832,3945,2133,5641,2721,4607,1669,1665,5182,7444,4157,8692,265,318,769,1484,929,2372,1202,3731,1650,3149,1081,1316,4499,6613,3636,7643,45771,40648,2702,8,7907,0,0,7,3
2021-02-18T23:59:59+01:00,2,1,1132,897,1857,2538,1793,3808,2080,5435,2659,4434,1652,1648,5166,7411,4152,8663,237,289,724,1359,881,2166,1116,3394,1534,2852,971,1126,4004,5830,3220,6737,45617,36431,2669,8,7035,0,0,7,3
2021-02-17T23:59:59+01:00,2,1,1084,770,1776,2306,1716,3512,1971,5075,2584,4187,1627,1639,5145,7396,4143,8660,232,286,714,1341,872,2144,1104,3359,1515,2831,965,1123,3621,5303,2921,6309,45577,34631,2609,8,5401,0,0,7,3
2021-02-16T23:59:59+01:00,2,1,1043,732,1722,2203,1647,3340,1901,4868,2505,4079,1588,1625,5118,7373,4134,8648,225,280,698,1306,850,2090,1073,3241,1476,2744,941,1100,3263,4753,2579,5810,45523,32423,2442,5,4558,0,0,6,3
2021-02-15T23:59:59+01:00,2,1,1036,713,1702,2126,1629,3240,1882,4759,2491,4000,1558,1611,5088,7357,4101,8592,213,270,682,1273,831,2040,1052,3175,1434,2679,911,1069,2834,4194,2242,5228,45396,30122,2356,4,4130,0,0,6,3
2021-02-14T23:59:59+01:00,2,1,942,680,1624,2093,1567,3221,1839,4737,2456,3987,1551,1609,5079,7345,4098,8586,206,259,673,1255,813,2000,1036,3109,1403,2611,881,1023,2742,4052,2163,5029,45352,29252,2321,3,3739,0,0,5,2
2021-02-13T23:59:59+01:00,2,1,889,656,1594,2070,1552,3212,1823,4730,2448,3986,1550,1608,5079,7344,4097,8585,204,258,671,1254,813,1996,1036,3107,1402,2608,880,1023,2638,3927,2097,4928,45345,28839,2321,3,3555,0,0,5,2
2021-02-12T23:59:59+01:00,2,1,559,509,1247,1953,1381,3109,1683,4647,2341,3916,1531,1600,5069,7333,4087,8575,192,252,656,1228,799,1952,1009,3022,1347,2508,818,948,2411,3612,1949,4605,45224,27306,2321,2,1993,0,0,5,2
2021-02-11T23:59:59+01:00,2,1,394,433,1058,1839,1278,2991,1586,4534,2252,3826,1422,1555,5006,7281,4064,8525,155,189,556,984,664,1506,808,2350,1067,1915,576,696,1791,2724,1438,3324,44865,20744,2113,1,1064,0,0,5,0
2021-02-10T23:59:59+01:00,2,1,281,362,932,1733,1176,2869,1492,4350,2138,3704,1383,1542,4985,7270,4060,8523,133,127,385,623,493,1017,639,1738,899,1581,556,680,1385,2164,1121,2822,44789,16365,2004,0,6,0,0,4,0
2021-02-09T23:59:59+01:00,2,1,281,361,931,1727,1173,2861,1492,4344,2137,3699,1375,1539,4983,7268,4059,8521,130,125,377,590,474,990,618,1709,874,1551,554,677,1000,1699,840,2415,44764,14625,1981,0,5,0,0,4,0
2021-02-08T23:59:59+01:00,2,1,281,359,930,1725,1170,2851,1485,4339,2135,3695,1370,1535,4981,7268,4058,8518,125,119,366,577,466,971,607,1677,856,1525,546,672,606,1208,534,1986,44736,12843,1958,0,5,0,0,4,0
2021-02-07T23:59:59+01:00,2,1,281,359,927,1725,1169,2851,1483,4337,2135,3695,1370,1535,4981,7267,4057,8518,121,116,360,573,465,964,604,1665,846,1509,538,669,605,1198,529,1971,44732,12735,1957,0,0,0,0,4,0
2021-02-06T23:59:59+01:00,2,1,281,359,927,1725,1169,2851,1483,4337,2135,3695,1370,1535,4981,7267,4057,8518,118,113,358,569,464,962,604,1663,846,1508,537,668,605,1198,529,1971,44732,12715,1957,0,0,0,0,4,0
2021-02-05T23:59:59+01:00,2,1,280,358,925,1725,1169,2850,1481,4336,2134,3695,1370,1535,4980,7265,4057,8515,117,105,355,564,456,949,600,1653,833,1485,532,658,599,1182,519,1946,44717,12555,1957,0,0,0,0,4,0
2021-02-04T23:59:59+01:00,2,1,276,353,919,1686,1162,2803,1481,4284,2122,3653,1363,1528,4952,7234,4045,8481,89,70,237,391,331,691,471,1260,624,1117,402,520,504,966,454,1680,44385,9808,1956,0,0,0,0,4,0
2021-02-03T23:59:59+01:00,2,1,274,344,915,1661,1158,2768,1470,4234,2113,3617,1355,1512,4927,7204,4031,8451,55,34,83,166,152,346,229,593,301,543,212,278,288,602,265,1047,44077,5195,1956,0,0,0,0,4,0
2021-02-02T23:59:59+01:00,2,1,273,342,914,1649,1154,2749,1467,4202,2106,3591,1347,1506,4919,7190,4023,8425,16,10,27,51,61,101,73,165,96,123,45,75,70,133,57,207,43900,1311,1956,0,0,0,0,4,0
2021-02-01T23:59:59+01:00,2,1,273,337,914,1646,1153,2748,1466,4198,2105,3585,1346,1505,4917,7189,4023,8425,13,9,23,44,51,92,60,140,74,104,39,67,62,124,55,194,43873,1152,1956,0,0,0,0,4,0
2021-01-31T23:59:59+01:00,2,1,273,336,914,1642,1152,2743,1466,4193,2105,3582,1345,1505,4916,7188,4023,8425,12,8,21,39,44,84,54,129,64,98,34,56,53,114,52,187,43853,1050,1954,0,0,0,0,4,0
2021-01-30T23:59:59+01:00,2,1,273,336,909,1639,1144,2735,1458,4187,2101,3579,1345,1505,4863,7128,3977,8367,12,8,21,38,44,84,53,128,64,98,34,56,53,114,52,187,43625,1047,1920,0,0,0,0,4,0
2021-01-29T23:59:59+01:00,2,1,272,335,894,1631,1132,2714,1446,4157,2078,3552,1336,1499,4698,6926,3809,8159,10,8,21,38,41,84,52,126,61,97,33,52,52,114,52,187,42829,1029,1808,0,0,0,0,4,0
2021-01-28T23:59:59+01:00,2,1,268,322,875,1544,1093,2604,1409,4055,2009,3478,1310,1486,4362,6454,3531,7799,7,4,9,18,22,42,21,58,36,64,20,34,36,74,40,125,41033,611,1565,0,0,0,0,4,0
2021-01-27T23:59:59+01:00,2,1,262,319,833,1489,1046,2510,1345,3957,1935,3371,1270,1459,3948,5882,3204,7327,3,4,9,9,11,21,8,23,14,29,12,15,18,42,17,63,39044,299,1112,0,0,0,0,4,0
2021-01-26T23:59:59+01:00,2,1,255,310,797,1442,979,2425,1284,3830,1819,3263,1209,1408,3599,5324,2849,6804,1,1,5,4,4,7,4,3,3,8,7,5,5,7,4,8,36932,77,664,0,0,0,0,4,0
2021-01-25T23:59:59+01:00,2,1,245,301,745,1382,918,2306,1182,3685,1661,3141,1129,1376,3201,4809,2532,6327,1,1,5,3,2,7,2,2,3,8,7,5,5,7,4,8,34878,71,62,0,0,0,0,3,0
2021-01-24T23:59:59+01:00,2,1,242,301,739,1378,907,2290,1177,3669,1633,3111,1123,1373,3174,4773,2515,6305,1,1,3,3,2,7,2,2,3,8,7,5,5,7,4,8,34703,69,8,0,0,0,0,2,0
2021-01-23T23:59:59+01:00,2,1,241,300,738,1377,907,2286,1176,3667,1630,3109,1122,1373,3069,4647,2448,6204,1,1,3,3,2,7,2,2,3,8,7,5,5,7,4,8,34288,69,7,0,0,0,0,2,0
2021-01-22T23:59:59+01:00,2,1,240,297,735,1361,905,2273,1170,3651,1626,3106,1120,1372,2907,4453,2345,6059,1,1,3,3,2,7,2,2,3,8,7,5,5,7,4,8,33614,69,7,0,0,0,0,2,0
2021-01-21T23:59:59+01:00,2,1,235,268,670,1205,838,2061,1089,3366,1530,2900,1077,1329,2559,3987,2050,5618,1,0,3,2,2,7,2,2,3,8,7,4,5,7,4,8,30778,66,7,0,0,0,0,0,0
2021-01-20T23:59:59+01:00,2,1,210,204,509,854,663,1571,889,2666,1294,2435,979,1196,2019,3234,1625,4805,1,0,3,2,2,7,2,2,3,6,6,4,5,7,4,8,25149,63,7,0,0,0,0,0,0
2021-01-19T23:59:59+01:00,2,1,184,187,463,745,609,1416,803,2369,1120,2129,811,937,1366,2295,1140,3668,0,0,2,1,0,0,0,0,2,1,1,0,0,0,0,0,20242,7,3,0,0,0,0,0,0
2021-01-18T23:59:59+01:00,1,1,138,132,385,620,487,1060,647,1825,930,1637,604,727,693,1347,597,2240,0,0,1,0,0,0,0,0,1,0,0,0,0,0,0,0,14069,2,2,0,0,0,0,0,0
2021-01-17T23:59:59+01:00,1,1,127,118,369,585,472,995,618,1708,871,1538,555,686,642,1245,551,2075,0,0,0,0,0,0,0,0,0,0,0,0,0,0,0,0,13157,0,0,0,0,0,0,0,0
2021-01-16T23:59:59+01:00,1,1,120,114,366,581,470,983,612,1695,865,1531,554,685,641,1239,546,2061,0,0,0,0,0,0,0,0,0,0,0,0,0,0,0,0,13065,0,0,0,0,0,0,0,0
2021-01-15T23:59:59+01:00,1,1,118,107,363,575,462,967,608,1684,851,1507,548,673,633,1222,538,2036,0,0,0,0,0,0,0,0,0,0,0,0,0,0,0,0,12894,0,0,0,0,0,0,0,0
2021-01-14T23:59:59+01:00,1,1,97,86,280,466,390,788,504,1413,695,1219,431,540,551,1023,476,1839,0,0,0,0,0,0,0,0,0,0,0,0,0,0,0,0,10800,0,0,0,0,0,0,0,0
2021-01-13T23:59:59+01:00,1,1,67,47,167,283,255,522,352,923,474,783,264,328,334,673,306,1168,0,0,0,0,0,0,0,0,0,0,0,0,0,0,0,0,6948,0,0,0,0,0,0,0,0
2021-01-12T23:59:59+01:00,1,1,31,20,52,102,114,215,150,384,196,334,137,180,175,372,176,649,0,0,0,0,0,0,0,0,0,0,0,0,0,0,0,0,3289,0,0,0,0,0,0,0,0
2021-01-11T23:59:59+01:00,1,0,17,10,36,64,62,114,77,172,91,126,40,67,67,131,55,201,0,0,0,0,0,0,0,0,0,0,0,0,0,0,0,0,1331,0,0,0,0,0,0,0,0
2021-01-10T23:59:59+01:00,1,0,14,7,29,53,55,102,67,157,75,112,34,57,57,120,50,191,0,0,0,0,0,0,0,0,0,0,0,0,0,0,0,0,1181,0,0,0,0,0,0,0,0
2021-01-09T23:59:59+01:00,1,0,13,7,28,52,54,101,64,156,75,110,34,57,57,120,50,191,0,0,0,0,0,0,0,0,0,0,0,0,0,0,0,0,1170,0,0,0,0,0,0,0,0
2021-01-08T23:59:59+01:00,1,0,10,7,26,49,49,96,60,143,69,106,32,52,56,120,50,191,0,0,0,0,0,0,0,0,0,0,0,0,0,0,0,0,1117,0,0,0,0,0,0,0,0
2021-01-07T23:59:59+01:00,1,0,7,4,9,19,22,43,23,58,38,66,19,35,41,80,39,127,0,0,0,0,0,0,0,0,0,0,0,0,0,0,0,0,631,0,0,0,0,0,0,0,0
2021-01-06T23:59:59+01:00,1,0,7,4,9,16,14,30,15,40,25,53,16,25,34,70,37,111,0,0,0,0,0,0,0,0,0,0,0,0,0,0,0,0,507,0,0,0,0,0,0,0,0
2021-01-05T23:59:59+01:00,1,0,7,4,9,16,14,30,15,40,25,53,16,25,33,70,37,111,0,0,0,0,0,0,0,0,0,0,0,0,0,0,0,0,506,0,0,0,0,0,0,0,0
2021-01-04T23:59:59+01:00,1,0,2,4,8,6,4,14,4,8,6,16,7,5,9,16,5,15,0,0,0,0,0,0,0,0,0,0,0,0,0,0,0,0,130,0,0,0,0,0,0,0,0
2021-01-03T23:59:59+01:00,1,0,1,1,3,3,2,7,3,3,3,9,5,4,6,8,4,9,0,0,0,0,0,0,0,0,0,0,0,0,0,0,0,0,72,0,0,0,0,0,0,0,0
2021-01-02T23:59:59+01:00,1,0,1,1,3,3,2,7,3,3,3,9,5,4,6,8,4,9,0,0,0,0,0,0,0,0,0,0,0,0,0,0,0,0,72,0,0,0,0,0,0,0,0
2021-01-01T23:59:59+01:00,1,0,1,1,3,3,2,7,2,3,3,9,5,4,6,8,4,9,0,0,0,0,0,0,0,0,0,0,0,0,0,0,0,0,71,0,0,0,0,0,0,0,0
2020-12-31T23:59:59+01:00,1,0,1,1,3,2,2,7,2,2,3,8,5,4,6,8,4,9,0,0,0,0,0,0,0,0,0,0,0,0,0,0,0,0,68,0,0,0,0,0,0,0,0
2020-12-30T23:59:59+01:00,1,0,1,1,3,2,2,7,2,2,3,6,5,4,6,8,4,9,0,0,0,0,0,0,0,0,0,0,0,0,0,0,0,0,66,0,0,0,0,0,0,0,0
2020-12-29T23:59:59+01:00,1,0,1,1,2,1,2,6,2,2,3,6,3,2,5,8,3,8,0,0,0,0,0,0,0,0,0,0,0,0,0,0,0,0,56,0,0,0,0,0,0,0,0
2020-12-28T23:59:59+01:00,1,0,0,0,2,1,0,2,1,0,1,3,0,1,0,1,1,5,0,0,0,0,0,0,0,0,0,0,0,0,0,0,0,0,19,0,0,0,0,0,0,0,0
2020-12-27T23:59:59+01:00,0,0,0,0,0,0,0,1,1,0,1,2,0,1,0,1,1,5,0,0,0,0,0,0,0,0,0,0,0,0,0,0,0,0,13,0,0,0,0,0,0,0,0
