Datum,<15_1_m,<15_1_w,15-24_1_m,15-24_1_w,25-34_1_m,25-34_1_w,35-44_1_m,35-44_1_w,45-54_1_m,45-54_1_w,55-64_1_m,55-64_1_w,65-74_1_m,65-74_1_w,75-84_1_m,75-84_1_w,>84_1_m,>84_1_w,<15_2_m,<15_2_w,15-24_2_m,15-24_2_w,25-34_2_m,25-34_2_w,35-44_2_m,35-44_2_w,45-54_2_m,45-54_2_w,55-64_2_m,55-64_2_w,65-74_2_m,65-74_2_w,75-84_2_m,75-84_2_w,>84_2_m,>84_2_w,bp_1,bp_2,mo_1,mo_2,az_1,az_2,ja,unb_1,unb_2
2021-11-14T23:59:59+01:00,7558,7304,51973,48799,66307,57280,68293,63697,78710,76271,91083,88450,61376,65731,40020,51488,12683,22858,5625,5453,43283,41407,57329,49433,61034,56877,71814,69628,85700,83528,59360,63295,38797,49796,12196,21900,724109,650427,80415,76472,109719,103860,45632,50,64
2021-11-13T23:59:59+01:00,7449,7213,51584,48421,65926,56922,67999,63431,78457,76089,90928,88344,61351,65690,40004,51470,12681,22852,5608,5446,43245,41362,57281,49387,60996,56849,71771,69580,85659,83494,59348,63283,38788,49786,12194,21896,721058,649952,80403,76471,109718,103860,45626,50,64
2021-11-12T23:59:59+01:00,7303,7063,50998,47991,65412,56494,67593,63078,78164,75791,90739,88189,61315,65615,39977,51432,12676,22838,5586,5420,43117,41275,57184,49300,60902,56766,71684,69495,85584,83437,59315,63251,38780,49772,12186,21890,717007,648989,80375,76469,109717,103859,45563,50,64
2021-11-11T23:59:59+01:00,7109,6860,50197,47385,64764,55870,67086,62624,77729,75407,90492,87950,61247,65527,39947,51386,12666,22818,5515,5354,42932,41097,57011,49101,60746,56597,71556,69345,85456,83320,59260,63194,38748,49731,12177,21874,711596,647206,80292,76434,109715,103855,45455,50,64
2021-11-10T23:59:59+01:00,6919,6730,49425,46752,63956,55189,66459,62099,77262,74940,90187,87655,61158,65409,39907,51318,12655,22798,5481,5302,42730,40925,56793,48890,60574,56435,71404,69168,85329,83178,59197,63133,38708,49682,12170,21857,705604,645338,80188,76392,109712,103854,45308,50,64
2021-11-09T23:59:59+01:00,6812,6607,48773,46194,63294,54649,66001,61692,76854,74552,89917,87392,61083,65319,39877,51277,12650,22783,5454,5281,42581,40823,56662,48770,60474,56323,71310,69050,85239,83082,59147,63071,38687,49642,12161,21848,700881,644195,80010,76368,109703,103853,45125,50,64
2021-11-08T23:59:59+01:00,6717,6506,48133,45729,62665,54148,65531,61276,76459,74218,89680,87163,61007,65258,39850,51239,12645,22768,5430,5262,42477,40702,56535,48673,60389,56238,71222,68969,85178,83011,59103,63027,38675,49620,12155,21827,696574,643309,79769,76329,109703,103852,44939,50,64
2021-11-07T23:59:59+01:00,6675,6460,47861,45511,62378,53899,65300,61101,76254,74048,89567,87058,60973,65217,39842,51222,12643,22762,5419,5240,42417,40652,56461,48615,60331,56189,71167,68916,85143,82977,59082,63010,38664,49609,12153,21821,694518,642812,79729,76324,109703,103852,44814,50,64
2021-11-06T23:59:59+01:00,6662,6442,47827,45473,62319,53854,65266,61077,76229,74023,89549,87046,60973,65217,39842,51221,12643,22761,5416,5240,42413,40645,56447,48606,60325,56183,71163,68912,85137,82974,59082,63010,38664,49609,12153,21821,694181,642753,79725,76323,109703,103852,44808,50,64
2021-11-05T23:59:59+01:00,6597,6373,47575,45250,62035,53610,65034,60886,76038,73856,89433,86969,60965,65199,39841,51214,12643,22755,5393,5216,42354,40596,56375,48530,60272,56120,71101,68864,85107,82944,59072,62998,38657,49603,12151,21818,692188,642276,79719,76320,109699,103852,44659,50,64
2021-11-04T23:59:59+01:00,6447,6237,47022,44776,61482,53119,64573,60504,75693,73552,89233,86831,60932,65141,39820,51194,12636,22747,5322,5129,42175,40393,56204,48337,60121,55975,70981,68736,84997,82860,59035,62959,38641,49557,12146,21811,688138,640736,79665,76299,109699,103851,44429,50,64
2021-11-03T23:59:59+01:00,6365,6148,46570,44394,60893,52716,64181,60167,75365,73292,89021,86672,60901,65096,39809,51172,12630,22732,5281,5071,41994,40240,55977,48158,59991,55839,70859,68615,84913,82782,58998,62923,38621,49528,12141,21795,684582,639312,79609,76276,109699,103848,44226,50,64
2021-11-02T23:59:59+01:00,6313,6093,46303,44182,60526,52480,63890,59997,75160,73157,88902,86590,60884,65066,39798,51151,12625,22723,5257,5047,41886,40159,55882,48074,59904,55777,70788,68545,84862,82732,58974,62895,38606,49511,12134,21772,682478,638550,79581,76270,109699,103848,44073,50,64
2021-11-01T23:59:59+01:00,6258,6037,46085,43998,60273,52311,63654,59825,74988,73043,88815,86534,60872,65050,39788,51145,12623,22720,5232,5021,41819,40091,55789,47997,59806,55728,70715,68497,84812,82699,58966,62879,38598,49496,12129,21758,680936,638042,79570,76268,109693,103847,43811,50,64
2021-10-31T23:59:59+01:00,6253,6037,46081,43995,60268,52307,63650,59822,74987,73040,88814,86532,60872,65050,39788,51145,12623,22720,5230,5019,41819,40089,55789,47996,59805,55728,70714,68497,84812,82699,58966,62879,38598,49495,12129,21757,680902,638032,79570,76268,109693,103847,43810,50,64
2021-10-30T23:59:59+02:00,6253,6037,46081,43994,60266,52303,63650,59822,74985,73039,88813,86532,60872,65050,39788,51145,12623,22720,5230,5019,41819,40089,55788,47991,59804,55727,70714,68497,84812,82699,58966,62879,38597,49493,12129,21757,680892,638024,79570,76266,109693,103847,43809,50,64
2021-10-29T23:59:59+02:00,6227,6007,45953,43876,60051,52149,63457,59706,74847,72924,88720,86495,60863,65045,39777,51136,12621,22714,5210,5006,41761,40034,55709,47925,59721,55682,70656,68448,84782,82682,58960,62874,38595,49490,12128,21755,679800,637721,79541,76261,109693,103847,43525,50,64
2021-10-28T23:59:59+02:00,6155,5940,45687,43647,59720,51948,63196,59515,74627,72786,88600,86411,60833,65025,39769,51125,12620,22710,5182,4957,41647,39930,55558,47824,59606,55604,70562,68370,84712,82632,58942,62853,38579,49473,12122,21742,677829,636860,79507,76249,109693,103846,43276,50,64
2021-10-27T23:59:59+02:00,6084,5873,45455,43450,59445,51738,63021,59351,74473,72662,88506,86335,60817,65005,39767,51113,12616,22705,5143,4911,41467,39774,55401,47672,59504,55485,70466,68287,84659,82557,58918,62828,38557,49448,12117,21732,676100,635653,79488,76236,109692,103846,43127,50,64
2021-10-26T23:59:59+02:00,5981,5778,45151,43190,59096,51507,62799,59159,74282,72511,88409,86248,60800,64973,39761,51101,12610,22700,5067,4833,41268,39560,55221,47494,59379,55369,70383,68175,84577,82486,58888,62790,38536,49419,12115,21719,673935,634196,79474,76226,109691,103846,42947,50,64
2021-10-25T23:59:59+02:00,5975,5772,45123,43172,59057,51485,62776,59148,74257,72498,88394,86233,60799,64971,39759,51101,12610,22700,5063,4833,41257,39557,55202,47487,59364,55367,70375,68166,84572,82478,58888,62787,38535,49419,12115,21719,673759,634152,79473,76226,109691,103844,42898,50,64
2021-10-24T23:59:59+02:00,5948,5749,45030,43106,58938,51396,62685,59081,74170,72445,88348,86203,60791,64960,39756,51094,12608,22697,5054,4822,41201,39511,55132,47434,59315,55326,70341,68135,84547,82456,58876,62774,38529,49413,12114,21718,673089,633824,79466,76217,109691,103844,42749,50,64
2021-10-23T23:59:59+02:00,5948,5749,45030,43106,58938,51395,62685,59080,74170,72445,88348,86203,60791,64960,39756,51094,12608,22697,5054,4822,41201,39511,55131,47434,59315,55326,70341,68135,84547,82456,58876,62774,38529,49413,12114,21718,673087,633823,79466,76217,109691,103844,42749,50,64
2021-10-22T23:59:59+02:00,5924,5717,44936,43038,58831,51307,62574,59001,74095,72380,88298,86175,60791,64956,39754,51092,12606,22697,5036,4803,41132,39457,55075,47381,59254,55281,70311,68100,84509,82444,58869,62769,38524,49406,12113,21718,672433,633479,79455,76215,109691,103842,42582,50,64
2021-10-21T23:59:59+02:00,5863,5675,44787,42914,58666,51170,62420,58882,73974,72289,88210,86122,60773,64942,39743,51074,12602,22690,4988,4765,41008,39324,54964,47266,59152,55156,70226,68028,84449,82397,58847,62735,38507,49388,12108,21709,671216,632467,79437,76203,109691,103842,42441,50,64
2021-10-20T23:59:59+02:00,5826,5623,44649,42784,58493,51018,62296,58787,73873,72215,88162,86076,60764,64924,39725,51057,12597,22674,4938,4693,40858,39165,54799,47107,59032,55014,70136,67931,84376,82333,58810,62698,38489,49366,12105,21697,670082,631111,79414,76184,109689,103842,42346,50,64
2021-10-19T23:59:59+02:00,5798,5584,44524,42677,58360,50915,62225,58716,73830,72147,88120,86046,60741,64907,39708,51043,12590,22662,4874,4636,40655,38981,54630,46942,58929,54871,70051,67835,84311,82273,58770,62655,38473,49345,12103,21675,669205,629650,79405,76173,109689,103840,42282,50,64
2021-10-18T23:59:59+02:00,5778,5571,44468,42615,58301,50862,62193,58677,73800,72113,88098,86033,60723,64892,39705,51034,12588,22657,4859,4622,40599,38932,54577,46880,58896,54820,70015,67793,84276,82244,58752,62640,38466,49328,12100,21665,668785,629179,79403,76164,109689,103838,42219,50,64
2021-10-17T23:59:59+02:00,5766,5552,44432,42594,58269,50834,62162,58653,73782,72094,88076,86017,60716,64888,39699,51025,12586,22648,4841,4599,40559,38903,54555,46844,58872,54793,69997,67775,84256,82225,58742,62631,38464,49324,12099,21660,668504,628885,79395,76159,109689,103838,42193,50,64
2021-10-16T23:59:59+02:00,5764,5550,44432,42594,58269,50832,62162,58653,73782,72094,88076,86017,60716,64888,39699,51025,12586,22648,4841,4598,40558,38901,54555,46842,58872,54793,69997,67775,84256,82225,58742,62631,38464,49324,12099,21660,668498,628880,79395,76158,109689,103838,42193,50,64
2021-10-15T23:59:59+02:00,5749,5530,44374,42543,58213,50784,62117,58624,73745,72056,88046,85992,60703,64885,39694,51020,12583,22645,4819,4577,40501,38850,54512,46809,58832,54751,69963,67745,84228,82207,58737,62626,38455,49321,12098,21656,668102,628518,79393,76158,109687,103838,42109,50,64
2021-10-14T23:59:59+02:00,5703,5499,44297,42454,58138,50691,62048,58555,73683,71993,87985,85956,60690,64866,39682,51002,12576,22631,4772,4518,40395,38713,54448,46731,58751,54657,69889,67667,84190,82167,58703,62604,38448,49304,12095,21647,667369,627661,79384,76141,109687,103836,41997,50,64
2021-10-13T23:59:59+02:00,5662,5436,44194,42338,58029,50590,61969,58467,73627,71925,87936,85914,60672,64839,39674,50991,12573,22622,4684,4448,40211,38477,54298,46500,58625,54485,69803,67539,84103,82090,58673,62566,38428,49263,12090,21633,666447,625958,79371,76118,109687,103835,41941,50,64
2021-10-12T23:59:59+02:00,5623,5406,44066,42214,57910,50470,61884,58383,73540,71861,87874,85868,60648,64808,39668,50974,12569,22609,4632,4382,39969,38249,54086,46303,58475,54335,69709,67427,84023,82019,58639,62522,38407,49233,12082,21620,665448,624234,79366,76116,109686,103835,41863,50,64
2021-10-11T23:59:59+02:00,5605,5392,44021,42161,57858,50410,61845,58341,73500,71828,87845,85844,60633,64795,39662,50960,12563,22597,4614,4367,39922,38202,54031,46253,58429,54289,69679,67390,84000,81985,58618,62498,38394,49206,12074,21598,664978,623715,79359,76111,109686,103834,41825,50,64
2021-10-10T23:59:59+02:00,5591,5379,43995,42132,57823,50385,61812,58313,73479,71808,87830,85832,60625,64790,39661,50956,12562,22594,4605,4357,39890,38178,53993,46219,58395,54267,69655,67373,83986,81973,58613,62491,38388,49200,12072,21596,664736,623469,79354,76106,109686,103833,41779,50,64
2021-10-09T23:59:59+02:00,5590,5378,43994,42127,57823,50385,61810,58313,73479,71808,87830,85832,60625,64790,39661,50956,12562,22594,4604,4357,39888,38176,53992,46219,58393,54267,69655,67373,83986,81973,58612,62491,38388,49200,12072,21596,664728,623464,79354,76106,109686,103831,41777,50,64
2021-10-08T23:59:59+02:00,5563,5358,43945,42079,57768,50328,61760,58278,73432,71781,87806,85820,60617,64781,39655,50947,12560,22591,4592,4335,39853,38136,53963,46185,58357,54225,69620,67352,83969,81960,58608,62479,38385,49196,12071,21594,664324,623188,79353,76103,109686,103831,41694,50,64
2021-10-07T23:59:59+02:00,5499,5280,43796,41942,57643,50200,61670,58192,73354,71706,87751,85782,60604,64757,39645,50937,12557,22583,4501,4241,39662,37909,53821,45991,58230,54062,69515,67243,83914,81898,58579,62435,38364,49180,12064,21586,663266,621614,79337,76089,109686,103831,41597,50,64
2021-10-06T23:59:59+02:00,5473,5239,43654,41828,57528,50112,61590,58100,73287,71638,87692,85737,60588,64732,39632,50912,12554,22566,4439,4187,39498,37731,53688,45837,58127,53925,69424,67134,83849,81824,58544,62395,38349,49154,12062,21568,662336,620245,79318,76086,109685,103831,41509,50,64
2021-10-05T23:59:59+02:00,5433,5202,43524,41686,57414,49976,61472,58021,73216,71573,87639,85678,60569,64712,39621,50894,12550,22548,4392,4139,39367,37584,53571,45710,58030,53803,69324,67056,83790,81764,58519,62363,38330,49129,12056,21564,661288,619091,79312,76077,109685,103830,41429,50,64
2021-10-04T23:59:59+02:00,5404,5189,43446,41616,57345,49901,61425,57981,73164,71527,87605,85653,60550,64693,39616,50886,12546,22536,4373,4120,39295,37532,53503,45648,57993,53755,69288,67003,83761,81737,58493,62343,38320,49119,12054,21561,660736,618613,79308,76055,109685,103826,41340,50,64
2021-10-03T23:59:59+02:00,5394,5173,43415,41579,57290,49864,61390,57946,73135,71500,87581,85629,60539,64684,39606,50878,12543,22525,4365,4110,39264,37500,53472,45629,57967,53725,69268,66983,83740,81719,58482,62329,38314,49118,12053,21556,660404,618388,79306,76054,109685,103826,41262,50,64
2021-10-02T23:59:59+02:00,5394,5173,43414,41578,57287,49863,61390,57945,73135,71499,87581,85629,60539,64684,39606,50878,12543,22525,4365,4110,39264,37500,53472,45629,57967,53725,69268,66983,83740,81719,58482,62329,38314,49118,12053,21556,660398,618388,79304,76054,109685,103826,41262,50,64
2021-10-01T23:59:59+02:00,5381,5152,43339,41512,57219,49799,61328,57910,73084,71461,87543,85598,60524,64674,39601,50870,12543,22525,4348,4098,39209,37446,53424,45600,57927,53687,69233,66957,83716,81696,58475,62328,38311,49116,12053,21555,659919,618095,79303,76053,109685,103825,41142,50,64
2021-09-30T23:59:59+02:00,5309,5072,43161,41321,57058,49629,61206,57766,72989,71351,87471,85550,60501,64635,39583,50850,12539,22517,4229,3969,38976,37176,53264,45409,57786,53516,69131,66837,83639,81623,58458,62291,38295,49090,12047,21552,658608,616439,79290,76052,109685,103822,40911,50,64
2021-09-29T23:59:59+02:00,5273,5036,43016,41171,56912,49495,61110,57665,72904,71263,87412,85500,60476,64612,39567,50831,12535,22508,4144,3910,38787,36952,53121,45259,57693,53389,69037,66728,83573,81538,58414,62265,38283,49074,12044,21542,657574,615073,79265,76047,109685,103821,40748,50,64
2021-09-28T23:59:59+02:00,5231,4992,42808,41013,56765,49358,61006,57558,72822,71174,87352,85431,60447,64589,39553,50810,12528,22487,4085,3857,38592,36765,52978,45122,57593,53276,68954,66642,83497,81467,58386,62234,38267,49054,12042,21535,656382,613831,79257,76046,109684,103818,40587,50,64
2021-09-27T23:59:59+02:00,5199,4970,42716,40934,56669,49274,60920,57479,72759,71120,87303,85390,60424,64562,39531,50788,12519,22454,4071,3841,38506,36706,52896,45071,57520,53222,68916,66599,83454,81432,58363,62212,38257,49039,12039,21524,655722,613436,79250,76015,109684,103812,40341,50,64
2021-09-26T23:59:59+02:00,5186,4944,42670,40900,56638,49239,60902,57455,72735,71099,87289,85368,60416,64555,39527,50783,12518,22453,4061,3834,38484,36689,52861,45042,57497,53205,68894,66576,83435,81418,58357,62204,38252,49035,12039,21524,655475,613261,79244,76010,109684,103812,40260,50,64
2021-09-25T23:59:59+02:00,5186,4943,42666,40898,56638,49238,60902,57454,72734,71097,87289,85368,60416,64555,39527,50783,12518,22453,4061,3834,38481,36686,52860,45042,57497,53203,68893,66574,83435,81418,58356,62203,38252,49035,12039,21524,655469,613251,79242,76010,109684,103812,40256,50,64
2021-09-24T23:59:59+02:00,5167,4932,42579,40816,56573,49173,60836,57399,72673,71037,87250,85328,60404,64546,39522,50779,12517,22451,4056,3826,38422,36635,52811,44997,57446,53161,68847,66518,83401,81393,58345,62197,38249,49032,12038,21522,655122,613090,79238,76007,109684,103812,39923,50,64
2021-09-23T23:59:59+02:00,5094,4831,42307,40546,56344,48963,60666,57198,72519,70900,87118,85236,60351,64505,39504,50742,12511,22422,3978,3739,38183,36456,52619,44832,57295,53024,68715,66408,83302,81308,58309,62159,38236,49009,12033,21508,653530,611940,79225,75996,109683,103810,39303,50,64
2021-09-22T23:59:59+02:00,5055,4776,42153,40362,56167,48782,60518,57042,72409,70764,87026,85156,60316,64456,39484,50705,12508,22406,3937,3689,38045,36309,52459,44697,57167,52898,68636,66309,83212,81226,58275,62124,38218,48988,12030,21498,652227,610904,79211,75992,109682,103808,38949,50,64
2021-09-21T23:59:59+02:00,5019,4720,41953,40116,55941,48557,60353,56892,72316,70643,86937,85074,60277,64412,39467,50665,12499,22392,3890,3655,37883,36163,52307,44556,57045,52801,68567,66229,83136,81162,58246,62100,38194,48966,12024,21485,650650,609871,79210,75992,109682,103807,38675,50,64
2021-09-20T23:59:59+02:00,4993,4698,41845,40032,55810,48462,60250,56808,72238,70578,86879,85019,60252,64392,39454,50645,12493,22373,3882,3642,37800,36089,52191,44481,56962,52741,68505,66178,83085,81119,58223,62083,38184,48939,12021,21480,649941,609424,79199,75940,109682,103794,38383,50,64
2021-09-19T23:59:59+02:00,4988,4694,41800,40004,55735,48415,60200,56767,72197,70565,86852,85005,60245,64383,39453,50637,12493,22371,3872,3639,37768,36066,52146,44463,56928,52730,68469,66162,83062,81100,58215,62077,38181,48935,12021,21478,649682,609287,79197,75938,109679,103793,38230,50,64
2021-09-18T23:59:59+02:00,4986,4692,41788,39999,55717,48401,60181,56757,72185,70553,86842,85001,60240,64380,39452,50637,12493,22370,3871,3639,37764,36063,52130,44458,56915,52720,68460,66154,83052,81096,58210,62074,38179,48934,12021,21478,649629,609270,79196,75938,109679,103793,38153,50,64
2021-09-17T23:59:59+02:00,4931,4641,41639,39879,55601,48254,60039,56633,72049,70438,86773,84928,60204,64358,39443,50631,12490,22364,3839,3612,37657,35976,52034,44341,56824,52627,68352,66076,82992,81038,58179,62057,38172,48926,12019,21474,648797,608795,79195,75938,109679,103793,37605,50,64
2021-09-16T23:59:59+02:00,4834,4540,41358,39606,55345,47967,59804,56361,71858,70260,86644,84796,60152,64301,39420,50608,12479,22349,3734,3509,37379,35757,51828,44105,56641,52423,68206,65929,82882,80939,58126,62022,38154,48902,12010,21463,646875,607310,79191,75932,109672,103778,36925,50,64
2021-09-15T23:59:59+02:00,4769,4475,41123,39352,55104,47684,59589,56142,71701,70117,86525,84691,60109,64245,39392,50579,12471,22326,3674,3461,37174,35570,51654,43895,56502,52279,68098,65829,82786,80837,58080,61989,38131,48877,12008,21449,645084,606094,79189,75929,109672,103778,36428,50,64
2021-09-14T23:59:59+02:00,4741,4445,41000,39226,54976,47593,59500,56026,71602,70022,86447,84632,60090,64218,39378,50567,12468,22322,3660,3448,37100,35497,51561,43839,56430,52209,68022,65766,82728,80800,58062,61963,38116,48857,12002,21441,644321,605681,79189,75929,109672,103777,36050,50,64
2021-09-13T23:59:59+02:00,4713,4431,40896,39122,54886,47497,59436,55926,71530,69967,86404,84591,60060,64186,39372,50556,12464,22317,3639,3430,37025,35427,51474,43778,56371,52144,67957,65730,82688,80773,58038,61936,38107,48846,12001,21435,643613,605234,79188,75878,109671,103762,35861,50,64
2021-09-12T23:59:59+02:00,4704,4417,40864,39095,54865,47474,59410,55895,71501,69935,86390,84571,60052,64177,39370,50553,12462,22313,3630,3426,36988,35396,51456,43759,56346,52126,67936,65702,82667,80754,58027,61923,38102,48835,12001,21433,643397,605029,79179,75873,109670,103760,35781,50,64
2021-09-11T23:59:59+02:00,4695,4415,40849,39069,54838,47447,59391,55878,71478,69923,86379,84563,60051,64174,39369,50552,12462,22311,3627,3424,36971,35385,51435,43740,56333,52113,67914,65691,82654,80750,58025,61922,38100,48835,12001,21432,643302,604984,79179,75872,109670,103760,35672,50,64
2021-09-10T23:59:59+02:00,4649,4375,40670,38898,54680,47311,59273,55726,71353,69820,86291,84481,60023,64146,39359,50540,12458,22304,3609,3405,36845,35296,51326,43647,56240,52022,67820,65625,82581,80694,58006,61901,38091,48821,11994,21426,642396,604561,79177,75872,109669,103760,35092,50,64
2021-09-09T23:59:59+02:00,4575,4287,40428,38680,54486,47089,59095,55505,71206,69653,86189,84386,59998,64103,39340,50515,12450,22299,3551,3341,36633,35122,51150,43496,56088,51856,67677,65505,82471,80615,57966,61855,38074,48799,11989,21418,640922,603419,79176,75871,109669,103760,34493,50,63
2021-09-08T23:59:59+02:00,4476,4192,40201,38423,54286,46907,58918,55337,71095,69536,86097,84307,59962,64063,39332,50483,12444,22292,3441,3236,36348,34853,50915,43280,55887,51670,67540,65374,82357,80511,57932,61799,38051,48760,11978,21404,639500,601664,79171,75863,109669,103760,33986,50,63
2021-09-07T23:59:59+02:00,4402,4130,39999,38253,54155,46787,58815,55229,71017,69447,86035,84240,59938,64035,39321,50468,12441,22289,3412,3210,36219,34746,50810,43199,55804,51606,67470,65306,82292,80454,57899,61766,38039,48737,11972,21396,638483,601002,79164,75849,109664,103759,33664,50,63
2021-09-06T23:59:59+02:00,4361,4082,39897,38151,54075,46715,58748,55153,70972,69392,85991,84202,59918,64018,39318,50463,12439,22285,3379,3186,36104,34631,50714,43128,55721,51521,67410,65235,82238,80392,57872,61735,38028,48725,11971,21394,637805,600241,79164,75811,109662,103747,33522,50,63
2021-09-05T23:59:59+02:00,4348,4065,39862,38121,54053,46684,58710,55126,70944,69369,85967,84179,59915,64015,39315,50458,12438,22281,3375,3180,36078,34610,50685,43105,55688,51500,67391,65218,82220,80376,57864,61730,38025,48719,11969,21391,637581,600089,79163,75807,109661,103747,33418,50,63
2021-09-04T23:59:59+02:00,4348,4063,39853,38118,54050,46676,58709,55124,70942,69365,85963,84172,59915,64013,39315,50458,12438,22281,3374,3179,36066,34607,50682,43098,55684,51499,67389,65214,82217,80372,57863,61728,38025,48719,11969,21391,637561,600071,79163,75806,109661,103745,33391,50,63
2021-09-03T23:59:59+02:00,4310,4033,39740,38006,53950,46606,58630,55043,70872,69305,85899,84141,59897,63997,39309,50453,12435,22278,3361,3164,35987,34539,50596,43051,55621,51444,67330,65171,82172,80340,57848,61714,38017,48713,11963,21390,636989,599749,79163,75800,109661,103745,33064,50,63
2021-09-02T23:59:59+02:00,4269,3990,39562,37848,53807,46446,58489,54916,70746,69187,85821,84076,59849,63960,39286,50425,12433,22268,3344,3150,35860,34453,50483,42967,55521,51356,67229,65090,82097,80277,57801,61682,38000,48689,11958,21383,635975,599186,79163,75799,109661,103740,32552,50,63
2021-09-01T23:59:59+02:00,4208,3920,39368,37675,53644,46304,58369,54802,70654,69100,85760,83999,59805,63929,39270,50412,12431,22257,3210,3029,35525,34108,50248,42705,55322,51160,67069,64923,81965,80170,57753,61625,37968,48662,11953,21377,634853,596966,79152,75789,109660,103739,32215,50,63
2021-08-31T23:59:59+02:00,4159,3873,39232,37525,53512,46191,58264,54696,70567,69026,85682,83943,59776,63901,39252,50383,12429,22254,3189,3012,35404,34004,50104,42605,55208,51075,66974,64856,81883,80116,57714,61588,37954,48642,11947,21374,633922,596378,79150,75788,109658,103511,31909,49,63
2021-08-30T23:59:59+02:00,4108,3828,39122,37399,53408,46106,58179,54617,70505,68948,85621,83897,59758,63876,39241,50372,12427,22248,3176,2993,35330,33931,50026,42545,55132,51004,66913,64793,81829,80059,57688,61561,37940,48621,11946,21363,633080,595786,79147,75753,109658,103499,31749,49,63
2021-08-29T23:59:59+02:00,4097,3819,39104,37381,53389,46089,58164,54597,70497,68938,85605,83880,59756,63874,39237,50368,12426,22247,3170,2986,35301,33905,49995,42526,55120,50978,66889,64766,81805,80045,57678,61545,37935,48616,11943,21362,632960,595587,79144,75736,109658,103499,31680,49,63
2021-08-28T23:59:59+02:00,4097,3819,39103,37381,53388,46088,58164,54597,70496,68936,85605,83880,59756,63874,39237,50368,12426,22247,3170,2986,35301,33904,49995,42526,55118,50978,66888,64765,81805,80045,57678,61545,37935,48616,11943,21362,632956,595584,79144,75736,109658,103499,31678,49,63
2021-08-27T23:59:59+02:00,4061,3777,38982,37284,53287,45982,58082,54502,70406,68858,85542,83821,59730,63850,39225,50358,12426,22245,3164,2970,35198,33846,49892,42463,55046,50905,66796,64702,81751,80005,57653,61525,37924,48606,11942,21361,632316,595175,79144,75736,109653,103497,31279,49,62
2021-08-26T23:59:59+02:00,3976,3714,38789,37101,53115,45814,57945,54353,70276,68743,85414,83729,59683,63803,39201,50338,12419,22235,3137,2932,35020,33672,49738,42295,54885,50744,66665,64572,81604,79892,57605,61463,37895,48580,11937,21353,631127,594006,79141,75725,109650,103492,30704,49,62
2021-08-25T23:59:59+02:00,3880,3646,38621,36902,52961,45619,57829,54211,70175,68642,85320,83636,59647,63762,39183,50319,12417,22228,3020,2797,34638,33257,49464,41974,54645,50480,66471,64369,81423,79720,57517,61381,37873,48542,11925,21341,629878,591256,79140,75723,109650,103492,30304,49,62
2021-08-24T23:59:59+02:00,3859,3630,38534,36828,52882,45549,57773,54158,70121,68596,85274,83596,59616,63736,39174,50302,12414,22218,2977,2767,34490,33129,49341,41885,54557,50395,66368,64275,81332,79643,57468,61336,37865,48526,11920,21332,629441,590329,79136,75719,109648,103487,30009,49,62
2021-08-23T23:59:59+02:00,3831,3594,38438,36732,52799,45485,57716,54093,70062,68544,85220,83557,59598,63709,39164,50289,12412,22210,2959,2736,34350,32993,49215,41808,54457,50310,66274,64178,81242,79580,57432,61286,37845,48506,11919,21321,628906,589447,79132,75685,109646,103474,29743,49,62
2021-08-22T23:59:59+02:00,3823,3593,38408,36718,52784,45466,57699,54080,70036,68525,85203,83543,59588,63699,39162,50280,12407,22208,2951,2718,34302,32954,49187,41771,54421,50283,66231,64153,81206,79553,57417,61272,37842,48497,11914,21318,628799,589159,79130,75674,109645,103473,29622,49,62
2021-08-21T23:59:59+02:00,3820,3590,38388,36712,52774,45455,57684,54074,70022,68513,85197,83534,59581,63697,39161,50280,12407,22208,2951,2718,34290,32950,49176,41761,54407,50278,66219,64142,81200,79546,57413,61271,37842,48497,11914,21318,628757,589145,79129,75672,109644,103473,29541,49,62
2021-08-20T23:59:59+02:00,3800,3558,38318,36641,52691,45383,57607,54010,69948,68461,85134,83486,59564,63677,39158,50276,12407,22202,2933,2704,34191,32844,49060,41692,54314,50202,66124,64075,81130,79492,57393,61247,37836,48492,11913,21314,628387,588618,79127,75669,109644,103470,29137,49,62
2021-08-19T23:59:59+02:00,3772,3524,38147,36499,52529,45241,57485,53906,69819,68340,85035,83410,59534,63633,39143,50259,12403,22190,2899,2651,33838,32594,48770,41445,54096,50006,65917,63887,80954,79358,57338,61174,37789,48454,11908,21303,627494,586703,79125,75571,109635,103456,28589,49,62
2021-08-18T23:59:59+02:00,3722,3474,37958,36343,52399,45117,57389,53801,69710,68245,84959,83346,59495,63590,39128,50239,12401,22182,2829,2578,33456,32182,48467,41188,53839,49727,65696,63674,80769,79196,57256,61087,37753,48412,11904,21291,626490,584124,79122,75442,109633,103449,28227,49,62
2021-08-17T23:59:59+02:00,3661,3426,37795,36182,52277,44990,57308,53704,69615,68158,84885,83284,59460,63557,39115,50216,12396,22173,2729,2501,33063,31738,48139,40869,53547,49435,65450,63431,80567,78986,57147,60976,37711,48363,11892,21280,625524,581004,79122,75428,109628,103428,27902,49,62
2021-08-16T23:59:59+02:00,3605,3371,37649,36040,52181,44894,57235,53634,69545,68089,84832,83239,59438,63528,39101,50199,12390,22165,2596,2393,32502,31179,47746,40455,53154,49047,65144,63162,80344,78790,57071,60860,37678,48308,11883,21258,624616,576960,79118,75393,109628,103408,27747,49,62
2021-08-15T23:59:59+02:00,3596,3362,37615,36016,52148,44876,57208,53599,69528,68073,84821,83228,59426,63524,39098,50190,12390,22163,2579,2382,32421,31083,47674,40391,53090,48985,65100,63120,80301,78762,57053,60840,37670,48295,11882,21254,624424,576394,79118,75363,109627,103397,27666,49,62
2021-08-14T23:59:59+02:00,3591,3357,37607,36009,52142,44872,57202,53592,69524,68070,84813,83224,59419,63519,39097,50188,12390,22163,2578,2380,32413,31075,47663,40387,53081,48976,65097,63117,80294,78760,57048,60835,37669,48293,11882,21254,624391,576361,79115,75362,109627,103397,27620,49,62
2021-08-13T23:59:59+02:00,3574,3343,37536,35967,52080,44820,57135,53541,69455,68029,84747,83188,59397,63507,39086,50173,12387,22157,2555,2352,32271,30960,47535,40288,52959,48875,64995,63037,80205,78710,57025,60814,37656,48283,11880,21249,624078,575553,79115,75361,109627,103397,27276,49,62
2021-08-12T23:59:59+02:00,3535,3316,37407,35844,51990,44730,57064,53458,69361,67956,84673,83122,59368,63483,39074,50160,12387,22154,2476,2262,31741,30473,47151,39935,52566,48520,64668,62804,79984,78498,56933,60727,37612,48240,11875,21232,623361,572060,79114,75329,109625,103290,26956,49,62
2021-08-11T23:59:59+02:00,3493,3276,37255,35700,51878,44621,56941,53335,69263,67865,84589,83041,59327,63445,39053,50144,12383,22150,2356,2182,31093,29851,46641,39547,52137,48084,64365,62525,79772,78294,56837,60621,37576,48167,11862,21215,622455,568012,79108,75305,109623,103200,26546,49,62
2021-08-10T23:59:59+02:00,3445,3231,37097,35553,51764,44499,56836,53230,69197,67795,84523,82984,59303,63408,39035,50130,12376,22145,2189,2033,30206,28870,45903,38845,51467,47478,63977,62161,79522,78051,56732,60516,37531,48098,11854,21203,621516,561791,79106,75304,109620,103197,26282,49,62
2021-08-09T23:59:59+02:00,3409,3202,37001,35445,51684,44431,56776,53187,69166,67752,84493,82952,59286,63394,39023,50111,12375,22143,2053,1913,29495,28125,45231,38259,50895,46892,63606,61802,79241,77802,56611,60419,37487,48043,11847,21189,620928,557668,79104,73857,109619,103171,26152,49,62
2021-08-08T23:59:59+02:00,3400,3188,36973,35427,51659,44405,56759,53176,69148,67733,84472,82936,59282,63389,39018,50104,12374,22142,2019,1888,29368,27984,45086,38164,50796,46807,63550,61745,79192,77761,56574,60400,37477,48032,11847,21186,620750,556739,79103,73849,109618,103139,26087,49,62
2021-08-07T23:59:59+02:00,3400,3188,36971,35421,51649,44404,56757,53176,69144,67730,84471,82934,59281,63389,39018,50104,12374,22142,2019,1888,29359,27976,45071,38161,50795,46802,63547,61740,79189,77758,56571,60399,37476,48032,11847,21185,620742,556704,79102,73847,109618,103138,26064,49,62
2021-08-06T23:59:59+02:00,3389,3173,36905,35366,51569,44339,56692,53136,69102,67697,84439,82907,59269,63370,39007,50098,12371,22140,1981,1845,29120,27743,44859,37977,50613,46655,63409,61620,79090,77690,56546,60373,37461,48022,11844,21182,620469,555236,79098,73839,109618,103136,25757,49,62
2021-08-05T23:59:59+02:00,3356,3135,36753,35234,51455,44204,56571,53021,68986,67583,84313,82831,59226,63317,38984,50078,12362,22130,1861,1714,28422,27123,44273,37490,50054,46199,63051,61321,78798,77470,56436,60278,37422,47968,11836,21166,619673,550910,79097,73829,109617,102956,25125,49,62
2021-08-04T23:59:59+02:00,3297,3072,36552,35064,51307,44056,56433,52906,68862,67454,84197,82717,59159,63259,38966,50049,12358,22120,1660,1537,27276,26006,43314,36613,49093,45293,62460,60714,78301,77029,56225,60096,37363,47878,11822,21146,618588,542565,79086,73788,109617,102903,24508,49,62
2021-08-03T23:59:59+02:00,3223,3014,36334,34867,51152,43918,56309,52784,68731,67341,84109,82644,59116,63216,38946,50019,12349,22105,1458,1332,26194,24890,42372,35713,48194,44405,61914,60182,77853,76624,56056,59909,37301,47790,11803,21114,617246,534212,79078,73739,109610,102877,24214,49,62
2021-08-02T23:59:59+02:00,3178,2960,36191,34717,51043,43806,56217,52686,68644,67250,84024,82569,59076,63167,38931,49999,12341,22093,1269,1167,25292,23900,41521,34969,47466,43662,61431,59706,77466,76280,55892,59759,37251,47711,11786,21093,616271,527235,79077,73684,109609,102734,23906,49,62
2021-08-01T23:59:59+02:00,3173,2954,36174,34695,51016,43787,56197,52659,68614,67237,84010,82557,59070,63162,38929,49995,12341,22093,1224,1136,25033,23651,41272,34767,47232,43464,61290,59569,77350,76183,55856,59730,37236,47698,11782,21089,616125,525366,79074,73642,109608,102665,23827,49,62
2021-07-31T23:59:59+02:00,3172,2953,36169,34694,51016,43786,56195,52658,68613,67236,84010,82555,59070,63162,38929,49995,12341,22092,1221,1135,25026,23635,41264,34758,47227,43458,61281,59567,77348,76180,55856,59726,37236,47698,11782,21088,616112,525295,79074,73641,109608,102664,23824,48,62
2021-07-30T23:59:59+02:00,3155,2940,36107,34631,50946,43737,56132,52596,68557,67195,83972,82515,59058,63149,38925,49988,12338,22089,1164,1080,24702,23327,40992,34545,46966,43263,61092,59436,77198,76064,55824,59687,37222,47686,11782,21088,615819,523358,79070,73638,109605,102553,23508,48,61
2021-07-29T23:59:59+02:00,3132,2912,35968,34509,50817,43611,56037,52496,68486,67130,83901,82463,59033,63131,38912,49979,12338,22088,1020,963,23746,22344,40109,33793,46063,42478,60544,58992,76837,75760,55704,59549,37182,47631,11775,21077,614946,516296,79051,73512,109604,102384,23314,48,61
2021-07-28T23:59:59+02:00,3082,2857,35726,34271,50598,43437,55840,52345,68340,66988,83787,82365,58982,63084,38889,49942,12328,22080,821,807,22526,21111,38784,32685,44743,41299,59740,58331,76331,75299,55509,59361,37113,47526,11761,21052,613573,506480,79044,73341,109603,102226,22691,48,61
2021-07-27T23:59:59+02:00,3057,2838,35618,34153,50512,43355,55761,52294,68278,66919,83726,82293,58941,63041,38877,49927,12327,22071,666,648,21290,19725,37359,31352,43376,39996,59111,57734,75910,74886,55346,59184,37055,47471,11750,21029,612846,496069,79028,73162,109602,102114,22482,48,61
2021-07-26T23:59:59+02:00,3038,2819,35557,34057,50454,43301,55719,52245,68234,66883,83690,82266,58927,63025,38865,49915,12326,22069,564,563,20273,18628,36109,30236,42104,38845,58616,57329,75623,74632,55249,59084,37034,47436,11744,21015,612324,487824,79021,72836,109602,101950,22413,48,61
2021-07-25T23:59:59+02:00,3028,2814,35510,34015,50409,43252,55691,52222,68211,66858,83659,82243,58911,63018,38862,49912,12323,22063,495,492,19875,18264,35691,29905,41694,38538,58419,57173,75464,74521,55202,59045,37012,47417,11741,21011,612027,485091,79015,72561,109602,101919,22327,48,61
2021-07-24T23:59:59+02:00,3028,2814,35504,34012,50407,43248,55689,52221,68210,66858,83657,82242,58911,63018,38861,49912,12323,22063,495,492,19867,18250,35679,29894,41687,38537,58415,57170,75460,74519,55202,59045,37011,47417,11741,21011,612019,485041,79014,72560,109602,101917,22313,48,61
2021-07-23T23:59:59+02:00,3004,2788,35354,33894,50257,43147,55571,52114,68113,66763,83566,82191,58880,62990,38851,49907,12318,22060,469,476,19627,18027,35416,29716,41416,38350,58248,57040,75324,74441,55163,59021,36999,47407,11735,21005,611390,483905,79014,72267,109602,101915,21732,48,61
2021-07-22T23:59:59+02:00,2953,2704,34914,33527,49949,42915,55310,51888,67884,66580,83390,82042,58794,62897,38815,49860,12307,22042,425,427,18838,17366,34320,28982,40289,37517,57509,56571,74770,74065,54982,58841,36933,47323,11714,20979,609253,478379,79000,70832,109598,101693,20887,48,60
2021-07-21T23:59:59+02:00,2898,2646,34602,33203,49708,42703,55122,51699,67692,66396,83262,81917,58729,62844,38784,49821,12296,22032,383,386,18011,16547,33004,27988,39029,36558,56812,56008,74318,73702,54836,58666,36867,47239,11702,20946,607428,472477,78947,68637,109597,101479,20349,48,60
2021-07-20T23:59:59+02:00,2822,2583,34245,32815,49426,42471,54951,51503,67512,66240,83122,81797,58667,62788,38756,49776,12295,22017,327,307,16863,15434,31291,26590,37292,35101,56013,55359,73771,73254,54666,58477,36816,47153,11684,20908,605336,463300,78912,66899,109595,101138,19909,48,60
2021-07-19T23:59:59+02:00,2738,2512,33685,32253,49119,42161,54677,51238,67316,66027,82948,81628,58600,62706,38711,49724,12288,22002,293,259,16204,14868,30340,25910,36425,34385,55573,54937,73442,73015,54579,58391,36779,47101,11678,20886,602137,459590,78851,64734,109594,100964,19717,48,60
2021-07-18T23:59:59+02:00,2710,2494,33586,32135,49027,42107,54621,51178,67256,65978,82905,81586,58573,62680,38700,49711,12286,21995,277,238,15884,14608,29772,25531,35931,34033,55319,54774,73297,72914,54537,58351,36771,47086,11677,20882,601529,458139,78835,63210,109593,100937,19537,48,59
2021-07-17T23:59:59+02:00,2710,2494,33585,32132,49021,42106,54618,51176,67256,65977,82905,81585,58573,62679,38700,49711,12286,21995,277,238,15879,14601,29756,25515,35926,34028,55314,54773,73297,72914,54537,58351,36771,47086,11677,20882,601518,458087,78833,63206,109588,100934,19536,48,59
2021-07-16T23:59:59+02:00,2651,2429,32977,31611,48529,41758,54225,50840,66874,65655,82592,81354,58454,62566,38650,49662,12282,21988,269,227,15463,14278,29262,25140,35477,33696,54976,54519,73037,72722,54426,58263,36736,47048,11674,20878,599297,456683,78829,63077,109587,100927,17345,48,59
2021-07-15T23:59:59+02:00,2519,2298,32117,30827,47910,41185,53653,50358,66447,65307,82337,81112,58363,62470,38616,49619,12274,21970,240,201,14628,13605,27935,24315,34172,32880,54295,54118,72624,72497,54332,58167,36707,47014,11667,20862,594280,452484,78817,60714,109586,100343,16659,48,59
2021-07-14T23:59:59+02:00,2413,2212,31575,30300,47422,40750,53236,49961,66119,65030,82099,80862,58260,62374,38583,49569,12264,21957,193,162,13387,12475,25938,22856,32268,31356,53543,53520,72112,72156,54192,58041,36664,46953,11657,20846,590436,443329,78798,58801,109585,100005,16126,48,58
2021-07-13T23:59:59+02:00,2356,2142,31310,30031,47151,40522,52987,49732,65914,64843,81930,80714,58193,62298,38557,49532,12254,21945,169,140,12396,11633,24206,21547,30322,29764,52348,52347,71290,71361,53943,57764,36577,46838,11639,20819,588280,436589,78784,55881,109577,96846,15729,48,58
2021-07-12T23:59:59+02:00,2129,1935,30450,29103,46497,39988,52416,49163,65523,64454,81652,80443,58058,62172,38515,49475,12244,21924,148,123,11646,11008,22812,20565,28580,28384,51385,51484,70546,70741,53684,57483,36510,46720,11626,20788,582052,428469,78766,53310,109577,96691,15705,48,58
2021-07-11T23:59:59+02:00,2084,1897,30329,28997,46432,39918,52363,49100,65466,64399,81591,80400,58037,62152,38509,49457,12239,21919,145,115,11484,10860,22538,20374,28214,28111,51180,51338,70373,70596,53631,57403,36488,46703,11617,20781,581234,426396,78760,53267,109575,96554,15679,48,55
2021-07-10T23:59:59+02:00,2084,1895,30326,28990,46428,39912,52361,49098,65463,64398,81589,80397,58037,62150,38508,49457,12239,21919,145,115,11472,10842,22523,20358,28198,28098,51173,51333,70370,70593,53631,57403,36487,46703,11617,20781,581204,426307,78759,53265,109575,96543,15672,48,55
2021-07-09T23:59:59+02:00,2040,1857,30093,28760,46212,39732,52177,48929,65301,64285,81484,80316,58007,62120,38493,49442,12235,21917,144,109,11088,10571,21878,19920,27531,27546,50464,50764,69787,70182,53529,57316,36464,46669,11612,20770,580007,425225,78753,52950,109570,93084,15030,47,55
2021-07-08T23:59:59+02:00,1901,1730,29433,28230,45604,39228,51623,48461,64898,63974,81183,80081,57915,62028,38461,49391,12230,21903,106,81,9909,9472,19934,18291,25062,25563,49426,49961,69158,69642,53303,57101,36388,46582,11597,20744,575745,414686,78731,50524,109554,92851,14204,47,55
2021-07-07T23:59:59+02:00,1688,1532,28317,27028,44557,38262,50527,47463,64240,63334,80640,79597,57712,61797,38394,49306,12217,21862,82,70,9373,8998,18843,17452,23665,24360,48600,49313,68611,69151,53103,56860,36312,46483,11581,20704,566467,408341,78715,48908,109552,92558,13699,47,55
2021-07-06T23:59:59+02:00,1486,1374,27240,25991,43538,37339,49590,46528,63640,62772,80205,79188,57529,61614,38338,49211,12193,21835,61,45,8661,8259,17512,16447,22052,23079,47991,48859,68234,68884,52986,56746,36262,46446,11574,20689,558210,400878,78704,48480,109549,92266,13108,47,55
2021-07-05T23:59:59+02:00,1329,1250,26099,24749,42461,36344,48537,45457,62975,62196,79768,78784,57355,61426,38285,49135,12184,21812,49,35,8409,8032,17008,16123,21487,22691,47683,48631,68038,68736,52933,56673,36236,46426,11571,20684,548915,398273,78696,48163,109549,92011,12945,47,53
2021-07-04T23:59:59+02:00,1264,1186,25777,24425,42151,36083,48285,45270,62829,62059,79654,78687,57319,61386,38274,49116,12182,21809,42,34,8153,7873,16735,15926,21202,22493,47559,48531,67957,68659,52909,56649,36221,46421,11569,20683,546598,397233,78666,47501,109548,91926,12903,47,53
2021-07-03T23:59:59+02:00,1264,1185,25769,24410,42138,36077,48283,45270,62825,62058,79653,78686,57318,61386,38274,49116,12182,21809,42,34,8147,7865,16724,15916,21195,22486,47552,48530,67952,68658,52908,56649,36221,46421,11569,20683,546565,397199,78665,47500,109548,91916,12884,47,53
2021-07-02T23:59:59+02:00,1196,1128,25453,24059,41816,35800,48024,45013,62682,61912,79579,78615,57301,61363,38268,49104,12178,21804,41,31,7968,7716,16352,15650,20750,22179,46585,47750,67454,68308,52824,56557,36206,46403,11568,20680,544183,394710,78663,47497,109542,89896,12866,47,53
2021-07-01T23:59:59+02:00,1141,1078,25077,23694,41433,35449,47627,44663,62432,61671,79389,78444,57238,61300,38237,49063,12171,21794,35,27,7576,7377,15538,14864,19578,21143,45043,46263,66238,67230,52515,56254,36109,46283,11544,20653,541034,388873,78561,46670,109532,85941,12733,47,53
2021-06-30T23:59:59+02:00,1068,1012,24653,23251,41004,35079,47216,44281,62202,61463,79218,78295,57158,61221,38209,49012,12163,21773,28,20,7200,7018,14588,14063,18143,19934,41824,43531,64538,65784,52045,55753,35959,46089,11517,20604,537579,376827,78528,45972,109528,83184,12602,47,53
2021-06-29T23:59:59+02:00,977,903,24147,22716,40483,34655,46784,43865,61941,61179,79005,78116,57079,61157,38180,48968,12157,21754,19,18,6923,6708,13919,13563,16982,19006,37489,39840,63180,64523,51556,55253,35825,45910,11486,20561,533490,361483,78519,45759,109528,82978,12488,47,53
2021-06-28T23:59:59+02:00,948,870,23809,22326,40022,34263,46366,43497,61702,60924,78813,77961,57005,61088,38151,48938,12154,21739,17,10,6612,6391,13262,13061,15962,18168,33846,36789,62053,63488,51201,54857,35730,45760,11461,20523,531724,352804,76833,41061,109526,82821,12452,47,53
2021-06-27T23:59:59+02:00,934,857,23715,22235,39946,34201,46307,43437,61669,60886,78777,77931,56990,61077,38145,48931,12153,21734,16,9,6519,6320,13024,12920,15539,17931,33007,36141,61794,63287,51110,54786,35713,45738,11459,20519,531110,349895,76827,40792,109520,82665,12427,47,53
2021-06-26T23:59:59+02:00,934,857,23709,22229,39936,34197,46305,43435,61667,60885,78777,77931,56990,61077,38145,48930,12153,21734,16,9,6516,6312,13015,12906,15531,17924,33003,36140,61787,63284,51108,54780,35713,45738,11459,20518,531078,349824,76826,40791,109519,82664,12427,47,53
2021-06-25T23:59:59+02:00,911,830,23596,22112,39849,34109,46223,43363,61622,60837,78730,77909,56979,61065,38142,48927,12152,21732,15,8,6420,6197,12907,12776,15392,17761,32286,35479,61396,62958,51030,54696,35705,45717,11456,20517,530278,346813,76825,40779,109518,82645,12426,47,53
2021-06-24T23:59:59+02:00,844,772,23209,21694,39494,33797,45872,43058,61417,60643,78570,77771,56925,61011,38120,48897,12147,21721,14,5,6081,5901,12344,12314,14682,17073,28978,32763,59107,61097,50444,54098,35569,45508,11438,20469,527321,332982,76775,40512,109516,82029,12309,47,53
2021-06-23T23:59:59+02:00,740,678,22565,21036,38922,33209,45214,42349,61050,60249,78320,77520,56821,60875,38073,48844,12137,21701,12,4,5925,5705,11975,11960,14172,16542,25617,30003,57462,59564,49920,53558,35448,45334,11417,20425,521734,323524,76718,37578,109513,81591,12297,47,53
2021-06-22T23:59:59+02:00,679,613,22141,20597,38516,32786,44778,41887,60777,59963,78113,77277,56724,60764,38037,48772,12124,21679,10,3,5736,5570,11647,11692,13739,16167,21272,26469,55380,57860,49318,52952,35270,45117,11396,20381,517927,309131,76591,37525,109508,81110,12160,47,53
2021-06-21T23:59:59+02:00,642,572,21888,20359,38263,32552,44532,41612,60587,59751,77980,77137,56670,60678,38012,48731,12115,21663,8,3,5605,5459,11338,11490,13398,15901,19718,25235,54460,57087,47095,50487,34669,44393,11373,20322,515869,303786,76391,37458,109489,74794,11950,46,53
2021-06-20T23:59:59+02:00,613,552,21600,20065,37962,32271,44248,41353,60435,59583,77842,76990,56621,60633,37992,48714,12112,21656,8,3,5547,5415,11205,11400,13242,15773,19319,24910,54191,56903,45433,48504,34101,43757,11353,20301,513470,303150,76308,36703,109476,69517,11944,45,51
2021-06-19T23:59:59+02:00,611,552,21595,20051,37946,32264,44245,41348,60428,59579,77840,76987,56618,60632,37992,48713,12112,21656,8,3,5541,5406,11200,11395,13232,15767,19311,24902,54177,56891,45424,48494,34100,43757,11353,20301,513403,303064,76302,36699,109476,69504,11944,45,51
2021-06-18T23:59:59+02:00,597,538,21496,19941,37877,32207,44169,41261,60372,59533,77795,76945,56596,60610,37987,48700,12111,21655,8,3,5449,5244,10902,10858,12856,15186,18771,23883,53319,55580,45219,48329,34072,43708,11347,20289,512638,301488,76295,36698,109470,64843,11943,45,51
2021-06-17T23:59:59+02:00,512,446,20777,19228,37120,31574,43374,40509,59962,59167,77497,76693,56479,60481,37937,48632,12098,21631,8,3,5259,5031,10521,10305,12331,14414,17836,22519,51743,53634,44066,46979,33754,43309,11300,20205,506652,294156,76202,36568,109460,60683,11759,45,51
2021-06-16T23:59:59+02:00,406,367,19978,18286,36131,30641,42363,39534,59419,58683,77101,76374,56336,60325,37880,48543,12088,21608,8,3,5070,4874,10005,9979,11594,13913,16289,21212,47858,50087,42307,44964,33286,42737,11237,20078,499272,277953,75664,36367,109445,59493,11638,45,50
2021-06-15T23:59:59+02:00,296,264,19169,17439,35209,29785,41434,38643,58980,58240,76768,76043,56194,60158,37821,48473,12073,21574,7,3,4871,4750,9481,9714,10884,13439,14776,20023,43579,45990,40754,43113,32804,42115,11171,19950,492057,260742,75545,36331,109434,58819,11483,45,49
2021-06-14T23:59:59+02:00,192,173,18055,16207,33955,28510,39965,37232,58391,57671,76375,75701,56065,60012,37778,48403,12064,21559,7,3,4748,4658,9134,9504,10402,13119,13603,19019,40931,43433,39679,41963,32511,41714,11139,19864,482290,249556,75110,36304,109429,58087,11435,45,49
2021-06-13T23:59:59+02:00,151,134,17549,15804,33474,28107,39472,36848,58178,57487,76226,75599,56038,59971,37756,48382,12061,21550,7,3,4660,4608,8984,9432,10238,13049,12998,18564,40461,43039,39442,41740,32451,41629,11133,19850,479207,248589,74808,34877,109422,57467,11306,45,49
2021-06-12T23:59:59+02:00,151,134,17541,15783,33457,28097,39465,36844,58171,57483,76222,75597,56037,59969,37755,48382,12061,21550,7,3,4653,4602,8974,9427,10226,13041,12986,18551,40277,42892,39420,41725,32447,41627,11133,19849,479124,248155,74804,34876,109422,57455,11305,45,49
2021-06-11T23:59:59+02:00,149,134,17456,15724,33309,28023,39291,36788,58051,57447,76151,75573,56023,59964,37753,48379,12061,21549,7,3,4574,4410,8815,8867,10034,12322,12752,17480,39789,41589,39265,41595,32429,41591,11131,19848,478780,247667,74391,34874,109314,52615,11296,45,49
2021-06-10T23:59:59+02:00,134,114,16614,15009,31898,27114,38049,35871,57367,56988,75741,75301,55933,59872,37714,48334,12050,21531,7,3,4324,4215,8257,8364,9352,11558,12015,16411,36931,38548,38463,40789,32263,41409,11115,19818,474888,240585,71422,34741,109040,48227,10240,45,49
2021-06-09T23:59:59+02:00,112,89,15835,14311,30614,26215,36832,34983,56787,56599,75396,75073,55849,59766,37687,48289,12037,21511,7,3,4139,4064,7896,8175,8885,11337,11394,16030,31841,33669,36962,39250,32018,41140,11093,19768,470220,226632,68990,34616,108996,46639,9737,43,47
2021-06-08T23:59:59+02:00,85,71,14920,13453,29232,25126,35466,33974,56169,56190,75101,74858,55773,59691,37664,48257,12033,21501,7,3,4057,4002,7737,8052,8732,11220,11100,15823,29004,30850,36003,38306,31858,40945,11069,19735,465638,219120,65561,34555,108950,45408,9373,43,47
2021-06-07T23:59:59+02:00,77,58,14282,12879,27867,24310,34305,33192,55691,55931,74858,74750,55738,59651,37648,48246,12033,21497,7,3,3964,3930,7541,7923,8431,11088,10733,15577,24661,26463,34535,36762,31636,40678,11041,19705,462507,207309,62524,34487,108919,43815,9020,43,47
2021-06-06T23:59:59+02:00,76,55,13961,12686,27080,23894,33651,32773,55382,55765,74702,74685,55717,59627,37634,48237,12031,21496,7,3,3898,3894,7388,7880,8273,11002,10410,15374,21834,23582,33533,35679,31496,40523,11034,19690,461363,204514,60474,29238,108892,43022,8680,43,46
2021-06-05T23:59:59+02:00,76,53,13931,12657,27031,23853,33622,32753,55377,55755,74696,74679,55713,59622,37629,48235,12031,21496,7,3,3876,3877,7353,7857,8226,10983,10347,15332,20407,22026,32735,34798,31426,40442,11030,19683,461231,199533,60369,29235,108887,42915,8679,43,46
2021-06-04T23:59:59+02:00,70,49,13700,12396,26718,23533,33283,32442,55316,55675,74657,74659,55703,59617,37628,48233,12031,21495,7,3,3847,3849,7274,7778,8170,10905,10268,15210,20300,21909,32661,34743,31394,40405,11027,19680,459325,199452,60306,29222,108853,42032,8678,43,46
2021-06-03T23:59:59+02:00,52,43,13133,11912,25680,22847,32148,31691,54819,55342,74341,74465,55633,59538,37593,48202,12024,21478,7,3,3718,3758,6999,7608,7888,10732,9940,14973,18412,20047,30681,32429,31120,40072,11004,19631,454990,190842,58803,29201,108838,40669,8267,43,43
2021-06-02T23:59:59+02:00,38,31,12447,11171,24684,21945,31011,30735,54552,55077,74149,74324,55580,59458,37576,48180,12016,21471,7,3,3684,3738,6940,7551,7832,10683,9856,14882,17892,19497,28751,30250,31021,39929,10997,19620,448687,185303,58624,29200,108836,40332,8255,43,43
2021-06-01T23:59:59+02:00,24,16,11319,10289,22555,20515,28473,28843,53135,54012,73140,73541,55279,59133,37453,48007,11981,21411,7,2,3456,3562,6442,7240,7232,10256,8996,14280,15941,17682,24960,25986,30333,39042,10921,19464,439177,171266,54160,29063,108798,38484,6948,43,41
2021-05-31T23:59:59+02:00,19,12,10459,9622,20717,19345,26424,27329,52025,53162,72432,72991,55064,58870,37380,47902,11966,21375,7,2,3316,3408,6106,6992,6833,9959,8456,13923,14872,16701,23762,24606,29943,38549,10861,19370,432365,165498,49784,29024,108780,36982,6122,43,40
2021-05-30T23:59:59+02:00,17,9,10112,9278,19998,18850,25718,26751,51686,52880,72194,72794,54987,58792,37355,47874,11958,21366,7,2,3136,3219,5762,6726,6545,9719,8237,13717,14612,16431,23471,24287,29833,38443,10846,19342,429777,164670,49374,28967,108749,35982,4676,43,40
2021-05-29T23:59:59+02:00,17,9,10097,9266,19980,18819,25698,26725,51674,52875,72189,72784,54985,58787,37354,47874,11957,21366,7,2,3133,3210,5757,6721,6538,9716,8229,13709,14602,16424,23460,24278,29829,38437,10845,19341,429614,164595,49374,28964,108749,35963,4676,43,40
2021-05-28T23:59:59+02:00,17,9,10031,9172,19839,18651,25435,26493,51513,52699,72042,72653,54946,58737,37340,47854,11954,21353,7,2,3086,3133,5665,6581,6434,9515,8112,13435,14410,16148,23307,24122,29775,38374,10838,19332,427954,164201,49337,28963,108730,34397,4675,42,40
2021-05-27T23:59:59+02:00,17,9,8775,7991,17444,16842,22657,24341,50418,51884,71377,72160,54748,58514,37246,47759,11940,21323,7,2,2789,2801,4821,5958,5544,8736,7318,12442,13281,14954,22314,23079,29384,37918,10783,19246,416057,160374,48377,28699,108590,29885,2379,42,40
2021-05-26T23:59:59+02:00,16,9,8374,7574,16562,16037,21469,23332,49813,51338,70956,71773,54597,58349,37178,47681,11929,21293,7,2,2604,2629,4453,5621,5068,8230,6841,11795,12309,13971,21412,22042,29072,37475,10736,19161,410452,156505,47644,28612,108510,26639,1633,41,39
2021-05-25T23:59:59+02:00,16,9,7807,6980,15319,15157,20022,22159,49335,50936,70708,71585,54521,58265,37154,47653,11925,21283,7,2,2530,2529,4264,5491,4824,8000,6561,11486,11752,13436,19249,19861,28697,36935,10701,19112,403690,150796,47402,28599,108461,24763,1240,41,39
2021-05-24T23:59:59+02:00,16,9,7720,6880,15094,15029,19736,21980,49233,50817,70664,71546,54518,58260,37152,47651,11924,21280,7,2,2489,2466,4178,5323,4731,7757,6435,11204,11612,13194,19133,19745,28645,36888,10694,19101,402555,150645,47322,28556,108366,23141,1225,41,37
2021-05-23T23:59:59+02:00,15,9,7704,6867,15056,15012,19681,21952,49222,50814,70659,71540,54517,58256,37152,47649,11924,21280,7,2,2486,2461,4172,5319,4720,7752,6429,11191,11590,13172,18990,19547,28614,36849,10692,19099,402365,150154,47322,28554,108365,23132,1216,41,36
2021-05-22T23:59:59+02:00,15,9,7701,6858,15047,15000,19670,21945,49222,50812,70656,71540,54517,58255,37152,47649,11924,21280,6,2,2484,2454,4165,5314,4718,7752,6425,11188,11582,13169,18977,19541,28613,36849,10692,19099,402310,150117,47322,28554,108365,23109,1214,41,36
2021-05-21T23:59:59+02:00,15,9,7627,6757,14920,14865,19465,21787,48983,50579,70513,71432,54489,58228,37144,47642,11918,21274,6,2,2414,2368,4076,5175,4614,7542,6301,10890,11408,12881,18911,19474,28597,36819,10689,19097,400737,149860,47319,28553,108340,21605,1211,40,35
2021-05-20T23:59:59+02:00,15,9,7351,6458,14332,14342,18527,20910,46304,48221,69355,70457,54131,57862,37035,47499,11886,21243,6,2,2153,2198,3716,4813,4172,6991,5747,10057,10318,11778,17629,18176,28089,36219,10613,18949,389717,144590,47151,28258,108035,17748,995,39,35
2021-05-19T23:59:59+02:00,14,8,7111,6234,13664,13855,17255,19910,42316,44741,67864,69145,53675,57340,36870,47270,11849,21192,6,2,2074,1995,3551,4476,3923,6467,5301,9375,9319,10660,16146,16524,27392,35297,10485,18739,374923,137402,46576,28114,107799,15214,976,39,26
2021-05-18T23:59:59+02:00,14,7,6916,6058,13114,13421,16156,19050,37592,40718,66408,67820,53121,56799,36719,47046,11807,21136,6,2,2028,1872,3411,4285,3738,6148,4967,8891,8453,9786,14562,14783,26682,34440,10394,18564,358803,130756,46511,27547,107639,13773,910,39,26
2021-05-17T23:59:59+02:00,14,7,6781,5963,12788,13169,15655,18660,35411,38850,65575,67032,52845,56485,36636,46937,11792,21099,6,2,1956,1808,3223,4103,3517,5914,4644,8518,7672,9086,11295,10752,25772,33289,10313,18393,355068,125522,42233,21444,107554,12466,805,39,26
2021-05-16T23:59:59+02:00,14,7,6716,5878,12662,13014,15484,18492,34918,38377,65389,66862,52789,56423,36624,46910,11787,21094,6,2,1897,1710,3119,3980,3437,5812,4536,8371,7487,8897,9100,8151,25287,32606,10279,18334,353587,124371,41723,16088,107518,11953,574,38,25
2021-05-15T23:59:59+02:00,14,7,6711,5869,12655,13007,15479,18486,34909,38374,65387,66860,52788,56422,36624,46910,11787,21094,6,2,1896,1710,3117,3975,3432,5809,4531,8368,7485,8894,9098,8148,25286,32606,10279,18334,353538,124340,41723,16088,107513,11952,571,38,25
2021-05-14T23:59:59+02:00,14,7,6510,5774,12414,12944,15246,18394,33935,37582,64850,66451,52692,56335,36607,46876,11785,21089,6,2,1780,1622,3005,3904,3376,5700,4481,8222,7437,8764,9091,8142,25285,32606,10279,18333,350165,124280,41692,16084,107050,11086,561,37,24
2021-05-13T23:59:59+02:00,14,7,6261,5590,12008,12689,14673,17946,30404,34792,62367,64369,52060,55662,36468,46655,11773,21041,5,2,1738,1582,2949,3828,3344,5609,4438,8119,7355,8645,9051,8082,25266,32564,10274,18328,336158,124028,41467,16060,106618,10568,499,37,24
2021-05-12T23:59:59+02:00,14,7,6244,5567,11935,12622,14559,17836,29770,34214,61859,63916,51886,55489,36431,46610,11766,21028,5,2,1738,1579,2947,3827,3341,5609,4435,8118,7353,8639,9044,8079,25266,32562,10274,18327,333152,124005,41454,16050,106612,10567,499,36,24
2021-05-11T23:59:59+02:00,13,7,5925,5435,11489,12337,14011,17451,25507,30727,59475,61906,51225,54809,36243,46363,11742,20965,5,2,1698,1464,2844,3565,3219,5236,4294,7677,7200,8317,8958,7995,25237,32522,10270,18316,318199,123760,41400,15860,105622,8800,375,34,24
2021-05-10T23:59:59+02:00,13,7,5798,5361,11328,12220,13791,17280,22033,27965,58219,60787,50864,54455,36151,46239,11727,20934,5,2,1658,1366,2758,3336,3116,4905,4183,7187,7079,7878,8918,7934,25225,32500,10268,18312,308262,123611,41240,15711,105328,6977,308,34,23
2021-05-09T23:59:59+02:00,13,7,5723,5329,11240,12156,13688,17198,20433,26783,57755,60401,50762,54355,36126,46198,11720,20929,5,2,1641,1344,2701,3211,3065,4763,4138,7067,7031,7784,8907,7922,25218,32494,10267,18312,307691,123571,37672,15665,105126,6319,294,33,23
2021-05-08T23:59:59+02:00,13,7,5720,5327,11229,12151,13678,17188,20425,26777,57746,60395,50759,54346,36122,46195,11718,20926,5,2,1640,1344,2698,3208,3065,4763,4135,7064,7030,7783,8905,7922,25217,32492,10267,18312,307600,123553,37670,15665,105125,6317,294,33,23
2021-05-07T23:59:59+02:00,13,7,5680,5292,11160,12103,13569,17107,19972,26420,56748,59585,50630,54216,36092,46164,11715,20912,5,2,1540,1302,2618,3164,3023,4734,4100,7040,7008,7751,8897,7914,25215,32491,10267,18311,304435,123517,37650,15657,104978,5896,289,33,23
2021-05-06T23:59:59+02:00,13,7,5428,5180,10644,11794,12861,16652,18673,25434,52482,55927,49434,52836,35760,45763,11663,20811,5,2,1322,1172,2378,2992,2850,4569,3949,6842,6855,7600,8822,7833,25195,32456,10264,18304,289288,123241,37459,15516,104420,4464,166,29,23
2021-05-05T23:59:59+02:00,13,7,5173,5084,10150,11555,12104,16198,17342,24451,48115,51789,47770,50915,35320,45191,11588,20688,5,2,1276,1079,2315,2864,2764,4390,3855,6602,6748,7401,8709,7736,25133,32381,10258,18288,272107,122756,37233,15471,104033,3505,51,29,23
2021-05-04T23:59:59+02:00,13,7,5088,4999,9833,11336,11651,15806,16361,23584,46239,49755,46698,49607,34944,44705,11520,20579,5,2,1265,1060,2287,2823,2722,4306,3802,6494,6676,7322,8667,7697,25112,32364,10257,18283,261707,122537,37209,15407,103752,3149,28,29,23
2021-05-03T23:59:59+02:00,13,7,4988,4911,9479,11164,11185,15540,15304,22722,44665,48137,45816,48653,34722,44361,11492,20486,5,2,1250,1035,2251,2790,2681,4242,3753,6438,6600,7268,8095,7007,23365,30030,10119,18044,252682,116704,37199,15326,103719,2906,16,29,23
2021-05-02T23:59:59+02:00,13,7,4926,4893,9364,11125,11037,15478,14692,22231,44145,47727,45674,48487,34672,44300,11485,20475,5,1,1246,1029,2232,2787,2668,4234,3724,6423,6580,7254,7905,6764,21388,27615,10072,17956,251467,116682,35561,10306,103663,2861,11,29,23
2021-05-01T23:59:59+02:00,13,7,4926,4891,9360,11119,11034,15476,14687,22226,44143,47723,45673,48487,34672,44300,11485,20475,5,1,1245,1029,2232,2787,2668,4234,3723,6423,6579,7254,7905,6763,21388,27615,10072,17956,251434,116679,35561,10306,103662,2860,11,29,23
2021-04-30T23:59:59+02:00,13,7,4880,4867,9293,11103,10978,15451,14611,22199,42660,46311,45339,48157,34635,44248,11480,20465,5,1,1040,934,2036,2697,2569,4174,3637,6363,6516,7195,7898,6746,21387,27613,10072,17956,247447,116670,35561,10303,103650,1833,11,28,22
2021-04-29T23:59:59+02:00,13,7,4641,4784,8816,10954,10376,15275,13926,21990,37722,41997,44328,47125,34513,44130,11476,20434,5,1,861,858,1863,2619,2484,4108,3527,6292,6448,7145,7875,6726,21382,27606,10072,17956,233704,116637,35457,10198,103307,960,11,28,22
2021-04-28T23:59:59+02:00,13,7,4464,4751,8566,10868,10023,15184,13570,21833,33070,37484,43080,45869,34387,43982,11461,20416,5,1,819,831,1825,2570,2452,4032,3491,6183,6400,7055,7855,6706,21369,27593,10067,17949,220460,116550,35438,10150,103093,472,10,27,21
2021-04-27T23:59:59+02:00,12,6,4234,4538,8220,10416,9635,14601,13097,21186,31937,36355,42798,45582,34371,43954,11457,20413,5,1,792,817,1790,2547,2434,4014,3473,6163,6365,7028,7845,6697,21364,27589,10064,17943,217721,116492,35423,10121,99631,287,10,27,21
2021-04-26T23:59:59+02:00,12,6,4212,4511,8147,10378,9529,14547,12947,21125,27526,31974,41579,44361,34291,43853,11444,20402,5,1,760,806,1761,2528,2404,3993,3448,6142,6313,6982,7797,6648,21333,27558,10064,17936,205847,116290,35413,10076,99547,83,10,27,20
2021-04-25T23:59:59+02:00,12,6,4190,4498,8115,10353,9466,14515,12854,21078,25558,29931,40879,43601,34244,43794,11440,20396,5,1,748,798,1749,2514,2386,3978,3423,6121,6280,6953,7777,6631,21316,27537,10063,17932,205181,116263,30301,9841,99412,79,9,27,20
2021-04-24T23:59:59+02:00,12,6,4171,4487,8085,10324,9424,14499,12802,21057,24056,28266,40121,42758,34179,43718,11437,20390,5,1,747,797,1746,2512,2385,3974,3423,6117,6280,6950,7775,6628,21314,27537,10063,17932,200114,116241,30301,9840,99341,76,9,27,20
2021-04-23T23:59:59+02:00,11,6,3906,4335,7613,10026,8995,14144,12240,20654,23575,27965,40032,42696,34158,43684,11431,20383,5,1,734,787,1729,2499,2365,3958,3401,6094,6258,6931,7761,6609,21309,27526,10063,17931,199761,116226,30285,9641,95774,65,9,25,20
2021-04-22T23:59:59+02:00,11,6,3813,4276,7422,9910,8716,13951,11794,20327,21246,25608,37275,39452,33631,43013,11360,20259,5,1,721,778,1700,2468,2307,3900,3330,6022,6148,6834,7682,6522,21253,27482,10060,17916,186734,116108,30093,8931,95209,63,9,25,18
2021-04-21T23:59:59+02:00,11,4,3785,4243,7292,9831,8534,13777,11457,20037,19987,24402,34061,35730,33150,42314,11295,20130,5,1,697,760,1665,2440,2263,3876,3297,5989,6108,6795,7650,6495,21233,27458,10056,17912,174962,115995,29917,8619,95127,59,9,25,18
2021-04-20T23:59:59+02:00,11,4,3752,4216,7187,9762,8322,13617,11087,19739,18891,23249,30747,32083,32673,41715,11238,20013,4,1,689,750,1650,2428,2229,3854,3254,5943,6067,6753,7608,6450,21208,27435,10050,17909,163313,115836,29894,8362,95065,57,9,25,18
2021-04-19T23:59:59+02:00,11,4,3734,4200,7112,9724,8204,13507,10831,19555,18225,22589,29872,30950,32380,41352,11196,19939,4,1,681,745,1629,2414,2205,3824,3218,5910,6033,6722,7565,6417,21177,27407,10048,17905,158477,115704,29876,8118,94998,56,9,25,18
2021-04-18T23:59:59+02:00,11,4,3731,4193,7096,9712,8190,13490,10794,19529,18138,22506,29750,30824,32352,41329,11193,19931,4,1,679,741,1614,2402,2188,3809,3193,5884,6003,6699,7542,6404,21159,27385,10045,17902,157985,115645,29808,7927,94947,55,9,24,18
2021-04-17T23:59:59+02:00,11,4,3730,4191,7092,9709,8186,13490,10788,19522,18125,22495,29727,30811,32350,41326,11193,19931,4,1,678,741,1612,2401,2186,3808,3189,5883,6001,6697,7542,6404,21159,27385,10045,17902,157900,115630,29807,7927,94941,54,9,24,18
2021-04-16T23:59:59+02:00,11,4,3563,4154,6747,9579,7815,13303,10389,19277,17671,22222,29522,30650,32267,41236,11178,19912,4,1,665,721,1600,2386,2159,3793,3135,5846,5959,6647,7449,6313,20746,26818,10015,17841,157143,114300,29799,7720,92525,51,9,24,18
2021-04-15T23:59:59+02:00,11,4,3463,4074,6395,9207,7236,12802,9612,18443,16348,20994,28322,29356,31750,40595,11097,19736,4,1,635,698,1547,2346,2073,3707,3026,5726,5630,6409,6950,5927,20002,25898,9915,17671,151398,110918,29505,7174,88509,46,9,24,18
2021-04-14T23:59:59+02:00,10,4,3410,4027,6158,8968,6906,12425,8993,17896,15228,19961,26905,27852,31119,39713,10985,19538,4,1,602,673,1502,2308,1998,3629,2884,5603,5322,6176,6404,5418,18978,24604,9828,17491,144580,106636,29306,6721,86181,41,9,22,18
2021-04-13T23:59:59+02:00,10,4,3378,3995,6069,8890,6758,12292,8690,17651,14428,19267,23557,24287,30183,38534,10879,19363,4,1,597,664,1489,2285,1966,3594,2786,5532,5104,5992,6037,5074,18676,24256,9786,17424,132937,104513,29295,6688,85972,40,9,22,17
2021-04-12T23:59:59+02:00,10,4,3356,3974,6018,8831,6670,12205,8471,17456,13811,18741,22549,23136,29758,37975,10810,19236,4,1,587,656,1478,2277,1943,3573,2729,5482,4955,5887,5714,4791,18380,23952,9747,17362,127844,102912,29276,6540,85860,40,9,22,17
2021-04-11T23:59:59+02:00,10,4,3350,3968,6000,8807,6641,12188,8429,17433,13719,18682,22420,22986,29706,37910,10800,19212,4,1,583,651,1465,2267,1930,3565,2712,5465,4918,5850,5655,4731,18207,23719,9726,17331,127302,102247,29210,6467,85722,40,9,22,17
2021-04-10T23:59:59+02:00,10,4,3342,3967,5977,8806,6619,12187,8407,17432,13695,18680,22415,22983,29702,37909,10800,19212,4,1,580,648,1457,2260,1925,3562,2705,5456,4902,5842,5641,4714,18043,23464,9712,17307,127281,101724,29119,6434,85717,40,8,22,17
2021-04-09T23:59:59+02:00,9,4,3305,3955,5929,8792,6560,12168,8368,17405,13645,18634,20460,20567,29218,37290,10770,19162,4,1,566,634,1431,2238,1898,3538,2663,5420,4829,5780,5525,4611,17463,22731,9674,17236,126582,99951,23994,6235,85637,32,7,21,17
2021-04-08T23:59:59+02:00,9,4,3280,3936,5861,8761,6487,12129,8278,17341,13500,18516,17861,17492,28697,36624,10732,19112,4,1,524,605,1343,2156,1803,3441,2483,5236,4329,5419,4721,4004,15668,20487,9483,16927,125716,92925,18120,5663,84757,23,6,21,17
2021-04-07T23:59:59+02:00,7,4,3201,3907,5654,8710,6279,12069,8067,17265,13237,18420,15189,14412,28018,35822,10702,19059,4,1,500,576,1288,2099,1707,3361,2330,5096,3916,5087,3998,3433,14808,19617,9367,16740,125502,88571,16577,5315,77917,20,5,21,17
2021-04-06T23:59:59+02:00,6,4,3172,3897,5609,8691,6208,12045,7981,17228,13164,18347,13198,12039,27382,35105,10689,19029,4,1,470,553,1219,2043,1621,3278,2168,4977,3544,4809,3473,3019,13961,18609,9291,16619,125367,84909,16373,4713,72028,16,5,21,16
2021-04-05T23:59:59+02:00,6,4,3170,3894,5574,8676,6171,12032,7936,17211,13091,18311,13153,11993,27371,35089,10688,19026,4,1,438,523,1167,2006,1570,3236,2101,4923,3455,4733,3417,2967,13816,18437,9282,16601,125342,84415,16164,4226,71865,16,4,21,16
2021-04-04T23:59:59+02:00,6,4,3169,3892,5574,8674,6169,12031,7935,17209,13090,18311,13150,11993,27370,35089,10688,19026,4,1,437,522,1166,2006,1569,3236,2100,4923,3455,4733,3417,2967,13815,18437,9282,16601,125331,84409,16164,4226,71860,16,4,21,16
2021-04-03T23:59:59+02:00,6,4,3168,3892,5574,8673,6169,12031,7935,17209,13090,18311,13150,11991,27369,35086,10688,19026,4,1,437,520,1166,2006,1568,3236,2100,4922,3449,4730,3411,2957,13728,18300,9273,16585,125325,84131,16164,4226,71858,16,4,21,16
2021-04-02T23:59:59+02:00,6,4,3168,3889,5571,8668,6164,12022,7927,17196,13063,18280,13103,11938,27341,35067,10685,19022,4,1,434,513,1164,2002,1556,3227,2089,4900,3418,4697,3379,2928,12791,17049,9206,16476,125156,81656,16161,4144,71772,16,4,21,14
2021-04-01T23:59:59+02:00,6,4,3154,3875,5532,8649,6097,11989,7856,17161,12950,18208,12989,11811,27283,34990,10676,19007,4,1,386,469,1065,1934,1456,3138,1937,4787,3213,4566,3142,2726,10755,14449,9091,16295,124841,76030,16038,3351,71335,16,3,20,14
2021-03-31T23:59:59+02:00,6,4,3153,3861,5515,8615,6061,11954,7812,17116,12869,18139,12875,11689,27232,34927,10668,18997,3,1,348,446,1029,1891,1383,3098,1832,4683,2954,4365,2725,2409,8157,11220,8910,16053,124530,68468,15997,3007,70944,15,3,19,14
2021-03-30T23:59:59+02:00,6,4,3147,3849,5491,8589,6028,11922,7772,17076,12791,18073,12789,11551,27194,34879,10662,18987,3,1,327,428,1007,1859,1324,3063,1708,4602,2707,4194,2356,2162,7268,10138,8843,15924,124397,65151,15966,2732,70426,15,2,19,14
2021-03-29T23:59:59+02:00,6,4,3135,3845,5462,8569,5992,11887,7728,17043,12717,17996,12141,10792,25328,32390,10513,18730,3,1,321,425,1000,1844,1304,3038,1674,4561,2558,4106,2068,2011,6608,9426,8799,15846,118401,62835,15796,2729,70060,13,2,19,14
2021-03-28T23:59:59+02:00,6,4,3105,3829,5414,8531,5941,11842,7647,16988,12606,17926,11877,10488,23344,29923,10458,18631,3,1,320,423,997,1843,1295,3034,1670,4559,2546,4098,2043,1991,6584,9411,8797,15841,118343,62702,10610,2727,69586,13,2,19,12
2021-03-27T23:59:59+01:00,6,4,3093,3824,5374,8520,5905,11827,7598,16973,12560,17879,11842,10444,23340,29915,10458,18631,3,1,320,423,997,1843,1295,3034,1669,4557,2544,4095,2041,1989,6536,9336,8765,15792,118272,62486,10609,2727,69291,13,2,19,12
2021-03-26T23:59:59+01:00,6,4,2965,3503,4925,7367,5410,10510,6987,14927,11753,15593,11622,10260,22856,29187,10413,18560,3,1,319,420,992,1840,1289,3029,1666,4555,2539,4088,2033,1983,6407,9147,8621,15604,116720,61804,10352,2715,59755,3,2,19,12
2021-03-25T23:59:59+01:00,6,3,2845,3241,4766,6600,5179,9363,6662,13206,11025,13791,10760,9456,22125,28338,10336,18403,3,1,314,411,985,1831,1274,3010,1647,4522,2503,4038,1965,1924,6116,8718,8340,15150,113790,60026,9648,2711,52646,2,2,19,11
2021-03-24T23:59:59+01:00,6,3,2799,3196,4690,6536,5045,9256,6456,13035,10512,13386,9923,8635,21105,27077,10239,18215,3,1,312,406,978,1825,1257,2999,1632,4498,2456,3982,1897,1849,5750,8242,7922,14474,109755,57770,9301,2700,51040,2,0,18,11
2021-03-23T23:59:59+01:00,6,3,2771,3163,4622,6466,4934,9163,6242,12873,10053,12963,9204,7965,20591,26470,10184,18108,3,1,300,393,961,1814,1242,2976,1602,4476,2406,3933,1818,1783,5466,7857,7519,13848,107351,55687,8968,2699,49444,1,0,18,11
2021-03-22T23:59:59+01:00,6,3,2753,3124,4562,6427,4858,9095,6104,12734,9691,12690,8602,7396,20170,26032,10123,18014,1,1,298,390,950,1807,1228,2962,1589,4464,2379,3905,1791,1761,5327,7683,7069,13023,105864,53923,8710,2694,47792,1,0,18,10
2021-03-21T23:59:59+01:00,6,3,2746,3108,4516,6403,4807,9059,6010,12667,9502,12503,8295,7136,20002,25865,10111,17986,1,1,298,390,949,1807,1225,2962,1588,4463,2376,3905,1784,1755,5318,7678,7038,12965,105661,53815,8478,2677,46568,1,0,18,10
2021-03-20T23:59:59+01:00,6,3,2745,3101,4509,6398,4800,9056,6006,12659,9482,12489,8262,7104,19829,25588,10095,17960,1,1,298,390,949,1805,1224,2962,1587,4462,2372,3897,1772,1742,5303,7629,6860,12725,105105,53316,8465,2652,46504,1,0,18,10
2021-03-19T23:59:59+01:00,6,3,2709,3074,4439,6353,4693,9005,5866,12601,9214,12301,7958,6877,19344,24997,10063,17901,1,1,298,389,948,1804,1224,2959,1585,4461,2365,3892,1756,1731,5266,7586,6446,12102,103801,52174,8223,2629,45362,1,0,18,10
2021-03-18T23:59:59+01:00,6,3,2643,3001,4275,6215,4444,8800,5508,12294,8300,11630,6693,5858,18082,23631,9908,17668,1,1,295,384,943,1794,1210,2946,1546,4445,2300,3846,1677,1689,5191,7479,5703,10983,98872,49837,7679,2587,42390,0,0,18,9
2021-03-17T23:59:59+01:00,6,3,2606,2961,4193,6118,4306,8691,5253,12018,7624,11064,5704,4958,16730,22091,9741,17408,1,1,291,382,939,1786,1206,2937,1529,4424,2234,3821,1613,1644,5146,7413,5123,10094,93428,48045,7179,2530,40850,0,0,18,9
2021-03-16T23:59:59+01:00,5,3,2586,2933,4130,6051,4212,8594,5076,11862,7175,10677,4938,4340,15869,21109,9635,17235,1,1,287,380,936,1781,1203,2930,1521,4414,2212,3803,1580,1627,5109,7370,4613,9274,89767,46584,7141,2451,39504,0,0,18,7
2021-03-15T23:59:59+01:00,5,3,2583,2922,4115,6031,4180,8568,5026,11815,7057,10560,4791,4178,15548,20696,9603,17176,1,1,285,376,935,1775,1197,2923,1507,4405,2191,3781,1536,1610,5049,7296,4027,8411,88992,44991,7042,2308,38805,0,0,18,7
2021-03-14T23:59:59+01:00,5,2,2577,2914,4094,6010,4150,8548,4985,11781,6963,10471,4685,4063,15414,20526,9586,17136,1,1,283,375,935,1773,1191,2916,1502,4394,2180,3774,1526,1604,5041,7288,4021,8397,88683,44928,7023,2267,38187,0,0,17,7
2021-03-13T23:59:59+01:00,5,2,2570,2904,4086,5998,4142,8541,4977,11771,6944,10458,4662,4037,15099,20090,9566,17100,1,1,283,375,935,1773,1191,2916,1502,4394,2180,3774,1525,1604,5041,7287,4021,8397,87795,44927,7001,2266,38139,0,0,17,7
2021-03-12T23:59:59+01:00,5,2,2506,2829,3976,5826,4022,8318,4840,11473,6765,10188,4509,3899,14171,18831,9504,16998,1,1,283,374,933,1770,1191,2912,1500,4389,2179,3767,1518,1602,5034,7268,4019,8380,85317,44849,6940,2265,36390,0,0,15,7
2021-03-11T23:59:59+01:00,4,2,2382,2604,3747,5499,3766,7884,4513,10711,6133,9377,3987,3396,12557,16832,9402,16848,1,1,283,373,929,1765,1188,2898,1491,4377,2167,3740,1477,1574,4993,7231,4007,8353,80955,44700,6777,2141,31897,0,0,15,7
2021-03-10T23:59:59+01:00,4,2,2263,2473,3590,5261,3571,7560,4242,10228,5578,8811,3412,2950,10269,14104,9253,16610,1,1,279,369,924,1755,1181,2887,1487,4361,2145,3725,1448,1566,4963,7216,3998,8343,74600,44634,6605,2008,28961,0,0,15,7
2021-03-09T23:59:59+01:00,4,2,2238,2422,3524,5172,3457,7470,4072,10032,5183,8463,2929,2591,8743,12086,9147,16459,1,1,278,368,924,1749,1174,2877,1483,4353,2137,3714,1433,1560,4955,7211,3995,8341,69714,44593,6457,1955,27808,0,0,15,6
2021-03-08T23:59:59+01:00,4,2,2214,2347,3465,5103,3383,7386,3950,9919,4886,8269,2488,2327,6806,9687,9026,16281,1,1,278,365,923,1739,1168,2861,1477,4342,2133,3707,1422,1553,4939,7191,3988,8331,64007,44484,6120,1929,27401,0,0,15,6
2021-03-07T23:59:59+01:00,4,2,2152,2291,3369,4995,3286,7297,3851,9832,4749,8174,2437,2275,6783,9666,9026,16273,1,1,278,364,922,1739,1168,2859,1477,4342,2133,3707,1422,1553,4938,7191,3988,8331,63878,44481,5437,1927,27132,0,0,15,6
2021-03-06T23:59:59+01:00,4,2,2144,2278,3355,4985,3282,7292,3842,9822,4739,8169,2435,2272,6737,9596,8994,16223,1,1,278,364,921,1735,1167,2858,1477,4339,2129,3702,1421,1548,4932,7186,3986,8321,63667,44433,5377,1927,27112,0,0,15,6
2021-03-05T23:59:59+01:00,4,2,2014,2192,3130,4799,3043,6980,3564,9427,4405,7832,2346,2210,6529,9274,8799,15957,1,1,278,362,919,1732,1167,2857,1476,4333,2126,3696,1415,1546,4926,7180,3985,8314,62675,44381,4530,1927,25287,0,0,15,6
2021-03-04T23:59:59+01:00,4,2,1763,1972,2717,4362,2585,6341,2998,8527,3720,7020,2127,2050,6233,8907,8515,15494,1,1,275,361,918,1724,1165,2840,1475,4317,2117,3684,1404,1544,4914,7166,3978,8303,61014,44257,3250,1924,21058,0,0,15,6
2021-03-03T23:59:59+01:00,4,2,1693,1884,2610,4179,2452,6114,2857,8238,3533,6757,2043,1972,5892,8431,8149,14905,1,1,274,357,918,1714,1162,2817,1471,4293,2112,3669,1379,1532,4909,7160,3974,8295,58986,44109,3106,1924,19608,0,0,15,5
2021-03-02T23:59:59+01:00,4,2,1658,1808,2540,4058,2371,5962,2750,8057,3419,6605,1968,1904,5575,7990,7737,14227,1,1,272,352,915,1695,1159,2797,1468,4275,2111,3658,1354,1526,4899,7143,3969,8287,56856,43953,2864,1924,18900,0,0,15,5
2021-03-01T23:59:59+01:00,2,2,1648,1781,2502,3950,2323,5847,2714,7956,3366,6526,1926,1883,5437,7827,7256,13350,1,1,271,350,911,1689,1157,2785,1466,4262,2109,3643,1349,1521,4896,7141,3967,8280,54975,43870,2853,1924,18453,0,0,15,5
2021-02-28T23:59:59+01:00,2,2,1632,1743,2468,3878,2293,5792,2671,7875,3339,6478,1920,1879,5429,7822,7219,13290,1,1,271,350,910,1689,1157,2785,1466,4261,2109,3642,1349,1521,4896,7140,3967,8280,54850,43867,2851,1923,18016,0,0,15,5
2021-02-27T23:59:59+01:00,2,2,1630,1736,2465,3871,2290,5792,2669,7874,3336,6476,1914,1869,5419,7778,7047,13066,1,1,271,350,900,1684,1147,2778,1456,4252,2092,3633,1348,1518,4896,7139,3967,8280,54380,43863,2851,1845,17990,0,0,15,5
2021-02-26T23:59:59+01:00,2,1,1441,1576,2336,3630,2212,5385,2576,7370,3249,6018,1899,1845,5394,7745,6777,12673,1,1,269,348,892,1677,1139,2758,1450,4230,2082,3620,1341,1509,4889,7127,3963,8267,53623,43782,2831,1776,15660,0,0,15,5
2021-02-25T23:59:59+01:00,2,1,1228,1294,2116,3200,2040,4635,2378,6431,3007,5122,1808,1773,5342,7665,6194,11820,1,1,267,340,885,1617,1105,2663,1417,4119,2026,3545,1303,1488,4845,7085,3943,8212,51720,43309,2819,1548,11504,0,0,13,5
2021-02-24T23:59:59+01:00,2,1,1175,1086,2011,2937,1934,4297,2245,6027,2837,4853,1731,1718,5281,7576,5427,10627,1,1,265,334,848,1569,1055,2572,1356,4003,1937,3417,1263,1460,4827,7058,3933,8191,49362,43044,2808,1041,9582,0,0,13,5
2021-02-23T23:59:59+01:00,2,1,1158,1035,1976,2873,1908,4199,2219,5942,2803,4790,1722,1703,5245,7528,4781,9594,1,1,265,333,821,1542,1005,2520,1303,3925,1831,3342,1211,1433,4803,7032,3920,8153,47563,42838,2781,598,9123,0,0,12,5
2021-02-22T23:59:59+01:00,2,1,1150,993,1927,2729,1864,4053,2163,5748,2749,4685,1711,1692,5211,7480,4166,8701,1,1,264,324,779,1504,952,2437,1214,3817,1692,3244,1121,1374,4759,6960,3891,8042,45935,42361,2763,10,8316,0,0,11,5
2021-02-21T23:59:59+01:00,2,1,1147,979,1898,2667,1837,3956,2136,5643,2729,4622,1704,1686,5208,7471,4166,8697,1,1,262,322,774,1498,944,2405,1212,3780,1679,3204,1112,1359,4741,6933,3866,7998,45882,42076,2753,10,7903,0,0,11,5
2021-02-20T23:59:59+01:00,2,1,1147,979,1897,2666,1836,3956,2136,5643,2727,4616,1695,1677,5201,7464,4164,8694,1,1,262,322,774,1497,943,2401,1211,3776,1678,3202,1112,1359,4689,6873,3819,7940,45867,41846,2725,9,7898,0,0,11,5
2021-02-19T23:59:59+01:00,2,1,1147,977,1894,2661,1836,3946,2135,5634,2723,4612,1676,1668,5186,7446,4161,8689,1,1,261,320,770,1487,934,2376,1204,3734,1649,3149,1084,1320,4496,6620,3640,7639,45787,40671,2703,9,7893,0,0,11,5
2021-02-18T23:59:59+01:00,2,1,1116,895,1854,2542,1797,3809,2082,5428,2662,4439,1659,1651,5170,7414,4156,8660,1,1,234,291,725,1362,885,2170,1118,3396,1532,2852,972,1130,3999,5836,3223,6734,45635,36447,2670,9,7021,0,0,11,5
2021-02-17T23:59:59+01:00,2,1,1070,768,1773,2310,1720,3513,1973,5068,2587,4192,1634,1642,5149,7399,4147,8657,1,1,229,288,715,1344,876,2148,1106,3361,1513,2831,966,1127,3616,5309,2923,6307,45594,34647,2610,9,5390,0,0,11,5
2021-02-16T23:59:59+01:00,2,1,1029,729,1718,2206,1651,3341,1903,4862,2508,4084,1594,1628,5122,7376,4138,8645,1,1,222,282,698,1308,854,2094,1075,3243,1474,2744,942,1103,3258,4759,2579,5809,45540,32436,2443,6,4545,0,0,9,4
2021-02-15T23:59:59+01:00,2,1,1023,710,1698,2129,1633,3241,1884,4753,2494,4005,1564,1614,5092,7360,4105,8589,1,1,210,272,682,1274,835,2044,1054,3178,1432,2679,912,1072,2829,4200,2241,5230,45413,30137,2357,5,4118,0,0,9,4
2021-02-14T23:59:59+01:00,2,1,929,677,1622,2096,1571,3222,1841,4731,2459,3992,1557,1612,5083,7348,4102,8583,1,1,203,261,673,1256,817,2004,1038,3112,1401,2611,882,1026,2737,4059,2162,5032,45369,29269,2322,4,3729,0,0,8,3
2021-02-13T23:59:59+01:00,2,1,877,653,1592,2073,1556,3213,1825,4724,2451,3991,1556,1611,5083,7347,4101,8582,1,1,201,260,671,1255,817,2000,1038,3110,1400,2608,881,1025,2633,3933,2096,4931,45362,28855,2322,3,3546,0,0,8,3
2021-02-12T23:59:59+01:00,2,1,550,507,1244,1956,1385,3111,1685,4642,2344,3921,1537,1603,5073,7336,4091,8572,1,1,189,254,656,1229,803,1956,1011,3024,1345,2508,819,950,2405,3616,1948,4607,45240,27317,2322,2,1990,0,0,8,3
2021-02-11T23:59:59+01:00,2,1,389,433,1056,1842,1282,2993,1588,4528,2255,3831,1428,1558,5010,7284,4068,8522,1,1,153,192,557,985,667,1510,811,2352,1065,1915,576,697,1787,2728,1436,3325,44883,20756,2114,1,1065,0,0,8,1
2021-02-10T23:59:59+01:00,2,1,276,364,929,1736,1180,2871,1493,4343,2141,3709,1389,1545,4989,7273,4064,8520,1,1,132,129,387,625,494,1021,642,1740,897,1581,555,681,1381,2168,1120,2822,44807,16376,2005,0,6,0,0,7,1
2021-02-09T23:59:59+01:00,2,1,276,363,928,1730,1177,2862,1493,4337,2140,3704,1381,1542,4987,7271,4063,8518,1,1,129,127,378,592,475,994,620,1711,872,1551,553,678,997,1700,840,2414,44782,14633,1981,0,5,0,0,7,0
2021-02-08T23:59:59+01:00,2,1,276,361,927,1728,1174,2852,1486,4332,2138,3700,1376,1538,4985,7271,4062,8515,1,1,124,121,367,579,467,974,609,1678,854,1525,545,673,603,1209,534,1985,44754,12849,1958,0,5,0,0,7,0
2021-02-07T23:59:59+01:00,2,1,276,361,924,1728,1173,2852,1484,4330,2138,3700,1376,1538,4985,7270,4061,8515,1,1,120,118,362,575,466,967,606,1666,844,1509,537,670,602,1199,529,1970,44750,12742,1957,0,0,0,0,7,0
2021-02-06T23:59:59+01:00,2,1,276,361,924,1728,1173,2852,1484,4330,2138,3700,1376,1538,4985,7270,4061,8515,1,1,117,115,360,571,465,965,606,1664,844,1508,536,669,602,1199,529,1970,44750,12722,1957,0,0,0,0,7,0
2021-02-05T23:59:59+01:00,2,1,275,360,922,1728,1173,2851,1482,4329,2137,3700,1376,1538,4984,7268,4061,8512,1,1,116,106,357,566,457,952,602,1654,831,1485,531,659,596,1183,519,1945,44735,12561,1957,0,0,0,0,7,0
2021-02-04T23:59:59+01:00,2,1,271,355,916,1689,1165,2804,1482,4277,2126,3657,1368,1531,4955,7236,4049,8478,1,0,88,71,239,393,331,694,473,1262,622,1117,401,521,501,967,454,1679,44399,9814,1956,0,0,0,0,7,0
2021-02-03T23:59:59+01:00,2,1,269,345,912,1664,1161,2769,1471,4227,2117,3621,1360,1515,4930,7206,4035,8447,1,0,54,34,85,168,152,347,230,595,299,544,211,278,287,603,265,1047,44089,5200,1956,0,0,0,0,7,0
2021-02-02T23:59:59+01:00,2,1,268,343,911,1652,1157,2750,1468,4195,2110,3595,1352,1509,4922,7192,4027,8421,1,0,15,10,29,53,61,101,73,165,95,123,45,75,70,133,57,208,43912,1314,1956,0,0,0,0,7,0
2021-02-01T23:59:59+01:00,2,1,268,338,911,1649,1156,2749,1467,4191,2109,3589,1351,1508,4920,7191,4027,8421,1,0,13,9,25,46,51,92,60,140,73,104,39,67,62,124,55,195,43885,1156,1956,0,0,0,0,7,0
2021-01-31T23:59:59+01:00,2,1,268,337,911,1645,1155,2744,1467,4186,2109,3586,1350,1508,4919,7190,4027,8421,1,0,12,8,22,41,44,84,54,129,63,98,34,56,53,114,52,187,43865,1052,1954,0,0,0,0,7,0
2021-01-30T23:59:59+01:00,2,1,268,337,906,1642,1147,2736,1459,4180,2105,3583,1350,1508,4866,7130,3981,8363,1,0,12,8,22,39,44,84,53,128,63,98,34,56,53,114,52,187,43637,1048,1920,0,0,0,0,7,0
2021-01-29T23:59:59+01:00,2,1,267,335,891,1634,1135,2715,1447,4150,2081,3556,1341,1502,4701,6929,3813,8154,1,0,10,8,22,39,41,84,52,126,60,97,33,52,52,114,52,187,42839,1030,1808,0,0,0,0,7,0
2021-01-28T23:59:59+01:00,2,1,263,322,872,1548,1096,2605,1410,4048,2011,3482,1315,1489,4364,6460,3536,7795,1,0,7,4,10,19,22,42,21,58,35,64,20,34,36,74,40,125,41048,612,1564,0,0,0,0,7,0
2021-01-27T23:59:59+01:00,2,1,257,319,830,1493,1049,2511,1346,3950,1937,3375,1275,1462,3951,5887,3209,7323,1,0,3,4,10,9,11,21,8,23,14,30,12,15,18,42,17,63,39059,301,1111,0,0,0,0,7,0
2021-01-26T23:59:59+01:00,2,1,250,310,793,1446,982,2426,1285,3823,1821,3268,1214,1410,3601,5328,2854,6800,1,0,1,1,6,4,4,7,4,3,3,9,7,5,5,7,4,8,36945,79,664,0,0,0,0,5,0
2021-01-25T23:59:59+01:00,2,1,240,301,742,1385,921,2307,1183,3678,1662,3147,1134,1378,3203,4813,2537,6324,1,0,1,1,6,3,2,7,2,2,3,9,7,5,5,7,4,8,34891,73,63,0,0,0,0,4,0
2021-01-24T23:59:59+01:00,2,1,237,301,736,1381,910,2291,1178,3662,1634,3117,1128,1375,3176,4777,2520,6302,1,0,1,1,4,3,2,7,2,2,3,9,7,5,5,7,4,8,34716,71,9,0,0,0,0,3,0
2021-01-23T23:59:59+01:00,2,1,236,300,735,1380,910,2287,1177,3660,1631,3115,1127,1375,3070,4651,2453,6200,1,0,1,1,4,3,2,7,2,2,3,9,7,5,5,7,4,8,34299,71,8,0,0,0,0,3,0
2021-01-22T23:59:59+01:00,2,1,235,297,732,1364,908,2274,1171,3644,1627,3111,1125,1374,2908,4456,2350,6055,1,0,1,1,4,3,2,7,2,2,3,9,7,5,5,7,4,8,33623,71,8,0,0,0,0,3,0
2021-01-21T23:59:59+01:00,2,1,230,269,668,1208,841,2062,1090,3360,1531,2908,1082,1331,2560,3993,2055,5613,1,0,1,0,3,2,2,7,2,2,3,9,7,4,5,7,4,8,30795,67,8,0,0,0,0,1,0
2021-01-20T23:59:59+01:00,2,1,206,206,508,856,666,1571,889,2660,1294,2441,984,1196,2020,3240,1632,4802,1,0,1,0,3,2,2,7,2,2,3,7,6,4,5,7,4,8,25166,64,8,0,0,0,0,0,0
2021-01-19T23:59:59+01:00,2,1,181,189,460,746,611,1416,803,2363,1119,2133,817,939,1366,2298,1146,3670,0,0,0,0,2,1,0,0,0,0,2,1,1,0,0,0,0,0,20256,7,4,0,0,0,0,0,0
2021-01-18T23:59:59+01:00,1,1,137,134,384,622,489,1060,647,1821,927,1641,605,729,692,1348,601,2239,0,0,0,0,1,0,0,0,0,0,1,0,0,0,0,0,0,0,14075,2,3,0,0,0,0,0,0
2021-01-17T23:59:59+01:00,1,1,126,119,369,587,474,995,618,1704,868,1542,556,688,641,1245,555,2074,0,0,0,0,0,0,0,0,0,0,0,0,0,0,0,0,0,0,13162,0,1,0,0,0,0,0,0
2021-01-16T23:59:59+01:00,1,1,119,115,366,583,472,983,612,1691,862,1535,555,687,640,1239,550,2060,0,0,0,0,0,0,0,0,0,0,0,0,0,0,0,0,0,0,13070,0,1,0,0,0,0,0,0
2021-01-15T23:59:59+01:00,1,1,117,108,363,577,464,967,608,1680,848,1511,549,674,632,1222,542,2035,0,0,0,0,0,0,0,0,0,0,0,0,0,0,0,0,0,0,12899,0,0,0,0,0,0,0,0
2021-01-14T23:59:59+01:00,1,1,97,87,280,468,392,788,504,1409,692,1222,431,541,549,1023,479,1835,0,0,0,0,0,0,0,0,0,0,0,0,0,0,0,0,0,0,10799,0,0,0,0,0,0,0,0
2021-01-13T23:59:59+01:00,1,1,67,47,168,285,257,521,353,921,472,786,264,328,333,673,308,1166,0,0,0,0,0,0,0,0,0,0,0,0,0,0,0,0,0,0,6951,0,0,0,0,0,0,0,0
2021-01-12T23:59:59+01:00,1,1,31,20,54,104,115,215,151,382,195,335,137,180,174,372,177,647,0,0,0,0,0,0,0,0,0,0,0,0,0,0,0,0,0,0,3291,0,0,0,0,0,0,0,0
2021-01-11T23:59:59+01:00,1,0,17,10,38,66,63,114,78,170,89,126,40,67,66,130,55,200,0,0,0,0,0,0,0,0,0,0,0,0,0,0,0,0,0,0,1330,0,0,0,0,0,0,0,0
2021-01-10T23:59:59+01:00,1,0,14,7,31,55,56,102,68,155,73,112,34,57,56,119,50,190,0,0,0,0,0,0,0,0,0,0,0,0,0,0,0,0,0,0,1180,0,0,0,0,0,0,0,0
2021-01-09T23:59:59+01:00,1,0,13,7,30,53,55,101,65,154,73,110,34,57,56,119,50,190,0,0,0,0,0,0,0,0,0,0,0,0,0,0,0,0,0,0,1168,0,0,0,0,0,0,0,0
2021-01-08T23:59:59+01:00,1,0,10,7,28,50,50,96,60,141,67,106,32,52,55,119,50,190,0,0,0,0,0,0,0,0,0,0,0,0,0,0,0,0,0,0,1114,0,0,0,0,0,0,0,0
2021-01-07T23:59:59+01:00,1,0,7,4,10,20,22,43,23,56,36,66,19,35,40,79,39,126,0,0,0,0,0,0,0,0,0,0,0,0,0,0,0,0,0,0,626,0,0,0,0,0,0,0,0
2021-01-06T23:59:59+01:00,1,0,7,4,10,16,14,30,15,40,25,54,16,25,33,69,37,110,0,0,0,0,0,0,0,0,0,0,0,0,0,0,0,0,0,0,506,0,0,0,0,0,0,0,0
2021-01-05T23:59:59+01:00,1,0,7,4,10,16,14,30,15,40,25,54,16,25,32,69,37,110,0,0,0,0,0,0,0,0,0,0,0,0,0,0,0,0,0,0,505,0,0,0,0,0,0,0,0
2021-01-04T23:59:59+01:00,1,0,2,4,9,6,4,14,4,8,6,17,7,5,9,16,5,15,0,0,0,0,0,0,0,0,0,0,0,0,0,0,0,0,0,0,132,0,0,0,0,0,0,0,0
2021-01-03T23:59:59+01:00,1,0,1,1,4,3,2,7,3,3,3,10,5,4,6,8,4,9,0,0,0,0,0,0,0,0,0,0,0,0,0,0,0,0,0,0,74,0,0,0,0,0,0,0,0
2021-01-02T23:59:59+01:00,1,0,1,1,4,3,2,7,3,3,3,10,5,4,6,8,4,9,0,0,0,0,0,0,0,0,0,0,0,0,0,0,0,0,0,0,74,0,0,0,0,0,0,0,0
2021-01-01T23:59:59+01:00,1,0,1,1,4,3,2,7,2,3,3,10,5,4,6,8,4,9,0,0,0,0,0,0,0,0,0,0,0,0,0,0,0,0,0,0,73,0,0,0,0,0,0,0,0
2020-12-31T23:59:59+01:00,1,0,1,1,4,2,2,7,2,2,3,9,5,4,6,8,4,9,0,0,0,0,0,0,0,0,0,0,0,0,0,0,0,0,0,0,70,0,0,0,0,0,0,0,0
2020-12-30T23:59:59+01:00,1,0,1,1,4,2,2,7,2,2,3,7,5,4,6,8,4,9,0,0,0,0,0,0,0,0,0,0,0,0,0,0,0,0,0,0,68,0,0,0,0,0,0,0,0
2020-12-29T23:59:59+01:00,1,0,1,1,3,1,2,6,2,2,3,6,3,2,5,8,3,8,0,0,0,0,0,0,0,0,0,0,0,0,0,0,0,0,0,0,57,0,0,0,0,0,0,0,0
2020-12-28T23:59:59+01:00,1,0,0,0,3,1,0,2,1,0,1,3,0,1,0,1,1,5,0,0,0,0,0,0,0,0,0,0,0,0,0,0,0,0,0,0,20,0,0,0,0,0,0,0,0
2020-12-27T23:59:59+01:00,0,0,0,0,0,0,0,1,1,0,1,2,0,1,0,1,1,5,0,0,0,0,0,0,0,0,0,0,0,0,0,0,0,0,0,0,13,0,0,0,0,0,0,0,0
