Datum,<15_m,<15_w,15-24_1_m,15-24_1_w,25-34_1_m,25-34_1_w,35-44_1_m,35-44_1_w,45-54_1_m,45-54_1_w,55-64_1_m,55-64_1_w,65-74_1_m,65-74_1_w,75-84_1_m,75-84_1_w,>84_1_m,>84_1_w,<24_2_m,<24_2_w,25-34_2_m,25-34_2_w,35-44_2_m,35-44_2_w,45-54_2_m,45-54_2_w,55-64_2_m,55-64_2_w,65-74_2_m,65-74_2_w,75-84_2_m,75-84_2_w,>84_2_m,>84_2_w,bp_1,bp_2,mo_1,mo_2,az_1,az_2,ja,unb_1,unb_2
2021-07-30T23:59:59+02:00,3144,2925,36191,34756,50769,43556,55965,52404,68342,67066,83691,82320,58799,62866,38505,49636,11911,21287,24619,23287,40641,34252,46600,42958,60742,59153,76705,75593,55441,59224,36802,47303,11448,20412,612589,518830,78831,73131,109364,102083,23315,34,39
2021-07-29T23:59:59+02:00,3122,2897,36057,34637,50645,43439,55880,52308,68275,67003,83624,82272,58775,62850,38494,49627,11911,21286,23671,22310,39782,33514,45721,42193,60204,58721,76350,75293,55321,59087,36765,47250,11441,20401,611759,511860,78811,73030,109364,101919,23134,34,39
2021-07-28T23:59:59+02:00,3073,2842,35823,34404,50432,43273,55691,52168,68140,66867,83513,82176,58723,62804,38474,49593,11901,21278,22472,21066,38479,32427,44422,41035,59431,58070,75854,74841,55127,58903,36699,47153,11427,20376,610408,502116,78809,72874,109364,101799,22560,34,39
2021-07-27T23:59:59+02:00,3049,2823,35717,34287,50356,43190,55620,52117,68080,66799,83453,82106,58685,62763,38462,49579,11900,21269,21238,19681,37067,31099,43063,39743,58812,57482,75438,74434,54966,58730,36641,47101,11415,20354,609691,491764,78801,72704,109364,101685,22365,34,39
2021-07-26T23:59:59+02:00,3030,2804,35655,34195,50300,43138,55579,52070,68035,66763,83418,82081,58671,62748,38450,49567,11899,21267,20218,18585,35817,29988,41801,38596,58317,57085,75155,74185,54869,58630,36620,47066,11409,20340,609179,483550,78796,72378,109364,101524,22297,34,39
2021-07-25T23:59:59+02:00,3019,2800,35604,34156,50260,43095,55554,52048,68012,66740,83390,82058,58658,62741,38447,49564,11896,21261,19820,18228,35409,29667,41402,38296,58125,56936,75001,74083,54826,58592,36599,47046,11405,20336,608899,480865,78791,72125,109364,101496,22215,34,39
2021-07-24T23:59:59+02:00,3019,2800,35600,34152,50258,43092,55552,52047,68010,66740,83388,82057,58658,62741,38447,49564,11896,21261,19815,18218,35401,29659,41396,38295,58122,56934,74997,74081,54826,58592,36599,47046,11405,20336,608890,480829,78790,72125,109364,101494,22204,34,39
2021-07-23T23:59:59+02:00,2994,2775,35450,34036,50112,42994,55436,51943,67914,66648,83298,82007,58627,62712,38437,49559,11891,21258,19587,18002,35144,29490,41131,38116,57961,56808,74864,74005,54789,58569,36587,47036,11399,20330,608271,479720,78790,71861,109364,101493,21632,34,39
2021-07-22T23:59:59+02:00,2944,2690,35016,33670,49806,42757,55175,51718,67687,66470,83124,81857,58543,62619,38402,49515,11880,21240,18811,17348,34064,28763,40019,37294,57233,56344,74318,73638,54612,58391,36523,46953,11378,20304,606145,474247,78775,70469,109360,101275,20799,34,39
2021-07-21T23:59:59+02:00,2889,2632,34707,33342,49570,42550,54988,51533,67497,66286,82998,81732,58478,62568,38371,49476,11869,21230,17989,16517,32761,27772,38761,36339,56548,55786,73875,73276,54467,58216,36458,46869,11366,20271,604338,468370,78725,68294,109359,101064,20260,34,39
2021-07-20T23:59:59+02:00,2814,2569,34352,32967,49293,42322,54817,51340,67318,66132,82861,81615,58416,62515,38344,49431,11868,21215,16847,15402,31056,26381,37039,34894,55752,55143,73336,72833,54302,58027,36409,46785,11349,20233,602282,459260,78689,66556,109358,100728,19826,34,39
2021-07-19T23:59:59+02:00,2730,2499,33795,32406,48983,42014,54544,51077,67123,65919,82691,81449,58349,62434,38300,49379,11861,21200,16201,14834,30129,25709,36192,34187,55316,54724,73012,72598,54217,57942,36372,46735,11344,20212,599093,455625,78631,64405,109357,100559,19638,34,39
2021-07-18T23:59:59+02:00,2702,2481,33696,32293,48894,41958,54489,51020,67064,65869,82650,81407,58321,62408,38289,49367,11859,21193,15886,14570,29558,25331,35699,33840,55061,54563,72867,72497,54175,57903,36364,46720,11343,20208,598495,454190,78617,62872,109356,100531,19458,34,39
2021-07-17T23:59:59+02:00,2702,2481,33694,32291,48890,41957,54488,51018,67064,65868,82650,81407,58321,62407,38289,49367,11859,21193,15881,14565,29549,25316,35694,33836,55057,54562,72867,72497,54175,57903,36364,46720,11343,20208,598485,454147,78614,62868,109356,100531,19457,34,39
2021-07-16T23:59:59+02:00,2644,2416,33088,31770,48399,41611,54096,50683,66685,65550,82339,81175,58202,62295,38239,49318,11855,21186,15470,14247,29064,24951,35251,33506,54722,54312,72610,72305,54063,57816,36329,46682,11340,20204,596274,452781,78610,62740,109355,100523,17278,34,39
2021-07-15T23:59:59+02:00,2511,2284,32227,30994,47775,41042,53524,50206,66264,65209,82089,80936,58112,62201,38205,49276,11847,21167,14638,13585,27754,24129,33960,32701,54053,53917,72202,72085,53970,57723,36300,46648,11333,20189,591281,448653,78599,60387,109355,99943,16600,34,39
2021-07-14T23:59:59+02:00,2405,2198,31682,30469,47291,40610,53107,49811,65941,64932,81855,80690,58009,62106,38174,49226,11837,21154,13400,12450,25767,22685,32061,31185,53308,53333,71700,71749,53834,57598,36259,46587,11323,20174,587454,439579,78582,58463,109354,99609,16073,34,38
2021-07-13T23:59:59+02:00,2348,2128,31413,30202,47022,40386,52861,49587,65742,64746,81689,80541,57945,62031,38148,49191,11828,21142,12419,11609,24047,21378,30126,29605,52122,52170,70884,70963,53590,57322,36173,46472,11306,20147,585318,432903,78567,55548,109346,96463,15685,34,37
2021-07-12T23:59:59+02:00,2123,1921,30551,29274,46371,39853,52293,49018,65353,64357,81415,80270,57814,61906,38106,49133,11819,21121,11673,10985,22665,20406,28396,28233,51171,51316,70145,70347,53334,57044,36109,46356,11293,20116,579102,424838,78550,53003,109346,96310,15666,34,37
2021-07-11T23:59:59+02:00,2078,1883,30430,29165,46306,39782,52241,48957,65298,64303,81355,80226,57794,61887,38100,49116,11814,21116,11507,10838,22393,20223,28036,27963,50969,51171,69976,70204,53281,56963,36087,46339,11284,20109,578285,422786,78547,52961,109345,96176,15640,34,36
2021-07-10T23:59:59+02:00,2078,1882,30425,29158,46304,39777,52238,48956,65295,64302,81354,80224,57794,61885,38099,49116,11814,21116,11495,10820,22381,20210,28021,27951,50963,51167,69973,70201,53281,56963,36086,46339,11284,20109,578257,422705,78547,52959,109345,96166,15634,34,36
2021-07-09T23:59:59+02:00,2033,1844,30193,28922,46087,39598,52056,48785,65134,64191,81250,80145,57764,61856,38083,49101,11809,21114,11114,10549,21741,19774,27358,27401,50255,50601,69394,69793,53181,56875,36063,46305,11279,20098,577058,421635,78542,52645,109340,92723,14991,34,36
2021-07-08T23:59:59+02:00,1896,1717,29530,28389,45490,39096,51501,48320,64737,63885,80955,79912,57672,61767,38052,49051,11804,21100,9932,9444,19799,18147,24903,25424,49226,49806,68772,69259,52957,56663,35988,46220,11264,20072,572836,411146,78522,50219,109323,92498,14159,34,36
2021-07-07T23:59:59+02:00,1683,1522,28427,27182,44455,38139,50407,47330,64081,63252,80419,79434,57469,61539,37986,48967,11790,21062,9401,8968,18717,17315,23512,24227,48404,49162,68232,68772,52756,56424,35912,46122,11248,20033,563609,404822,78506,48610,109322,92211,13673,34,36
2021-07-06T23:59:59+02:00,1484,1364,27342,26135,43432,37222,49471,46396,63478,62691,79988,79029,57290,61359,37931,48873,11767,21034,8684,8223,17382,16315,21909,22946,47803,48712,67856,68509,52641,56311,35863,46085,11241,20017,555364,397383,78495,48189,109319,91916,13074,34,36
2021-07-05T23:59:59+02:00,1327,1241,26198,24885,42352,36225,48422,45333,62813,62118,79555,78628,57116,61170,37879,48798,11758,21012,8433,8000,16887,16003,21352,22563,47499,48490,67663,68362,52589,56239,35838,46066,11238,20012,546074,394826,78487,47876,109318,91659,12917,34,36
2021-07-04T23:59:59+02:00,1262,1177,25876,24557,42048,35966,48172,45150,62670,61984,79441,78537,57081,61131,37869,48780,11755,21009,8179,7847,16621,15810,21073,22367,47374,48392,67586,68289,52565,56214,35823,46061,11236,20011,543774,393815,78461,47215,109316,91575,12880,34,36
2021-07-03T23:59:59+02:00,1262,1176,25870,24547,42034,35959,48170,45150,62667,61983,79440,78536,57080,61131,37869,48780,11755,21009,8174,7839,16608,15800,21066,22360,47369,48391,67582,68288,52564,56214,35823,46061,11236,20011,543745,393780,78459,47214,109316,91565,12864,34,36
2021-07-02T23:59:59+02:00,1194,1119,25552,24193,41713,35678,47914,44896,62525,61838,79367,78466,57063,61109,37862,48768,11751,21004,7996,7687,16240,15533,20626,22054,46401,47613,67089,67940,52481,56122,35808,46043,11235,20008,541361,391298,78458,47211,109312,89553,12847,34,36
2021-07-01T23:59:59+02:00,1139,1069,25176,23830,41332,35329,47519,44547,62275,61603,79178,78295,57001,61047,37831,48727,11745,20994,7607,7354,15426,14754,19461,21026,44864,46131,65878,66866,52177,55819,35711,45924,11211,19981,538221,385490,78357,46387,109303,85613,12722,34,36
2021-06-30T23:59:59+02:00,1066,1005,24753,23381,40904,34956,47110,44173,62048,61401,79010,78146,56923,60970,37804,48677,11737,20974,7234,6999,14486,13951,18035,19824,41659,43404,64186,65426,51714,55322,35564,45731,11185,19932,534788,373495,78325,45695,109301,82881,12590,34,35
2021-06-29T23:59:59+02:00,974,897,24253,22848,40390,34537,46678,43758,61786,61123,78797,77967,56847,60906,37776,48634,11731,20955,6956,6694,13823,13458,16876,18906,37341,39718,62838,64175,51228,54824,35432,45553,11154,19889,530724,358223,78316,45486,109301,82672,12482,34,35
2021-06-28T23:59:59+02:00,945,864,23914,22455,39933,34156,46258,43389,61549,60868,78608,77812,56776,60838,37747,48605,11729,20940,6646,6374,13163,12958,15864,18070,33697,36674,61716,63144,50874,54430,35338,45405,11130,19851,528976,349556,76628,40798,109301,82521,12447,34,35
2021-06-27T23:59:59+02:00,931,852,23821,22363,39860,34093,46200,43330,61519,60831,78575,77783,56761,60827,37741,48598,11728,20935,6556,6300,12930,12817,15443,17833,32865,36029,61460,62945,50785,54360,35320,45382,11128,19847,528369,346658,76624,40537,109295,82365,12426,34,35
2021-06-26T23:59:59+02:00,930,852,23815,22358,39854,34090,46199,43329,61518,60830,78575,77783,56761,60827,37741,48598,11728,20935,6553,6293,12924,12804,15437,17826,32861,36028,61453,62943,50783,54354,35320,45382,11128,19846,528344,346594,76624,40537,109295,82364,12426,34,35
2021-06-25T23:59:59+02:00,907,826,23700,22245,39769,34004,46116,43258,61474,60783,78527,77762,56750,60813,37738,48595,11727,20933,6455,6180,12814,12672,15299,17665,32143,35372,61065,62621,50705,54270,35312,45361,11125,19845,527552,343590,76624,40525,109292,82348,12425,34,35
2021-06-24T23:59:59+02:00,841,769,23312,21821,39418,33695,45764,42955,61270,60588,78367,77625,56696,60758,37716,48565,11723,20924,6116,5883,12252,12208,14593,16984,28846,32656,58787,60776,50130,53679,35179,45157,11107,19797,524600,329806,76575,40263,109290,81753,12308,34,35
2021-06-23T23:59:59+02:00,736,675,22671,21160,38843,33109,45114,42252,60905,60199,78119,77375,56594,60625,37671,48513,11713,20905,5961,5692,11884,11863,14088,16456,25482,29902,57147,59256,49606,53143,35061,44983,11086,19754,519039,320396,76521,37329,109288,81320,12297,34,35
2021-06-22T23:59:59+02:00,677,611,22247,20721,38442,32693,44682,41789,60633,59915,77916,77137,56499,60517,37634,48441,11700,20883,5770,5556,11563,11602,13665,16083,21152,26378,55077,57559,49009,52542,34884,44768,11066,19710,515260,306070,76394,37275,109283,80848,12166,34,35
2021-06-21T23:59:59+02:00,641,570,21996,20485,38192,32465,44439,41514,60447,59706,77785,76999,56446,60436,37610,48401,11691,20867,5640,5446,11255,11406,13329,15823,19609,25149,54162,56794,46788,50091,34285,44049,11043,19651,513234,300767,76191,37208,109268,74555,11963,34,35
2021-06-20T23:59:59+02:00,612,550,21706,20189,37897,32191,44155,41259,60296,59537,77648,76852,56398,60394,37590,48384,11688,20860,5584,5402,11124,11319,13176,15696,19215,24826,53896,56613,45135,48109,33718,43416,11023,19631,510845,300146,76113,36458,109257,69296,11957,34,34
2021-06-19T23:59:59+02:00,610,550,21701,20177,37882,32187,44152,41255,60290,59534,77646,76849,56395,60393,37590,48383,11688,20860,5578,5393,11120,11316,13167,15690,19208,24818,53882,56601,45126,48099,33717,43416,11023,19631,510786,300063,76108,36455,109257,69284,11957,34,34
2021-06-18T23:59:59+02:00,596,536,21604,20068,37815,32134,44078,41170,60235,59489,77603,76807,56372,60372,37585,48370,11687,20859,5483,5228,10825,10780,12795,15109,18667,23802,53030,55303,44922,47937,33689,43368,11017,19619,510036,298497,76102,36454,109252,64641,11956,34,34
2021-06-17T23:59:59+02:00,510,443,20888,19350,37060,31499,43284,40416,59828,59124,77310,76554,56259,60245,37537,48302,11674,20835,5291,5015,10443,10225,12272,14336,17742,22444,51460,53365,43775,46589,33371,42972,10970,19536,504056,291195,76010,36327,109246,60486,11772,34,34
2021-06-16T23:59:59+02:00,403,366,20088,18395,36068,30566,42270,39447,59289,58643,76920,76243,56118,60093,37481,48215,11664,20812,5103,4861,9937,9906,11538,13840,16197,21149,47599,49829,42023,44587,32908,42403,10907,19410,496697,275086,75468,36129,109231,59306,11651,34,33
2021-06-15T23:59:59+02:00,293,263,19272,17538,35146,29711,41343,38563,58851,58204,76587,75920,55976,59928,37426,48146,11649,20779,4900,4736,9414,9648,10836,13372,14691,19963,43347,45760,40475,42747,32431,41783,10840,19282,489492,257972,75353,36095,109224,58641,11492,34,32
2021-06-14T23:59:59+02:00,189,173,18152,16298,33894,28437,39881,37152,58264,57640,76194,75580,55849,59787,37381,48075,11640,20764,4773,4642,9071,9440,10360,13054,13520,18957,40717,43216,39403,41603,32141,41382,10808,19197,479739,246833,74915,36069,109220,57914,11443,33,32
2021-06-13T23:59:59+02:00,148,134,17648,15893,33412,28032,39390,36769,58051,57457,76047,75478,55822,59748,37359,48053,11637,20755,4687,4593,8926,9367,10197,12986,12915,18503,40248,42822,39168,41381,32081,41297,10802,19183,476659,245871,74613,34645,109213,57300,11315,33,32
2021-06-12T23:59:59+02:00,148,134,17644,15875,33400,28023,39383,36765,58046,57454,76043,75476,55821,59746,37358,48053,11637,20755,4680,4588,8915,9362,10185,12979,12903,18490,40065,42675,39145,41366,32077,41295,10802,19182,476592,245436,74609,34645,109213,57289,11314,33,32
2021-06-11T23:59:59+02:00,146,134,17560,15816,33255,27954,39210,36711,57926,57417,75973,75452,55809,59741,37356,48051,11637,20754,4597,4395,8754,8800,9991,12259,12667,17419,39577,41379,38991,41235,32059,41261,10800,19181,476258,244944,74198,34643,109107,52447,11306,33,32
2021-06-10T23:59:59+02:00,132,114,16714,15097,31835,27038,37966,35798,57244,56958,75565,75182,55719,59650,37317,48007,11626,20736,4342,4201,8196,8306,9311,11503,11934,16358,36738,38347,38191,40436,31893,41079,10784,19151,472369,237911,71224,34511,108826,48077,10246,33,32
2021-06-09T23:59:59+02:00,110,88,15935,14390,30555,26133,36747,34912,56669,56570,75224,74954,55638,59545,37290,47963,11613,20715,4161,4048,7836,8117,8849,11285,11320,15981,31682,33504,36702,38913,31649,40811,10763,19102,467711,224068,68780,34389,108785,46499,9742,33,32
2021-06-08T23:59:59+02:00,83,70,15014,13517,29175,25040,35379,33901,56053,56166,74930,74743,55565,59473,37268,47933,11609,20705,4081,3984,7682,8002,8696,11172,11029,15777,28879,30706,35751,37986,31489,40616,10739,19069,463134,216644,65334,34332,108745,45279,9378,33,32
2021-06-07T23:59:59+02:00,75,57,14382,12928,27804,24231,34227,33122,55578,55911,74688,74640,55529,59436,37252,47923,11609,20701,3989,3912,7488,7877,8396,11040,10663,15533,24567,26343,34294,36458,31267,40349,10711,19041,460016,204914,62306,34268,108714,43698,9024,33,31
2021-06-06T23:59:59+02:00,74,54,14060,12737,27020,23813,33578,32703,55271,55748,74534,74574,55510,59413,37238,47914,11607,20700,3922,3876,7339,7832,8241,10957,10346,15332,21765,23492,33298,35389,31128,40195,10704,19026,458882,202135,60256,29084,108690,42912,8687,33,31
2021-06-05T23:59:59+02:00,74,52,14031,12711,26977,23771,33550,32684,55266,55739,74529,74569,55506,59408,37233,47912,11607,20700,3900,3861,7304,7811,8194,10940,10285,15291,20340,21943,32506,34512,31058,40113,10700,19019,458765,197174,60151,29081,108684,42812,8686,33,31
2021-06-04T23:59:59+02:00,68,48,13802,12449,26667,23457,33214,32373,55206,55658,74490,74549,55497,59403,37232,47910,11607,20699,3869,3833,7226,7732,8137,10862,10205,15170,20233,21825,32433,34458,31026,40076,10697,19016,456869,197094,60089,29069,108652,41925,8686,33,31
2021-06-03T23:59:59+02:00,50,43,13235,11960,25630,22771,32078,31622,54716,55326,74175,74356,55426,59326,37198,47880,11601,20683,3741,3741,6954,7563,7857,10690,9879,14933,18352,19969,30466,32166,30753,39746,10674,18968,452537,188540,58589,29050,108639,40563,8278,33,28
2021-06-02T23:59:59+02:00,37,31,12545,11206,24634,21869,30937,30669,54452,55063,73984,74216,55375,59248,37182,47859,11593,20676,3706,3721,6897,7508,7801,10642,9795,14842,17833,19422,28538,29997,30654,39602,10667,18957,446227,183016,58411,29049,108638,40228,8268,32,28
2021-06-01T23:59:59+02:00,23,16,11416,10318,22500,20432,28400,28776,53041,54000,72981,73437,55074,58931,37062,47689,11559,20617,3478,3549,6400,7202,7198,10223,8943,14242,15898,17619,24774,25766,29975,38725,10591,18804,436734,169102,53939,28912,108601,38388,6966,32,26
2021-05-31T23:59:59+02:00,18,12,10551,9651,20664,19261,26352,27269,51934,53151,72278,72891,54858,58673,36989,47589,11545,20581,3337,3399,6067,6957,6799,9924,8405,13887,14837,16646,23586,24400,29588,38238,10531,18710,429944,163376,49571,28878,108583,36902,6137,32,25
2021-05-30T23:59:59+02:00,16,9,10199,9304,19941,18764,25646,26689,51594,52869,72046,72695,54782,58594,36964,47562,11537,20573,3154,3208,5717,6691,6510,9681,8188,13683,14577,16375,23293,24084,29478,38131,10516,18682,427361,162552,49163,28821,108550,35899,4678,32,25
2021-05-29T23:59:59+02:00,16,9,10183,9292,19923,18737,25628,26663,51582,52865,72041,72685,54780,58589,36963,47562,11536,20573,3152,3200,5714,6687,6505,9679,8180,13675,14567,16371,23282,24076,29474,38126,10515,18681,427204,162483,49163,28819,108550,35886,4678,32,25
2021-05-28T23:59:59+02:00,16,9,10118,9196,19787,18568,25366,26434,51423,52689,71895,72555,54743,58539,36950,47542,11533,20560,3106,3124,5622,6549,6405,9481,8069,13405,14375,16095,23130,23922,29421,38063,10508,18672,425556,162099,49126,28818,108533,34335,4677,31,25
2021-05-27T23:59:59+02:00,16,9,8854,7994,17380,16752,22583,24284,50332,51876,71229,72064,54546,58322,36859,47448,11520,20532,2809,2790,4780,5927,5512,8701,7279,12421,13254,14905,22148,22891,29039,37613,10453,18585,413628,158297,48172,28555,108397,29865,2372,31,25
2021-05-26T23:59:59+02:00,15,9,8451,7577,16503,15948,21393,23273,49727,51330,70815,71680,54395,58159,36793,47374,11509,20502,2622,2617,4414,5596,5036,8194,6802,11773,12287,13928,21253,21861,28728,37170,10407,18500,408032,154459,47441,28468,108326,26620,1624,30,24
2021-05-25T23:59:59+02:00,15,9,7876,6977,15259,15064,19943,22100,49248,50931,70569,71497,54327,58077,36771,47349,11505,20493,2547,2514,4223,5466,4790,7967,6527,11464,11733,13399,19123,19714,28360,36639,10372,18451,401267,148836,47200,28455,108282,24750,1231,30,24
2021-05-24T23:59:59+02:00,15,9,7790,6876,15035,14937,19657,21921,49147,50812,70526,71458,54326,58072,36770,47348,11503,20490,2503,2452,4139,5301,4695,7722,6403,11180,11593,13159,19009,19602,28309,36592,10365,18440,400127,148686,47122,28413,108197,23133,1216,30,23
2021-05-23T23:59:59+02:00,14,9,7774,6863,14999,14921,19603,21893,49138,50810,70522,71452,54325,58070,36770,47347,11503,20490,2501,2448,4132,5296,4686,7718,6399,11167,11572,13137,18870,19407,28278,36553,10363,18438,399944,148205,47122,28411,108197,23124,1210,30,22
2021-05-22T23:59:59+02:00,14,9,7771,6855,14989,14909,19593,21886,49138,50808,70519,71452,54325,58069,36770,47347,11503,20490,2499,2441,4125,5290,4684,7718,6396,11164,11563,13134,18858,19401,28277,36553,10363,18438,399890,148169,47122,28411,108197,23100,1208,30,22
2021-05-21T23:59:59+02:00,14,8,7697,6758,14859,14775,19388,21726,48897,50574,70377,71346,54298,58043,36763,47340,11498,20484,2428,2356,4039,5149,4581,7504,6273,10867,11394,12845,18792,19337,28261,36523,10360,18436,398320,147919,47119,28411,108172,21594,1205,29,22
2021-05-20T23:59:59+02:00,14,8,7423,6464,14275,14251,18449,20853,46214,48223,69226,70376,53946,57682,36655,47200,11467,20455,2166,2193,3677,4784,4139,6954,5719,10036,10308,11750,17519,18058,27756,35924,10287,18289,387345,142689,46957,28122,107866,17744,988,25,22
2021-05-19T23:59:59+02:00,13,7,7184,6240,13612,13768,17179,19853,42234,44735,67739,69073,53491,57160,36493,46976,11431,20403,2090,1994,3513,4444,3892,6431,5276,9355,9320,10639,16045,16413,27063,35012,10162,18080,372573,135543,46387,27979,107637,15232,969,25,12
2021-05-18T23:59:59+02:00,13,5,6985,6063,13069,13338,16082,18995,37517,40717,66288,67753,52936,56620,36346,46754,11389,20346,2043,1865,3375,4254,3707,6117,4944,8875,8456,9768,14467,14681,26355,34162,10072,17908,356480,128927,46327,27416,107480,13796,904,25,12
2021-05-17T23:59:59+02:00,13,5,6850,5967,12746,13089,15587,18605,35335,38849,65450,66971,52665,56307,36267,46646,11375,20309,1974,1805,3187,4074,3488,5890,4622,8505,7679,9068,11213,10669,25444,33015,9989,17739,352752,123721,42057,21337,107401,12496,801,25,12
2021-05-16T23:59:59+02:00,13,5,6787,5884,12621,12935,15414,18436,34846,38379,65265,66803,52610,56247,36257,46621,11370,20304,1917,1708,3084,3951,3408,5788,4516,8361,7498,8882,9022,8076,24963,32334,9955,17682,351281,122586,41553,15994,107366,11987,572,25,12
2021-05-15T23:59:59+02:00,13,5,6782,5875,12615,12929,15410,18432,34841,38376,65263,66801,52610,56246,36257,46621,11370,20304,1916,1707,3081,3945,3403,5785,4511,8358,7496,8879,9020,8074,24962,32334,9955,17682,351239,122555,41553,15994,107364,11984,569,25,12
2021-05-14T23:59:59+02:00,13,5,6585,5778,12372,12867,15178,18340,33867,37588,64727,66393,52514,56159,36240,46588,11368,20299,1800,1619,2970,3875,3346,5677,4461,8212,7450,8751,9013,8069,24961,32334,9955,17681,347876,122501,41521,15990,106903,11119,558,23,12
2021-05-13T23:59:59+02:00,13,5,6335,5591,11963,12613,14611,17891,30340,34801,62252,64318,51884,55485,36103,46369,11356,20251,1757,1581,2913,3798,3314,5585,4418,8108,7368,8632,8976,8011,24941,32293,9950,17677,333892,122255,41298,15966,106473,10599,495,23,12
2021-05-12T23:59:59+02:00,13,5,6319,5568,11891,12550,14503,17784,29705,34225,61746,63866,51712,55312,36067,46324,11349,20238,1757,1578,2912,3798,3309,5585,4416,8107,7366,8626,8969,8008,24941,32291,9950,17676,330903,122233,41288,15956,106468,10598,495,23,12
2021-05-11T23:59:59+02:00,12,5,5995,5434,11449,12273,13958,17401,25445,30739,59366,61861,51052,54632,35878,46078,11328,20175,1715,1462,2809,3537,3188,5209,4277,7662,7212,8301,8885,7927,24912,32251,9947,17665,315974,121995,41235,15767,105481,8820,371,20,11
2021-05-10T23:59:59+02:00,12,5,5868,5361,11286,12158,13739,17233,21979,27981,58121,60745,50690,54281,35786,45955,11313,20144,1677,1367,2725,3308,3086,4878,4168,7172,7090,7863,8844,7867,24900,32230,9945,17661,306067,121852,41074,15618,105189,6998,307,20,11
2021-05-09T23:59:59+02:00,12,5,5791,5329,11199,12096,13639,17152,20379,26800,57656,60361,50588,54183,35760,45914,11306,20139,1660,1347,2668,3183,3035,4737,4123,7052,7031,7765,8832,7853,24893,32224,9944,17661,305501,121794,37505,15573,104989,6341,294,20,11
2021-05-08T23:59:59+02:00,12,5,5787,5326,11187,12092,13629,17143,20371,26794,57647,60355,50585,54175,35756,45911,11304,20136,1659,1347,2668,3181,3035,4737,4120,7049,7030,7764,8831,7853,24892,32222,9944,17661,305409,121779,37504,15573,104988,6341,294,20,11
2021-05-07T23:59:59+02:00,12,5,5747,5291,11122,12042,13523,17065,19915,26437,56649,59546,50455,54044,35727,45881,11301,20122,1555,1303,2588,3137,2995,4709,4086,7025,7007,7732,8824,7845,24890,32221,9944,17660,302243,121746,37488,15566,104844,5914,289,20,11
2021-05-06T23:59:59+02:00,12,5,5492,5179,10608,11733,12817,16612,18621,25450,52391,55893,49259,52665,35396,45481,11249,20019,1330,1171,2352,2964,2825,4544,3934,6826,6855,7580,8749,7767,24869,32185,9941,17653,287112,121474,37302,15428,104290,4477,160,18,11
2021-05-05T23:59:59+02:00,12,5,5232,5080,10115,11498,12062,16162,17289,24470,48022,51751,47589,50746,34959,44912,11174,19899,1284,1076,2290,2837,2742,4364,3840,6588,6747,7381,8636,7674,24808,32111,9935,17637,269935,120999,37076,15383,103902,3516,46,18,11
2021-05-04T23:59:59+02:00,12,5,5149,4995,9798,11286,11609,15772,16314,23602,46150,49720,46522,49438,34586,44424,11108,19790,1272,1057,2261,2796,2701,4278,3788,6481,6674,7305,8594,7635,24788,32095,9934,17632,259566,120781,37052,15322,103621,3159,23,18,11
2021-05-03T23:59:59+02:00,12,5,5046,4908,9450,11118,11146,15509,15251,22738,44576,48100,45641,48484,34366,44085,11080,19701,1257,1031,2229,2765,2659,4214,3740,6427,6600,7251,8025,6947,23055,29774,9796,17395,250544,114986,37044,15240,103595,2918,15,18,11
2021-05-02T23:59:59+02:00,12,5,4984,4889,9335,11082,11002,15448,14639,22249,44057,47690,45500,48318,34319,44023,11074,19690,1253,1026,2212,2762,2646,4206,3712,6414,6580,7237,7836,6704,21090,27372,9750,17307,249336,114966,35412,10248,103540,2877,10,18,11
2021-05-01T23:59:59+02:00,12,5,4984,4887,9330,11078,10999,15446,14635,22245,44055,47686,45499,48318,34319,44023,11074,19690,1252,1026,2212,2762,2646,4206,3711,6414,6578,7237,7836,6703,21090,27372,9750,17307,249306,114962,35412,10248,103539,2876,10,18,11
2021-04-30T23:59:59+02:00,12,5,4937,4865,9263,11063,10944,15421,14560,22219,42571,46273,45164,47986,34282,43971,11069,19680,1043,931,2014,2672,2546,4145,3625,6354,6516,7179,7829,6686,21089,27370,9750,17307,245318,114953,35412,10246,103527,1843,10,18,9
2021-04-29T23:59:59+02:00,12,4,4694,4783,8793,10912,10338,15250,13875,22011,37642,41959,44154,46958,34161,43853,11065,19650,863,854,1841,2593,2460,4079,3516,6284,6443,7130,7807,6667,21084,27364,9750,17307,231590,114913,35309,10144,103187,971,10,18,9
2021-04-28T23:59:59+02:00,12,4,4519,4748,8543,10827,9986,15160,13520,21857,33004,37458,42908,45704,34035,43706,11051,19632,821,824,1804,2547,2427,4003,3480,6175,6393,7038,7788,6648,21072,27351,9745,17300,218381,114828,35291,10096,102977,479,9,16,9
2021-04-27T23:59:59+02:00,11,3,4288,4533,8200,10378,9602,14580,13052,21209,31876,36331,42629,45422,34019,43678,11047,19629,793,810,1770,2523,2409,3985,3462,6156,6358,7011,7776,6639,21067,27346,9742,17294,215657,114768,35281,10065,99524,295,9,16,9
2021-04-26T23:59:59+02:00,11,3,4267,4505,8125,10341,9494,14524,12904,21150,27467,31945,41413,44199,33939,43578,11034,19619,760,799,1740,2504,2379,3964,3438,6135,6306,6965,7729,6590,21037,27316,9742,17287,203779,114566,35272,10021,99443,91,9,15,9
2021-04-25T23:59:59+02:00,11,3,4244,4492,8093,10314,9431,14492,12811,21104,25500,29903,40711,43438,33893,43520,11030,19614,748,791,1728,2490,2361,3949,3412,6114,6273,6936,7707,6570,21020,27295,9741,17283,203112,114540,30161,9779,99308,87,8,15,9
2021-04-24T23:59:59+02:00,11,3,4225,4481,8063,10285,9390,14476,12760,21082,23998,28238,39954,42599,33828,43444,11027,19608,747,790,1725,2488,2360,3946,3412,6110,6273,6933,7705,6568,21019,27295,9741,17283,198049,114520,30161,9778,99239,85,8,15,9
2021-04-23T23:59:59+02:00,10,3,3960,4329,7593,9988,8960,14120,12198,20679,23520,27938,39868,42538,33807,43410,11021,19601,733,780,1708,2475,2340,3930,3389,6088,6251,6914,7691,6550,21014,27284,9741,17282,197701,114505,30146,9580,95674,73,8,14,9
2021-04-22T23:59:59+02:00,10,3,3867,4272,7403,9871,8682,13926,11755,20352,21194,25581,37115,39296,33280,42741,10950,19482,720,771,1680,2445,2282,3873,3316,6016,6141,6818,7612,6464,20961,27240,9738,17267,184687,114384,29957,8878,95114,71,8,14,8
2021-04-21T23:59:59+02:00,10,3,3839,4240,7276,9793,8501,13755,11421,20063,19933,24378,33905,35583,32796,42038,10888,19356,696,753,1646,2417,2238,3849,3283,5983,6099,6779,7584,6437,20943,27216,9735,17263,172936,114278,29784,8565,95036,67,8,14,8
2021-04-20T23:59:59+02:00,10,3,3805,4214,7171,9724,8287,13599,11054,19765,18839,23231,30595,31935,32323,41439,10829,19247,688,743,1631,2405,2205,3827,3240,5938,6058,6736,7544,6391,20918,27192,9729,17260,161307,114120,29762,8309,94979,65,8,14,8
2021-04-19T23:59:59+02:00,10,3,3786,4197,7097,9686,8169,13490,10799,19579,18174,22568,29722,30806,32031,41073,10787,19172,680,738,1609,2391,2181,3797,3205,5905,6024,6705,7499,6358,20887,27164,9727,17256,156469,113987,29745,8065,94913,63,8,14,8
2021-04-18T23:59:59+02:00,10,3,3783,4191,7081,9672,8154,13471,10764,19555,18086,22486,29600,30681,32003,41051,10784,19164,678,734,1594,2379,2164,3782,3180,5879,5995,6682,7477,6345,20868,27142,9724,17253,155977,113928,29677,7875,94863,62,8,14,8
2021-04-17T23:59:59+02:00,10,3,3782,4189,7079,9670,8151,13471,10758,19548,18073,22475,29578,30668,32001,41049,10784,19164,677,734,1593,2378,2163,3781,3177,5878,5993,6680,7477,6345,20868,27142,9724,17253,155898,113915,29676,7875,94857,62,8,14,8
2021-04-16T23:59:59+02:00,10,3,3615,4151,6734,9541,7785,13284,10360,19302,17623,22201,29377,30509,31919,40960,10769,19145,665,716,1581,2363,2136,3766,3123,5841,5950,6630,7384,6256,20456,26577,9694,17192,155148,112591,29668,7669,92450,59,8,14,8
2021-04-15T23:59:59+02:00,10,3,3514,4072,6382,9170,7208,12784,9584,18466,16297,20970,28180,29217,31399,40318,10689,18970,635,693,1529,2324,2054,3679,3015,5721,5622,6392,6888,5871,19727,25668,9598,17024,149405,109245,29375,7130,88431,54,8,14,8
2021-04-14T23:59:59+02:00,9,3,3459,4022,6146,8932,6878,12407,8962,17915,15180,19940,26770,27713,30767,39442,10581,18775,600,667,1483,2286,1980,3601,2873,5598,5311,6156,6341,5358,18714,24382,9513,16851,142602,104980,29176,6675,86102,48,8,13,8
2021-04-13T23:59:59+02:00,9,3,3427,3991,6054,8855,6729,12278,8660,17669,14378,19248,23418,24159,29835,38261,10477,18603,595,658,1470,2264,1953,3568,2777,5527,5095,5973,5980,5021,18416,24038,9474,16785,130975,102891,29165,6645,85893,47,8,13,8
2021-04-12T23:59:59+02:00,9,3,3405,3970,6004,8798,6641,12194,8443,17474,13761,18719,22416,23007,29411,37703,10408,18481,585,650,1460,2256,1930,3547,2721,5476,4947,5869,5664,4740,18123,23736,9436,16725,125895,101308,29146,6499,85785,47,8,13,8
2021-04-11T23:59:59+02:00,9,3,3399,3964,5986,8774,6613,12177,8403,17451,13672,18658,22286,22859,29360,37638,10399,18456,582,645,1447,2246,1917,3539,2704,5460,4910,5832,5605,4682,17950,23502,9415,16696,125354,100647,29079,6427,85653,47,8,13,8
2021-04-10T23:59:59+02:00,9,3,3391,3963,5963,8773,6591,12176,8382,17450,13647,18656,22281,22856,29356,37637,10399,18456,581,643,1441,2240,1912,3536,2698,5452,4894,5822,5593,4665,17789,23249,9401,16672,125332,100137,28988,6394,85649,47,7,13,8
2021-04-09T23:59:59+02:00,8,3,3353,3951,5915,8761,6533,12160,8343,17423,13596,18610,20328,20448,28875,37022,10369,18407,568,630,1416,2218,1885,3513,2656,5416,4823,5760,5478,4561,17212,22517,9363,16601,124643,98372,23876,6196,85568,39,7,11,8
2021-04-08T23:59:59+02:00,8,3,3329,3932,5845,8729,6458,12121,8253,17359,13452,18492,17739,17387,28351,36358,10332,18357,526,600,1328,2137,1791,3416,2476,5231,4327,5395,4675,3954,15436,20296,9178,16300,123777,91404,18020,5625,84691,28,6,11,8
2021-04-07T23:59:59+02:00,6,3,3251,3904,5635,8679,6251,12062,8045,17284,13190,18397,15077,14322,27673,35561,10302,18304,503,572,1275,2082,1697,3336,2324,5091,3916,5063,3959,3390,14585,19433,9066,16119,123569,87100,16485,5279,77876,24,5,11,8
2021-04-06T23:59:59+02:00,5,3,3223,3894,5590,8661,6181,12039,7958,17247,13116,18326,13094,11959,27041,34848,10289,18274,472,550,1206,2027,1612,3255,2162,4973,3543,4786,3433,2982,13745,18435,8992,16003,123441,83470,16283,4679,72008,20,5,11,7
2021-04-05T23:59:59+02:00,5,3,3221,3891,5554,8648,6144,12027,7913,17231,13044,18290,13048,11913,27030,34832,10288,18271,440,520,1154,1990,1560,3214,2094,4919,3455,4710,3376,2930,13602,18265,8983,15985,123418,82979,16075,4192,71845,20,4,11,7
2021-04-04T23:59:59+02:00,5,3,3220,3889,5554,8646,6142,12026,7912,17228,13044,18290,13045,11913,27029,34832,10288,18271,439,519,1153,1990,1560,3214,2094,4919,3455,4710,3376,2930,13601,18265,8983,15985,123407,82975,16075,4192,71840,20,4,11,7
2021-04-03T23:59:59+02:00,5,3,3219,3889,5554,8645,6142,12026,7912,17228,13044,18290,13045,11912,27028,34829,10288,18271,439,518,1153,1990,1559,3214,2094,4918,3449,4707,3370,2919,13514,18129,8974,15969,123402,82698,16075,4192,71838,20,4,11,7
2021-04-02T23:59:59+02:00,5,3,3219,3886,5551,8640,6138,12017,7903,17216,13019,18259,12998,11860,27000,34811,10285,18267,436,511,1151,1986,1547,3205,2084,4896,3419,4674,3339,2890,12585,16884,8909,15861,123236,80242,16072,4111,71754,20,4,11,5
2021-04-01T23:59:59+02:00,5,3,3204,3872,5512,8620,6071,11984,7832,17181,12905,18188,12882,11734,26941,34735,10276,18252,389,468,1054,1919,1448,3118,1935,4784,3221,4541,3109,2691,10567,14299,8799,15686,122918,74682,15949,3323,71316,20,3,11,5
2021-03-31T23:59:59+02:00,5,3,3203,3858,5495,8586,6039,11948,7790,17136,12825,18119,12769,11609,26890,34675,10268,18243,351,447,1018,1877,1377,3078,1831,4681,2966,4347,2698,2375,8000,11073,8624,15448,122609,67185,15910,2983,70928,19,3,11,5
2021-03-30T23:59:59+02:00,5,3,3195,3848,5470,8558,6007,11917,7751,17096,12748,18053,12683,11471,26853,34628,10263,18233,330,428,995,1845,1317,3043,1707,4601,2719,4175,2326,2127,7115,9987,8558,15322,122479,63866,15879,2708,70411,18,2,11,5
2021-03-29T23:59:59+02:00,5,3,3183,3844,5441,8539,5972,11884,7707,17063,12675,17975,12039,10714,24992,32136,10115,17977,324,426,988,1830,1296,3018,1672,4561,2573,4089,2040,1978,6465,9277,8514,15244,116497,61571,15709,2705,70045,16,2,11,5
2021-03-28T23:59:59+02:00,5,3,3153,3828,5394,8501,5923,11842,7626,17008,12565,17906,11776,10412,23007,29675,10060,17878,323,424,985,1829,1288,3014,1668,4559,2561,4081,2015,1958,6443,9263,8512,15239,116437,61443,10531,2702,69581,16,2,11,3
2021-03-27T23:59:59+01:00,5,3,3141,3824,5355,8490,5887,11827,7579,16993,12519,17859,11742,10369,23003,29667,10060,17878,323,424,985,1829,1288,3014,1667,4557,2559,4079,2013,1956,6394,9188,8479,15190,116369,61226,10530,2702,69289,16,2,11,3
2021-03-26T23:59:59+01:00,5,3,3005,3499,4906,7332,5391,10507,6967,14946,11710,15585,11523,10188,22520,28941,10015,17807,322,420,980,1826,1283,3010,1664,4555,2554,4072,2005,1950,6264,9001,8336,15005,114823,60551,10276,2690,59738,5,2,11,3
2021-03-25T23:59:59+01:00,5,3,2879,3230,4746,6565,5165,9356,6643,13226,10986,13784,10666,9385,21806,28103,9942,17652,317,411,974,1816,1268,2991,1644,4520,2517,4023,1939,1891,5974,8573,8063,14559,111924,58789,9589,2686,52616,4,2,11,3
2021-03-24T23:59:59+01:00,5,3,2831,3186,4670,6504,5031,9250,6437,13056,10475,13379,9834,8564,20797,26848,9846,17471,315,406,966,1810,1251,2980,1629,4496,2471,3966,1871,1815,5611,8101,7652,13893,107923,56558,9242,2672,51012,4,0,10,3
2021-03-23T23:59:59+01:00,5,3,2802,3153,4602,6438,4921,9156,6226,12895,10019,12957,9124,7897,20288,26245,9794,17366,303,393,948,1801,1236,2960,1601,4474,2416,3917,1791,1750,5335,7723,7264,13278,105551,54517,8910,2671,49421,3,0,9,3
2021-03-22T23:59:59+01:00,5,3,2786,3116,4542,6400,4845,9088,6087,12758,9658,12684,8520,7332,19872,25808,9734,17272,301,389,936,1795,1221,2945,1588,4460,2389,3891,1765,1729,5198,7548,6822,12467,104076,52775,8651,2666,47774,3,0,9,2
2021-03-21T23:59:59+01:00,5,3,2779,3101,4497,6378,4794,9052,5995,12690,9470,12496,8216,7074,19704,25641,9722,17247,301,389,935,1795,1219,2945,1587,4459,2386,3891,1758,1723,5189,7543,6792,12410,103876,52670,8421,2649,46558,3,0,9,2
2021-03-20T23:59:59+01:00,5,3,2779,3096,4489,6373,4788,9049,5991,12682,9450,12482,8183,7043,19530,25364,9706,17221,301,389,935,1794,1218,2945,1586,4458,2382,3883,1746,1710,5176,7494,6616,12174,103319,52179,8409,2625,46497,3,0,9,2
2021-03-19T23:59:59+01:00,5,3,2744,3073,4415,6330,4679,8999,5851,12625,9184,12294,7878,6818,19046,24773,9674,17162,301,389,934,1793,1218,2942,1583,4457,2376,3878,1730,1702,5140,7451,6214,11558,102019,51058,8167,2605,45358,3,0,9,2
2021-03-18T23:59:59+01:00,5,3,2678,3000,4253,6194,4430,8793,5493,12316,8279,11625,6616,5806,17796,23416,9526,16937,298,385,929,1783,1204,2929,1545,4442,2309,3832,1652,1660,5068,7345,5485,10450,97135,48752,7625,2563,42397,2,0,9,1
2021-03-17T23:59:59+01:00,5,3,2640,2961,4173,6097,4293,8685,5238,12041,7603,11057,5630,4911,16451,21885,9361,16683,294,384,925,1774,1200,2921,1528,4420,2242,3806,1586,1615,5023,7281,4913,9572,91734,46975,7122,2508,40852,2,0,9,1
2021-03-16T23:59:59+01:00,5,3,2620,2933,4110,6030,4201,8589,5063,11885,7153,10668,4869,4294,15600,20909,9259,16514,290,382,922,1769,1197,2914,1520,4410,2220,3787,1556,1598,4986,7238,4411,8767,88108,45537,7086,2429,39502,2,0,9,1
2021-03-15T23:59:59+01:00,5,3,2617,2922,4094,6012,4170,8563,5013,11838,7036,10554,4724,4134,15282,20499,9230,16455,288,379,921,1763,1190,2907,1506,4401,2198,3764,1515,1581,4926,7164,3834,7908,87342,43955,6990,2290,38810,1,0,9,1
2021-03-14T23:59:59+01:00,5,2,2612,2913,4073,5993,4140,8544,4970,11805,6943,10465,4620,4023,15152,20330,9214,16419,286,378,921,1761,1184,2900,1501,4390,2187,3757,1505,1574,4918,7156,3829,7895,87038,43894,6972,2248,38205,1,0,8,1
2021-03-13T23:59:59+01:00,5,2,2608,2905,4069,5981,4132,8538,4962,11796,6923,10451,4598,3997,14836,19893,9194,16383,286,378,921,1761,1184,2900,1501,4390,2187,3757,1505,1574,4918,7155,3829,7895,86154,43893,6949,2248,38162,1,0,8,1
2021-03-12T23:59:59+01:00,5,2,2545,2829,3958,5811,4013,8317,4824,11497,6745,10181,4445,3859,13914,18638,9133,16281,286,377,919,1758,1184,2897,1499,4385,2186,3750,1497,1572,4910,7136,3827,7880,83694,43816,6887,2247,36410,1,0,6,1
2021-03-11T23:59:59+01:00,4,2,2420,2603,3734,5482,3757,7879,4499,10732,6117,9367,3925,3358,12320,16651,9035,16134,286,376,915,1755,1181,2883,1490,4373,2174,3722,1455,1543,4869,7101,3815,7853,79384,43667,6725,2124,31905,1,0,5,1
2021-03-10T23:59:59+01:00,4,2,2297,2470,3581,5249,3563,7556,4233,10245,5564,8799,3355,2914,10053,13935,8890,15907,283,372,911,1746,1174,2872,1485,4357,2150,3706,1426,1535,4838,7086,3806,7845,73089,43598,6555,1995,28968,0,0,5,1
2021-03-09T23:59:59+01:00,4,2,2270,2417,3515,5163,3449,7467,4062,10050,5171,8448,2878,2556,8545,11922,8788,15758,282,371,911,1740,1167,2863,1481,4349,2142,3695,1412,1530,4830,7081,3803,7843,68234,43557,6405,1944,27821,0,0,5,1
2021-03-08T23:59:59+01:00,4,2,2246,2347,3457,5097,3375,7382,3938,9938,4879,8258,2431,2295,6626,9524,8669,15584,282,368,910,1730,1161,2847,1475,4338,2138,3688,1401,1523,4813,7059,3796,7834,62555,43446,6070,1918,27422,0,0,5,1
2021-03-07T23:59:59+01:00,4,2,2183,2291,3360,4989,3279,7293,3841,9851,4744,8163,2380,2244,6604,9503,8669,15576,282,367,909,1730,1161,2847,1474,4338,2138,3688,1401,1523,4813,7059,3796,7834,62427,43444,5389,1918,27155,0,0,5,0
2021-03-06T23:59:59+01:00,4,2,2175,2278,3348,4980,3275,7288,3832,9842,4733,8160,2378,2242,6558,9433,8637,15527,282,367,908,1726,1160,2846,1474,4335,2134,3683,1400,1518,4807,7054,3794,7825,62218,43397,5329,1918,27140,0,0,5,0
2021-03-05T23:59:59+01:00,4,2,2045,2194,3124,4791,3037,6977,3555,9446,4405,7823,2291,2181,6351,9116,8446,15266,282,365,906,1723,1160,2845,1473,4329,2131,3677,1394,1516,4801,7047,3793,7819,61242,43345,4491,1918,25316,0,0,5,0
2021-03-04T23:59:59+01:00,4,2,1791,1974,2714,4357,2580,6338,2989,8542,3720,7009,2076,2021,6060,8750,8172,14812,279,364,905,1715,1158,2828,1472,4313,2122,3665,1383,1514,4789,7033,3786,7808,59604,43221,3218,1915,21084,0,0,5,0
2021-03-03T23:59:59+01:00,4,2,1720,1887,2607,4177,2448,6113,2852,8258,3537,6746,1994,1944,5722,8277,7819,14233,278,360,905,1705,1156,2805,1468,4289,2117,3650,1359,1503,4784,7027,3782,7801,57604,43076,3075,1915,19656,0,0,5,0
2021-03-02T23:59:59+01:00,4,2,1683,1806,2539,4059,2367,5963,2747,8077,3422,6595,1922,1877,5414,7840,7420,13565,276,355,902,1686,1153,2784,1465,4270,2116,3639,1334,1497,4774,7011,3776,7794,55520,42919,2833,1915,18944,0,0,5,0
2021-03-01T23:59:59+01:00,2,2,1674,1780,2500,3951,2319,5848,2710,7975,3369,6517,1882,1857,5275,7675,6949,12701,276,353,898,1680,1151,2772,1463,4257,2114,3624,1329,1492,4771,7009,3775,7788,53664,42839,2821,1915,18496,0,0,5,0
2021-02-28T23:59:59+01:00,2,2,1657,1743,2465,3880,2289,5793,2667,7895,3342,6471,1876,1853,5267,7670,6914,12642,276,353,897,1680,1151,2772,1463,4256,2114,3623,1329,1492,4771,7008,3775,7788,53542,42836,2819,1914,18062,0,0,5,0
2021-02-27T23:59:59+01:00,2,2,1655,1737,2461,3872,2285,5793,2666,7894,3340,6468,1870,1843,5258,7626,6744,12423,276,353,887,1675,1141,2765,1453,4247,2098,3614,1328,1489,4771,7007,3775,7788,53080,42832,2819,1837,18035,0,0,5,0
2021-02-26T23:59:59+01:00,2,1,1465,1581,2336,3629,2207,5388,2574,7390,3253,6010,1855,1817,5233,7593,6485,12034,275,351,880,1668,1133,2745,1447,4226,2088,3601,1321,1480,4763,6995,3771,7775,52336,42753,2798,1768,15714,0,0,5,0
2021-02-25T23:59:59+01:00,2,1,1248,1304,2116,3195,2033,4631,2377,6445,3012,5112,1766,1745,5182,7514,5917,11194,273,343,874,1608,1099,2650,1414,4115,2032,3527,1284,1459,4723,6954,3753,7724,50469,42292,2784,1542,11537,0,0,4,0
2021-02-24T23:59:59+01:00,2,1,1195,1094,2009,2926,1928,4292,2244,6039,2842,4843,1691,1690,5124,7424,5162,10017,271,337,836,1561,1049,2559,1354,3999,1942,3399,1244,1432,4708,6928,3743,7707,48141,42035,2772,1036,9606,0,0,4,0
2021-02-23T23:59:59+01:00,2,1,1180,1045,1975,2862,1902,4194,2218,5954,2809,4781,1683,1675,5089,7375,4532,8996,271,336,809,1533,1002,2507,1301,3921,1836,3326,1192,1407,4685,6903,3732,7673,46371,41838,2745,598,9153,0,0,4,0
2021-02-22T23:59:59+01:00,2,1,1172,1004,1924,2719,1858,4048,2163,5758,2755,4675,1672,1664,5055,7327,3929,8112,269,326,766,1494,948,2424,1213,3815,1696,3231,1103,1350,4644,6833,3707,7570,44766,41383,2725,8,8344,0,0,3,0
2021-02-21T23:59:59+01:00,2,1,1170,990,1893,2657,1832,3951,2136,5654,2735,4612,1664,1658,5052,7318,3929,8108,267,324,762,1488,940,2392,1211,3779,1683,3191,1094,1335,4628,6808,3685,7529,44713,41110,2714,8,7932,0,0,3,0
2021-02-20T23:59:59+01:00,2,1,1170,990,1893,2656,1831,3951,2136,5654,2733,4607,1655,1650,5048,7312,3927,8105,267,324,762,1487,939,2388,1210,3775,1682,3189,1094,1335,4575,6747,3639,7470,44699,40878,2689,7,7930,0,0,3,0
2021-02-19T23:59:59+01:00,2,1,1170,987,1890,2651,1830,3942,2135,5645,2730,4604,1636,1642,5035,7295,3924,8099,266,323,758,1478,931,2364,1203,3733,1655,3136,1067,1297,4385,6494,3462,7179,44619,39726,2670,7,7926,0,0,3,0
2021-02-18T23:59:59+01:00,2,1,1138,904,1851,2532,1791,3804,2082,5439,2669,4429,1620,1626,5019,7261,3919,8073,238,294,713,1354,882,2159,1117,3398,1539,2841,958,1110,3902,5723,3070,6330,44464,35623,2637,7,7056,0,0,3,0
2021-02-17T23:59:59+01:00,2,1,1089,775,1770,2299,1714,3505,1973,5079,2594,4180,1597,1617,4998,7247,3911,8069,233,291,703,1336,873,2137,1105,3363,1520,2820,951,1107,3522,5202,2778,5909,44423,33845,2581,7,5413,0,0,3,0
2021-02-16T23:59:59+01:00,2,1,1048,739,1712,2195,1646,3334,1902,4873,2516,4074,1562,1603,4971,7226,3902,8057,227,285,689,1302,852,2083,1074,3246,1481,2735,928,1084,3171,4657,2440,5420,44370,31671,2419,5,4571,0,0,3,0
2021-02-15T23:59:59+01:00,2,1,1041,723,1693,2119,1627,3234,1883,4764,2502,3996,1534,1589,4942,7209,3870,8001,215,275,674,1267,833,2033,1054,3180,1439,2670,897,1053,2753,4108,2114,4859,44241,29422,2336,4,4150,0,0,3,0
2021-02-14T23:59:59+01:00,2,1,945,689,1615,2085,1566,3215,1839,4742,2467,3983,1527,1586,4933,7197,3867,7996,208,263,665,1249,814,1993,1038,3114,1409,2602,867,1008,2664,3968,2042,4676,44199,28579,2300,3,3755,0,0,1,0
2021-02-13T23:59:59+01:00,2,1,892,665,1585,2062,1551,3207,1823,4735,2459,3982,1526,1585,4933,7197,3866,7995,206,262,663,1249,814,1989,1038,3112,1408,2600,866,1008,2562,3843,1978,4576,44193,28173,2300,3,3572,0,0,1,0
2021-02-12T23:59:59+01:00,2,1,558,517,1235,1946,1379,3104,1683,4653,2352,3912,1507,1576,4924,7186,3860,7989,194,256,650,1223,800,1945,1012,3027,1352,2501,804,934,2339,3532,1836,4275,44080,26680,2300,2,2003,0,0,1,0
2021-02-11T23:59:59+01:00,2,1,392,440,1045,1833,1277,2985,1584,4539,2264,3823,1400,1532,4862,7137,3839,7942,156,192,550,979,664,1500,812,2358,1074,1911,567,685,1741,2660,1355,3088,43728,20293,2102,1,1066,0,0,1,0
2021-02-10T23:59:59+01:00,2,1,279,368,919,1728,1177,2862,1489,4354,2151,3700,1363,1519,4843,7126,3834,7940,134,130,379,618,492,1011,642,1747,906,1577,546,670,1335,2099,1040,2593,43652,15921,1998,0,4,0,0,1,0
2021-02-09T23:59:59+01:00,2,1,279,367,918,1722,1174,2853,1489,4348,2150,3695,1356,1516,4841,7124,3833,7938,131,128,370,588,473,984,621,1718,881,1546,544,667,956,1634,763,2189,43627,14195,1975,0,3,0,0,1,0
2021-02-08T23:59:59+01:00,2,1,279,365,917,1720,1171,2843,1482,4343,2148,3691,1351,1512,4839,7124,3832,7935,126,122,359,577,465,967,610,1685,863,1520,536,662,565,1147,460,1764,43599,12430,1952,0,3,0,0,1,0
2021-02-07T23:59:59+01:00,2,1,279,365,915,1720,1170,2843,1480,4341,2148,3691,1351,1512,4839,7123,3832,7935,122,119,355,571,464,960,607,1673,853,1504,528,658,564,1137,455,1749,43595,12321,1951,0,0,0,0,1,0
2021-02-06T23:59:59+01:00,2,1,279,365,915,1720,1170,2843,1480,4341,2148,3691,1351,1512,4839,7123,3832,7935,119,116,353,567,463,959,607,1671,853,1503,527,657,564,1137,455,1749,43595,12302,1951,0,0,0,0,1,0
2021-02-05T23:59:59+01:00,2,1,279,364,914,1720,1170,2842,1478,4340,2147,3691,1351,1512,4838,7121,3832,7932,118,108,350,563,455,946,603,1661,839,1480,522,647,558,1121,445,1727,43582,12145,1951,0,0,0,0,1,0
2021-02-04T23:59:59+01:00,2,1,276,359,907,1682,1163,2796,1477,4288,2134,3648,1343,1505,4810,7090,3821,7902,89,71,233,390,331,687,474,1271,628,1111,392,514,468,913,388,1485,43253,9446,1950,0,0,0,0,1,0
2021-02-03T23:59:59+01:00,2,1,274,350,902,1657,1159,2761,1466,4238,2125,3612,1335,1489,4788,7061,3809,7876,55,33,81,166,152,341,232,597,303,541,211,278,273,575,226,944,42954,5009,1950,0,0,0,0,1,0
2021-02-02T23:59:59+01:00,2,1,273,348,901,1645,1155,2742,1463,4206,2118,3586,1327,1483,4781,7048,3802,7854,16,10,26,49,60,97,73,164,97,121,45,74,67,126,50,193,42784,1269,1950,0,0,0,0,1,0
2021-02-01T23:59:59+01:00,2,1,273,343,901,1643,1154,2741,1462,4202,2117,3580,1326,1482,4779,7047,3802,7854,14,9,22,43,51,88,60,136,74,102,39,65,57,116,49,180,42758,1106,1950,0,0,0,0,1,0
2021-01-31T23:59:59+01:00,2,1,273,342,901,1639,1153,2737,1462,4197,2117,3577,1325,1482,4779,7046,3802,7854,13,8,21,38,44,80,54,125,64,96,34,54,47,108,46,174,42738,1007,1950,0,0,0,0,1,0
2021-01-30T23:59:59+01:00,2,1,273,342,896,1636,1145,2729,1454,4191,2113,3574,1325,1482,4726,6986,3756,7795,13,8,21,37,44,80,53,124,64,96,34,54,47,108,46,174,42509,1004,1916,0,0,0,0,1,0
2021-01-29T23:59:59+01:00,2,1,272,341,881,1628,1133,2708,1442,4161,2091,3547,1316,1476,4563,6783,3592,7591,11,8,21,37,41,80,52,122,61,95,32,49,46,108,46,174,41722,984,1805,0,0,0,0,1,0
2021-01-28T23:59:59+01:00,2,1,268,328,862,1541,1093,2598,1405,4061,2021,3472,1289,1464,4229,6314,3329,7238,7,4,10,17,22,39,21,56,36,63,20,31,31,70,36,117,39954,581,1560,0,0,0,0,1,0
2021-01-27T23:59:59+01:00,2,1,262,325,820,1486,1046,2504,1342,3964,1947,3365,1250,1437,3818,5749,3012,6779,3,4,10,8,12,21,8,22,14,29,11,13,15,39,14,56,38000,280,1108,0,0,0,0,1,0
2021-01-26T23:59:59+01:00,2,1,256,316,786,1440,981,2419,1281,3837,1830,3260,1192,1386,3474,5195,2664,6269,1,1,6,3,5,7,4,2,3,8,6,5,3,7,3,8,35926,73,662,0,0,0,0,1,0
2021-01-25T23:59:59+01:00,2,1,246,307,734,1379,920,2300,1180,3692,1670,3141,1113,1356,3081,4684,2355,5803,1,1,6,2,3,7,2,2,3,8,6,5,3,7,3,8,33904,68,60,0,0,0,0,0,0
2021-01-24T23:59:59+01:00,2,1,243,307,728,1375,909,2284,1175,3676,1643,3111,1107,1354,3055,4648,2338,5781,1,1,4,2,3,7,2,2,3,8,6,5,3,7,3,8,33730,66,7,0,0,0,0,0,0
2021-01-23T23:59:59+01:00,2,1,242,306,727,1375,909,2280,1174,3674,1640,3109,1106,1354,2950,4522,2272,5680,1,1,4,2,2,7,2,2,3,8,6,5,3,7,3,8,33317,65,6,0,0,0,0,0,0
2021-01-22T23:59:59+01:00,2,1,241,303,725,1359,907,2267,1168,3660,1636,3105,1104,1353,2791,4328,2170,5538,1,1,4,2,2,7,2,2,3,8,6,5,3,7,3,8,32652,65,6,0,0,0,0,0,0
2021-01-21T23:59:59+01:00,2,1,237,274,662,1203,839,2055,1087,3375,1539,2899,1061,1311,2448,3862,1881,5103,1,0,4,1,2,7,2,2,3,8,6,4,3,7,3,8,29833,62,6,0,0,0,0,0,0
2021-01-20T23:59:59+01:00,2,1,213,210,502,851,664,1565,887,2674,1302,2431,966,1177,1919,3116,1472,4339,1,0,4,1,2,7,2,2,3,6,5,4,3,7,3,8,24285,59,6,0,0,0,0,0,0
2021-01-19T23:59:59+01:00,2,1,186,191,455,744,610,1409,800,2374,1128,2124,799,920,1277,2191,1015,3275,0,0,3,1,0,0,0,0,2,1,1,0,0,0,0,0,19498,8,3,0,0,0,0,0,0
2021-01-18T23:59:59+01:00,1,1,138,136,378,619,487,1055,646,1829,937,1634,592,711,635,1271,513,1969,0,0,1,0,0,0,0,0,1,0,0,0,0,0,0,0,13550,2,2,0,0,0,0,0,0
2021-01-17T23:59:59+01:00,1,1,127,122,364,582,472,990,617,1712,878,1535,543,671,588,1174,471,1826,0,0,0,0,0,0,0,0,0,0,0,0,0,0,0,0,12674,0,0,0,0,0,0,0,0
2021-01-16T23:59:59+01:00,1,1,120,118,361,578,470,979,611,1699,872,1528,542,670,587,1169,467,1814,0,0,0,0,0,0,0,0,0,0,0,0,0,0,0,0,12587,0,0,0,0,0,0,0,0
2021-01-15T23:59:59+01:00,1,1,118,111,358,573,462,963,607,1688,857,1504,536,658,580,1153,459,1792,0,0,0,0,0,0,0,0,0,0,0,0,0,0,0,0,12421,0,0,0,0,0,0,0,0
2021-01-14T23:59:59+01:00,1,1,97,89,275,464,391,784,504,1417,700,1214,418,529,500,959,403,1607,0,0,0,0,0,0,0,0,0,0,0,0,0,0,0,0,10353,0,0,0,0,0,0,0,0
2021-01-13T23:59:59+01:00,1,1,67,49,163,282,255,519,352,924,478,780,258,324,311,634,258,1030,0,0,0,0,0,0,0,0,0,0,0,0,0,0,0,0,6686,0,0,0,0,0,0,0,0
2021-01-12T23:59:59+01:00,1,1,31,21,49,101,113,212,150,383,200,334,135,175,162,351,146,566,0,0,0,0,0,0,0,0,0,0,0,0,0,0,0,0,3131,0,0,0,0,0,0,0,0
2021-01-11T23:59:59+01:00,1,0,18,11,33,64,60,110,76,168,92,125,39,65,60,121,50,181,0,0,0,0,0,0,0,0,0,0,0,0,0,0,0,0,1274,0,0,0,0,0,0,0,0
2021-01-10T23:59:59+01:00,1,0,15,7,27,53,53,98,66,153,76,111,33,55,50,112,46,172,0,0,0,0,0,0,0,0,0,0,0,0,0,0,0,0,1128,0,0,0,0,0,0,0,0
2021-01-09T23:59:59+01:00,1,0,14,7,26,51,52,97,63,152,76,109,33,55,50,112,46,172,0,0,0,0,0,0,0,0,0,0,0,0,0,0,0,0,1116,0,0,0,0,0,0,0,0
2021-01-08T23:59:59+01:00,1,0,11,7,24,48,47,92,59,139,70,105,31,50,49,112,46,172,0,0,0,0,0,0,0,0,0,0,0,0,0,0,0,0,1063,0,0,0,0,0,0,0,0
2021-01-07T23:59:59+01:00,1,0,7,4,9,18,21,40,22,56,38,65,19,33,36,75,36,116,0,0,0,0,0,0,0,0,0,0,0,0,0,0,0,0,596,0,0,0,0,0,0,0,0
2021-01-06T23:59:59+01:00,1,0,7,4,9,15,14,30,14,39,25,53,15,25,30,67,34,101,0,0,0,0,0,0,0,0,0,0,0,0,0,0,0,0,483,0,0,0,0,0,0,0,0
2021-01-05T23:59:59+01:00,1,0,7,4,9,15,14,30,14,39,25,53,15,25,29,67,34,101,0,0,0,0,0,0,0,0,0,0,0,0,0,0,0,0,482,0,0,0,0,0,0,0,0
2021-01-04T23:59:59+01:00,1,0,2,4,8,5,4,14,3,7,6,16,6,5,6,16,4,13,0,0,0,0,0,0,0,0,0,0,0,0,0,0,0,0,120,0,0,0,0,0,0,0,0
2021-01-03T23:59:59+01:00,1,0,1,1,3,2,2,7,2,3,3,9,4,4,3,8,3,8,0,0,0,0,0,0,0,0,0,0,0,0,0,0,0,0,64,0,0,0,0,0,0,0,0
2021-01-02T23:59:59+01:00,1,0,1,1,3,2,2,7,2,3,3,9,4,4,3,8,3,8,0,0,0,0,0,0,0,0,0,0,0,0,0,0,0,0,64,0,0,0,0,0,0,0,0
2021-01-01T23:59:59+01:00,1,0,1,1,3,2,2,7,2,3,3,9,4,4,3,8,3,8,0,0,0,0,0,0,0,0,0,0,0,0,0,0,0,0,64,0,0,0,0,0,0,0,0
2020-12-31T23:59:59+01:00,1,0,1,1,3,1,2,7,2,2,3,8,4,4,3,8,3,8,0,0,0,0,0,0,0,0,0,0,0,0,0,0,0,0,61,0,0,0,0,0,0,0,0
2020-12-30T23:59:59+01:00,1,0,1,1,3,1,2,7,2,2,3,6,4,4,3,8,3,8,0,0,0,0,0,0,0,0,0,0,0,0,0,0,0,0,59,0,0,0,0,0,0,0,0
2020-12-29T23:59:59+01:00,1,0,1,1,2,1,2,6,2,2,3,6,2,2,2,8,2,7,0,0,0,0,0,0,0,0,0,0,0,0,0,0,0,0,50,0,0,0,0,0,0,0,0
2020-12-28T23:59:59+01:00,1,0,0,0,2,1,0,2,1,0,1,3,0,1,0,1,1,4,0,0,0,0,0,0,0,0,0,0,0,0,0,0,0,0,18,0,0,0,0,0,0,0,0
2020-12-27T23:59:59+01:00,0,0,0,0,0,0,0,1,1,0,1,2,0,1,0,1,1,4,0,0,0,0,0,0,0,0,0,0,0,0,0,0,0,0,12,0,0,0,0,0,0,0,0
