Datum,<15_1_m,<15_1_w,15-24_1_m,15-24_1_w,25-34_1_m,25-34_1_w,35-44_1_m,35-44_1_w,45-54_1_m,45-54_1_w,55-64_1_m,55-64_1_w,65-74_1_m,65-74_1_w,75-84_1_m,75-84_1_w,>84_1_m,>84_1_w,<15_2_m,<15_2_w,15-24_2_m,15-24_2_w,25-34_2_m,25-34_2_w,35-44_2_m,35-44_2_w,45-54_2_m,45-54_2_w,55-64_2_m,55-64_2_w,65-74_2_m,65-74_2_w,75-84_2_m,75-84_2_w,>84_2_m,>84_2_w,bp_1,bp_2,mo_1,mo_2,az_1,az_2,ja,unb_1,unb_2
2021-12-09T23:59:59+01:00,14453,13643,56482,52564,70764,62072,71760,67226,81504,79138,93298,90955,62465,67170,40494,52340,12878,23322,7267,7043,49230,46363,63802,54876,66079,61281,76236,73628,89052,86506,60543,64787,39365,50678,12355,22272,775082,703507,81350,77581,109911,104026,46176,60,73
2021-12-08T23:59:59+01:00,14227,13402,56355,52459,70642,61944,71675,67124,81446,79060,93235,90875,62417,67118,40478,52314,12864,23304,7086,6878,48820,46028,63429,54493,65778,61003,75988,73381,88848,86303,60464,64675,39331,50634,12351,22242,773534,699970,81315,77493,109911,104026,46170,60,73
2021-12-07T23:59:59+01:00,13891,13091,56277,52398,70591,61884,71638,67082,81427,79037,93213,90846,62409,67109,40478,52309,12860,23303,7048,6850,48681,45900,63315,54387,65689,60941,75922,73330,88798,86261,60450,64660,39327,50627,12349,22241,772450,699052,81306,77458,109911,104026,46167,60,73
2021-12-06T23:59:59+01:00,13566,12811,56184,52291,70496,61772,71552,67009,81374,78965,93151,90772,62375,67065,40464,52272,12849,23277,6936,6747,48320,45643,62963,54094,65428,60688,75681,73126,88599,86071,60368,64566,39302,50570,12341,22216,770879,696039,81280,77355,109911,104026,46166,60,73
2021-12-05T23:59:59+01:00,13387,12691,56122,52230,70440,61687,71493,66953,81345,78920,93125,90735,62341,67031,40452,52240,12848,23266,6887,6685,48128,45481,62728,53894,65252,60542,75543,72983,88484,85957,60318,64499,39289,50536,12334,22199,769948,694206,81274,77272,109911,104024,46164,60,73
2021-12-04T23:59:59+01:00,13308,12630,56075,52183,70397,61634,71466,66923,81314,78899,93106,90718,62333,67026,40449,52236,12848,23263,6833,6623,47871,45251,62470,53643,65065,60386,75401,72853,88371,85867,60298,64472,39284,50520,12333,22194,769451,692202,81273,77272,109911,104024,46164,60,73
2021-12-03T23:59:59+01:00,13041,12372,55953,52116,70340,61541,71406,66848,81264,78839,93065,90661,62314,67006,40439,52223,12847,23254,6706,6491,47364,44822,62025,53255,64720,60093,75126,72602,88190,85714,60263,64422,39265,50492,12330,22188,768179,688564,81266,77243,109911,104024,46164,60,73
2021-12-02T23:59:59+01:00,12608,11970,55785,51981,70182,61374,71291,66708,81183,78745,92987,90549,62272,66940,40422,52176,12834,23229,6523,6316,46774,44313,61493,52755,64263,59694,74743,72260,87943,85470,60179,64307,39219,50432,12317,22162,765925,683740,81234,77168,109910,104024,46158,60,73
2021-12-01T23:59:59+01:00,12288,11712,55646,51853,70042,61170,71186,66580,81080,78645,92902,90454,62225,66862,40402,52138,12824,23201,6394,6208,46320,43918,60958,52272,63853,59331,74414,71946,87667,85221,60109,64200,39184,50371,12312,22129,763957,679482,81182,77076,109910,104024,46152,60,73
2021-11-30T23:59:59+01:00,11902,11385,55531,51752,69910,61025,71111,66472,81018,78580,92832,90377,62192,66802,40384,52100,12811,23176,6337,6135,45998,43664,60638,52001,63608,59114,74184,71763,87521,85062,60043,64137,39153,50328,12309,22115,762128,676823,81163,77040,109910,104024,46150,60,73
2021-11-29T23:59:59+01:00,11353,10869,55394,51660,69771,60872,71015,66369,80936,78484,92758,90294,62143,66739,40369,52068,12800,23153,6262,6070,45656,43430,60266,51681,63328,58908,73939,71534,87349,84907,59996,64086,39123,50292,12302,22103,759830,674023,81151,76968,109910,104022,46146,60,73
2021-11-28T23:59:59+01:00,10852,10394,55329,51585,69697,60780,70940,66293,80883,78425,92699,90233,62122,66703,40355,52049,12783,23140,6215,6017,45534,43313,60105,51545,63197,58797,73825,71415,87251,84820,59964,64045,39103,50266,12298,22089,758065,672634,81134,76927,109910,104022,46143,60,73
2021-11-27T23:59:59+01:00,10615,10206,55301,51557,69661,60758,70929,66277,80868,78416,92693,90231,62120,66697,40355,52046,12782,23139,6206,6010,45510,43298,60069,51525,63180,58781,73803,71398,87232,84805,59960,64041,39103,50266,12298,22088,757458,672413,81132,76924,109910,104022,46141,60,73
2021-11-26T23:59:59+01:00,10038,9630,55197,51469,69562,60654,70868,66199,80797,78353,92637,90170,62101,66671,40342,52023,12782,23136,6169,5966,45350,43156,59890,51421,63037,58668,73689,71316,87158,84751,59946,64025,39094,50259,12296,22086,755446,671133,81128,76916,109910,104020,46135,60,73
2021-11-25T23:59:59+01:00,9302,8991,54978,51266,69355,60390,70700,65984,80648,78158,92517,90042,62054,66603,40316,51971,12769,23101,6026,5858,44968,42809,59482,51072,62704,58364,73392,71005,86958,84581,59896,63959,39062,50220,12289,22072,751999,667617,81093,76875,109910,104020,46132,60,73
2021-11-24T23:59:59+01:00,9082,8744,54788,51083,69165,60167,70523,65813,80501,78019,92403,89896,61997,66514,40290,51916,12760,23067,5964,5800,44674,42513,59070,50746,62386,58100,73103,70789,86728,84418,59835,63887,39037,50166,12278,22053,749632,664494,81055,76842,109910,104018,46120,60,73
2021-11-23T23:59:59+01:00,8875,8572,54596,50914,68955,59933,70369,65646,80360,77850,92295,89762,61932,66436,40252,51856,12741,23048,5929,5771,44495,42361,58855,50581,62206,57955,72924,70628,86590,84312,59800,63822,39010,50114,12263,22033,747335,662638,81030,76819,109910,104013,46106,60,73
2021-11-22T23:59:59+01:00,8738,8447,54421,50757,68773,59726,70207,65489,80238,77704,92184,89653,61875,66350,40215,51798,12727,23019,5899,5736,44357,42238,58664,50442,62035,57824,72790,70505,86467,84225,59759,63764,38990,50082,12255,22010,745314,661064,80996,76803,109910,104012,46090,60,73
2021-11-21T23:59:59+01:00,8657,8356,54266,50657,68611,59552,70087,65374,80142,77602,92112,89562,61838,66285,40190,51769,12726,23005,5887,5724,44312,42203,58590,50396,61970,57777,72739,70449,86409,84177,59737,63731,38972,50058,12251,22006,743827,660435,80972,76793,109906,104012,46075,60,73
2021-11-20T23:59:59+01:00,8606,8306,54182,50608,68520,59449,69995,65300,80091,77539,92076,89524,61831,66266,40186,51763,12726,23002,5883,5710,44293,42184,58560,50379,61950,57756,72712,70428,86399,84161,59735,63724,38971,50055,12251,22006,743083,660226,80898,76774,109906,104012,46072,60,73
2021-11-19T23:59:59+01:00,8487,8196,53989,50413,68345,59285,69858,65151,79976,77429,91988,89436,61798,66231,40177,51746,12721,22995,5868,5697,44195,42122,58455,50307,61869,57698,72617,70351,86339,84120,59714,63704,38965,50047,12250,22004,741440,659446,80808,76739,109906,104009,46055,60,73
2021-11-18T23:59:59+01:00,8168,7879,53584,50071,67986,58850,69564,64833,79749,77191,91814,89240,61715,66139,40145,51690,12719,22963,5758,5593,43896,41895,58169,50076,61652,57496,72422,70144,86167,83979,59644,63637,38929,50002,12239,21989,737589,656876,80767,76708,109906,104006,46024,60,73
2021-11-17T23:59:59+01:00,7943,7664,53233,49743,67675,58508,69269,64592,79529,77003,91659,89059,61645,66055,40114,51655,12714,22937,5691,5518,43670,41674,57851,49844,61434,57286,72221,69958,86006,83830,59582,63554,38906,49955,12234,21968,734386,654486,80702,76627,109905,104006,45990,60,73
2021-11-16T23:59:59+01:00,7802,7526,52777,49401,67300,58161,68992,64315,79284,76778,91491,88866,61577,65969,40076,51603,12704,22906,5671,5497,43534,41579,57696,49735,61327,57182,72101,69857,85908,83735,59535,63488,38871,49915,12231,21957,731098,653224,80581,76586,109905,104006,45930,60,73
2021-11-15T23:59:59+01:00,7698,7430,52465,49125,66924,57833,68723,64080,79077,76589,91337,88701,61504,65878,40059,51554,12698,22891,5651,5483,43445,41516,57579,49653,61250,57105,72033,69793,85851,83672,59496,63450,38855,49881,12226,21945,728253,652367,80524,76569,109905,104005,45870,60,73
2021-11-14T23:59:59+01:00,7634,7376,52199,48954,66630,57569,68522,63904,78927,76441,91219,88591,61455,65832,40044,51527,12695,22884,5647,5475,43368,41469,57501,49583,61194,57038,71967,69744,85802,83623,59459,63415,38845,49864,12221,21940,726209,651726,80482,76558,109905,104005,45793,60,73
2021-11-13T23:59:59+01:00,7515,7277,51766,48541,66208,57177,68205,63618,78653,76245,91053,88477,61428,65792,40028,51506,12692,22879,5628,5467,43321,41417,57447,49535,61153,57003,71918,69688,85755,83589,59446,63400,38834,49852,12218,21936,722884,651186,80470,76557,109905,104004,45787,60,73
2021-11-12T23:59:59+01:00,7353,7117,51147,48083,65652,56719,67781,63246,78338,75933,90854,88308,61392,65716,39997,51467,12688,22865,5604,5440,43177,41328,57337,49442,61053,56916,71822,69595,85672,83525,59411,63365,38826,49837,12210,21929,718585,650135,80429,76554,109904,104003,45724,60,73
2021-11-11T23:59:59+01:00,7150,6898,50319,47459,64985,56069,67260,62781,77895,75544,90599,88056,61320,65620,39966,51420,12677,22844,5529,5369,42992,41139,57154,49237,60892,56741,71687,69443,85541,83410,59358,63308,38792,49796,12200,21913,712985,648293,80340,76517,109904,103999,45619,60,73
2021-11-10T23:59:59+01:00,6951,6761,49518,46808,64149,55369,66623,62244,77408,75064,90289,87764,61232,65504,39931,51361,12670,22825,5494,5317,42783,40961,56933,49024,60714,56574,71535,69264,85414,83265,59293,63249,38752,49749,12193,21896,706858,646396,80227,76473,109902,103998,45470,60,73
2021-11-09T23:59:59+01:00,6842,6634,48856,46242,63473,54825,66151,61834,76996,74669,90014,87497,61157,65413,39901,51321,12666,22809,5467,5296,42632,40858,56800,48905,60612,56464,71440,69146,85323,83171,59242,63187,38729,49710,12185,21886,702048,645246,80055,76449,109894,103997,45288,60,73
2021-11-08T23:59:59+01:00,6738,6527,48204,45775,62834,54319,65674,61409,76597,74334,89770,87266,61081,65352,39874,51282,12661,22794,5443,5275,42525,40737,56671,48808,60527,56380,71350,69064,85260,83097,59197,63142,38718,49688,12179,21865,697667,644346,79813,76409,109894,103996,45102,60,73
2021-11-07T23:59:59+01:00,6694,6478,47930,45557,62542,54067,65437,61229,76391,74164,89655,87160,61046,65311,39867,51266,12659,22788,5431,5253,42463,40686,56595,48749,60468,56329,71295,69011,85225,83063,59176,63125,38707,49677,12177,21859,695589,643841,79769,76404,109893,103996,44975,60,73
2021-11-06T23:59:59+01:00,6681,6460,47895,45519,62483,54022,65403,61205,76366,74139,89637,87149,61046,65311,39867,51266,12659,22787,5428,5253,42459,40679,56581,48740,60462,56323,71290,69007,85219,83060,59176,63125,38707,49677,12177,21859,695254,643781,79764,76403,109893,103996,44969,60,73
2021-11-05T23:59:59+01:00,6613,6388,47636,45288,62184,53761,65154,61011,76168,73965,89518,87068,61038,65293,39866,51259,12659,22781,5404,5229,42391,40629,56504,48661,60402,56255,71225,68953,85185,83029,59165,63113,38700,49671,12175,21856,693189,643278,79757,76400,109888,103996,44800,60,73
2021-11-04T23:59:59+01:00,6460,6250,47076,44809,61621,53267,64688,60624,75823,73660,89317,86928,61006,65236,39845,51238,12652,22773,5331,5142,42210,40422,56327,48466,60248,56103,71104,68823,85073,82940,59128,63074,38685,49625,12170,21848,689101,641710,79706,76379,109888,103995,44562,60,73
2021-11-03T23:59:59+01:00,6377,6161,46614,44426,61024,52860,64297,60284,75494,73399,89105,86770,60975,65190,39834,51216,12646,22758,5290,5083,42027,40268,56095,48286,60118,55965,70981,68703,84989,82862,59092,63038,38665,49596,12165,21833,685520,640279,79651,76356,109888,103993,44355,60,73
2021-11-02T23:59:59+01:00,6324,6106,46341,44212,60650,52620,64000,60112,75286,73262,88984,86687,60958,65160,39824,51195,12641,22749,5266,5059,41919,40186,55997,48203,60026,55903,70908,68635,84935,82813,59068,63009,38650,49579,12158,21809,683388,639509,79623,76350,109885,103993,44198,60,73
2021-11-01T23:59:59+01:00,6267,6048,46123,44028,60393,52452,63764,59940,75114,73148,88896,86632,60945,65144,39814,51189,12639,22746,5240,5032,41853,40118,55903,48124,59925,55854,70835,68587,84883,82780,59059,62993,38643,49563,12153,21796,681838,638992,79612,76348,109879,103992,43936,60,73
2021-10-31T23:59:59+01:00,6262,6048,46119,44026,60388,52448,63760,59937,75113,73144,88894,86632,60945,65144,39814,51189,12639,22746,5238,5030,41853,40116,55903,48123,59923,55853,70833,68586,84883,82780,59059,62993,38643,49562,12153,21795,681806,638978,79611,76348,109879,103992,43935,60,73
2021-10-30T23:59:59+02:00,6262,6048,46119,44025,60386,52444,63760,59937,75111,73143,88893,86631,60945,65144,39814,51189,12639,22746,5238,5030,41853,40116,55902,48118,59922,55852,70833,68586,84883,82780,59059,62993,38642,49560,12153,21795,681795,638970,79611,76346,109879,103992,43934,60,73
2021-10-29T23:59:59+02:00,6236,6018,45982,43906,60169,52288,63567,59822,74972,73028,88800,86596,60940,65140,39807,51183,12639,22743,5218,5017,41792,40061,55821,48050,59837,55806,70772,68537,84853,82763,59052,62986,38640,49557,12152,21793,680697,638656,79598,76341,109879,103992,43645,60,73
2021-10-28T23:59:59+02:00,6162,5951,45715,43674,59831,52084,63305,59631,74751,72887,88678,86511,60910,65121,39799,51172,12638,22739,5190,4968,41674,39957,55666,47944,59720,55727,70676,68457,84782,82713,59034,62965,38624,49540,12146,21780,678705,637777,79565,76329,109879,103991,43393,60,73
2021-10-27T23:59:59+02:00,6091,5884,45477,43477,59553,51873,63130,59466,74597,72764,88583,86435,60893,65101,39797,51160,12634,22734,5150,4922,41494,39802,55506,47793,59617,55605,70579,68375,84729,82638,59010,62940,38602,49515,12141,21770,676969,636569,79545,76315,109878,103991,43240,60,73
2021-10-26T23:59:59+02:00,5986,5790,45173,43216,59201,51644,62903,59274,74406,72612,88486,86347,60876,65069,39792,51148,12628,22728,5074,4843,41295,39589,55324,47616,59490,55490,70496,68263,84647,82566,58980,62902,38581,49486,12138,21756,674799,635111,79530,76305,109877,103991,43056,60,73
2021-10-25T23:59:59+02:00,5980,5784,45145,43197,59161,51621,62878,59263,74380,72598,88471,86332,60875,65067,39790,51148,12628,22728,5070,4843,41283,39585,55305,47609,59475,55488,70488,68254,84642,82559,58980,62899,38580,49486,12137,21756,674619,635066,79529,76305,109875,103989,43006,60,73
2021-10-24T23:59:59+02:00,5952,5759,45052,43130,59039,51530,62786,59194,74292,72544,88425,86302,60867,65055,39787,51141,12626,22725,5060,4832,41226,39537,55235,47554,59426,55448,70454,68223,84617,82537,58967,62886,38575,49480,12136,21755,673934,634735,79522,76295,109875,103987,42858,60,73
2021-10-23T23:59:59+02:00,5952,5759,45051,43130,59038,51529,62786,59193,74292,72544,88425,86302,60867,65055,39787,51141,12626,22725,5060,4832,41226,39537,55234,47554,59426,55448,70454,68223,84617,82537,58966,62886,38575,49480,12136,21755,673930,634733,79522,76295,109875,103987,42858,60,73
2021-10-22T23:59:59+02:00,5927,5726,44954,43062,58927,51440,62672,59114,74217,72479,88375,86274,60867,65051,39785,51139,12624,22725,5042,4813,41157,39481,55177,47501,59365,55402,70422,68188,84580,82525,58959,62881,38570,49473,12135,21755,673266,634386,79511,76293,109874,103985,42689,60,73
2021-10-21T23:59:59+02:00,5867,5684,44803,42937,58757,51304,62517,58997,74095,72387,88287,86220,60848,65036,39774,51122,12621,22718,4994,4775,41033,39348,55064,47385,59265,55277,70334,68116,84519,82478,58937,62847,38553,49455,12130,21746,672041,633369,79492,76280,109874,103985,42549,60,73
2021-10-20T23:59:59+02:00,5830,5632,44664,42806,58580,51152,62393,58900,73994,72310,88239,86174,60838,65018,39756,51105,12616,22702,4944,4703,40884,39188,54897,47224,59142,55135,70243,68017,84446,82413,58900,62810,38535,49433,12127,21734,670897,632006,79469,76259,109872,103985,42452,60,73
2021-10-19T23:59:59+02:00,5802,5593,44536,42697,58446,51047,62320,58828,73951,72242,88198,86145,60816,65001,39739,51092,12609,22690,4880,4646,40680,39004,54728,47059,59037,54992,70158,67921,84380,82352,58861,62767,38519,49412,12125,21712,670017,630545,79460,76248,109871,103982,42385,60,73
2021-10-18T23:59:59+02:00,5781,5580,44478,42634,58385,50991,62287,58786,73921,72207,88174,86132,60798,64986,39736,51083,12607,22685,4865,4632,40624,38954,54674,46998,59005,54940,70121,67879,84344,82323,58843,62752,38512,49395,12122,21702,669582,630073,79458,76238,109871,103980,42321,60,73
2021-10-17T23:59:59+02:00,5768,5561,44442,42613,58351,50962,62256,58764,73903,72187,88152,86116,60791,64982,39730,51074,12605,22675,4847,4609,40585,38925,54652,46962,58982,54911,70103,67861,84324,82304,58833,62743,38510,49391,12121,21697,669295,629781,79452,76231,109871,103980,42295,60,73
2021-10-16T23:59:59+02:00,5766,5559,44442,42613,58351,50960,62256,58764,73903,72187,88152,86116,60791,64982,39730,51074,12605,22675,4847,4608,40584,38923,54652,46960,58982,54911,70103,67860,84324,82304,58833,62743,38510,49391,12121,21697,669289,629776,79452,76229,109871,103980,42295,60,73
2021-10-15T23:59:59+02:00,5751,5539,44384,42562,58291,50911,62210,58734,73866,72148,88120,86091,60778,64979,39725,51069,12602,22672,4825,4587,40528,38872,54608,46927,58942,54869,70069,67830,84296,82286,58828,62738,38501,49388,12120,21693,668884,629415,79450,76229,109869,103980,42210,60,73
2021-10-14T23:59:59+02:00,5705,5508,44306,42473,58216,50818,62140,58663,73802,72085,88059,86055,60765,64961,39713,51051,12595,22658,4778,4528,40422,38736,54544,46849,58861,54775,69993,67752,84258,82245,58794,62716,38495,49373,12117,21684,668145,628558,79441,76212,109869,103978,42099,60,73
2021-10-13T23:59:59+02:00,5664,5445,44203,42357,58107,50717,62062,58574,73746,72017,88010,86013,60747,64935,39706,51040,12592,22649,4690,4458,40237,38501,54396,46619,58736,54605,69907,67625,84171,82168,58764,62679,38476,49331,12112,21670,667225,626861,79428,76190,109869,103978,42043,60,73
2021-10-12T23:59:59+02:00,5625,5415,44076,42234,57986,50598,61977,58491,73659,71953,87948,85967,60723,64905,39700,51023,12588,22636,4638,4392,39995,38272,54185,46421,58588,54454,69814,67513,84091,82096,58730,62635,38456,49303,12104,21657,666229,625140,79423,76188,109868,103978,41965,60,73
2021-10-11T23:59:59+02:00,5607,5401,44030,42180,57934,50538,61937,58448,73619,71919,87915,85943,60707,64892,39694,51009,12582,22624,4620,4377,39947,38227,54130,46370,58542,54408,69784,67475,84067,82062,58709,62611,38444,49276,12096,21635,665749,624620,79416,76183,109868,103977,41927,60,73
2021-10-10T23:59:59+02:00,5593,5388,44004,42151,57899,50513,61904,58420,73599,71899,87900,85931,60700,64887,39693,51005,12581,22621,4611,4367,39914,38203,54091,46336,58508,54386,69760,67458,84053,82050,58705,62604,38438,49270,12093,21633,665508,624371,79411,76178,109868,103976,41882,60,73
2021-10-09T23:59:59+02:00,5592,5387,44003,42146,57899,50513,61902,58420,73599,71899,87900,85931,60700,64887,39693,51005,12581,22621,4610,4367,39912,38201,54090,46336,58506,54386,69760,67458,84053,82050,58704,62604,38438,49270,12093,21633,665500,624366,79411,76178,109868,103974,41880,60,73
2021-10-08T23:59:59+02:00,5565,5366,43952,42099,57843,50455,61852,58386,73551,71871,87877,85919,60692,64878,39687,50996,12579,22617,4598,4345,39875,38159,54060,46301,58471,54344,69724,67437,84036,82037,58700,62592,38435,49266,12092,21631,665092,624086,79411,76175,109868,103974,41795,60,73
2021-10-07T23:59:59+02:00,5500,5288,43803,41962,57713,50326,61760,58300,73473,71796,87823,85880,60679,64854,39677,50986,12576,22609,4507,4252,39678,37930,53913,46105,58344,54182,69618,67327,83981,81976,58671,62548,38414,49250,12085,21623,664030,622503,79395,76161,109868,103974,41693,60,73
2021-10-06T23:59:59+02:00,5474,5247,43662,41848,57597,50238,61678,58207,73404,71729,87764,85835,60664,64829,39664,50961,12573,22592,4445,4198,39515,37751,53779,45951,58242,54046,69527,67217,83916,81902,58636,62508,38399,49225,12084,21605,663096,621138,79377,76157,109867,103973,41605,60,73
2021-10-05T23:59:59+02:00,5434,5209,43531,41705,57484,50101,61560,58129,73333,71664,87710,85776,60645,64809,39653,50943,12570,22574,4398,4150,39382,37602,53662,45822,58142,53923,69427,67139,83856,81842,58611,62476,38380,49200,12078,21601,662049,619976,79371,76148,109867,103972,41522,60,73
2021-10-04T23:59:59+02:00,5405,5196,43453,41635,57412,50025,61513,58086,73281,71618,87676,85751,60625,64789,39648,50935,12566,22562,4379,4131,39307,37551,53593,45759,58105,53875,69391,67086,83827,81815,58585,62456,38370,49190,12076,21598,661489,619495,79366,76125,109867,103968,41433,60,73
2021-10-03T23:59:59+02:00,5395,5180,43423,41598,57357,49988,61477,58049,73250,71591,87652,85727,60614,64778,39638,50927,12563,22553,4371,4121,39276,37519,53562,45740,58079,53845,69371,67066,83807,81797,58574,62442,38365,49189,12075,21595,661151,619272,79364,76124,109867,103968,41357,60,73
2021-10-02T23:59:59+02:00,5395,5180,43422,41597,57354,49987,61477,58048,73250,71591,87652,85727,60614,64778,39638,50927,12563,22553,4371,4121,39275,37519,53562,45740,58079,53845,69370,67065,83807,81797,58573,62441,38365,49189,12075,21595,661146,619271,79362,76124,109867,103964,41357,60,73
2021-10-01T23:59:59+02:00,5382,5159,43347,41530,57285,49921,61417,58013,73197,71553,87614,85696,60598,64767,39633,50919,12563,22553,4354,4109,39221,37465,53514,45709,58041,53807,69335,67039,83783,81774,58566,62440,38362,49187,12075,21594,660658,618976,79361,76123,109867,103963,41240,60,73
2021-09-30T23:59:59+02:00,5308,5079,43170,41339,57125,49752,61296,57869,73102,71443,87541,85648,60574,64728,39615,50898,12559,22545,4235,3980,38987,37195,53356,45516,57900,53637,69233,66918,83706,81700,58549,62403,38346,49161,12069,21591,659342,617314,79348,76122,109867,103960,41013,60,73
2021-09-29T23:59:59+02:00,5272,5042,43025,41189,56978,49617,61201,57769,73016,71356,87482,85599,60549,64705,39600,50881,12556,22536,4150,3921,38798,36972,53213,45366,57807,53510,69140,66810,83640,81616,58505,62377,38334,49144,12066,21581,658308,615950,79326,76117,109867,103959,40851,60,73
2021-09-28T23:59:59+02:00,5230,4998,42817,41031,56831,49478,61095,57662,72934,71267,87421,85529,60519,64682,39586,50860,12551,22515,4091,3868,38603,36784,53069,45227,57707,53399,69057,66722,83564,81544,58477,62347,38321,49126,12064,21577,657112,614713,79318,76116,109866,103956,40689,60,73
2021-09-27T23:59:59+02:00,5198,4976,42724,40951,56735,49394,61007,57581,72872,71213,87372,85489,60496,64655,39564,50838,12543,22484,4077,3852,38518,36725,52985,45176,57632,53344,69020,66679,83521,81509,58454,62325,38310,49112,12061,21566,656456,614319,79310,76085,109866,103950,40439,60,73
2021-09-26T23:59:59+02:00,5185,4950,42678,40916,56704,49359,60989,57557,72848,71192,87358,85467,60488,64648,39560,50834,12542,22483,4067,3845,38496,36707,52948,45145,57608,53327,68998,66656,83502,81495,58447,62317,38305,49108,12061,21566,656210,614138,79304,76080,109866,103950,40357,60,73
2021-09-25T23:59:59+02:00,5185,4949,42674,40914,56704,49358,60989,57556,72847,71190,87358,85467,60488,64648,39560,50834,12542,22483,4067,3845,38492,36704,52947,45145,57607,53325,68998,66654,83502,81495,58446,62316,38305,49108,12061,21566,656204,614129,79302,76078,109866,103950,40353,60,73
2021-09-24T23:59:59+02:00,5166,4938,42586,40832,56637,49292,60922,57500,72784,71130,87318,85426,60475,64639,39555,50830,12541,22481,4062,3837,38433,36653,52898,45100,57556,53283,68952,66598,83468,81470,58435,62310,38302,49105,12060,21564,655846,613968,79298,76075,109866,103950,40020,60,73
2021-09-23T23:59:59+02:00,5093,4837,42313,40561,56412,49081,60752,57296,72626,70993,87186,85332,60423,64599,39537,50794,12536,22453,3984,3750,38196,36472,52708,44936,57406,53143,68815,66488,83369,81383,58397,62271,38289,49082,12055,21550,654255,612813,79285,76064,109865,103948,39396,60,73
2021-09-22T23:59:59+02:00,5054,4782,42160,40378,56235,48898,60605,57140,72516,70858,87094,85253,60388,64551,39517,50757,12533,22438,3943,3700,38057,36325,52548,44798,57276,53017,68735,66389,83278,81300,58363,62236,38272,49062,12052,21541,652956,611771,79271,76060,109865,103946,39042,60,73
2021-09-21T23:59:59+02:00,5018,4727,41959,40132,56007,48671,60442,56990,72423,70738,87006,85170,60349,64507,39500,50717,12524,22424,3896,3665,37893,36178,52391,44657,57153,52919,68664,66310,83202,81236,58334,62211,38248,49040,12047,21528,651381,610729,79270,76060,109865,103945,38765,60,73
2021-09-20T23:59:59+02:00,4992,4705,41852,40048,55875,48575,60339,56906,72345,70673,86948,85115,60324,64487,39487,50697,12518,22405,3888,3651,37811,36104,52275,44581,57070,52859,68602,66259,83151,81193,58311,62194,38238,49013,12044,21523,650672,610280,79257,76008,109865,103932,38474,60,73
2021-09-19T23:59:59+02:00,4987,4701,41808,40020,55800,48527,60290,56865,72304,70660,86921,85101,60317,64478,39486,50689,12518,22403,3878,3648,37779,36080,52230,44563,57037,52848,68566,66243,83128,81174,58303,62188,38235,49009,12044,21521,650413,610142,79255,76006,109862,103931,38322,60,73
2021-09-18T23:59:59+02:00,4985,4699,41796,40015,55782,48513,60272,56855,72292,70648,86911,85097,60312,64475,39485,50689,12518,22402,3877,3648,37775,36077,52214,44558,57026,52838,68557,66235,83118,81170,58298,62185,38233,49008,12044,21521,650359,610125,79254,76006,109862,103931,38247,60,73
2021-09-17T23:59:59+02:00,4930,4648,41646,39893,55669,48369,60131,56733,72155,70534,86842,85024,60277,64453,39476,50683,12515,22396,3845,3621,37668,35990,52121,44442,56938,52746,68449,66159,83058,81112,58266,62168,38226,49000,12042,21517,649527,609650,79253,76006,109860,103931,37708,60,73
2021-09-16T23:59:59+02:00,4833,4547,41365,39622,55415,48081,59896,56459,71962,70354,86713,84892,60225,64396,39454,50660,12504,22381,3740,3518,37392,35772,51914,44205,56754,52541,68303,66011,82948,81013,58213,62133,38207,48977,12033,21506,647608,608167,79246,76000,109855,103916,37024,60,73
2021-09-15T23:59:59+02:00,4768,4483,41129,39366,55171,47799,59680,56242,71805,70211,86594,84787,60183,64341,39429,50636,12500,22364,3680,3470,37188,35586,51740,43994,56616,52397,68195,65911,82851,80911,58166,62099,38184,48952,12031,21492,645834,606950,79244,75997,109855,103916,36527,60,73
2021-09-14T23:59:59+02:00,4740,4453,41006,39237,55043,47706,59588,56123,71705,70115,86516,84728,60164,64314,39415,50624,12497,22360,3666,3457,37115,35512,51646,43938,56544,52327,68119,65848,82793,80874,58148,62073,38169,48932,12025,21484,645057,606535,79244,75997,109855,103915,36150,60,73
2021-09-13T23:59:59+02:00,4712,4439,40901,39133,54953,47610,59524,56023,71633,70060,86472,84687,60134,64282,39409,50613,12493,22355,3645,3439,37038,35442,51559,43878,56484,52263,68054,65811,82752,80847,58124,62046,38160,48921,12024,21478,644347,606085,79243,75946,109854,103900,35961,60,73
2021-09-12T23:59:59+02:00,4703,4425,40868,39107,54932,47587,59497,55992,71604,70028,86458,84667,60126,64273,39407,50610,12492,22351,3636,3435,37001,35412,51540,43858,56458,52245,68033,65783,82731,80828,58113,62033,38155,48910,12024,21476,644132,605879,79234,75940,109853,103899,35880,60,73
2021-09-11T23:59:59+02:00,4694,4423,40853,39081,54905,47560,59478,55975,71581,70016,86447,84659,60125,64270,39406,50609,12492,22349,3633,3433,36984,35401,51519,43839,56445,52232,68010,65772,82718,80824,58111,62032,38153,48910,12024,21475,644037,605833,79234,75939,109853,103899,35771,60,73
2021-09-10T23:59:59+02:00,4648,4383,40674,38910,54747,47424,59360,55823,71454,69913,86359,84578,60097,64242,39396,50597,12488,22342,3615,3414,36858,35311,51409,43746,56351,52140,67916,65706,82645,80768,58092,62011,38144,48896,12017,21469,643130,605407,79232,75939,109853,103899,35190,60,73
2021-09-09T23:59:59+02:00,4574,4295,40431,38692,54555,47197,59183,55603,71306,69742,86257,84483,60072,64199,39377,50571,12480,22337,3557,3349,36645,35136,51233,43593,56199,51975,67775,65587,82535,80689,58050,61964,38127,48874,12012,21461,641649,604263,79231,75937,109853,103899,34590,60,72
2021-09-08T23:59:59+02:00,4475,4200,40206,38433,54354,47014,59009,55435,71195,69624,86165,84404,60037,64159,39369,50538,12474,22330,3447,3244,36361,34866,50997,43376,55999,51787,67638,65456,82421,80585,58015,61908,38104,48835,12001,21447,640228,602508,79226,75926,109852,103899,34082,60,72
2021-09-07T23:59:59+02:00,4401,4138,40004,38264,54223,46893,58904,55327,71117,69534,86103,84337,60013,64131,39358,50523,12471,22327,3418,3218,36233,34759,50892,43295,55914,51722,67568,65389,82356,80528,57982,61876,38092,48812,11995,21439,639208,601843,79219,75915,109847,103898,33760,60,72
2021-09-06T23:59:59+02:00,4360,4090,39899,38161,54142,46820,58837,55253,71071,69479,86059,84299,59994,64114,39355,50519,12469,22323,3385,3194,36118,34644,50797,43223,55829,51637,67508,65318,82302,80466,57956,61845,38082,48800,11994,21437,638529,601084,79219,75877,109845,103886,33616,60,72
2021-09-05T23:59:59+02:00,4347,4073,39865,38131,54120,46787,58799,55226,71043,69454,86035,84276,59990,64111,39352,50514,12468,22319,3381,3187,36091,34623,50767,43199,55796,51616,67489,65301,82284,80450,57948,61840,38079,48794,11992,21434,638301,600929,79218,75873,109844,103885,33512,60,72
2021-09-04T23:59:59+02:00,4347,4071,39856,38128,54117,46779,58798,55224,71041,69450,86031,84269,59990,64109,39352,50514,12468,22319,3380,3186,36079,34620,50764,43191,55792,51615,67487,65297,82281,80446,57947,61838,38079,48794,11992,21434,638281,600910,79218,75872,109844,103883,33485,60,72
2021-09-03T23:59:59+02:00,4310,4042,39743,38017,54017,46707,58720,55142,70972,69391,85966,84240,59973,64094,39346,50508,12465,22316,3366,3170,35999,34551,50676,43143,55728,51558,67429,65255,82235,80412,57933,61823,38071,48788,11986,21433,637715,600577,79217,75866,109844,103883,33158,60,72
2021-09-02T23:59:59+02:00,4269,3999,39568,37858,53873,46547,58578,55014,70845,69272,85889,84175,59925,64057,39323,50480,12463,22306,3348,3155,35874,34465,50565,43059,55626,51468,67328,65174,82162,80348,57886,61791,38054,48764,11981,21426,636696,600009,79216,75865,109844,103878,32650,60,72
2021-09-01T23:59:59+02:00,4208,3929,39374,37685,53709,46405,58457,54900,70751,69185,85827,84098,59882,64026,39307,50467,12461,22295,3214,3034,35540,34121,50330,42795,55428,51272,67168,65008,82028,80242,57839,61735,38022,48738,11977,21420,635574,597799,79205,75855,109843,103877,32309,60,71
2021-08-31T23:59:59+02:00,4159,3881,39237,37532,53576,46292,58354,54794,70663,69111,85749,84042,59853,63998,39289,50438,12459,22292,3193,3017,35420,34017,50186,42695,55316,51189,67075,64940,81947,80189,57801,61698,38008,48718,11971,21417,634634,597214,79203,75854,109841,103651,32007,59,71
2021-08-30T23:59:59+02:00,4108,3836,39125,37407,53472,46208,58270,54715,70601,69033,85688,83996,59835,63973,39278,50427,12457,22286,3180,2998,35346,33945,50109,42635,55241,51118,67014,64877,81894,80132,57775,61671,37994,48697,11970,21406,633791,596624,79200,75819,109841,103639,31849,59,71
2021-08-29T23:59:59+02:00,4097,3827,39106,37388,53454,46191,58254,54695,70593,69023,85672,83979,59833,63971,39274,50423,12456,22285,3174,2991,35315,33919,50079,42616,55227,51090,66989,64850,81871,80117,57765,61655,37989,48691,11967,21405,633670,596420,79196,75801,109841,103638,31780,59,71
2021-08-28T23:59:59+02:00,4097,3827,39104,37388,53453,46190,58254,54695,70592,69021,85672,83979,59833,63971,39274,50423,12456,22285,3174,2991,35315,33918,50078,42615,55225,51090,66988,64849,81871,80117,57765,61655,37989,48691,11967,21405,633665,596416,79196,75801,109841,103637,31778,59,71
2021-08-27T23:59:59+02:00,4062,3786,38983,37289,53352,46085,58172,54601,70503,68943,85608,83920,59807,63948,39262,50413,12456,22283,3167,2974,35212,33859,49973,42550,55153,51016,66894,64786,81816,80077,57740,61634,37978,48681,11966,21404,633030,595998,79196,75801,109836,103634,31377,59,70
2021-08-26T23:59:59+02:00,3977,3723,38792,37104,53183,45915,58036,54451,70373,68829,85479,83830,59761,63902,39238,50393,12449,22273,3140,2936,35033,33684,49818,42380,54992,50854,66762,64655,81670,79963,57691,61573,37950,48655,11961,21396,631844,594820,79193,75790,109833,103629,30804,59,70
2021-08-25T23:59:59+02:00,3881,3655,38622,36905,53026,45721,57920,54309,70270,68727,85386,83736,59723,63860,39220,50374,12447,22266,3023,2801,34647,33269,49540,42059,54751,50589,66568,64451,81490,79791,57606,61491,37928,48617,11949,21384,630590,592068,79192,75788,109832,103628,30400,59,70
2021-08-24T23:59:59+02:00,3860,3639,38535,36832,52947,45651,57863,54255,70216,68681,85341,83696,59692,63834,39211,50357,12444,22256,2980,2771,34499,33142,49417,41970,54662,50503,66465,64357,81399,79714,57556,61447,37920,48601,11945,21375,630152,591142,79188,75783,109831,103623,30105,59,70
2021-08-23T23:59:59+02:00,3832,3603,38437,36736,52864,45587,57806,54190,70157,68630,85287,83656,59674,63807,39201,50344,12442,22248,2962,2740,34359,33005,49291,41893,54561,50418,66371,64261,81310,79650,57520,61397,37900,48581,11944,21364,629615,590260,79184,75749,109829,103609,29839,59,70
2021-08-22T23:59:59+02:00,3824,3602,38407,36722,52849,45568,57789,54176,70130,68611,85270,83642,59664,63797,39199,50335,12437,22246,2954,2721,34309,32966,49262,41856,54525,50391,66328,64236,81274,79623,57505,61383,37897,48572,11939,21361,629506,589969,79182,75737,109828,103608,29718,59,70
2021-08-21T23:59:59+02:00,3821,3599,38387,36716,52839,45557,57775,54170,70115,68600,85264,83633,59657,63795,39198,50335,12437,22246,2954,2721,34296,32961,49249,41845,54511,50386,66316,64224,81268,79616,57501,61382,37897,48572,11939,21361,629464,589949,79181,75735,109827,103607,29638,59,70
2021-08-20T23:59:59+02:00,3801,3567,38317,36646,52757,45483,57698,54106,70041,68547,85201,83585,59640,63775,39195,50331,12437,22240,2936,2707,34198,32856,49133,41775,54418,50309,66221,64156,81198,79562,57481,61358,37891,48567,11938,21357,629092,589420,79179,75732,109827,103604,29235,59,70
2021-08-19T23:59:59+02:00,3773,3533,38147,36505,52594,45342,57576,54002,69912,68427,85101,83509,59610,63731,39180,50314,12433,22228,2901,2654,33845,32607,48841,41529,54200,50112,66013,63968,81021,79427,57426,61286,37844,48529,11933,21346,628200,587500,79177,75634,109818,103590,28688,59,70
2021-08-18T23:59:59+02:00,3723,3483,37960,36349,52463,45219,57479,53896,69803,68332,85025,83445,59570,63687,39165,50294,12431,22220,2831,2581,33463,32195,48535,41273,53944,49832,65793,63756,80837,79265,57343,61198,37808,48486,11929,21334,627192,584918,79174,75504,109816,103583,28328,59,70
2021-08-17T23:59:59+02:00,3662,3435,37798,36190,52340,45093,57399,53799,69707,68245,84951,83383,59536,63654,39152,50271,12427,22212,2731,2504,33069,31750,48207,40956,53650,49542,65544,63513,80636,79055,57234,61087,37767,48437,11916,21322,626233,581796,79174,75491,109811,103561,28002,59,70
2021-08-16T23:59:59+02:00,3606,3380,37654,36048,52245,44994,57326,53728,69637,68176,84898,83338,59515,63625,39138,50254,12421,22204,2598,2396,32510,31191,47814,40541,53258,49153,65239,63244,80412,78858,57157,60971,37734,48382,11907,21300,625326,577753,79170,75455,109811,103541,27846,59,70
2021-08-15T23:59:59+02:00,3597,3371,37620,36023,52212,44976,57300,53694,69620,68160,84887,83328,59503,63621,39135,50245,12421,22202,2581,2385,32428,31095,47742,40476,53195,49091,65195,63202,80368,78831,57139,60951,37726,48369,11906,21296,625135,577185,79170,75425,109810,103530,27766,59,70
2021-08-14T23:59:59+02:00,3592,3366,37612,36016,52205,44972,57294,53687,69616,68157,84879,83324,59496,63617,39134,50243,12421,22202,2580,2383,32419,31087,47731,40472,53186,49082,65192,63199,80361,78829,57134,60947,37725,48367,11906,21296,625101,577151,79167,75424,109810,103530,27721,59,70
2021-08-13T23:59:59+02:00,3575,3352,37540,35973,52142,44920,57228,53636,69547,68116,84813,83288,59474,63605,39123,50228,12418,22196,2557,2355,32277,30969,47602,40372,53065,48981,65090,63119,80272,78779,57111,60926,37712,48357,11904,21291,624786,576341,79167,75421,109810,103530,27377,59,70
2021-08-12T23:59:59+02:00,3536,3324,37412,35851,52051,44830,57154,53549,69453,68043,84740,83221,59445,63580,39111,50215,12418,22193,2478,2265,31746,30482,47218,40018,52671,48626,64762,62887,80052,78567,57018,60837,37668,48314,11899,21274,624061,572845,79166,75389,109808,103422,27056,59,70
2021-08-11T23:59:59+02:00,3493,3282,37258,35706,51939,44719,57035,53425,69354,67951,84654,83140,59404,63542,39090,50199,12414,22189,2358,2185,31099,29860,46708,39629,52241,48189,64458,62608,79840,78363,56920,60731,37632,48241,11886,21257,623150,568793,79158,75366,109806,103333,26644,59,69
2021-08-10T23:59:59+02:00,3445,3237,37099,35558,51827,44596,56929,53320,69290,67879,84588,83083,59379,63505,39072,50185,12407,22184,2191,2035,30214,28878,45973,38926,51572,47583,64072,62244,79589,78122,56815,60626,37587,48173,11878,21245,622204,562575,79156,75365,109803,103330,26384,59,69
2021-08-09T23:59:59+02:00,3408,3208,37003,35450,51746,44527,56869,53278,69259,67836,84559,83051,59361,63491,39060,50166,12406,22182,2055,1915,29503,28133,45303,38339,50998,46998,63701,61886,79310,77873,56694,60529,37544,48118,11871,21231,621612,558453,79154,73919,109802,103304,26256,59,69
2021-08-08T23:59:59+02:00,3399,3194,36975,35432,51721,44498,56852,53267,69241,67817,84538,83034,59356,63486,39055,50159,12405,22181,2021,1890,29376,27991,45153,38244,50898,46913,63645,61828,79261,77832,56657,60510,37534,48107,11871,21228,621430,557516,79152,73911,109801,103272,26191,59,69
2021-08-07T23:59:59+02:00,3399,3194,36973,35426,51711,44497,56849,53267,69237,67813,84537,83032,59355,63486,39055,50159,12405,22181,2021,1890,29366,27983,45138,38241,50896,46908,63642,61822,79257,77829,56655,60509,37533,48107,11871,21227,621422,557480,79151,73909,109801,103271,26166,59,69
2021-08-06T23:59:59+02:00,3388,3179,36908,35371,51631,44431,56783,53225,69194,67781,84505,83004,59343,63467,39044,50153,12402,22179,1983,1847,29125,27751,44927,38056,50716,46761,63505,61703,79158,77761,56630,60483,37518,48097,11867,21224,621143,556012,79147,73901,109801,103269,25861,59,69
2021-08-05T23:59:59+02:00,3355,3140,36753,35239,51518,44296,56661,53108,69077,67667,84378,82928,59300,63414,39021,50133,12392,22169,1863,1716,28427,27132,44340,37569,50152,46303,63145,61404,78866,77542,56520,60389,37480,48043,11858,21208,620339,551678,79144,73891,109800,103089,25230,59,69
2021-08-04T23:59:59+02:00,3296,3077,36553,35069,51368,44145,56521,52992,68953,67538,84262,82814,59232,63357,39003,50105,12388,22159,1662,1538,27282,26014,43379,36689,49192,45395,62554,60795,78369,77100,56309,60208,37421,47954,11844,21188,619249,543328,79134,73849,109800,103036,24611,59,69
2021-08-03T23:59:59+02:00,3222,3019,36333,34870,51218,44006,56397,52870,68822,67424,84173,82741,59188,63313,38983,50075,12379,22144,1460,1333,26199,24899,42435,35789,48291,44507,62008,60262,77921,76696,56138,60021,37359,47866,11825,21156,617905,534969,79126,73800,109791,103010,24317,59,69
2021-08-02T23:59:59+02:00,3177,2965,36190,34721,51109,43894,56303,52771,68734,67332,84088,82668,59148,63264,38968,50055,12371,22132,1270,1168,25296,23910,41587,35044,47562,43763,61524,59788,77535,76351,55973,59871,37310,47787,11808,21135,616933,527995,79124,73745,109789,102867,24006,59,69
2021-08-01T23:59:59+02:00,3172,2959,36173,34699,51080,43875,56283,52744,68703,67319,84074,82656,59142,63259,38966,50051,12371,22132,1225,1137,25036,23661,41338,34841,47329,43565,61383,59651,77419,76253,55937,59842,37295,47774,11804,21131,616785,526127,79121,73701,109788,102798,23926,59,69
2021-07-31T23:59:59+02:00,3171,2958,36167,34698,51080,43873,56281,52743,68701,67317,84074,82654,59141,63258,38966,50051,12371,22131,1222,1136,25029,23645,41330,34830,47324,43558,61375,59649,77417,76250,55937,59838,37295,47774,11804,21130,616770,526054,79121,73700,109784,102797,23923,58,69
2021-07-30T23:59:59+02:00,3154,2945,36105,34635,51009,43823,56216,52680,68645,67277,84036,82614,59129,63245,38962,50044,12368,22128,1165,1081,24706,23337,41057,34616,47062,43361,61186,59518,77267,76134,55905,59799,37281,47762,11804,21130,616474,524115,79117,73697,109781,102685,23606,58,68
2021-07-29T23:59:59+02:00,3130,2916,35965,34514,50878,43694,56122,52580,68574,67213,83965,82562,59104,63227,38949,50035,12368,22127,1021,964,23749,22354,40175,33861,46159,42577,60640,59072,76906,75828,55784,59661,37241,47707,11797,21119,615599,517051,79099,73571,109780,102517,23408,58,68
2021-07-28T23:59:59+02:00,3080,2861,35722,34275,50657,43520,55925,52429,68426,67070,83850,82464,59051,63180,38926,49997,12358,22119,822,808,22527,21119,38849,32755,44838,41394,59830,58409,76397,75371,55589,59471,37173,47602,11783,21094,614221,507230,79094,73400,109780,102357,22776,58,68
2021-07-27T23:59:59+02:00,3055,2842,35614,34158,50570,43437,55845,52379,68364,67001,83789,82392,59011,63137,38914,49982,12357,22110,667,649,21292,19734,37423,31424,43469,40093,59201,57812,75974,74956,55426,59293,37115,47547,11772,21071,613494,496817,79078,73221,109779,102245,22567,58,68
2021-07-26T23:59:59+02:00,3036,2823,35553,34062,50511,43383,55804,52330,68320,66965,83753,82363,58997,63121,38902,49970,12356,22108,565,564,20274,18637,36173,30310,42195,38943,58705,57406,75687,74702,55329,59193,37094,47512,11766,21057,612971,488571,79071,72895,109779,102081,22497,58,68
2021-07-25T23:59:59+02:00,3026,2818,35505,34021,50465,43335,55776,52307,68297,66940,83721,82339,58981,63114,38899,49967,12353,22102,496,493,19876,18273,35750,29978,41780,38636,58508,57249,75528,74592,55282,59154,37072,47493,11763,21053,612674,485830,79065,72619,109779,102050,22409,58,68
2021-07-24T23:59:59+02:00,3026,2818,35498,34018,50463,43331,55774,52306,68296,66940,83719,82338,58981,63114,38898,49967,12353,22102,496,493,19867,18259,35738,29966,41772,38635,58503,57246,75524,74590,55282,59154,37071,47493,11763,21053,612666,485778,79064,72618,109779,102047,22394,58,68
2021-07-23T23:59:59+02:00,3002,2792,35346,33900,50315,43230,55657,52199,68198,66846,83629,82286,58950,63086,38888,49962,12348,22099,470,477,19627,18037,35477,29786,41501,38449,58335,57115,75387,74510,55242,59130,37059,47483,11757,21047,612041,484641,79064,72325,109779,102045,21810,58,68
2021-07-22T23:59:59+02:00,2951,2708,34908,33533,50006,42997,55395,51972,67969,66663,83454,82138,58864,62993,38852,49915,12337,22081,426,428,18836,17378,34383,29048,40373,37614,57596,56645,74834,74134,55060,58950,36994,47400,11736,21021,609902,479108,79050,70891,109775,101823,20967,58,67
2021-07-21T23:59:59+02:00,2896,2650,34596,33212,49762,42784,55207,51783,67775,66479,83325,82012,58799,62940,38821,49877,12326,22071,384,387,18010,16563,33067,28054,39110,36653,56897,56082,74380,73770,54914,58774,36928,47316,11724,20988,608072,473200,78999,68697,109774,101609,20428,58,67
2021-07-20T23:59:59+02:00,2820,2588,34239,32825,49479,42551,55036,51587,67593,66321,83184,81892,58737,62884,38793,49832,12325,22056,328,307,16865,15447,31347,26659,37374,35194,56095,55429,73833,73322,54744,58585,36877,47230,11706,20950,605980,464016,78964,66962,109773,101265,19982,58,67
2021-07-19T23:59:59+02:00,2736,2516,33679,32265,49170,42241,54761,51322,67397,66108,83008,81723,58670,62802,38748,49780,12318,22041,294,259,16207,14883,30396,25979,36508,34478,55654,55007,73504,73082,54657,58499,36840,47179,11700,20928,602779,460306,78903,64803,109772,101091,19788,58,66
2021-07-18T23:59:59+02:00,2708,2498,33579,32147,49076,42186,54705,51260,67337,66058,82965,81681,58642,62776,38737,49768,12316,22034,278,238,15885,14620,29827,25602,36013,34125,55401,54845,73359,72981,54615,58460,36832,47165,11699,20924,602166,458857,78886,63276,109771,101064,19607,58,65
2021-07-17T23:59:59+02:00,2708,2498,33578,32145,49070,42184,54702,51258,67337,66057,82965,81680,58642,62775,38737,49768,12316,22034,278,238,15880,14613,29810,25585,36008,34120,55396,54844,73359,72981,54615,58460,36832,47165,11699,20924,602155,458803,78885,63272,109765,101061,19606,58,65
2021-07-16T23:59:59+02:00,2649,2433,32972,31627,48578,41837,54313,50922,66955,65735,82651,81448,58524,62662,38688,49719,12312,22027,270,227,15466,14290,29316,25210,35561,33788,55058,54588,73098,72788,54504,58371,36798,47127,11696,20920,599939,457395,78881,63142,109764,101054,17420,58,65
2021-07-15T23:59:59+02:00,2517,2302,32113,30844,47960,41261,53738,50440,66528,65386,82397,81206,58434,62565,38654,49676,12304,22009,241,201,14635,13616,27992,24380,34251,32972,54377,54185,72683,72563,54411,58274,36769,47093,11689,20904,594921,453189,78869,60780,109763,100469,16733,58,65
2021-07-14T23:59:59+02:00,2411,2215,31573,30318,47473,40829,53321,50044,66199,65110,82158,80956,58332,62469,38621,49626,12294,21996,194,162,13392,12487,25996,22917,32343,31449,53626,53586,72172,72222,54270,58149,36726,47032,11679,20888,591081,444027,78850,58867,109762,100131,16201,58,64
2021-07-13T23:59:59+02:00,2354,2145,31307,30050,47200,40602,53072,49819,65992,64924,81990,80808,58266,62393,38595,49589,12284,21984,170,140,12402,11648,24267,21613,30402,29855,52429,52411,71353,71425,54020,57872,36639,46917,11661,20860,588927,437284,78835,55955,109755,96975,15806,58,64
2021-07-12T23:59:59+02:00,2128,1938,30447,29120,46548,40066,52501,49250,65602,64535,81712,80538,58130,62267,38553,49532,12274,21963,148,123,11650,11021,22873,20631,28659,28472,51465,51547,70609,70806,53762,57592,36573,46799,11648,20829,582699,429159,78817,53382,109755,96821,15782,58,63
2021-07-11T23:59:59+02:00,2083,1900,30326,29015,46482,39995,52448,49187,65545,64480,81651,80495,58108,62247,38547,49514,12269,21958,145,115,11488,10874,22599,20440,28293,28197,51259,51401,70436,70661,53709,57513,36551,46782,11639,20822,581882,427087,78809,53339,109753,96682,15756,57,60
2021-07-10T23:59:59+02:00,2083,1898,30323,29007,46476,39989,52445,49184,65542,64479,81649,80492,58108,62245,38546,49514,12269,21958,145,115,11475,10856,22582,20422,28277,28184,51252,51396,70432,70658,53709,57513,36550,46782,11639,20822,581849,426994,78807,53337,109753,96670,15748,57,60
2021-07-09T23:59:59+02:00,2039,1860,30090,28776,46259,39807,52261,49014,65380,64366,81543,80411,58078,62215,38531,49499,12265,21956,144,109,11090,10585,21939,19982,27608,27632,50544,50827,69848,70246,53607,57425,36527,46747,11634,20811,580650,425908,78801,53022,109748,93213,15102,56,60
2021-07-08T23:59:59+02:00,1900,1733,29429,28245,45650,39303,51705,48545,64978,64054,81242,80176,57984,62123,38499,49448,12260,21942,107,81,9914,9485,19998,18349,25135,25647,49503,50023,69218,69705,53380,57211,36451,46660,11619,20785,576384,415372,78779,50590,109732,92977,14272,56,60
2021-07-07T23:59:59+02:00,1687,1535,28316,27042,44607,38337,50614,47547,64320,63414,80699,79692,57781,61892,38432,49363,12247,21901,83,70,9381,9015,18905,17515,23733,24445,48676,49374,68668,69213,53178,56968,36374,46561,11603,20746,567111,409021,78763,48973,109730,92681,13773,56,60
2021-07-06T23:59:59+02:00,1485,1377,27239,26005,43586,37416,49675,46614,63720,62853,80263,79280,57599,61709,38376,49268,12223,21874,62,45,8670,8278,17574,16508,22117,23165,48067,48921,68290,68944,53060,56855,36324,46524,11596,20731,558850,401555,78753,48542,109727,92391,13183,56,60
2021-07-05T23:59:59+02:00,1328,1253,26098,24764,42509,36418,48625,45543,63054,62277,79826,78877,57426,61519,38323,49192,12214,21851,50,35,8416,8051,17068,16183,21552,22777,47756,48694,68093,68796,53006,56781,36298,46504,11593,20726,549558,398946,78744,48223,109727,92134,13018,56,58
2021-07-04T23:59:59+02:00,1263,1189,25777,24438,42196,36156,48371,45354,62907,62141,79712,78780,57390,61478,38312,49173,12212,21848,43,34,8158,7889,16794,15986,21268,22577,47632,48595,68008,68716,52982,56757,36283,46499,11591,20725,547235,397899,78714,47561,109726,92047,12972,56,58
2021-07-03T23:59:59+02:00,1263,1188,25769,24424,42183,36149,48369,45354,62903,62140,79711,78779,57389,61478,38312,49173,12212,21848,43,34,8151,7882,16783,15976,21261,22570,47625,48594,68003,68715,52981,56756,36283,46499,11591,20725,547201,397862,78713,47560,109726,92038,12954,56,58
2021-07-02T23:59:59+02:00,1195,1131,25452,24075,41861,35872,48110,45098,62760,61993,79637,78708,57372,61455,38306,49161,12208,21843,42,31,7972,7731,16408,15710,20815,22264,46658,47813,67503,68364,52896,56663,36268,46481,11590,20722,544822,395367,78711,47555,109720,90017,12934,56,58
2021-07-01T23:59:59+02:00,1140,1079,25077,23711,41476,35521,47714,44748,62510,61753,79448,78537,57309,61392,38275,49120,12201,21833,36,27,7581,7391,15594,14920,19642,21228,45115,46329,66284,67287,52587,56360,36170,46361,11566,20695,541673,389526,78610,46727,109710,86061,12801,56,58
2021-06-30T23:59:59+02:00,1067,1013,24655,23267,41047,35150,47302,44368,62279,61546,79279,78388,57228,61312,38247,49068,12193,21812,29,20,7205,7032,14642,14122,18204,20020,41893,43595,64586,65838,52118,55859,36020,46166,11539,20646,538218,377477,78577,46029,109707,83301,12669,56,58
2021-06-29T23:59:59+02:00,976,904,24153,22734,40530,34728,46871,43951,62018,61261,79066,78208,57149,61248,38218,49024,12187,21793,20,18,6928,6722,13974,13618,17043,19093,37557,39905,63229,64579,51630,55359,35886,45986,11508,20602,534135,362130,78568,45815,109707,83095,12559,56,58
2021-06-28T23:59:59+02:00,947,871,23815,22342,40070,34335,46451,43581,61779,61005,78875,78051,57075,61179,38189,48994,12184,21778,18,10,6618,6404,13314,13115,16023,18253,33909,36852,62101,63543,51275,54960,35791,45835,11483,20564,532364,353441,76882,41109,109704,82939,12521,56,58
2021-06-27T23:59:59+02:00,933,858,23719,22250,39991,34272,46393,43521,61746,60966,78838,78020,57060,61168,38183,48987,12183,21773,17,9,6525,6333,13076,12973,15598,18015,33071,36205,61839,63341,51185,54889,35774,45813,11481,20560,531743,350530,76875,40838,109698,82783,12495,56,58
2021-06-26T23:59:59+02:00,933,858,23713,22243,39982,34269,46390,43518,61745,60965,78837,78020,57060,61168,38183,48986,12183,21773,17,9,6522,6325,13067,12959,15589,18007,33066,36204,61831,63338,51183,54883,35774,45813,11481,20559,531714,350459,76874,40837,109696,82781,12492,56,58
2021-06-25T23:59:59+02:00,910,831,23602,22126,39896,34181,46309,43446,61700,60917,78790,77997,57048,61156,38180,48983,12182,21771,16,8,6425,6209,12958,12829,15450,17843,32347,35543,61440,63011,51105,54800,35766,45792,11478,20558,530916,347444,76873,40823,109695,82762,12491,56,58
2021-06-24T23:59:59+02:00,843,773,23213,21708,39540,33869,45956,43141,61494,60722,78630,77858,56994,61101,38158,48953,12177,21760,15,5,6086,5914,12393,12364,14740,17154,29040,32825,59153,61151,50515,54201,35630,45583,11460,20510,527953,333611,76823,40556,109692,82144,12372,56,56
2021-06-23T23:59:59+02:00,739,679,22567,21053,38968,33280,45300,42433,61127,60329,78381,77607,56889,60965,38111,48900,12167,21740,13,4,5930,5721,12024,12007,14228,16619,25680,30065,57510,59616,49990,53657,35509,45410,11439,20466,522369,324148,76767,37620,109689,81704,12360,56,56
2021-06-22T23:59:59+02:00,678,614,22142,20613,38564,32857,44863,41971,60854,60044,78176,77366,56792,60856,38075,48829,12154,21718,11,3,5743,5586,11697,11738,13791,16243,21337,26530,55427,57910,49386,53045,35330,45193,11418,20422,518570,309747,76640,37565,109684,81220,12222,56,56
2021-06-21T23:59:59+02:00,641,573,21889,20374,38312,32623,44616,41695,60663,59831,78044,77225,56738,60770,38050,48789,12145,21702,9,3,5612,5475,11388,11537,13448,15975,19782,25296,54505,57137,47161,50575,34729,44466,11395,20363,516509,304393,76440,37497,109666,74900,12011,55,55
2021-06-20T23:59:59+02:00,612,553,21601,20081,38011,32341,44330,41433,60511,59663,77906,77078,56689,60725,38030,48772,12142,21695,9,3,5552,5429,11253,11445,13290,15845,19382,24970,54234,56953,45499,48590,34161,43829,11374,20342,514102,303745,76359,36741,109654,69616,12005,54,53
2021-06-19T23:59:59+02:00,610,553,21596,20067,37995,32332,44326,41427,60504,59659,77904,77075,56686,60724,38030,48771,12142,21695,9,3,5546,5420,11249,11440,13280,15837,19374,24960,54219,56941,45490,48580,34160,43829,11374,20342,514031,303658,76353,36735,109654,69602,12005,54,53
2021-06-18T23:59:59+02:00,596,539,21497,19955,37926,32274,44250,41340,60448,59613,77859,77033,56664,60702,38025,48758,12141,21694,9,3,5453,5256,10950,10904,12902,15256,18831,23939,53361,55627,45283,48415,34132,43780,11368,20330,513265,302074,76346,36733,109648,64936,12003,53,53
2021-06-17T23:59:59+02:00,510,447,20777,19243,37167,31641,43456,40587,60038,59245,77560,76781,56549,60573,37975,48689,12128,21669,8,3,5263,5044,10563,10350,12375,14482,17893,22574,51784,53677,44128,47061,33815,43379,11320,20246,507274,294725,76253,36602,109638,60769,11818,53,51
2021-06-16T23:59:59+02:00,405,368,19978,18300,36181,30712,42446,39615,59494,58759,77171,76462,56406,60420,37917,48601,12118,21646,8,3,5077,4888,10045,10025,11636,13977,16341,21271,47896,50129,42370,45041,33346,42806,11257,20118,499912,278504,75715,36403,109623,59580,11697,53,50
2021-06-15T23:59:59+02:00,295,265,19172,17454,35257,29859,41517,38724,59055,58316,76838,76130,56263,60252,37860,48531,12102,21612,7,3,4877,4764,9520,9758,10925,13503,14823,20080,43614,46031,40816,43189,32861,42184,11191,19990,492702,261278,75596,36367,109613,58903,11539,53,49
2021-06-14T23:59:59+02:00,191,173,18057,16222,34009,28582,40047,37312,58467,57748,76445,75788,56135,60108,37817,48461,12093,21597,7,3,4755,4672,9174,9549,10441,13184,13648,19074,40967,43470,39741,42036,32568,41782,11159,19904,482939,250085,75163,36338,109607,58171,11491,53,49
2021-06-13T23:59:59+02:00,150,134,17551,15819,33526,28180,39554,36930,58254,57564,76296,75685,56108,60067,37795,48440,12090,21588,7,3,4666,4622,9024,9476,10278,13113,13044,18620,40496,43075,39505,41813,32508,41697,11152,19890,479856,249115,74861,34912,109600,57551,11362,53,49
2021-06-12T23:59:59+02:00,150,134,17543,15797,33509,28169,39547,36925,58246,57560,76292,75683,56107,60065,37794,48440,12090,21588,7,3,4659,4616,9014,9471,10266,13104,13032,18607,40311,42928,39483,41798,32504,41695,11152,19889,479770,248680,74857,34911,109600,57539,11360,53,49
2021-06-11T23:59:59+02:00,148,134,17456,15738,33362,28095,39374,36869,58125,57524,76221,75658,56094,60060,37792,48437,12090,21587,7,3,4580,4424,8856,8910,10074,12384,12797,17536,39821,41623,39327,41668,32485,41658,11150,19888,479423,248190,74444,34909,109494,52692,11351,53,49
2021-06-10T23:59:59+02:00,133,114,16614,15022,31956,27182,38126,35949,57441,57065,75811,75385,56005,59968,37753,48392,12078,21569,7,3,4330,4228,8302,8408,9385,11619,12057,16463,36963,38579,38524,40863,32319,41477,11134,19858,475523,241101,71478,34775,109221,48305,10289,53,49
2021-06-09T23:59:59+02:00,111,89,15834,14325,30668,26284,36907,35062,56861,56677,75466,75159,55920,59862,37726,48347,12065,21549,7,3,4144,4076,7940,8219,8916,11397,11435,16080,31866,33699,37021,39320,32074,41206,11112,19807,470848,227124,69050,34647,109177,46717,9787,51,47
2021-06-08T23:59:59+02:00,84,71,14923,13466,29286,25195,35540,34054,56243,56269,75171,74944,55844,59788,37703,48315,12061,21539,7,3,4059,4013,7780,8096,8763,11279,11140,15872,29035,30876,36062,38373,31913,41010,11088,19774,466268,219609,65625,34586,109132,45479,9422,50,47
2021-06-07T23:59:59+02:00,76,58,14287,12892,27923,24383,34377,33269,55764,56010,74927,74838,55810,59748,37687,48304,12061,21535,7,3,3966,3941,7582,7965,8461,11146,10772,15626,24691,26490,34589,36829,31691,40742,11060,19744,463139,207794,62591,34518,109103,43880,9066,50,47
2021-06-06T23:59:59+02:00,75,55,13966,12699,27135,23967,33724,32851,55453,55844,74770,74772,55789,59724,37673,48295,12059,21534,7,3,3901,3905,7429,7921,8301,11060,10447,15424,21864,23607,33588,35745,31551,40586,11053,19729,461992,205001,60545,29266,109075,43085,8723,50,46
2021-06-05T23:59:59+02:00,75,53,13936,12670,27084,23924,33695,32831,55448,55834,74764,74766,55785,59720,37668,48293,12059,21534,7,3,3879,3887,7394,7898,8253,11040,10384,15382,20440,22054,32789,34862,31482,40505,11049,19722,461856,200026,60441,29261,109070,42975,8722,50,46
2021-06-04T23:59:59+02:00,69,49,13706,12410,26769,23605,33355,32519,55387,55754,74725,74745,55775,59715,37667,48291,12059,21533,7,3,3851,3860,7315,7819,8197,10958,10304,15260,20333,21936,32713,34807,31450,40468,11046,19719,459949,199943,60378,29248,109036,42089,8720,50,46
2021-06-03T23:59:59+02:00,51,43,13142,11926,25730,22916,32219,31767,54889,55421,74408,74551,55703,59635,37632,48261,12053,21517,7,3,3721,3768,7039,7646,7913,10782,9975,15022,18443,20077,30728,32491,31174,40132,11022,19669,455610,191318,58876,29224,109022,40721,8306,50,43
2021-06-02T23:59:59+02:00,37,31,12455,11184,24733,22010,31082,30813,54621,55156,74216,74409,55650,59554,37615,48239,12045,21510,7,3,3687,3746,6983,7587,7856,10732,9889,14930,17923,19527,28799,30310,31075,39989,11015,19657,449304,185773,58694,29223,109019,40383,8293,50,43
2021-06-01T23:59:59+02:00,23,16,11327,10304,22609,20582,28541,28919,53203,54087,73206,73626,55349,59230,37492,48068,12010,21450,7,2,3460,3570,6488,7274,7255,10305,9030,14325,15967,17711,25003,26036,30388,39102,10940,19502,439797,171723,54228,29084,108982,38533,6985,50,40
2021-05-31T23:59:59+02:00,18,12,10463,9638,20767,19410,26490,27405,52095,53235,72498,73075,55132,58969,37419,47963,11995,21414,7,2,3320,3416,6152,7025,6856,10007,8490,13965,14897,16729,23804,24653,29998,38608,10880,19408,432987,165951,49847,29045,108960,37028,6154,50,39
2021-05-30T23:59:59+02:00,16,9,10115,9294,20047,18913,25783,26825,51755,52954,72260,72878,55056,58892,37394,47934,11987,21405,7,2,3139,3227,5806,6759,6565,9765,8271,13759,14636,16459,23511,24335,29888,38502,10865,19380,430398,165120,49437,28986,108929,36028,4703,50,39
2021-05-29T23:59:59+02:00,16,9,10100,9281,20029,18882,25763,26799,51743,52949,72255,72868,55054,58887,37393,47934,11986,21405,7,2,3136,3217,5801,6753,6557,9761,8263,13751,14627,16452,23500,24326,29884,38496,10864,19379,430235,165044,49437,28983,108928,36008,4703,50,38
2021-05-28T23:59:59+02:00,16,9,10034,9185,19888,18713,25498,26567,51580,52771,72107,72737,55016,58838,37379,47914,11983,21392,7,2,3089,3140,5708,6612,6454,9560,8146,13477,14435,16177,23345,24169,29830,38433,10857,19370,428569,164645,49400,28982,108907,34444,4702,49,38
2021-05-27T23:59:59+02:00,16,9,8781,8002,17496,16903,22716,24415,50484,51956,71441,72244,54818,58615,37286,47819,11969,21363,7,2,2792,2808,4862,5990,5560,8776,7349,12482,13306,14983,22349,23121,29439,37974,10802,19283,416679,160806,48438,28718,108769,29925,2398,49,38
2021-05-26T23:59:59+02:00,15,9,8381,7586,16614,16100,21526,23406,49876,51412,71022,71859,54666,58449,37218,47741,11958,21333,7,2,2607,2636,4492,5653,5080,8265,6871,11832,12325,13997,21444,22080,29129,37529,10755,19198,411083,156918,47702,28631,108690,26669,1648,48,36
2021-05-25T23:59:59+02:00,15,9,7814,6995,15368,15218,20077,22231,49397,51010,70774,71671,54593,58368,37194,47714,11954,21323,7,2,2532,2536,4301,5523,4836,8034,6592,11523,11770,13460,19278,19895,28753,36988,10719,19149,404329,151196,47457,28618,108637,24794,1254,48,36
2021-05-24T23:59:59+02:00,15,9,7727,6895,15143,15092,19791,22052,49295,50890,70730,71631,54590,58362,37193,47712,11953,21320,7,2,2491,2473,4214,5356,4743,7789,6466,11241,11630,13217,19161,19779,28700,36941,10712,19138,403192,151041,47378,28575,108543,23169,1239,48,36
2021-05-23T23:59:59+02:00,14,9,7708,6882,15105,15075,19736,22022,49284,50887,70725,71625,54589,58358,37193,47710,11953,21320,7,2,2487,2468,4206,5352,4732,7783,6457,11228,11608,13195,19018,19581,28669,36902,10710,19136,402999,150546,47378,28573,108542,23159,1228,48,35
2021-05-22T23:59:59+02:00,14,9,7705,6874,15096,15062,19725,22015,49284,50885,70722,71625,54588,58356,37193,47710,11953,21320,6,2,2485,2461,4198,5347,4730,7783,6451,11222,11600,13192,19005,19575,28668,36902,10710,19136,402942,150508,47378,28571,108542,23133,1226,48,35
2021-05-21T23:59:59+02:00,14,9,7630,6773,14968,14926,19517,21857,49045,50652,70579,71516,54560,58329,37185,47703,11947,21314,6,2,2414,2375,4107,5208,4625,7572,6327,10924,11425,12903,18938,19508,28652,36871,10707,19134,401363,150243,47374,28570,108517,21628,1223,47,34
2021-05-20T23:59:59+02:00,14,9,7353,6474,14380,14403,18580,20978,46362,48296,69422,70538,54201,57961,37076,47561,11915,21283,6,2,2151,2205,3746,4845,4181,7019,5773,10090,10332,11798,17648,18198,28142,36266,10629,18983,390337,144936,47207,28275,108210,17762,1007,45,34
2021-05-19T23:59:59+02:00,13,8,7114,6248,13712,13915,17301,19975,42375,44813,67932,69227,53741,57439,36912,47331,11879,21232,6,2,2072,2002,3579,4507,3932,6490,5326,9406,9331,10675,16168,16542,27443,35344,10501,18773,375528,137731,46632,28131,107974,15224,988,45,25
2021-05-18T23:59:59+02:00,13,7,6919,6073,13163,13480,16199,19112,37651,40789,66477,67901,53189,56897,36763,47108,11837,21176,6,2,2026,1879,3439,4314,3747,6169,4990,8919,8463,9803,14582,14803,26726,34485,10410,18598,359408,131069,46566,27562,107812,13782,923,45,25
2021-05-17T23:59:59+02:00,13,7,6784,5977,12836,13225,15699,18720,35465,38922,65642,67115,52913,56581,36681,46999,11822,21139,6,2,1955,1816,3250,4129,3525,5935,4668,8545,7680,9102,11316,10774,25815,33335,10329,18427,355662,125829,42288,21463,107727,12474,818,45,25
2021-05-16T23:59:59+02:00,13,7,6719,5892,12713,13070,15527,18551,34972,38450,65454,66944,52857,56520,36669,46972,11817,21134,6,2,1896,1718,3145,4006,3444,5834,4560,8398,7496,8913,9117,8168,25328,32652,10295,18368,354177,124669,41779,16104,107693,11961,588,44,24
2021-05-15T23:59:59+02:00,13,7,6714,5883,12707,13063,15522,18545,34963,38445,65451,66942,52856,56519,36669,46972,11817,21134,6,2,1895,1718,3142,4002,3440,5831,4554,8395,7494,8910,9115,8165,25327,32652,10295,18368,354127,124638,41778,16104,107688,11960,585,44,24
2021-05-14T23:59:59+02:00,13,7,6513,5787,12466,12999,15288,18451,33989,37653,64914,66533,52760,56433,36652,46938,11815,21129,6,2,1780,1629,3031,3930,3383,5722,4504,8248,7446,8780,9108,8159,25326,32652,10295,18367,350752,124575,41747,16100,107223,11095,575,43,23
2021-05-13T23:59:59+02:00,13,7,6264,5603,12058,12742,14715,18002,30460,34862,62433,64448,52128,55759,36514,46718,11803,21081,5,2,1738,1589,2974,3854,3351,5629,4461,8143,7365,8661,9068,8098,25306,32609,10290,18362,336742,124318,41522,16075,106790,10576,513,43,23
2021-05-12T23:59:59+02:00,13,7,6244,5578,11984,12674,14601,17892,29825,34283,61925,63995,51954,55586,36477,46673,11796,21068,5,2,1738,1586,2972,3852,3348,5629,4456,8141,7363,8655,9061,8095,25306,32607,10290,18361,333730,124292,41508,16065,106783,10575,512,42,23
2021-05-11T23:59:59+02:00,12,7,5925,5445,11538,12389,14047,17508,25563,30790,59536,61982,51292,54905,36290,46426,11772,21005,5,2,1699,1472,2869,3590,3226,5255,4313,7700,7209,8333,8974,8009,25277,32566,10286,18350,318764,124042,41452,15872,105790,8812,386,40,23
2021-05-10T23:59:59+02:00,12,7,5797,5372,11373,12271,13826,17334,22086,28028,58276,60863,50929,54550,36197,46302,11757,20974,5,2,1659,1374,2782,3361,3123,4923,4200,7209,7088,7894,8934,7948,25265,32544,10284,18346,308816,123892,41290,15723,105491,6985,318,39,23
2021-05-09T23:59:59+02:00,12,7,5721,5339,11285,12206,13720,17251,20485,26845,57812,60477,50825,54450,36172,46261,11750,20969,5,2,1642,1352,2725,3236,3072,4780,4154,7089,7041,7801,8923,7936,25258,32538,10283,18346,308239,123852,37718,15677,105289,6327,304,37,23
2021-05-08T23:59:59+02:00,12,7,5718,5337,11272,12201,13708,17236,20477,26839,57803,60471,50822,54441,36168,46258,11748,20966,5,2,1641,1352,2720,3233,3072,4779,4151,7086,7039,7800,8921,7936,25257,32536,10283,18346,308146,123833,37713,15677,105286,6324,302,37,23
2021-05-07T23:59:59+02:00,12,7,5678,5302,11203,12153,13599,17155,20025,26483,56806,59659,50693,54310,36139,46227,11745,20952,5,2,1542,1309,2640,3189,3030,4750,4116,7062,7017,7767,8912,7928,25254,32534,10283,18345,304982,123794,37692,15669,105140,5903,297,37,22
2021-05-06T23:59:59+02:00,12,7,5425,5191,10684,11843,12891,16701,18722,25498,52534,55997,49494,52928,35807,45826,11692,20850,5,2,1325,1180,2401,3018,2857,4584,3963,6864,6864,7616,8834,7845,25234,32499,10280,18338,289820,123516,37499,15528,104579,4473,170,34,22
2021-05-05T23:59:59+02:00,12,7,5170,5097,10191,11603,12132,16245,17383,24512,48160,51853,47829,51004,35367,45253,11617,20727,5,2,1279,1087,2338,2889,2771,4404,3869,6624,6757,7415,8720,7747,25172,32424,10274,18322,272607,123026,37275,15483,104192,3514,54,34,22
2021-05-04T23:59:59+02:00,12,7,5084,5011,9871,11384,11679,15854,16399,23645,46283,49817,46758,49695,34990,44768,11548,20618,5,2,1268,1068,2309,2847,2729,4317,3816,6516,6685,7336,8678,7708,25150,32407,10273,18317,262197,122804,37250,15418,103911,3156,31,34,22
2021-05-03T23:59:59+02:00,12,7,4984,4923,9516,11212,11212,15588,15341,22782,44710,48199,45874,48738,34768,44424,11520,20525,5,2,1253,1043,2274,2814,2688,4253,3767,6460,6608,7282,8107,7018,23398,30071,10134,18078,253163,116963,37239,15337,103879,2913,20,34,22
2021-05-02T23:59:59+02:00,12,7,4922,4905,9400,11173,11065,15526,14730,22291,44190,47789,45732,48572,34718,44363,11513,20514,5,1,1249,1037,2255,2811,2675,4245,3738,6445,6588,7268,7917,6775,21419,27654,10087,17990,251947,116941,35603,10313,103823,2868,15,34,22
2021-05-01T23:59:59+02:00,12,7,4922,4903,9396,11168,11062,15524,14724,22286,44188,47785,45731,48572,34718,44363,11513,20514,5,1,1248,1037,2255,2811,2675,4245,3737,6445,6587,7268,7917,6774,21419,27654,10087,17990,251914,116938,35603,10313,103822,2867,15,34,22
2021-04-30T23:59:59+02:00,12,7,4876,4879,9329,11150,11006,15499,14648,22258,42705,46374,45398,48243,34681,44311,11508,20504,5,1,1041,943,2058,2722,2576,4184,3650,6385,6522,7209,7910,6756,21418,27652,10087,17990,247927,116928,35603,10310,103810,1835,15,33,21
2021-04-29T23:59:59+02:00,12,7,4638,4794,8854,11001,10401,15320,13961,22049,37766,42062,44387,47210,34559,44193,11504,20473,5,1,863,865,1884,2644,2491,4118,3540,6314,6454,7159,7887,6736,21413,27645,10087,17989,234181,116894,35499,10203,103464,962,15,32,21
2021-04-28T23:59:59+02:00,12,7,4462,4760,8604,10915,10046,15229,13604,21889,33112,37545,43141,45950,34433,44044,11489,20454,5,1,821,839,1846,2595,2458,4040,3504,6205,6406,7069,7865,6716,21400,27632,10082,17982,220921,116804,35480,10155,103251,473,14,30,20
2021-04-27T23:59:59+02:00,11,6,4231,4547,8260,10464,9659,14647,13131,21242,31979,36419,42859,45663,34417,44016,11485,20451,5,1,794,825,1811,2571,2440,4022,3486,6184,6371,7042,7855,6707,21395,27628,10079,17976,218184,116745,35465,10126,99794,288,14,30,19
2021-04-26T23:59:59+02:00,11,6,4209,4519,8187,10426,9553,14591,12980,21181,27565,32032,41641,44441,34337,43915,11472,20440,5,1,762,814,1780,2552,2410,4001,3461,6163,6319,6995,7805,6658,21365,27597,10079,17969,206298,116541,35455,10080,99709,83,14,30,18
2021-04-25T23:59:59+02:00,11,6,4187,4507,8154,10401,9489,14558,12887,21134,25594,29989,40940,43679,34290,43855,11468,20434,5,1,750,806,1768,2538,2392,3986,3436,6142,6286,6966,7786,6641,21348,27576,10078,17965,205628,116514,30338,9846,99574,79,13,30,18
2021-04-24T23:59:59+02:00,11,6,4168,4496,8124,10372,9448,14542,12831,21113,24094,28326,40182,42835,34226,43779,11465,20428,5,1,749,805,1764,2535,2390,3982,3436,6138,6286,6963,7784,6638,21346,27576,10078,17965,200566,116490,30335,9844,99502,76,13,30,18
2021-04-23T23:59:59+02:00,11,6,3904,4345,7654,10074,9019,14187,12269,20710,23612,28026,40091,42772,34205,43745,11459,20421,5,1,736,794,1747,2522,2370,3966,3413,6115,6264,6944,7770,6619,21341,27564,10078,17964,200210,116472,30319,9645,95940,65,13,28,18
2021-04-22T23:59:59+02:00,11,6,3811,4285,7462,9957,8737,13994,11822,20382,21282,25669,37329,39524,33679,43072,11388,20296,5,1,723,785,1717,2491,2312,3909,3342,6043,6154,6847,7691,6532,21285,27520,10075,17949,187168,116354,30125,8936,95372,62,13,28,16
2021-04-21T23:59:59+02:00,11,4,3783,4251,7332,9877,8554,13819,11482,20093,20021,24462,34117,35800,33196,42371,11323,20167,5,1,699,767,1681,2463,2268,3885,3309,6009,6114,6808,7659,6505,21265,27496,10070,17945,175384,116239,29948,8623,95290,58,13,28,16
2021-04-20T23:59:59+02:00,11,4,3750,4224,7226,9807,8341,13658,11112,19793,18924,23310,30804,32149,32719,41772,11266,20050,4,1,691,757,1666,2451,2234,3863,3266,5963,6073,6766,7617,6460,21240,27473,10064,17942,163726,116080,29925,8366,95228,56,13,28,16
2021-04-19T23:59:59+02:00,11,4,3732,4208,7149,9769,8223,13548,10856,19607,18258,22649,29927,31015,32426,41408,11224,19976,4,1,683,752,1645,2437,2210,3833,3230,5929,6039,6735,7574,6427,21209,27445,10061,17938,158881,115948,29907,8121,95161,54,13,28,16
2021-04-18T23:59:59+02:00,11,4,3729,4201,7133,9756,8208,13530,10818,19581,18171,22566,29804,30889,32398,41385,11221,19968,4,1,681,747,1630,2426,2193,3817,3204,5903,6009,6712,7551,6414,21191,27423,10058,17935,158385,115888,29837,7929,95111,53,13,27,16
2021-04-17T23:59:59+02:00,11,4,3727,4199,7128,9753,8204,13529,10812,19574,18157,22555,29782,30876,32396,41382,11221,19968,4,1,680,747,1627,2424,2191,3816,3200,5902,6007,6710,7551,6414,21191,27423,10058,17935,158298,115872,29836,7928,95104,52,13,27,16
2021-04-16T23:59:59+02:00,11,4,3559,4162,6783,9623,7833,13342,10411,19329,17702,22282,29574,30711,32311,41290,11206,19949,4,1,667,727,1615,2409,2164,3800,3146,5865,5966,6660,7457,6323,20778,26855,10028,17874,157528,114541,29828,7720,92687,49,13,26,16
2021-04-15T23:59:59+02:00,11,4,3459,4081,6429,9249,7253,12838,9633,18494,16377,21053,28368,29409,31792,40647,11125,19773,4,1,637,704,1562,2369,2079,3714,3038,5745,5637,6421,6956,5935,20032,25927,9928,17704,151759,111145,29533,7175,88664,44,13,26,16
2021-04-14T23:59:59+02:00,10,4,3405,4034,6190,9008,6923,12459,9015,17946,15257,20015,26947,27899,31159,39766,11013,19576,4,1,604,677,1514,2331,2004,3635,2896,5622,5329,6188,6409,5425,19008,24635,9840,17524,144924,106858,29334,6720,86331,39,13,24,16
2021-04-13T23:59:59+02:00,10,4,3374,4001,6099,8929,6775,12326,8708,17698,14453,19319,23599,24331,30220,38585,10907,19401,4,1,599,668,1501,2307,1972,3600,2794,5550,5111,6004,6041,5082,18707,24287,9797,17457,133257,104730,29323,6686,86122,38,13,24,15
2021-04-12T23:59:59+02:00,10,4,3354,3980,6048,8870,6687,12238,8490,17503,13836,18792,22592,23181,29795,38026,10838,19274,4,1,589,660,1490,2300,1949,3579,2737,5500,4963,5899,5716,4800,18411,23981,9758,17395,128167,103128,29304,6539,86010,38,13,24,14
2021-04-11T23:59:59+02:00,10,4,3348,3974,6029,8846,6658,12220,8448,17480,13743,18731,22463,23031,29743,37961,10828,19250,4,1,585,655,1477,2289,1936,3571,2720,5483,4926,5861,5657,4740,18237,23749,9737,17364,127624,102461,29238,6466,85870,38,13,22,14
2021-04-10T23:59:59+02:00,10,4,3340,3973,6006,8845,6635,12219,8426,17478,13719,18729,22458,23028,29739,37960,10828,19250,4,1,582,652,1469,2281,1930,3568,2713,5474,4909,5853,5643,4723,18073,23494,9723,17341,127602,101937,29147,6433,85865,38,11,22,14
2021-04-09T23:59:59+02:00,9,4,3303,3961,5958,8831,6576,12199,8387,17451,13669,18682,20501,20609,29254,37341,10798,19200,4,1,568,638,1441,2259,1903,3543,2670,5438,4836,5791,5528,4619,17493,22761,9685,17270,126898,100161,24019,6233,85784,30,10,22,14
2021-04-08T23:59:59+02:00,9,4,3278,3942,5890,8800,6502,12159,8297,17387,13524,18564,17899,17534,28732,36675,10759,19150,4,1,526,609,1351,2176,1808,3446,2490,5254,4332,5429,4723,4009,15694,20512,9494,16961,126030,93111,18139,5663,84905,22,9,22,14
2021-04-07T23:59:59+02:00,8,4,3198,3912,5683,8749,6294,12095,8085,17310,13260,18466,15224,14451,28051,35873,10729,19097,4,1,502,579,1296,2119,1711,3365,2336,5113,3918,5096,4000,3440,14832,19642,9378,16774,125806,88753,16595,5314,78060,19,6,22,14
2021-04-06T23:59:59+02:00,7,4,3169,3902,5637,8730,6223,12071,7999,17273,13185,18393,13234,12076,27415,35155,10715,19067,4,1,472,556,1228,2062,1625,3281,2174,4993,3545,4818,3474,3025,13984,18631,9302,16653,125666,85084,16390,4710,72171,15,6,22,13
2021-04-05T23:59:59+02:00,7,4,3167,3898,5603,8715,6186,12056,7954,17256,13112,18357,13189,12030,27404,35138,10714,19064,4,1,441,526,1176,2025,1574,3239,2108,4939,3455,4742,3418,2973,13839,18459,9293,16635,125639,84590,16180,4224,72008,15,5,22,13
2021-04-04T23:59:59+02:00,7,4,3166,3896,5603,8713,6184,12055,7953,17254,13110,18357,13185,12029,27403,35137,10714,19064,4,1,440,524,1175,2025,1573,3239,2107,4939,3455,4742,3418,2973,13837,18458,9293,16635,125625,84582,16180,4223,72002,15,5,22,13
2021-04-03T23:59:59+02:00,7,4,3165,3896,5601,8712,6184,12055,7953,17254,13110,18357,13185,12027,27402,35134,10714,19064,4,1,440,522,1175,2025,1572,3239,2107,4938,3449,4739,3412,2963,13750,18321,9284,16619,125617,84304,16180,4223,72000,15,5,22,13
2021-04-02T23:59:59+02:00,7,4,3165,3891,5597,8707,6179,12046,7945,17241,13083,18326,13138,11974,27374,35114,10711,19060,4,1,437,515,1173,2021,1560,3231,2096,4916,3418,4706,3380,2934,12814,17069,9217,16510,125445,81828,16176,4141,71914,15,5,22,13
2021-04-01T23:59:59+02:00,7,4,3151,3877,5558,8688,6112,12013,7874,17206,12970,18254,13023,11846,27316,35037,10702,19044,4,1,389,471,1074,1951,1460,3142,1944,4803,3213,4575,3143,2732,10768,14465,9101,16327,125130,76183,16051,3348,71476,15,4,21,13
2021-03-31T23:59:59+02:00,7,4,3150,3863,5541,8654,6076,11975,7830,17161,12889,18185,12908,11724,27265,34975,10694,19034,3,1,351,448,1037,1907,1386,3102,1839,4698,2954,4374,2726,2413,8169,11232,8920,16085,124816,68612,16010,3002,71085,14,4,20,13
2021-03-30T23:59:59+02:00,7,4,3143,3852,5517,8628,6043,11943,7790,17120,12811,18119,12822,11585,27227,34927,10688,19024,3,1,330,430,1015,1875,1327,3066,1715,4617,2706,4202,2355,2164,7282,10148,8851,15955,124682,65285,15980,2727,70566,14,3,19,13
2021-03-29T23:59:59+02:00,7,4,3131,3848,5489,8607,6007,11907,7746,17086,12737,18043,12173,10827,25357,32437,10538,18767,3,1,324,427,1008,1860,1307,3041,1681,4575,2556,4114,2067,2013,6622,9435,8807,15877,118680,62966,15811,2724,70199,12,3,18,13
2021-03-28T23:59:59+02:00,7,4,3101,3832,5441,8568,5956,11862,7664,17031,12625,17973,11908,10523,23371,29967,10484,18669,3,1,323,425,1005,1859,1298,3037,1677,4573,2544,4106,2042,1993,6598,9420,8805,15872,118622,62833,10620,2722,69723,12,3,18,11
2021-03-27T23:59:59+01:00,7,4,3089,3827,5400,8556,5919,11847,7614,17015,12578,17926,11873,10479,23367,29959,10484,18669,3,1,323,425,1005,1859,1298,3036,1676,4570,2542,4103,2040,1991,6550,9345,8772,15824,118550,62615,10618,2722,69424,12,3,18,11
2021-03-26T23:59:59+01:00,7,4,2961,3505,4950,7404,5423,10531,7001,14967,11770,15636,11649,10295,22882,29230,10439,18598,3,1,322,422,1003,1856,1292,3031,1673,4568,2537,4096,2032,1985,6421,9157,8628,15637,116993,61936,10361,2710,59877,4,3,18,11
2021-03-25T23:59:59+01:00,7,3,2841,3242,4791,6637,5192,9383,6675,13243,11041,13832,10787,9487,22150,28380,10362,18441,3,1,317,413,996,1847,1277,3012,1654,4535,2501,4046,1963,1926,6131,8730,8347,15184,114058,60161,9657,2706,52758,3,3,18,10
2021-03-24T23:59:59+01:00,7,3,2796,3196,4714,6574,5058,9275,6470,13072,10528,13425,9947,8665,21132,27123,10264,18253,3,1,314,408,989,1840,1260,3002,1639,4511,2454,3990,1893,1850,5766,8255,7929,14507,110023,57902,9310,2695,51151,3,1,17,10
2021-03-23T23:59:59+01:00,7,3,2768,3162,4645,6503,4948,9182,6255,12909,10069,13002,9227,7994,20618,26515,10209,18146,3,1,302,395,972,1828,1245,2978,1609,4489,2405,3942,1814,1784,5482,7870,7526,13878,107616,55816,8978,2694,49550,2,1,17,10
2021-03-22T23:59:59+01:00,7,3,2750,3123,4585,6463,4871,9114,6117,12770,9707,12729,8622,7423,20197,26076,10149,18052,1,1,300,392,961,1822,1231,2965,1595,4477,2379,3915,1788,1762,5343,7696,7077,13052,106130,54056,8720,2689,47890,2,1,17,9
2021-03-21T23:59:59+01:00,7,3,2743,3106,4538,6438,4820,9078,6022,12702,9518,12542,8314,7162,20030,25909,10137,18024,1,1,300,392,960,1822,1228,2965,1594,4476,2376,3915,1781,1756,5334,7691,7046,12994,105927,53948,8487,2672,46661,2,1,17,9
2021-03-20T23:59:59+01:00,7,3,2742,3099,4531,6432,4813,9075,6018,12694,9498,12528,8281,7130,19857,25632,10121,17998,1,1,300,392,960,1820,1227,2965,1593,4475,2372,3907,1769,1743,5319,7642,6868,12754,105370,53449,8474,2647,46597,2,1,17,9
2021-03-19T23:59:59+01:00,7,3,2707,3072,4459,6387,4706,9024,5878,12636,9230,12339,7977,6902,19372,25040,10089,17939,1,1,300,391,959,1819,1227,2962,1591,4474,2365,3902,1753,1732,5282,7599,6454,12128,104066,52304,8230,2624,45453,2,1,17,9
2021-03-18T23:59:59+01:00,7,3,2641,2998,4296,6247,4458,8819,5521,12328,8313,11665,6712,5877,18110,23672,9934,17707,1,1,297,386,954,1809,1213,2949,1552,4458,2302,3859,1675,1691,5207,7492,5710,11010,99132,49973,7687,2582,42471,1,1,17,9
2021-03-17T23:59:59+01:00,7,3,2605,2958,4214,6151,4320,8710,5265,12051,7639,11097,5724,4977,16756,22129,9767,17447,1,1,293,384,950,1801,1209,2939,1535,4436,2238,3837,1613,1649,5163,7425,5130,10119,93681,48187,7189,2525,40932,1,1,17,9
2021-03-16T23:59:59+01:00,6,3,2585,2930,4150,6085,4226,8613,5087,11895,7190,10708,4957,4358,15895,21146,9660,17273,1,1,289,382,947,1795,1206,2932,1527,4426,2216,3818,1581,1632,5126,7382,4619,9297,90016,46722,7149,2446,39584,0,1,17,8
2021-03-15T23:59:59+01:00,6,3,2582,2919,4134,6063,4194,8587,5038,11848,7072,10590,4809,4196,15574,20733,9628,17214,1,1,287,378,946,1788,1200,2925,1513,4417,2195,3796,1537,1615,5066,7307,4032,8433,89239,45125,7049,2303,38885,0,1,16,8
2021-03-14T23:59:59+01:00,6,2,2576,2911,4111,6041,4163,8567,4997,11814,6978,10501,4703,4080,15439,20563,9611,17173,1,1,284,377,946,1786,1194,2918,1508,4406,2184,3789,1527,1609,5059,7299,4026,8419,88926,45062,7030,2262,38264,0,1,15,8
2021-03-13T23:59:59+01:00,6,2,2569,2900,4102,6028,4155,8559,4989,11804,6958,10488,4679,4054,15125,20126,9591,17137,1,1,284,377,946,1786,1194,2918,1508,4406,2184,3789,1526,1608,5059,7298,4026,8419,88035,45060,7008,2261,38213,0,1,15,8
2021-03-12T23:59:59+01:00,6,2,2505,2824,3992,5857,4034,8336,4851,11504,6779,10215,4526,3916,14196,18862,9528,17035,1,1,284,376,944,1783,1194,2914,1505,4401,2183,3782,1519,1606,5051,7279,4024,8402,85546,44981,6947,2259,36459,0,1,15,8
2021-03-11T23:59:59+01:00,5,2,2381,2600,3760,5527,3777,7901,4523,10741,6146,9404,4001,3409,12571,16857,9426,16884,1,1,284,374,940,1778,1190,2901,1496,4389,2171,3755,1483,1579,5016,7242,4012,8375,81164,44832,6784,2146,31951,0,1,15,8
2021-03-10T23:59:59+01:00,5,2,2262,2469,3603,5289,3583,7576,4251,10256,5589,8834,3426,2960,10283,14129,9277,16646,1,1,280,370,934,1768,1183,2890,1492,4373,2149,3739,1454,1571,4986,7227,4002,8365,74806,44764,6612,2012,29006,0,1,15,8
2021-03-09T23:59:59+01:00,5,2,2237,2419,3537,5199,3468,7486,4081,10059,5194,8483,2941,2599,8755,12108,9170,16495,1,1,279,369,934,1762,1176,2880,1488,4365,2141,3728,1439,1565,4978,7222,3999,8363,69911,44723,6462,1959,27850,0,1,14,7
2021-03-08T23:59:59+01:00,5,2,2213,2344,3478,5130,3394,7402,3958,9944,4896,8289,2495,2335,6816,9706,9048,16316,1,1,279,366,933,1752,1170,2864,1482,4354,2136,3721,1428,1558,4962,7202,3992,8353,64189,44614,6125,1932,27442,0,1,14,7
2021-03-07T23:59:59+01:00,5,2,2151,2288,3383,5022,3296,7312,3859,9857,4759,8194,2444,2283,6793,9685,9048,16308,1,1,278,364,932,1752,1170,2862,1482,4354,2136,3721,1428,1558,4961,7202,3992,8352,64060,44608,5443,1930,27171,0,1,14,7
2021-03-06T23:59:59+01:00,5,2,2143,2275,3369,5012,3291,7306,3850,9846,4749,8189,2442,2280,6747,9615,9015,16258,1,1,278,364,931,1748,1169,2861,1482,4351,2132,3716,1427,1553,4955,7197,3990,8342,63846,44560,5383,1930,27150,0,1,14,7
2021-03-05T23:59:59+01:00,5,2,2014,2189,3145,4823,3050,6994,3572,9451,4415,7853,2353,2218,6540,9294,8818,15992,1,1,278,363,929,1745,1168,2860,1481,4345,2129,3709,1421,1551,4949,7191,3989,8335,62855,44508,4535,1930,25324,0,0,14,7
2021-03-04T23:59:59+01:00,5,2,1764,1970,2732,4384,2591,6355,3007,8549,3729,7040,2134,2058,6244,8927,8534,15529,1,1,275,362,928,1736,1166,2842,1480,4329,2120,3697,1410,1549,4937,7177,3982,8324,61193,44383,3254,1926,21093,0,0,14,7
2021-03-03T23:59:59+01:00,5,2,1693,1882,2624,4197,2458,6127,2865,8259,3542,6775,2050,1979,5903,8451,8168,14939,1,1,274,358,928,1726,1163,2819,1476,4305,2115,3682,1385,1537,4932,7171,3978,8316,59159,44235,3110,1926,19636,0,0,14,6
2021-03-02T23:59:59+01:00,5,2,1658,1805,2554,4078,2377,5974,2758,8077,3428,6622,1975,1911,5586,8010,7755,14259,1,1,272,353,925,1707,1160,2798,1473,4286,2114,3671,1360,1531,4922,7154,3973,8308,57025,44077,2867,1926,18928,0,0,14,6
2021-03-01T23:59:59+01:00,3,2,1648,1778,2517,3969,2329,5860,2722,7976,3374,6543,1932,1890,5448,7847,7273,13380,1,1,271,351,921,1701,1158,2786,1471,4273,2112,3655,1354,1526,4919,7152,3971,8301,55140,43992,2855,1926,18482,0,0,14,6
2021-02-28T23:59:59+01:00,3,2,1632,1740,2483,3897,2298,5807,2679,7895,3347,6495,1926,1886,5440,7842,7236,13320,1,1,271,351,920,1701,1158,2786,1471,4272,2112,3654,1354,1526,4919,7151,3971,8301,55015,43989,2853,1925,18046,0,0,14,6
2021-02-27T23:59:59+01:00,3,2,1630,1733,2480,3890,2295,5807,2677,7893,3344,6492,1920,1876,5430,7798,7063,13096,1,1,271,351,909,1696,1148,2779,1461,4263,2095,3645,1353,1523,4919,7150,3971,8301,54543,43985,2853,1846,18019,0,0,14,6
2021-02-26T23:59:59+01:00,3,1,1441,1574,2349,3649,2216,5399,2584,7388,3257,6034,1905,1851,5405,7765,6793,12701,1,1,269,349,900,1689,1140,2759,1455,4241,2085,3632,1346,1514,4911,7138,3967,8288,53783,43902,2833,1777,15685,0,0,14,6
2021-02-25T23:59:59+01:00,3,1,1228,1294,2129,3217,2043,4646,2386,6447,3014,5136,1814,1779,5353,7685,6207,11847,1,1,267,341,893,1629,1106,2665,1422,4130,2029,3557,1308,1493,4867,7096,3947,8233,51876,43429,2821,1550,11519,0,0,13,6
2021-02-24T23:59:59+01:00,3,1,1175,1086,2023,2953,1936,4308,2254,6043,2844,4867,1737,1725,5292,7595,5440,10654,1,1,265,335,856,1581,1056,2573,1361,4013,1940,3428,1268,1464,4849,7069,3937,8212,49518,43161,2810,1042,9595,0,0,13,6
2021-02-23T23:59:59+01:00,3,1,1158,1035,1987,2887,1910,4210,2228,5958,2810,4804,1729,1710,5256,7547,4792,9619,1,1,265,334,829,1554,1006,2521,1308,3934,1834,3353,1216,1437,4825,7043,3924,8173,47714,42953,2782,599,9135,0,0,13,6
2021-02-22T23:59:59+01:00,3,1,1150,992,1937,2742,1866,4064,2172,5764,2756,4699,1717,1699,5222,7499,4177,8726,1,1,264,325,787,1516,951,2438,1219,3826,1695,3256,1126,1378,4781,6972,3895,8062,46085,42477,2764,10,8326,0,0,11,6
2021-02-21T23:59:59+01:00,3,1,1146,978,1908,2680,1839,3967,2145,5659,2735,4636,1710,1693,5219,7490,4177,8722,1,1,262,323,782,1510,943,2405,1217,3789,1682,3216,1117,1363,4763,6945,3870,8018,46030,42191,2754,10,7913,0,0,11,6
2021-02-20T23:59:59+01:00,3,1,1146,978,1907,2679,1838,3966,2144,5659,2731,4630,1701,1684,5212,7483,4175,8719,1,1,262,323,782,1509,942,2401,1216,3785,1681,3214,1117,1363,4710,6885,3823,7960,46015,41960,2726,9,7904,0,0,11,6
2021-02-19T23:59:59+01:00,3,1,1146,976,1904,2674,1838,3954,2143,5650,2727,4626,1682,1675,5197,7465,4172,8714,1,1,261,321,778,1498,933,2376,1209,3743,1651,3160,1089,1324,4517,6631,3643,7659,45933,40780,2704,9,7899,0,0,11,6
2021-02-18T23:59:59+01:00,3,1,1114,895,1865,2555,1799,3818,2089,5444,2666,4453,1665,1658,5181,7432,4167,8685,1,1,235,292,732,1373,885,2170,1122,3404,1534,2863,977,1135,4019,5845,3226,6753,45778,36552,2671,9,7030,0,0,11,6
2021-02-17T23:59:59+01:00,3,1,1068,769,1783,2323,1721,3522,1979,5084,2591,4207,1640,1649,5161,7417,4158,8682,1,1,230,289,722,1356,876,2148,1110,3369,1515,2841,971,1132,3635,5317,2924,6326,45736,34748,2611,9,5400,0,0,11,6
2021-02-16T23:59:59+01:00,3,1,1028,730,1726,2219,1652,3349,1908,4877,2512,4099,1600,1635,5134,7394,4149,8670,1,1,223,283,705,1320,854,2093,1079,3251,1476,2754,947,1108,3276,4767,2580,5828,45682,32535,2444,6,4551,0,0,9,5
2021-02-15T23:59:59+01:00,3,1,1022,711,1706,2142,1634,3249,1888,4767,2498,4020,1570,1621,5104,7378,4116,8614,1,1,211,273,690,1284,835,2043,1058,3185,1434,2689,917,1077,2847,4208,2242,5246,45555,30231,2358,5,4122,0,0,9,5
2021-02-14T23:59:59+01:00,3,1,928,677,1630,2108,1572,3230,1845,4745,2463,4007,1563,1619,5095,7366,4113,8608,1,1,204,262,681,1266,817,2003,1042,3119,1403,2621,887,1031,2755,4066,2163,5045,45510,29359,2323,4,3732,0,0,8,4
2021-02-13T23:59:59+01:00,3,1,876,653,1600,2085,1557,3221,1829,4738,2455,4006,1562,1617,5095,7365,4112,8607,1,1,202,261,679,1265,817,1999,1042,3117,1402,2618,886,1030,2651,3940,2097,4944,45502,28945,2323,3,3549,0,0,8,4
2021-02-12T23:59:59+01:00,3,1,549,509,1252,1969,1386,3118,1688,4656,2348,3935,1543,1609,5085,7354,4102,8597,1,1,190,255,664,1238,803,1955,1015,3031,1347,2518,824,955,2423,3621,1949,4620,45380,27404,2322,2,1994,0,0,8,4
2021-02-11T23:59:59+01:00,3,1,388,435,1064,1855,1282,2999,1590,4541,2259,3844,1435,1565,5022,7301,4079,8547,1,1,154,193,563,991,667,1509,815,2359,1066,1924,581,700,1803,2732,1438,3340,45020,20834,2115,1,1067,0,0,8,2
2021-02-10T23:59:59+01:00,3,1,275,366,937,1748,1180,2877,1496,4356,2145,3722,1396,1552,5001,7291,4075,8545,1,1,133,130,392,630,494,1019,646,1748,898,1590,560,684,1397,2171,1121,2838,44945,16451,2007,0,7,0,0,7,2
2021-02-09T23:59:59+01:00,3,1,275,365,936,1742,1177,2866,1496,4350,2144,3717,1388,1549,4999,7289,4074,8543,1,1,130,128,384,598,475,992,624,1719,873,1559,558,681,1012,1702,841,2429,44919,14706,1983,0,5,0,0,7,1
2021-02-08T23:59:59+01:00,3,1,275,363,935,1740,1174,2856,1489,4345,2142,3713,1383,1545,4997,7289,4073,8540,1,1,125,122,372,584,467,972,612,1686,855,1533,550,676,616,1211,534,2001,44891,12917,1960,0,5,0,0,7,1
2021-02-07T23:59:59+01:00,3,1,275,363,931,1740,1173,2856,1487,4343,2142,3713,1383,1545,4997,7288,4072,8540,1,1,121,119,367,581,466,965,608,1674,845,1517,542,673,615,1201,529,1986,44886,12810,1959,0,0,0,0,7,1
2021-02-06T23:59:59+01:00,3,1,275,363,931,1740,1173,2856,1487,4343,2142,3713,1383,1545,4997,7288,4072,8540,1,1,118,116,365,578,465,962,608,1672,845,1516,541,672,615,1201,529,1986,44886,12790,1959,0,0,0,0,7,1
2021-02-05T23:59:59+01:00,3,1,274,362,929,1740,1173,2855,1485,4342,2141,3713,1383,1545,4996,7286,4072,8537,1,1,117,106,361,573,457,949,604,1662,832,1493,536,662,609,1185,519,1960,44871,12626,1959,0,0,0,0,7,1
2021-02-04T23:59:59+01:00,3,1,270,357,923,1701,1165,2807,1485,4290,2130,3670,1375,1538,4967,7254,4060,8503,1,0,89,71,243,398,331,693,475,1268,622,1124,406,524,514,969,454,1693,44534,9874,1958,0,0,0,0,7,1
2021-02-03T23:59:59+01:00,3,1,268,347,919,1675,1161,2772,1474,4240,2121,3634,1367,1521,4942,7224,4046,8473,1,0,55,34,87,171,152,347,232,599,300,548,214,280,292,604,264,1049,44224,5229,1957,0,0,0,0,7,0
2021-02-02T23:59:59+01:00,3,1,267,345,918,1663,1157,2753,1471,4207,2114,3608,1359,1515,4934,7210,4037,8447,1,0,16,10,30,56,60,101,74,167,96,126,47,77,71,133,57,209,44045,1331,1957,0,0,0,0,7,0
2021-02-01T23:59:59+01:00,3,1,267,340,918,1660,1156,2752,1470,4203,2113,3601,1357,1514,4932,7209,4037,8447,1,0,13,9,26,48,50,92,61,141,74,107,41,68,62,124,55,196,44016,1168,1957,0,0,0,0,7,0
2021-01-31T23:59:59+01:00,3,1,267,339,918,1656,1155,2746,1470,4198,2113,3598,1356,1514,4931,7208,4037,8446,1,0,12,8,23,43,44,84,55,130,64,101,36,57,53,114,52,188,43994,1065,1955,0,0,0,0,7,0
2021-01-30T23:59:59+01:00,3,1,267,339,912,1653,1147,2738,1462,4192,2109,3595,1356,1514,4878,7148,3990,8388,1,0,12,8,23,41,44,84,54,129,64,101,36,57,53,114,52,188,43765,1061,1920,0,0,0,0,7,0
2021-01-29T23:59:59+01:00,3,1,266,337,897,1645,1135,2717,1450,4162,2085,3568,1347,1508,4713,6944,3821,8179,1,0,10,8,23,41,41,84,53,127,61,100,34,52,52,114,52,188,42963,1041,1808,0,0,0,0,7,0
2021-01-28T23:59:59+01:00,3,1,262,324,877,1560,1097,2607,1412,4060,2015,3493,1321,1495,4376,6471,3543,7820,1,0,7,4,10,20,22,42,22,59,36,67,21,34,36,74,40,126,41166,621,1564,0,0,0,0,7,0
2021-01-27T23:59:59+01:00,3,1,256,321,835,1505,1050,2513,1348,3962,1941,3385,1281,1468,3963,5898,3214,7347,1,0,3,4,10,10,11,21,9,23,15,33,12,15,18,42,17,63,39173,307,1111,0,0,0,0,7,0
2021-01-26T23:59:59+01:00,3,1,249,312,798,1458,983,2427,1287,3835,1825,3277,1220,1416,3612,5339,2857,6824,1,0,1,1,6,5,4,7,5,3,4,11,7,5,5,7,4,8,37055,84,663,0,0,0,0,5,0
2021-01-25T23:59:59+01:00,3,1,239,303,747,1397,922,2308,1185,3690,1667,3156,1140,1384,3213,4824,2541,6348,1,0,1,1,6,4,2,7,2,2,3,11,7,5,5,7,4,8,35001,76,63,0,0,0,0,4,0
2021-01-24T23:59:59+01:00,3,1,236,303,741,1393,911,2292,1180,3674,1639,3126,1134,1381,3186,4788,2524,6326,1,0,1,1,4,4,2,7,2,2,3,11,7,5,5,7,4,8,34826,74,9,0,0,0,0,3,0
2021-01-23T23:59:59+01:00,3,1,235,302,740,1392,911,2288,1179,3672,1636,3124,1133,1381,3080,4662,2457,6224,1,0,1,1,4,4,2,7,2,2,3,11,7,5,5,7,4,8,34409,74,8,0,0,0,0,3,0
2021-01-22T23:59:59+01:00,3,1,234,299,737,1376,909,2275,1173,3656,1632,3120,1131,1380,2918,4466,2354,6079,1,0,1,1,4,4,2,7,2,2,3,11,7,5,5,7,4,8,33732,74,8,0,0,0,0,3,0
2021-01-21T23:59:59+01:00,3,1,230,271,671,1219,842,2063,1092,3371,1536,2915,1087,1337,2570,4001,2059,5637,1,0,1,0,3,3,2,7,2,2,3,11,7,4,5,7,4,8,30896,70,8,0,0,0,0,1,0
2021-01-20T23:59:59+01:00,3,1,206,207,512,867,667,1571,891,2670,1299,2448,989,1202,2029,3247,1636,4825,1,0,1,0,3,3,2,7,2,2,3,9,6,4,5,7,4,8,25262,67,8,0,0,0,0,0,0
2021-01-19T23:59:59+01:00,3,1,182,190,464,757,612,1416,805,2373,1122,2141,821,942,1374,2303,1150,3692,0,0,0,0,2,1,0,0,0,0,2,2,1,0,0,0,0,0,20344,8,4,0,0,0,0,0,0
2021-01-18T23:59:59+01:00,2,1,137,135,389,630,489,1060,649,1827,930,1646,609,731,699,1354,604,2258,0,0,0,0,1,0,0,0,0,0,1,0,0,0,0,0,0,0,14146,2,4,0,0,0,0,0,0
2021-01-17T23:59:59+01:00,2,1,126,120,374,595,474,995,620,1710,871,1547,560,690,648,1251,558,2092,0,0,0,0,0,0,0,0,0,0,0,0,0,0,0,0,0,0,13233,0,1,0,0,0,0,0,0
2021-01-16T23:59:59+01:00,2,1,119,116,371,592,472,982,614,1697,865,1540,559,689,647,1245,553,2078,0,0,0,0,0,0,0,0,0,0,0,0,0,0,0,0,0,0,13141,0,1,0,0,0,0,0,0
2021-01-15T23:59:59+01:00,2,1,117,108,367,585,464,966,610,1686,851,1516,553,676,639,1228,545,2052,0,0,0,0,0,0,0,0,0,0,0,0,0,0,0,0,0,0,12966,0,0,0,0,0,0,0,0
2021-01-14T23:59:59+01:00,2,1,97,87,283,473,392,788,506,1415,694,1227,435,543,556,1029,482,1851,0,0,0,0,0,0,0,0,0,0,0,0,0,0,0,0,0,0,10861,0,0,0,0,0,0,0,0
2021-01-13T23:59:59+01:00,2,1,67,47,170,290,257,521,354,925,473,790,267,329,336,678,310,1173,0,0,0,0,0,0,0,0,0,0,0,0,0,0,0,0,0,0,6990,0,0,0,0,0,0,0,0
2021-01-12T23:59:59+01:00,2,1,31,20,56,109,114,216,152,385,197,338,140,180,176,376,180,654,0,0,0,0,0,0,0,0,0,0,0,0,0,0,0,0,0,0,3327,0,0,0,0,0,0,0,0
2021-01-11T23:59:59+01:00,2,0,17,10,39,70,62,114,79,172,90,129,42,67,66,130,55,200,0,0,0,0,0,0,0,0,0,0,0,0,0,0,0,0,0,0,1344,0,0,0,0,0,0,0,0
2021-01-10T23:59:59+01:00,2,0,14,7,32,59,55,102,69,157,74,115,35,57,56,119,50,190,0,0,0,0,0,0,0,0,0,0,0,0,0,0,0,0,0,0,1193,0,0,0,0,0,0,0,0
2021-01-09T23:59:59+01:00,2,0,13,7,31,57,54,101,66,156,74,113,35,57,56,119,50,190,0,0,0,0,0,0,0,0,0,0,0,0,0,0,0,0,0,0,1181,0,0,0,0,0,0,0,0
2021-01-08T23:59:59+01:00,2,0,10,7,29,54,49,96,61,143,68,109,33,52,55,119,50,190,0,0,0,0,0,0,0,0,0,0,0,0,0,0,0,0,0,0,1127,0,0,0,0,0,0,0,0
2021-01-07T23:59:59+01:00,2,0,7,4,10,22,22,43,24,58,37,69,20,35,40,79,39,126,0,0,0,0,0,0,0,0,0,0,0,0,0,0,0,0,0,0,637,0,0,0,0,0,0,0,0
2021-01-06T23:59:59+01:00,2,0,7,4,10,18,14,30,16,41,26,57,16,25,33,69,37,110,0,0,0,0,0,0,0,0,0,0,0,0,0,0,0,0,0,0,515,0,0,0,0,0,0,0,0
2021-01-05T23:59:59+01:00,2,0,7,4,10,18,14,30,16,41,26,57,16,25,32,69,37,110,0,0,0,0,0,0,0,0,0,0,0,0,0,0,0,0,0,0,514,0,0,0,0,0,0,0,0
2021-01-04T23:59:59+01:00,2,0,2,4,9,8,4,14,4,8,6,20,7,5,9,16,5,15,0,0,0,0,0,0,0,0,0,0,0,0,0,0,0,0,0,0,138,0,0,0,0,0,0,0,0
2021-01-03T23:59:59+01:00,1,0,1,1,4,5,2,7,3,3,3,12,5,4,6,8,4,9,0,0,0,0,0,0,0,0,0,0,0,0,0,0,0,0,0,0,78,0,0,0,0,0,0,0,0
2021-01-02T23:59:59+01:00,1,0,1,1,4,4,2,7,3,3,3,12,5,4,6,8,4,9,0,0,0,0,0,0,0,0,0,0,0,0,0,0,0,0,0,0,77,0,0,0,0,0,0,0,0
2021-01-01T23:59:59+01:00,1,0,1,1,4,4,2,7,2,3,3,12,5,4,6,8,4,9,0,0,0,0,0,0,0,0,0,0,0,0,0,0,0,0,0,0,76,0,0,0,0,0,0,0,0
2020-12-31T23:59:59+01:00,1,0,1,1,4,3,2,7,2,2,3,11,5,4,6,8,4,9,0,0,0,0,0,0,0,0,0,0,0,0,0,0,0,0,0,0,73,0,0,0,0,0,0,0,0
2020-12-30T23:59:59+01:00,1,0,1,1,4,3,2,7,2,2,3,9,5,4,6,8,4,9,0,0,0,0,0,0,0,0,0,0,0,0,0,0,0,0,0,0,71,0,0,0,0,0,0,0,0
2020-12-29T23:59:59+01:00,1,0,1,1,3,1,2,6,2,2,3,7,3,2,5,8,3,8,0,0,0,0,0,0,0,0,0,0,0,0,0,0,0,0,0,0,58,0,0,0,0,0,0,0,0
2020-12-28T23:59:59+01:00,1,0,0,0,3,1,0,2,1,0,1,3,0,1,0,1,1,5,0,0,0,0,0,0,0,0,0,0,0,0,0,0,0,0,0,0,20,0,0,0,0,0,0,0,0
2020-12-27T23:59:59+01:00,0,0,0,0,0,0,0,1,1,0,1,2,0,1,0,1,1,5,0,0,0,0,0,0,0,0,0,0,0,0,0,0,0,0,0,0,13,0,0,0,0,0,0,0,0
