Datum,<15_1_m,<15_1_w,15-24_1_m,15-24_1_w,25-34_1_m,25-34_1_w,35-44_1_m,35-44_1_w,45-54_1_m,45-54_1_w,55-64_1_m,55-64_1_w,65-74_1_m,65-74_1_w,75-84_1_m,75-84_1_w,>84_1_m,>84_1_w,<15_2_m,<15_2_w,15-24_2_m,15-24_2_w,25-34_2_m,25-34_2_w,35-44_2_m,35-44_2_w,45-54_2_m,45-54_2_w,55-64_2_m,55-64_2_w,65-74_2_m,65-74_2_w,75-84_2_m,75-84_2_w,>84_2_m,>84_2_w,bp_1,bp_2,mo_1,mo_2,az_1,az_2,ja,unb_1,unb_2
2021-10-27T23:59:59+02:00,6064,5865,45454,43554,59362,51694,63010,59310,74459,72653,88477,86320,60817,64987,39792,51129,12628,22708,5132,4902,41461,39829,55304,47603,59465,55423,70434,68249,84598,82503,58884,62779,38544,49428,12110,21727,675964,635162,79493,76235,109707,103811,43104,49,63
2021-10-26T23:59:59+02:00,5964,5773,45170,43302,59032,51469,62799,59127,74273,72505,88383,86234,60800,64956,39784,51115,12620,22703,5057,4824,41282,39623,55148,47430,59345,55309,70355,68138,84517,82433,58856,62744,38523,49399,12110,21714,673855,633755,79479,76224,109706,103811,42954,49,63
2021-10-25T23:59:59+02:00,5958,5767,45143,43285,58996,51447,62777,59115,74249,72495,88368,86222,60799,64954,39782,51115,12620,22703,5053,4824,41271,39622,55131,47423,59330,55307,70347,68130,84512,82425,58856,62741,38522,49399,12110,21714,673689,633712,79478,76224,109706,103811,42907,49,63
2021-10-24T23:59:59+02:00,5931,5744,45050,43220,58877,51358,62686,59048,74163,72441,88322,86192,60791,64943,39779,51108,12618,22700,5044,4813,41217,39577,55062,47371,59283,55267,70314,68099,84487,82404,58844,62728,38516,49393,12109,21713,673017,633391,79471,76215,109706,103811,42761,49,63
2021-10-23T23:59:59+02:00,5931,5744,45049,43220,58877,51357,62686,59047,74163,72441,88322,86192,60791,64943,39779,51108,12618,22700,5044,4813,41217,39577,55061,47371,59283,55267,70314,68099,84487,82404,58844,62728,38516,49393,12109,21713,673014,633390,79471,76215,109706,103811,42761,49,63
2021-10-22T23:59:59+02:00,5908,5713,44960,43151,58773,51271,62575,58968,74087,72377,88272,86164,60791,64939,39777,51106,12616,22700,5026,4794,41147,39523,55006,47319,59222,55222,70284,68064,84449,82392,58837,62723,38511,49386,12108,21713,672371,633047,79460,76213,109706,103809,42594,49,63
2021-10-21T23:59:59+02:00,5847,5671,44812,43027,58617,51135,62422,58850,73966,72287,88185,86112,60773,64925,39767,51089,12612,22694,4979,4757,41022,39391,54896,47206,59120,55098,70200,67993,84389,82345,58816,62690,38495,49368,12103,21705,671172,632046,79442,76201,109706,103809,42454,49,63
2021-10-20T23:59:59+02:00,5811,5619,44673,42897,58445,50982,62298,58755,73866,72213,88137,86066,60764,64909,39749,51073,12607,22682,4929,4686,40877,39234,54735,47047,59000,54956,70110,67895,84318,82282,58778,62653,38477,49346,12100,21694,670046,630706,79419,76181,109705,103809,42358,49,63
2021-10-19T23:59:59+02:00,5783,5580,44548,42792,58310,50879,62229,58685,73823,72145,88095,86036,60740,64892,39734,51058,12600,22670,4865,4629,40675,39049,54569,46882,58898,54813,70025,67799,84252,82222,58739,62610,38461,49324,12098,21674,669174,629250,79409,76170,109705,103808,42293,49,63
2021-10-18T23:59:59+02:00,5764,5566,44492,42732,58252,50826,62197,58647,73794,72112,88073,86023,60722,64877,39731,51049,12598,22665,4850,4615,40620,39001,54516,46823,58865,54762,69988,67757,84216,82193,58721,62595,38454,49308,12096,21664,668760,628784,79407,76161,109705,103806,42230,49,63
2021-10-17T23:59:59+02:00,5752,5548,44456,42711,58221,50796,62166,58623,73776,72093,88051,86007,60715,64873,39725,51041,12596,22657,4832,4592,40580,38971,54494,46787,58842,54736,69971,67741,84196,82174,58711,62586,38452,49304,12095,21659,668481,628494,79399,76156,109705,103806,42204,49,63
2021-10-16T23:59:59+02:00,5750,5546,44456,42711,58221,50794,62166,58623,73776,72093,88051,86007,60715,64873,39725,51041,12596,22657,4832,4591,40579,38969,54494,46785,58842,54736,69971,67741,84196,82174,58711,62586,38452,49304,12095,21659,668475,628489,79399,76155,109705,103806,42204,49,63
2021-10-15T23:59:59+02:00,5735,5525,44399,42661,58166,50747,62122,58593,73739,72055,88021,85982,60702,64870,39720,51036,12593,22654,4810,4570,40525,38918,54451,46752,58802,54694,69937,67711,84168,82156,58706,62581,38443,49301,12094,21655,668081,628129,79397,76155,109703,103806,42121,49,63
2021-10-14T23:59:59+02:00,5689,5494,44323,42573,58094,50655,62051,58524,73679,71993,87960,85946,60689,64851,39708,51018,12587,22640,4763,4511,40420,38782,54387,46675,58720,54599,69866,67632,84130,82116,58672,62559,38436,49284,12091,21646,667352,627271,79388,76138,109703,103804,42013,49,63
2021-10-13T23:59:59+02:00,5648,5431,44223,42458,57986,50555,61976,58438,73623,71924,87912,85907,60672,64824,39700,51007,12584,22631,4675,4441,40237,38547,54238,46447,58594,54427,69780,67504,84043,82039,58642,62522,38416,49243,12086,21632,666444,625572,79376,76116,109703,103804,41958,49,63
2021-10-12T23:59:59+02:00,5611,5401,44100,42334,57873,50439,61892,58353,73536,71859,87850,85861,60648,64792,39694,50990,12580,22618,4623,4375,39995,38318,54028,46250,58445,54278,69687,67391,83963,81968,58608,62478,38395,49213,12077,21618,665460,623849,79371,76114,109702,103804,41880,49,63
2021-10-11T23:59:59+02:00,5593,5388,44055,42279,57823,50377,61853,58312,73497,71827,87820,85837,60633,64779,39687,50976,12574,22606,4605,4360,39948,38271,53973,46202,58399,54236,69657,67355,83943,81935,58587,62454,38382,49186,12069,21596,664990,623341,79364,76109,109702,103803,41842,49,63
2021-10-10T23:59:59+02:00,5579,5375,44028,42249,57788,50352,61820,58284,73477,71807,87805,85825,60624,64774,39686,50972,12573,22603,4596,4350,39915,38247,53935,46168,58365,54214,69633,67338,83929,81923,58582,62447,38376,49180,12067,21594,664746,623094,79359,76104,109702,103802,41796,49,63
2021-10-09T23:59:59+02:00,5578,5374,44027,42245,57788,50352,61818,58284,73477,71807,87805,85825,60624,64774,39686,50972,12573,22603,4595,4350,39913,38245,53934,46168,58363,54214,69633,67338,83929,81923,58581,62447,38376,49180,12067,21594,664739,623089,79359,76104,109702,103800,41794,49,63
2021-10-08T23:59:59+02:00,5554,5353,43980,42198,57735,50295,61768,58251,73429,71780,87780,85813,60616,64765,39680,50963,12571,22600,4583,4328,39878,38205,53906,46134,58327,54172,69599,67317,83912,81910,58577,62435,38373,49176,12066,21592,664343,622815,79357,76101,109702,103800,41711,49,63
2021-10-07T23:59:59+02:00,5490,5276,43835,42062,57621,50168,61679,58164,73353,71705,87726,85775,60603,64742,39670,50953,12568,22592,4492,4235,39688,37976,53768,45941,58202,54010,69494,67208,83857,81848,58548,62392,38352,49160,12059,21584,663299,621243,79342,76087,109702,103800,41621,49,63
2021-10-06T23:59:59+02:00,5465,5236,43696,41946,57507,50080,61600,58073,73288,71640,87667,85731,60586,64717,39656,50928,12565,22575,4431,4182,39526,37797,53637,45789,58099,53873,69403,67099,83792,81774,58514,62353,38337,49134,12057,21566,662379,619881,79322,76085,109701,103800,41534,49,63
2021-10-05T23:59:59+02:00,5424,5199,43567,41806,57394,49945,61482,57995,73218,71576,87614,85673,60567,64696,39645,50910,12561,22557,4385,4134,39394,37650,53520,45661,58004,53751,69303,67021,83733,81714,58489,62321,38319,49109,12051,21562,661337,618727,79316,76077,109701,103799,41455,49,63
2021-10-04T23:59:59+02:00,5395,5186,43489,41735,57325,49871,61435,57954,73165,71531,87580,85648,60548,64677,39640,50902,12557,22545,4366,4116,39321,37598,53452,45600,57966,53703,69265,66968,83703,81687,58463,62301,38309,49099,12049,21559,660785,618247,79312,76055,109701,103795,41365,49,63
2021-10-03T23:59:59+02:00,5385,5170,43461,41698,57273,49836,61399,57920,73136,71505,87556,85624,60537,64668,39629,50895,12554,22534,4358,4106,39291,37567,53422,45581,57940,53673,69245,66948,83683,81669,58452,62288,38303,49098,12048,21554,660460,618025,79310,76054,109701,103795,41289,49,63
2021-10-02T23:59:59+02:00,5385,5170,43460,41697,57270,49835,61399,57920,73136,71504,87556,85624,60537,64668,39629,50895,12554,22534,4358,4106,39291,37567,53422,45581,57940,53673,69245,66948,83683,81669,58452,62288,38303,49098,12048,21554,660455,618025,79308,76054,109701,103795,41289,49,63
2021-10-01T23:59:59+02:00,5372,5149,43385,41629,57203,49772,61337,57885,73084,71465,87518,85593,60522,64658,39624,50887,12554,22534,4341,4094,39235,37512,53374,45552,57900,53635,69210,66921,83659,81646,58445,62287,38300,49096,12048,21553,659974,617729,79307,76053,109701,103794,41169,49,63
2021-09-30T23:59:59+02:00,5301,5068,43207,41439,57044,49604,61216,57741,72989,71357,87445,85544,60499,64619,39605,50867,12550,22526,4222,3966,39004,37244,53214,45362,57760,53464,69108,66802,83583,81573,58428,62251,38284,49070,12042,21550,658663,616077,79294,76053,109701,103791,40943,49,63
2021-09-29T23:59:59+02:00,5266,5032,43066,41289,56905,49472,61119,57641,72904,71268,87387,85495,60474,64596,39588,50848,12546,22516,4138,3907,38815,37021,53072,45213,57668,53337,69013,66695,83517,81488,58385,62225,38272,49054,12039,21540,657640,614716,79269,76048,109701,103790,40782,49,63
2021-09-28T23:59:59+02:00,5224,4988,42858,41131,56760,49335,61014,57534,72820,71178,87327,85428,60445,64572,39574,50827,12539,22495,4079,3853,38620,36834,52929,45078,57568,53224,68929,66610,83441,81418,58357,62194,38256,49034,12037,21533,656448,613477,79261,76047,109700,103787,40620,49,63
2021-09-27T23:59:59+02:00,5192,4966,42768,41052,56667,49251,60929,57454,72757,71124,87277,85387,60422,64545,39552,50805,12530,22461,4065,3837,38533,36776,52849,45027,57495,53170,68892,66567,83398,81383,58334,62172,38246,49019,12034,21522,655789,613084,79255,76016,109700,103781,40375,49,63
2021-09-26T23:59:59+02:00,5179,4940,42724,41018,56636,49216,60911,57431,72733,71105,87263,85366,60414,64538,39548,50800,12529,22460,4055,3830,38511,36760,52815,44998,57472,53153,68870,66544,83379,81369,58328,62164,38241,49015,12034,21522,655548,612911,79249,76011,109700,103781,40294,49,63
2021-09-25T23:59:59+02:00,5179,4939,42720,41016,56636,49215,60911,57430,72732,71103,87263,85366,60414,64538,39548,50800,12529,22460,4055,3830,38507,36757,52814,44998,57472,53151,68869,66542,83379,81369,58327,62163,38241,49015,12034,21522,655542,612900,79247,76011,109700,103781,40290,49,63
2021-09-24T23:59:59+02:00,5160,4928,42634,40934,56572,49150,60845,57374,72671,71043,87225,85327,60402,64529,39543,50796,12528,22458,4050,3822,38449,36706,52764,44954,57421,53109,68823,66487,83346,81345,58316,62157,38238,49012,12033,21520,655195,612740,79243,76008,109700,103781,39960,49,63
2021-09-23T23:59:59+02:00,5087,4827,42365,40662,56346,48939,60674,57172,72517,70905,87092,85234,60348,64485,39524,50758,12522,22429,3972,3735,38208,36527,52573,44789,57270,52969,68691,66377,83246,81260,58279,62118,38225,48986,12026,21503,653598,611578,79230,75997,109699,103779,39337,49,63
2021-09-22T23:59:59+02:00,5048,4772,42211,40478,56169,48760,60526,57016,72408,70769,86999,85153,60312,64434,39503,50721,12519,22413,3931,3685,38069,36381,52412,44655,57141,52843,68613,66278,83157,81178,58245,62082,38207,48965,12023,21493,652292,610542,79216,75993,109698,103777,38983,49,63
2021-09-21T23:59:59+02:00,5012,4716,42012,40230,55945,48537,60361,56867,72317,70648,86910,85071,60272,64390,39486,50681,12510,22399,3884,3651,37907,36235,52259,44515,57021,52746,68545,66198,83081,81114,58216,62058,38183,48943,12017,21480,650717,609509,79215,75993,109698,103776,38712,49,63
2021-09-20T23:59:59+02:00,4986,4694,41906,40149,55814,48442,60259,56784,72239,70583,86852,85016,60247,64370,39473,50661,12504,22380,3876,3638,37825,36164,52143,44440,56938,52686,68483,66147,83030,81071,58193,62040,38173,48916,12014,21475,650009,609060,79205,75941,109698,103763,38425,49,63
2021-09-19T23:59:59+02:00,4981,4690,41861,40121,55739,48395,60210,56743,72198,70570,86825,85002,60240,64361,39472,50653,12504,22378,3866,3635,37793,36141,52098,44424,56904,52675,68447,66131,83008,81054,58185,62034,38170,48912,12014,21473,649750,608927,79203,75939,109695,103762,38273,49,63
2021-09-18T23:59:59+02:00,4979,4688,41849,40115,55721,48381,60191,56733,72186,70557,86815,84998,60235,64358,39471,50653,12504,22377,3866,3635,37789,36138,52082,44419,56891,52665,68438,66123,82998,81050,58180,62031,38168,48910,12014,21473,649695,608911,79202,75939,109695,103762,38195,49,63
2021-09-17T23:59:59+02:00,4924,4637,41702,39994,55603,48235,60049,56608,72051,70441,86746,84925,60199,64336,39462,50647,12501,22371,3834,3608,37682,36051,51985,44302,56800,52573,68330,66045,82938,80992,58149,62014,38161,48902,12012,21469,648863,608437,79201,75939,109695,103762,37646,49,63
2021-09-16T23:59:59+02:00,4827,4536,41416,39720,55349,47948,59814,56337,71860,70262,86617,84793,60147,64280,39439,50624,12490,22356,3730,3505,37405,35832,51782,44067,56616,52369,68185,65901,82828,80893,58096,61979,38143,48878,12003,21458,646939,606961,79197,75933,109687,103747,36966,49,63
2021-09-15T23:59:59+02:00,4762,4471,41176,39464,55104,47665,59599,56118,71702,70119,86497,84687,60104,64226,39411,50594,12481,22332,3670,3457,37194,35646,51607,43858,56475,52226,68078,65800,82732,80790,58050,61946,38119,48853,12001,21444,645144,605748,79195,75930,109687,103747,36458,49,63
2021-09-14T23:59:59+02:00,4734,4443,41053,39339,54974,47573,59510,56002,71604,70026,86420,84628,60085,64199,39397,50582,12478,22327,3656,3444,37121,35573,51515,43802,56402,52156,68002,65738,82673,80753,58032,61920,38104,48833,11995,21436,644382,605334,79195,75930,109687,103746,36082,49,63
2021-09-13T23:59:59+02:00,4706,4429,40950,39234,54883,47477,59446,55902,71532,69970,86377,84587,60054,64167,39391,50571,12474,22322,3635,3426,37046,35503,51428,43741,56343,52090,67937,65704,82633,80726,58009,61893,38095,48822,11994,21430,643671,604889,79194,75879,109686,103731,35893,49,63
2021-09-12T23:59:59+02:00,4697,4415,40919,39207,54862,47454,59420,55871,71504,69938,86363,84567,60046,64159,39389,50568,12472,22318,3626,3423,37009,35473,51410,43722,56318,52072,67917,65676,82612,80707,57998,61880,38090,48811,11994,21428,643457,604686,79185,75874,109685,103729,35814,49,63
2021-09-11T23:59:59+02:00,4688,4413,40904,39181,54833,47427,59401,55854,71480,69926,86352,84559,60045,64156,39388,50567,12472,22316,3623,3421,36992,35462,51388,43703,56305,52059,67894,65665,82599,80703,57996,61879,38088,48811,11994,21427,643361,604641,79185,75873,109685,103729,35703,49,63
2021-09-10T23:59:59+02:00,4643,4374,40724,39008,54677,47292,59283,55702,71354,69824,86264,84477,60017,64128,39378,50555,12468,22309,3605,3402,36865,35372,51278,43611,56212,51968,67800,65599,82526,80647,57977,61858,38079,48797,11987,21421,642457,604217,79183,75873,109685,103729,35122,49,63
2021-09-09T23:59:59+02:00,4569,4287,40481,38789,54481,47070,59106,55481,71205,69657,86160,84383,59991,64084,39356,50528,12459,22304,3547,3338,36653,35196,51102,43459,56059,51803,67657,65478,82418,80568,57938,61812,38062,48775,11982,21413,640969,603074,79182,75871,109685,103729,34524,49,62
2021-09-08T23:59:59+02:00,4470,4192,40253,38530,54280,46888,58931,55312,71094,69540,86067,84304,59954,64044,39348,50496,12453,22297,3437,3233,36367,34926,50867,43243,55859,51618,67520,65348,82304,80464,57905,61756,38039,48736,11971,21399,639542,601321,79177,75863,109685,103729,34017,49,62
2021-09-07T23:59:59+02:00,4396,4130,40049,38358,54150,46769,58828,55204,71017,69451,86005,84237,59930,64016,39337,50480,12450,22294,3408,3207,36239,34817,50762,43162,55777,51554,67450,65279,82239,80407,57872,61723,38027,48713,11965,21391,638523,600660,79171,75849,109681,103728,33693,49,62
2021-09-06T23:59:59+02:00,4355,4082,39944,38257,54070,46697,58761,55128,70972,69395,85960,84199,59910,63999,39334,50475,12448,22290,3375,3183,36123,34701,50666,43091,55694,51469,67390,65208,82185,80345,57845,61692,38016,48700,11964,21389,637841,599896,79171,75811,109679,103716,33551,49,62
2021-09-05T23:59:59+02:00,4342,4064,39909,38227,54048,46666,58725,55101,70944,69372,85936,84176,59907,63996,39331,50470,12447,22286,3371,3177,36097,34680,50638,43068,55661,51449,67371,65191,82167,80329,57837,61687,38013,48694,11962,21386,637618,599746,79170,75807,109678,103716,33447,49,62
2021-09-04T23:59:59+02:00,4342,4062,39900,38224,54045,46658,58724,55099,70942,69368,85932,84169,59907,63994,39331,50470,12447,22286,3370,3176,36086,34677,50635,43061,55657,51448,67369,65187,82164,80325,57836,61685,38013,48694,11962,21386,637598,599729,79170,75806,109678,103714,33420,49,62
2021-09-03T23:59:59+02:00,4304,4032,39786,38109,53944,46587,58643,55016,70872,69308,85868,84138,59889,63978,39325,50465,12444,22283,3357,3161,36007,34606,50550,43015,55594,51393,67310,65144,82119,80293,57821,61671,38005,48688,11956,21385,637019,599408,79170,75801,109678,103714,33090,49,62
2021-09-02T23:59:59+02:00,4264,3989,39608,37951,53800,46427,58502,54889,70745,69190,85790,84073,59841,63941,39302,50437,12442,22273,3340,3146,35880,34523,50437,42930,55494,51304,67210,65063,82046,80231,57774,61639,37988,48665,11951,21378,636005,598851,79170,75800,109678,103709,32577,49,62
2021-09-01T23:59:59+02:00,4203,3919,39413,37779,53636,46285,58384,54774,70650,69103,85729,83996,59797,63910,39286,50424,12440,22262,3206,3025,35544,34176,50202,42669,55295,51110,67048,64896,81914,80123,57725,61582,37956,48638,11946,21372,634882,596629,79159,75790,109677,103708,32238,49,62
2021-08-31T23:59:59+02:00,4154,3872,39276,37628,53505,46173,58280,54669,70563,69029,85651,83940,59768,63882,39268,50395,12438,22259,3185,3008,35424,34072,50059,42569,55183,51025,66953,64829,81832,80069,57686,61546,37942,48618,11940,21369,633951,596043,79157,75789,109675,103481,31934,48,62
2021-08-30T23:59:59+02:00,4103,3828,39164,37502,53399,46087,58193,54590,70501,68951,85590,83893,59750,63856,39256,50384,12436,22253,3172,2989,35351,33999,49982,42508,55107,50954,66893,64766,81778,80011,57659,61518,37927,48597,11939,21358,633104,595453,79154,75754,109675,103469,31770,48,62
2021-08-29T23:59:59+02:00,4092,3819,39146,37483,53380,46070,58178,54571,70493,68941,85574,83876,59748,63854,39252,50380,12435,22252,3166,2982,35322,33974,49951,42489,55095,50928,66870,64739,81755,79997,57649,61502,37922,48592,11936,21357,632984,595257,79151,75737,109675,103469,31701,48,62
2021-08-28T23:59:59+02:00,4092,3819,39145,37483,53379,46069,58177,54571,70492,68939,85574,83876,59748,63854,39252,50380,12435,22252,3166,2982,35322,33973,49951,42489,55092,50928,66869,64738,81755,79997,57649,61502,37922,48592,11936,21357,632980,595254,79151,75737,109675,103469,31698,48,62
2021-08-27T23:59:59+02:00,4056,3777,39024,37383,53278,45963,58094,54478,70402,68861,85513,83818,59722,63830,39240,50370,12435,22250,3160,2966,35219,33913,49849,42427,55019,50855,66778,64675,81701,79958,57624,61482,37911,48582,11935,21356,632343,594847,79151,75737,109670,103467,31297,48,62
2021-08-26T23:59:59+02:00,3972,3714,38828,37200,53106,45794,57957,54328,70273,68746,85386,83726,59675,63783,39216,50350,12428,22240,3133,2928,35043,33739,49696,42261,54858,50693,66650,64545,81556,79845,57576,61420,37882,48556,11930,21348,631151,593683,79148,75726,109664,103462,30726,48,62
2021-08-25T23:59:59+02:00,3877,3645,38659,37002,52952,45604,57842,54189,70172,68645,85292,83633,59639,63741,39198,50331,12426,22233,3016,2794,34659,33324,49422,41945,54619,50428,66455,64342,81376,79673,57488,61339,37860,48518,11918,21336,629905,590933,79147,75724,109664,103462,30331,48,62
2021-08-24T23:59:59+02:00,3856,3629,38571,36929,52872,45534,57785,54136,70118,68600,85246,83593,59607,63715,39189,50314,12423,22223,2973,2764,34511,33198,49301,41857,54531,50343,66352,64248,81285,79596,57439,61294,37852,48502,11913,21327,629465,590010,79143,75720,109662,103457,30037,48,62
2021-08-23T23:59:59+02:00,3828,3593,38475,36833,52791,45469,57730,54070,70059,68548,85192,83554,59589,63688,39179,50301,12421,22215,2955,2733,34371,33061,49176,41779,54430,50258,66258,64152,81196,79533,57403,61244,37832,48482,11912,21316,628931,589128,79140,75686,109660,103444,29771,48,62
2021-08-22T23:59:59+02:00,3820,3593,38446,36820,52776,45450,57713,54057,70033,68529,85175,83540,59579,63678,39177,50292,12416,22213,2947,2715,34323,33022,49148,41742,54394,50231,66215,64127,81160,79506,57388,61230,37829,48473,11907,21313,628827,588840,79138,75675,109659,103443,29650,48,62
2021-08-21T23:59:59+02:00,3818,3590,38426,36814,52767,45439,57698,54051,70019,68517,85169,83531,59572,63676,39176,50292,12416,22213,2947,2715,34311,33018,49138,41733,54380,50226,66203,64116,81154,79499,57384,61229,37829,48473,11907,21313,628786,588827,79137,75673,109658,103443,29570,48,62
2021-08-20T23:59:59+02:00,3798,3558,38355,36743,52683,45368,57620,53987,69945,68463,85107,83482,59555,63656,39173,50288,12416,22207,2929,2701,34211,32912,49023,41665,54288,50151,66108,64049,81084,79446,57364,61205,37823,48468,11906,21309,628414,588306,79135,75670,109658,103440,29164,48,62
2021-08-19T23:59:59+02:00,3770,3524,38184,36600,52521,45228,57498,53883,69816,68342,85009,83406,59525,63612,39158,50271,12412,22195,2895,2648,33859,32657,48735,41419,54069,49954,65899,63861,80908,79311,57308,61132,37777,48430,11901,21298,627524,586385,79133,75573,109649,103426,28615,48,62
2021-08-18T23:59:59+02:00,3720,3474,37994,36443,52394,45106,57402,53777,69706,68246,84933,83342,59486,63569,39143,50251,12410,22187,2825,2575,33477,32244,48432,41161,53811,49676,65679,63649,80724,79149,57226,61045,37741,48388,11897,21286,626519,583806,79130,75444,109647,103419,28254,48,62
2021-08-17T23:59:59+02:00,3659,3426,37831,36284,52274,44978,57320,53680,69611,68160,84860,83279,59451,63536,39130,50228,12405,22178,2725,2498,33086,31802,48104,40844,53520,49382,65431,63407,80524,78940,57116,60934,37699,48339,11885,21275,625555,580691,79130,75430,109642,103398,27930,48,62
2021-08-16T23:59:59+02:00,3603,3371,37685,36140,52178,44881,57247,53610,69541,68091,84807,83234,59429,63507,39116,50211,12399,22170,2592,2390,32524,31238,47711,40430,53126,48993,65125,63138,80302,78744,57040,60818,37666,48284,11876,21253,624645,576641,79126,75395,109642,103378,27774,48,62
2021-08-15T23:59:59+02:00,3594,3362,37651,36115,52145,44863,57220,53577,69525,68075,84796,83223,59417,63503,39113,50202,12399,22168,2575,2379,32446,31141,47638,40366,53063,48932,65081,63096,80259,78716,57022,60798,37658,48271,11875,21249,624456,576079,79126,75365,109641,103367,27692,48,62
2021-08-14T23:59:59+02:00,3589,3357,37643,36108,52139,44859,57214,53570,69521,68072,84788,83219,59410,63498,39113,50200,12399,22168,2574,2377,32438,31134,47627,40362,53054,48924,65078,63093,80252,78714,57017,60793,37658,48269,11875,21249,624423,576048,79123,75364,109641,103367,27647,48,62
2021-08-13T23:59:59+02:00,3572,3343,37573,36065,52078,44808,57147,53519,69452,68032,84722,83183,59388,63486,39102,50185,12396,22162,2551,2349,32297,31021,47498,40263,52932,48823,64976,63013,80162,78664,56994,60772,37645,48259,11873,21244,624113,575241,79123,75363,109641,103367,27303,48,62
2021-08-12T23:59:59+02:00,3533,3316,37444,35942,51988,44718,57075,53436,69358,67958,84647,83117,59359,63462,39090,50172,12396,22159,2472,2259,31768,30533,47113,39912,52540,48468,64650,62781,79941,78452,56902,60684,37600,48216,11868,21227,623393,571748,79122,75333,109639,103260,26983,48,62
2021-08-11T23:59:59+02:00,3491,3276,37290,35797,51875,44611,56952,53314,69261,67869,84564,83036,59319,63424,39069,50156,12392,22155,2352,2179,31121,29913,46606,39521,52110,48032,64347,62503,79728,78248,56806,60578,37564,48143,11855,21210,622492,567701,79116,75309,109637,103172,26572,48,62
2021-08-10T23:59:59+02:00,3443,3231,37131,35647,51761,44489,56846,53209,69195,67799,84497,82979,59295,63387,39051,50142,12385,22150,2185,2030,30234,28933,45868,38820,51442,47426,63961,62139,79480,78005,56701,60473,37519,48074,11847,21198,621545,561486,79114,75308,109634,103169,26310,48,62
2021-08-09T23:59:59+02:00,3407,3202,37037,35538,51683,44421,56786,53168,69164,67756,84467,82947,59278,63372,39039,50123,12384,22148,2049,1909,29523,28189,45198,38233,50870,46843,63589,61781,79202,77755,56580,60377,37475,48019,11840,21184,620957,557367,79112,73860,109633,103143,26184,48,62
2021-08-08T23:59:59+02:00,3398,3188,37011,35521,51658,44395,56769,53157,69146,67738,84447,82932,59274,63367,39034,50116,12383,22147,2015,1884,29398,28048,45054,38138,50772,46758,63533,61724,79153,77714,56543,60359,37465,48008,11840,21181,620782,556440,79111,73852,109632,103111,26122,48,62
2021-08-07T23:59:59+02:00,3398,3188,37009,35515,51648,44394,56767,53157,69142,67735,84446,82930,59273,63367,39034,50116,12383,22147,2015,1884,29389,28040,45039,38135,50771,46753,63530,61719,79150,77711,56540,60358,37464,48008,11840,21180,620774,556405,79110,73850,109632,103110,26099,48,62
2021-08-06T23:59:59+02:00,3387,3173,36942,35459,51566,44329,56700,53115,69100,67701,84414,82903,59261,63347,39023,50110,12380,22145,1977,1841,29150,27807,44830,37950,50587,46607,63391,61601,79050,77643,56515,60333,37449,47998,11837,21177,620492,554940,79107,73843,109632,103108,25790,48,62
2021-08-05T23:59:59+02:00,3354,3134,36790,35325,51452,44196,56578,53000,68984,67587,84288,82827,59218,63294,39000,50089,12371,22135,1858,1711,28450,27188,44242,37469,50031,46151,63032,61303,78758,77423,56405,60238,37410,47945,11829,21161,619690,550621,79106,73833,109632,102928,25160,48,62
2021-08-04T23:59:59+02:00,3295,3071,36589,35153,51301,44048,56438,52884,68860,67457,84173,82713,59150,63236,38982,50060,12366,22125,1657,1534,27304,26069,43280,36592,49071,45247,62439,60697,78261,76983,56195,60056,37351,47856,11816,21141,618594,542275,79095,73792,109632,102875,24545,48,62
2021-08-03T23:59:59+02:00,3221,3013,36372,34955,51144,43907,56313,52759,68727,67343,84085,82640,59107,63191,38961,50030,12357,22110,1455,1329,26224,24954,42346,35694,48172,44362,61895,60166,77811,76578,56026,59871,37290,47768,11797,21110,617232,533941,79087,73743,109628,102849,24253,48,62
2021-08-02T23:59:59+02:00,3176,2959,36229,34804,51034,43795,56220,52658,68642,67250,83999,82566,59068,63143,38946,50010,12349,22098,1266,1164,25323,23958,41494,34950,47442,43618,61410,59695,77425,76234,55862,59722,37240,47689,11780,21089,616254,526961,79086,73688,109627,102706,23944,48,62
2021-08-01T23:59:59+02:00,3171,2953,36212,34782,51007,43776,56200,52631,68612,67237,83985,82554,59062,63138,38944,50006,12349,22098,1221,1133,25064,23707,41247,34748,47210,43421,61269,59558,77309,76137,55826,59693,37225,47676,11776,21085,616108,525091,79083,73647,109626,102640,23865,48,62
2021-07-31T23:59:59+02:00,3170,2952,36207,34781,51007,43775,56198,52630,68611,67236,83985,82553,59062,63138,38944,50006,12349,22097,1218,1132,25057,23692,41239,34740,47205,43415,61260,59556,77307,76134,55826,59690,37225,47676,11776,21084,616095,525023,79083,73646,109626,102639,23862,48,62
2021-07-30T23:59:59+02:00,3153,2939,36146,34718,50937,43724,56135,52569,68555,67195,83947,82513,59050,63124,38940,49999,12346,22094,1161,1077,24736,23380,40966,34524,46945,43219,61071,59425,77157,76019,55794,59651,37211,47664,11776,21084,615803,523084,79079,73643,109623,102528,23544,48,61
2021-07-29T23:59:59+02:00,3130,2911,36006,34594,50807,43596,56041,52469,68484,67132,83876,82461,59024,63106,38928,49990,12346,22093,1018,960,23781,22391,40082,33777,46042,42438,60523,58980,76796,75715,55674,59513,37171,47609,11769,21073,614926,516025,79060,73517,109623,102359,23350,48,61
2021-07-28T23:59:59+02:00,3080,2856,35764,34356,50585,43424,55839,52318,68338,66989,83762,82362,58972,63059,38906,49952,12336,22085,819,805,22562,21152,38758,32670,44725,41260,59719,58319,76290,75254,55479,59324,37102,47505,11755,21048,613544,506210,79053,73347,109622,102201,22727,48,61
2021-07-27T23:59:59+02:00,3054,2837,35656,34237,50501,43342,55756,52267,68276,66920,83701,82290,58931,63016,38894,49937,12335,22076,665,646,21323,19759,37329,31336,43358,39958,59092,57723,75869,74842,55316,59147,37044,47450,11744,21025,612814,495789,79037,73169,109621,102090,22517,48,61
2021-07-26T23:59:59+02:00,3035,2818,35594,34142,50443,43287,55712,52218,68232,66884,83666,82263,58918,63000,38882,49925,12334,22074,563,561,20304,18658,36080,30220,42088,38807,58595,57319,75582,74587,55218,59047,37023,47415,11738,21011,612291,487540,79030,72842,109621,101925,22448,48,61
2021-07-25T23:59:59+02:00,3025,2813,35547,34100,50398,43239,55685,52196,68209,66859,83637,82240,58902,62993,38879,49922,12331,22068,494,490,19903,18293,35664,29889,41680,38500,58399,57164,75423,74478,55171,59009,37001,47395,11735,21007,611999,484809,79024,72568,109621,101895,22362,48,61
2021-07-24T23:59:59+02:00,3025,2813,35542,34097,50396,43236,55683,52195,68207,66859,83635,82239,58902,62993,38878,49922,12331,22068,494,490,19896,18281,35653,29879,41674,38499,58395,57161,75419,74476,55171,59009,37000,47395,11735,21007,611992,484764,79022,72567,109621,101893,22349,48,61
2021-07-23T23:59:59+02:00,3001,2787,35391,33979,50247,43135,55564,52088,68110,66764,83543,82188,58871,62965,38868,49917,12326,22065,468,474,19657,18057,35391,29702,41402,38317,58229,57031,75282,74398,55132,58985,36988,47385,11729,21001,611363,483636,79022,72274,109621,101891,21766,48,61
2021-07-22T23:59:59+02:00,2950,2703,34952,33608,49939,42901,55298,51860,67879,66580,83367,82038,58785,62872,38832,49870,12315,22047,424,425,18866,17397,34296,28966,40279,37483,57487,56561,74730,74023,54951,58805,36922,47301,11708,20975,609212,478112,79009,70835,109617,101672,20920,48,60
2021-07-21T23:59:59+02:00,2895,2645,34640,33280,49697,42688,55110,51671,67688,66397,83239,81911,58720,62819,38801,49830,12304,22037,382,385,18041,16574,32981,27974,39017,36525,56792,55997,74281,73662,54805,58630,36856,47217,11696,20942,607380,472212,78958,68645,109616,101460,20380,48,60
2021-07-20T23:59:59+02:00,2819,2582,34284,32892,49414,42456,54936,51474,67507,66240,83099,81790,58657,62763,38772,49784,12303,22022,326,306,16891,15456,31265,26577,37285,35069,55996,55347,73733,73215,54637,58441,36806,47132,11678,20904,605281,463040,78923,66907,109614,101119,19938,48,60
2021-07-19T23:59:59+02:00,2735,2510,33722,32328,49105,42146,54662,51209,67311,66027,82929,81621,58590,62681,38727,49732,12296,22007,292,259,16233,14886,30318,25897,36419,34352,55555,54923,73405,72975,54550,58355,36769,47081,11672,20882,602078,459333,78862,64737,109613,100946,19747,48,60
2021-07-18T23:59:59+02:00,2707,2492,33623,32210,49014,42091,54606,51149,67250,65978,82885,81579,58563,62655,38716,49719,12294,22000,276,238,15914,14622,29750,25520,35925,34000,55299,54761,73259,72874,54508,58315,36761,47066,11671,20878,601470,457885,78846,63210,109612,100918,19565,48,59
2021-07-17T23:59:59+02:00,2707,2492,33622,32208,49008,42090,54603,51147,67250,65977,82885,81578,58563,62654,38716,49719,12294,22000,276,238,15909,14615,29738,25505,35920,33995,55294,54760,73259,72874,54508,58315,36761,47066,11671,20878,601460,457838,78844,63206,109607,100915,19564,48,59
2021-07-16T23:59:59+02:00,2648,2427,33014,31686,48514,41742,54209,50813,66868,65653,82572,81346,58444,62541,38666,49670,12290,21993,268,227,15493,14291,29244,25132,35472,33663,54955,54506,72999,72681,54396,58227,36726,47028,11668,20874,599241,456437,78840,63077,109606,100907,17370,48,59
2021-07-15T23:59:59+02:00,2515,2295,32152,30904,47892,41172,53634,50328,66440,65306,82318,81104,58353,62444,38632,49627,12282,21974,239,201,14654,13618,27919,24306,34169,32851,54274,54105,72585,72455,54302,58130,36696,46994,11661,20858,594218,452246,78828,60708,109605,100323,16681,48,59
2021-07-14T23:59:59+02:00,2409,2209,31607,30378,47403,40735,53215,49927,66113,65026,82081,80856,58249,62348,38598,49577,12272,21961,192,162,13412,12482,25920,22845,32266,31331,53522,53509,72073,72116,54163,58004,36654,46933,11651,20842,590362,443096,78811,58791,109604,99986,16146,48,58
2021-07-13T23:59:59+02:00,2352,2139,31342,30108,47134,40509,52964,49697,65910,64838,81914,80708,58182,62272,38573,49540,12262,21949,168,140,12422,11636,24186,21531,30319,29743,52327,52340,71254,71322,53914,57727,36567,46818,11634,20815,588214,436365,78797,55867,109595,96827,15746,48,58
2021-07-12T23:59:59+02:00,2125,1932,30483,29178,46480,39975,52393,49129,65519,64451,81636,80435,58047,62147,38531,49483,12253,21928,147,123,11671,11013,22788,20549,28577,28364,51368,51478,70511,70702,53655,57446,36500,46700,11621,20784,581987,428243,78778,53301,109595,96671,15724,48,58
2021-07-11T23:59:59+02:00,2080,1894,30363,29070,46416,39904,52341,49066,65462,64396,81575,80392,58026,62127,38525,49465,12248,21923,144,115,11509,10865,22515,20361,28211,28091,51163,51332,70338,70558,53602,57366,36478,46683,11612,20777,581168,426171,78772,53259,109593,96536,15699,48,55
2021-07-10T23:59:59+02:00,2080,1892,30360,29062,46413,39898,52339,49064,65459,64395,81574,80389,58026,62125,38524,49465,12248,21923,144,115,11497,10846,22501,20346,28195,28078,51156,51327,70335,70555,53602,57366,36477,46683,11612,20777,581139,426083,78771,53257,109593,96525,15692,48,55
2021-07-09T23:59:59+02:00,2036,1854,30128,28830,46196,39718,52154,48893,65297,64282,81470,80308,57996,62095,38509,49450,12244,21921,143,109,11114,10575,21856,19908,27527,27526,50448,50757,69752,70143,53500,57279,36454,46649,11607,20766,579941,425001,78765,52942,109588,93068,15047,47,55
2021-07-08T23:59:59+02:00,1898,1727,29466,28299,45588,39214,51600,48425,64895,63972,81168,80073,57904,62004,38477,49399,12239,21907,105,81,9931,9475,19912,18280,25061,25543,49413,49954,69125,69605,53275,57065,36378,46562,11592,20740,575683,414473,78743,50515,109572,92837,14217,47,55
2021-07-07T23:59:59+02:00,1685,1530,28352,27095,44537,38250,50502,47430,64236,63332,80625,79589,57701,61775,38410,49314,12226,21866,81,70,9398,8997,18825,17438,23661,24341,48588,49307,68578,69115,53075,56822,36302,46464,11576,20700,566408,408125,78727,48899,109570,92549,13710,47,55
2021-07-06T23:59:59+02:00,1484,1372,27272,26057,43514,37327,49568,46499,63634,62770,80190,79180,57519,61591,38354,49219,12202,21839,60,45,8682,8254,17496,16433,22046,23059,47981,48852,68202,68849,52958,56708,36252,46427,11569,20685,558148,400654,78716,48474,109567,92255,13120,47,55
2021-07-05T23:59:59+02:00,1328,1248,26128,24804,42434,36331,48516,45429,62967,62194,79754,78777,57345,61403,38301,49144,12193,21816,48,35,8428,8027,16993,16111,21482,22671,47673,48624,68006,68701,52906,56635,36226,46407,11566,20680,548839,398055,78708,48158,109567,91996,12957,47,53
2021-07-04T23:59:59+02:00,1263,1184,25806,24479,42125,36071,48264,45243,62821,62058,79640,78680,57309,61363,38290,49125,12191,21813,41,34,8172,7870,16721,15913,21197,22473,47547,48524,67927,68625,52882,56611,36211,46402,11564,20679,546523,397016,78678,47495,109566,91912,12917,47,53
2021-07-03T23:59:59+02:00,1263,1183,25798,24465,42112,36064,48262,45243,62817,62057,79639,78679,57308,61363,38290,49125,12191,21813,41,34,8166,7862,16710,15902,21190,22466,47540,48523,67922,68624,52881,56611,36211,46402,11564,20679,546491,396982,78677,47494,109566,91902,12897,47,53
2021-07-02T23:59:59+02:00,1195,1126,25483,24118,41791,35786,48004,44988,62673,61909,79565,78608,57291,61340,38284,49113,12187,21808,40,31,7987,7714,16341,15635,20746,22159,46574,47744,67425,68274,52797,56519,36196,46384,11563,20676,544110,394498,78676,47491,109561,89882,12881,47,53
2021-07-01T23:59:59+02:00,1140,1076,25108,23753,41407,35437,47608,44638,62423,61669,79375,78437,57228,61277,38253,49072,12180,21798,34,27,7596,7377,15525,14852,19573,21123,45035,46257,66209,67195,52488,56216,36099,46264,11539,20649,540961,388664,78574,46663,109552,85927,12751,47,53
2021-06-30T23:59:59+02:00,1067,1011,24684,23306,40980,35065,47198,44258,62193,61459,79203,78288,57148,61199,38225,49021,12172,21777,27,20,7222,7018,14577,14051,18137,19913,41815,43526,64509,65749,52019,55717,35950,46070,11512,20599,537507,376624,78541,45966,109548,83172,12617,47,52
2021-06-29T23:59:59+02:00,976,902,24182,22771,40459,34643,46765,43843,61933,61178,78990,78110,57069,61135,38196,48977,12166,21758,18,18,6946,6709,13912,13552,16974,18986,37481,39839,63152,64490,51531,55217,35817,45891,11481,20556,533425,361293,78532,45752,109548,82966,12507,47,52
2021-06-28T23:59:59+02:00,947,869,23845,22381,39998,34251,46345,43476,61692,60922,78798,77955,56995,61066,38167,48947,12163,21743,16,10,6634,6394,13257,13050,15956,18147,33835,36790,62025,63454,51176,54821,35722,45741,11456,20518,531658,352615,76845,41055,109546,82810,12470,47,52
2021-06-27T23:59:59+02:00,933,856,23753,22288,39923,34189,46286,43416,61660,60885,78762,77925,56980,61055,38161,48940,12162,21738,15,9,6542,6322,13020,12907,15531,17909,32999,36143,61766,63253,51085,54750,35704,45719,11454,20514,531046,349706,76840,40787,109540,82652,12445,47,52
2021-06-26T23:59:59+02:00,933,856,23747,22282,39913,34185,46284,43414,61658,60884,78762,77925,56980,61055,38161,48939,12162,21738,15,9,6539,6315,13012,12893,15523,17902,32995,36142,61759,63251,51083,54744,35704,45719,11454,20513,531014,349638,76839,40786,109539,82651,12445,47,52
2021-06-25T23:59:59+02:00,910,829,23634,22165,39829,34097,46202,43342,61613,60836,78715,77903,56969,61043,38158,48936,12161,21736,14,8,6442,6200,12904,12762,15384,17739,32278,35481,61367,62925,51005,54660,35696,45698,11451,20512,530217,346624,76838,40774,109538,82632,12444,47,52
2021-06-24T23:59:59+02:00,843,771,23246,21747,39475,33784,45852,43038,61407,60642,78555,77765,56915,60989,38136,48906,12156,21726,13,5,6104,5902,12342,12300,14675,17051,28972,32765,59080,61069,50419,54062,35560,45489,11433,20464,527260,332800,76789,40509,109536,82017,12327,47,52
2021-06-23T23:59:59+02:00,739,677,22601,21087,38901,33195,45196,42330,61039,60248,78305,77514,56811,60854,38089,48853,12146,21706,11,4,5949,5707,11974,11947,14165,16520,25610,30005,57434,59538,49896,53523,35439,45315,11412,20421,521669,323351,76733,37573,109533,81579,12315,47,52
2021-06-22T23:59:59+02:00,678,612,22173,20646,38494,32774,44760,41867,60765,59961,78099,77272,56714,60743,38053,48781,12133,21684,9,3,5760,5571,11647,11680,13734,16146,21266,26471,55355,57835,49295,52918,35262,45098,11391,20377,517856,308967,76606,37521,109528,81100,12178,47,52
2021-06-21T23:59:59+02:00,641,571,21918,20409,38238,32541,44515,41591,60574,59750,77966,77131,56660,60659,38028,48740,12124,21668,7,3,5628,5460,11337,11480,13393,15881,19714,25236,54435,57065,47071,50453,34662,44375,11368,20318,515796,303628,76405,37453,109511,74786,11967,46,52
2021-06-20T23:59:59+02:00,612,552,21627,20113,37939,32262,44231,41335,60422,59582,77829,76984,56611,60615,38008,48723,12121,21661,7,3,5570,5416,11204,11392,13237,15753,19316,24910,54166,56881,45411,48469,34095,43739,11348,20297,513399,302994,76323,36698,109500,69511,11961,45,50
2021-06-19T23:59:59+02:00,610,552,21622,20100,37923,32257,44228,41330,60416,59578,77827,76981,56608,60614,38008,48722,12121,21661,7,3,5564,5407,11199,11388,13227,15747,19308,24902,54152,56869,45402,48459,34094,43739,11348,20297,513335,302908,76318,36695,109500,69498,11961,45,50
2021-06-18T23:59:59+02:00,596,538,21526,19987,37854,32200,44153,41244,60360,59532,77782,76939,56586,60592,38003,48709,12120,21660,7,3,5471,5244,10902,10851,12851,15165,18767,23882,53295,55558,45198,48295,34066,43690,11342,20285,512572,301335,76311,36694,109494,64833,11960,45,50
2021-06-17T23:59:59+02:00,511,446,20806,19271,37097,31569,43359,40492,59951,59166,77483,76686,56469,60463,37953,48641,12107,21636,7,3,5281,5030,10519,10299,12325,14391,17833,22518,51718,53614,44045,46944,33748,43292,11295,20201,506583,294002,76218,36565,109484,60669,11777,45,50
2021-06-16T23:59:59+02:00,405,367,20009,18322,36107,30635,42348,39516,59407,58683,77088,76368,56324,60307,37895,48553,12097,21613,7,3,5093,4873,10005,9974,11589,13893,16286,21212,47834,50066,42287,44931,33280,42720,11232,20074,499195,277808,75681,36364,109468,59482,11656,45,49
2021-06-15T23:59:59+02:00,295,264,19199,17471,35182,29776,41418,38627,58969,58243,76753,76038,56181,60140,37836,48483,12082,21579,6,3,4893,4749,9482,9709,10879,13419,14773,20021,43558,45971,40734,43082,32798,42097,11165,19946,491974,260602,75563,36328,109458,58810,11497,45,48
2021-06-14T23:59:59+02:00,191,173,18087,16242,33933,28499,39952,37215,58378,57676,76360,75696,56052,59995,37793,48413,12073,21564,6,3,4770,4656,9135,9500,10398,13100,13601,19017,40913,43415,39660,41932,32505,41696,11133,19861,482217,249424,75128,36301,109455,58079,11449,44,48
2021-06-13T23:59:59+02:00,150,134,17580,15838,33455,28096,39459,36833,58164,57493,76211,75594,56025,59955,37771,48391,12070,21555,6,3,4683,4607,8985,9427,10234,13031,12995,18563,40443,43021,39423,41709,32445,41611,11127,19847,479137,248457,74825,34874,109448,57460,11321,44,48
2021-06-12T23:59:59+02:00,150,134,17573,15818,33439,28087,39452,36829,58157,57489,76207,75592,56024,59953,37770,48391,12070,21555,6,3,4676,4601,8974,9422,10222,13024,12983,18550,40259,42874,39400,41694,32441,41609,11127,19846,479058,248022,74821,34874,109448,57447,11320,44,48
2021-06-11T23:59:59+02:00,148,134,17489,15758,33291,28014,39280,36772,58037,57453,76136,75568,56011,59948,37768,48388,12070,21554,6,3,4594,4408,8816,8862,10031,12305,12749,17479,39770,41572,39245,41563,32423,41573,11125,19845,478715,247532,74407,34873,109343,52605,11311,44,48
2021-06-10T23:59:59+02:00,133,114,16649,15042,31879,27102,38037,35855,57354,56995,75727,75296,55921,59856,37729,48343,12059,21536,6,3,4342,4214,8257,8359,9348,11541,12012,16408,36913,38531,38443,40757,32257,41392,11109,19815,474828,240452,71437,34741,109067,48214,10252,44,48
2021-06-09T23:59:59+02:00,111,89,15874,14337,30598,26204,36821,34969,56774,56607,75382,75068,55837,59749,37702,48298,12046,21516,6,3,4158,4063,7896,8170,8879,11321,11391,16028,31827,33659,36944,39219,32012,41123,11088,19765,470162,226513,69006,34616,109023,46627,9750,42,46
2021-06-08T23:59:59+02:00,84,71,14960,13475,29217,25115,35457,33960,56158,56199,75084,74853,55762,59674,37679,48266,12042,21506,6,3,4076,4001,7738,8048,8726,11205,11096,15821,28993,30839,35985,38275,31852,40927,11064,19732,465584,219004,65573,34555,108977,45395,9387,42,46
2021-06-07T23:59:59+02:00,76,58,14323,12900,27850,24301,34296,33178,55681,55940,74840,74743,55726,59634,37663,48255,12042,21502,6,3,3983,3928,7543,7920,8426,11073,10728,15575,24652,26456,34517,36733,31630,40660,11036,19702,462453,207199,62534,34489,108945,43803,9034,42,46
2021-06-06T23:59:59+02:00,75,55,14001,12705,27062,23881,33641,32759,55371,55774,74682,74677,55705,59610,37649,48246,12040,21501,6,3,3916,3891,7390,7878,8268,10988,10405,15372,21824,23576,33514,35649,31490,40505,11029,19687,461306,204403,60474,29239,108918,43010,8694,42,45
2021-06-05T23:59:59+02:00,75,53,13971,12676,27019,23841,33612,32740,55366,55764,74676,74671,55700,59605,37644,48244,12040,21501,6,3,3894,3875,7355,7856,8221,10969,10342,15330,20396,22021,32716,34768,31420,40424,11025,19680,461182,199422,60369,29236,108912,42905,8693,42,45
2021-06-04T23:59:59+02:00,69,49,13741,12414,26705,23524,33274,32429,55305,55684,74637,74651,55690,59600,37643,48242,12040,21500,6,3,3865,3847,7276,7777,8166,10891,10263,15207,20289,21904,32642,34713,31388,40387,11022,19677,459278,199341,60306,29223,108878,42021,8693,42,45
2021-06-03T23:59:59+02:00,51,44,13174,11928,25669,22839,32138,31678,54809,55351,74321,74457,55619,59521,37608,48211,12033,21483,6,3,3736,3757,7000,7607,7884,10718,9935,14971,18401,20039,30663,32399,31115,40054,10999,19628,454945,190733,58802,29202,108863,40656,8282,42,42
2021-06-02T23:59:59+02:00,37,32,12484,11183,24670,21936,31000,30723,54543,55086,74129,74317,55566,59440,37591,48189,12025,21476,6,3,3702,3737,6940,7550,7828,10668,9852,14880,17881,19489,28734,30220,31016,39911,10992,19617,448630,185193,58624,29201,108861,40319,8271,41,42
2021-06-01T23:59:59+02:00,23,17,11354,10302,22543,20504,28461,28831,53127,54022,73122,73534,55264,59115,37468,48016,11990,21416,6,2,3473,3563,6441,7240,7227,10242,8992,14278,15931,17674,24943,25958,30327,39026,10915,19461,439120,171162,54160,29064,108823,38468,6965,41,40
2021-05-31T23:59:59+02:00,18,13,10491,9636,20705,19332,26412,27317,52017,53171,72415,72984,55049,58852,37394,47911,11975,21380,6,2,3332,3409,6106,6992,6828,9946,8451,13921,14862,16693,23744,24581,29938,38535,10855,19367,432308,165398,49783,29026,108804,36969,6136,41,39
2021-05-30T23:59:59+02:00,16,10,10143,9292,19981,18837,25706,26738,51678,52889,72178,72787,54972,58774,37369,47883,11967,21371,6,2,3151,3219,5757,6725,6540,9705,8233,13715,14603,16422,23452,24262,29828,38429,10840,19339,429720,164568,49373,28969,108772,35967,4685,41,39
2021-05-29T23:59:59+02:00,16,10,10127,9280,19963,18807,25686,26712,51667,52884,72173,72777,54970,58769,37368,47883,11966,21371,6,2,3149,3211,5753,6720,6534,9703,8225,13707,14593,16416,23441,24254,29824,38423,10839,19338,429558,164495,49373,28967,108772,35952,4685,41,39
2021-05-28T23:59:59+02:00,16,10,10061,9186,19823,18638,25422,26481,51507,52708,72026,72646,54931,58719,37354,47863,11963,21358,6,2,3101,3133,5660,6581,6431,9502,8109,13433,14401,16140,23288,24098,29770,38360,10832,19329,427900,164105,49336,28966,108752,34383,4684,40,38
2021-05-27T23:59:59+02:00,16,10,8802,7997,17421,16831,22643,24331,50414,51893,71360,72155,54733,58494,37259,47768,11949,21328,6,2,2802,2799,4816,5955,5538,8721,7317,12442,13272,14947,22296,23061,29383,37904,10777,19243,415993,160280,48378,28703,108610,29877,2383,40,38
2021-05-26T23:59:59+02:00,15,10,8401,7582,16545,16025,21454,23321,49809,51347,70938,71767,54582,58329,37191,47690,11938,21298,6,2,2618,2627,4447,5617,5060,8214,6839,11794,12302,13966,21394,22027,29071,37461,10730,19158,410392,156417,47645,28616,108529,26626,1637,39,37
2021-05-25T23:59:59+02:00,15,10,7832,6982,15302,15144,20007,22148,49330,50944,70690,71580,54507,58245,37166,47662,11934,21288,6,2,2542,2527,4256,5489,4814,7984,6558,11485,11744,13432,19231,19847,28697,36922,10695,19109,403622,150709,47405,28603,108481,24752,1239,39,37
2021-05-24T23:59:59+02:00,15,10,7744,6882,15078,15016,19722,21969,49229,50825,70646,71541,54504,58239,37163,47659,11933,21285,6,2,2500,2464,4170,5321,4721,7741,6433,11202,11606,13190,19115,19733,28646,36876,10688,19098,402488,150560,47326,28560,108383,23133,1224,39,35
2021-05-23T23:59:59+02:00,14,10,7728,6869,15040,14999,19667,21941,49218,50823,70641,71535,54503,58235,37163,47657,11933,21285,6,2,2497,2459,4164,5317,4710,7737,6427,11189,11583,13167,18973,19535,28615,36837,10686,19096,402299,150069,47326,28558,108382,23124,1215,39,34
2021-05-22T23:59:59+02:00,14,10,7725,6861,15031,14987,19656,21933,49218,50821,70638,71535,54503,58234,37163,47657,11933,21285,5,2,2495,2452,4157,5311,4708,7737,6423,11186,11575,13164,18960,19529,28614,36837,10686,19096,402244,150032,47326,28558,108382,23100,1213,39,34
2021-05-21T23:59:59+02:00,14,10,7650,6761,14905,14852,19451,21775,48979,50587,70495,71427,54476,58207,37155,47650,11927,21279,5,2,2425,2368,4068,5171,4604,7528,6299,10889,11402,12875,18894,19462,28598,36807,10683,19094,400672,149775,47323,28557,108357,21598,1210,38,34
2021-05-20T23:59:59+02:00,14,10,7374,6466,14321,14329,18513,20896,46299,48229,69337,70451,54118,57840,37046,47507,11895,21248,5,2,2162,2200,3709,4808,4162,6979,5744,10057,10313,11774,17613,18164,28091,36207,10607,18946,389655,144509,47156,28263,108052,17744,993,37,34
2021-05-19T23:59:59+02:00,13,9,7134,6245,13654,13842,17245,19895,42308,44749,67846,69141,53663,57314,36882,47276,11858,21197,5,2,2085,1996,3544,4470,3913,6458,5299,9374,9316,10657,16130,16515,27394,35287,10479,18736,374865,137325,46583,28119,107812,15218,974,37,24
2021-05-18T23:59:59+02:00,13,7,6938,6068,13103,13408,16148,19036,37584,40729,66391,67816,53108,56775,36731,47052,11816,21141,5,2,2039,1872,3404,4279,3728,6140,4965,8889,8450,9785,14546,14774,26684,34429,10388,18561,358748,130677,46518,27553,107652,13777,909,37,24
2021-05-17T23:59:59+02:00,13,7,6804,5973,12778,13157,15647,18647,35404,38863,65557,67029,52832,56460,36648,46943,11801,21104,5,2,1968,1809,3217,4096,3508,5908,4643,8517,7668,9085,11281,10742,25774,33277,10307,18390,355018,125447,42241,21448,107567,12474,804,37,24
2021-05-16T23:59:59+02:00,13,7,6740,5887,12653,13003,15475,18479,34912,38392,65371,66859,52776,56398,36635,46916,11796,21099,5,2,1909,1712,3113,3973,3428,5806,4535,8370,7485,8896,9085,8141,25289,32592,10273,18331,353538,124299,41732,16087,107531,11961,574,36,24
2021-05-15T23:59:59+02:00,13,7,6735,5878,12646,12997,15470,18473,34903,38389,65369,66857,52775,56397,36635,46916,11796,21099,5,2,1908,1712,3111,3968,3423,5803,4530,8367,7483,8893,9083,8139,25288,32592,10273,18331,353490,124269,41732,16087,107526,11960,571,36,24
2021-05-14T23:59:59+02:00,13,7,6535,5782,12405,12934,15237,18381,33929,37598,64832,66448,52679,56310,36618,46882,11794,21094,5,2,1791,1624,2999,3896,3366,5695,4480,8221,7435,8764,9076,8133,25287,32592,10273,18330,350117,124210,41701,16083,107064,11092,561,35,23
2021-05-13T23:59:59+02:00,13,7,6288,5597,12000,12679,14667,17933,30399,34807,62351,64369,52047,55637,36480,46662,11782,21046,4,2,1749,1584,2943,3820,3334,5604,4437,8118,7353,8645,9037,8073,25268,32550,10268,18326,336119,123959,41476,16059,106635,10575,499,35,23
2021-05-12T23:59:59+02:00,13,7,6271,5572,11927,12615,14554,17823,29764,34230,61843,63916,51874,55464,36443,46617,11775,21033,4,2,1749,1581,2941,3819,3330,5604,4434,8117,7351,8639,9030,8070,25268,32548,10268,18325,333116,123936,41462,16048,106630,10574,499,34,23
2021-05-11T23:59:59+02:00,12,7,5952,5439,11482,12331,14007,17439,25504,30742,59460,61907,51213,54785,36254,46370,11751,20970,4,2,1708,1466,2838,3557,3209,5230,4294,7675,7198,8317,8945,7987,25239,32508,10264,18314,318166,123694,41409,15858,105642,8804,376,32,23
2021-05-10T23:59:59+02:00,12,7,5825,5365,11322,12214,13786,17267,22027,27980,58206,60790,50852,54431,36162,46246,11736,20939,4,2,1668,1368,2753,3329,3106,4898,4183,7185,7076,7877,8905,7927,25227,32486,10262,18310,308228,123545,41250,15709,105348,6981,309,32,22
2021-05-09T23:59:59+02:00,12,7,5748,5333,11233,12148,13683,17186,20426,26798,57742,60405,50749,54331,36137,46205,11729,20934,4,2,1651,1346,2697,3205,3055,4757,4138,7065,7028,7783,8894,7915,25220,32480,10261,18310,307656,123505,37680,15663,105143,6325,296,31,22
2021-05-08T23:59:59+02:00,12,7,5745,5331,11222,12143,13673,17177,20418,26792,57733,60399,50746,54323,36133,46202,11727,20931,4,2,1650,1346,2696,3202,3055,4757,4135,7062,7027,7782,8892,7915,25219,32478,10261,18310,307566,123488,37679,15663,105142,6324,296,31,22
2021-05-07T23:59:59+02:00,12,7,5705,5295,11156,12095,13566,17097,19965,26434,56736,59589,50617,54193,36103,46171,11724,20917,4,2,1549,1303,2616,3157,3013,4728,4101,7038,7006,7750,8884,7906,25217,32477,10261,18309,304403,123453,37662,15654,104996,5901,291,30,22
2021-05-06T23:59:59+02:00,12,7,5455,5183,10640,11786,12857,16642,18667,25448,52473,55934,49420,52813,35771,45770,11672,20816,4,2,1328,1170,2379,2985,2842,4562,3949,6839,6853,7599,8809,7825,25197,32442,10258,18302,289266,123179,37472,15513,104438,4467,164,26,22
2021-05-05T23:59:59+02:00,12,7,5198,5085,10147,11549,12100,16189,17336,24464,48106,51794,47753,50891,35331,45198,11597,20693,4,2,1282,1077,2316,2857,2757,4383,3855,6599,6746,7400,8694,7729,25135,32367,10252,18286,272079,122695,37246,15468,104051,3508,48,26,22
2021-05-04T23:59:59+02:00,12,7,5115,5000,9831,11332,11647,15798,16356,23596,46230,49761,46683,49583,34955,44711,11528,20584,4,2,1271,1058,2288,2816,2716,4299,3802,6491,6674,7322,8652,7690,25114,32350,10251,18281,261685,122477,37222,15405,103771,3152,25,26,22
2021-05-03T23:59:59+02:00,12,7,5014,4912,9477,11160,11182,15533,15299,22735,44656,48144,45801,48630,34733,44367,11500,20492,4,2,1256,1033,2253,2783,2674,4235,3753,6437,6599,7268,8079,6998,23368,30014,10113,18043,252662,116641,37212,15323,103738,2910,16,26,22
2021-05-02T23:59:59+02:00,12,7,4951,4894,9361,11122,11034,15472,14687,22244,44137,47734,45660,48464,34683,44305,11493,20481,4,1,1252,1027,2235,2780,2661,4227,3724,6422,6579,7254,7889,6756,21389,27599,10066,17955,251449,116619,35572,10303,103683,2865,11,26,22
2021-05-01T23:59:59+02:00,12,7,4951,4892,9357,11117,11031,15470,14683,22240,44135,47730,45659,48464,34683,44305,11493,20481,4,1,1251,1027,2235,2780,2661,4227,3723,6422,6578,7254,7889,6755,21389,27599,10066,17955,251419,116616,35572,10303,103682,2864,11,26,22
2021-04-30T23:59:59+02:00,12,7,4905,4868,9290,11101,10975,15445,14607,22214,42654,46318,45325,48133,34646,44253,11488,20471,4,1,1045,933,2039,2690,2562,4167,3637,6362,6515,7195,7882,6738,21388,27597,10066,17955,247433,116607,35572,10300,103670,1837,11,26,21
2021-04-29T23:59:59+02:00,12,7,4667,4785,8814,10952,10370,15270,13922,22005,37717,42005,44315,47102,34524,44135,11484,20440,4,1,865,855,1865,2610,2477,4101,3528,6291,6446,7147,7859,6718,21383,27590,10066,17955,233692,116573,35469,10195,103328,961,11,26,21
2021-04-28T23:59:59+02:00,12,7,4490,4750,8563,10865,10017,15180,13566,21850,33068,37496,43069,45846,34398,43987,11469,20422,4,1,823,828,1827,2563,2445,4025,3492,6182,6398,7057,7839,6699,21370,27577,10061,17948,220458,116488,35450,10147,103113,474,10,24,20
2021-04-27T23:59:59+02:00,11,6,4260,4537,8217,10416,9628,14597,13095,21203,31936,36368,42787,45559,34382,43959,11465,20419,4,1,795,814,1792,2540,2427,4007,3474,6163,6363,7030,7828,6691,21365,27573,10058,17942,217722,116431,35435,10117,99654,289,10,24,20
2021-04-26T23:59:59+02:00,11,6,4238,4510,8145,10378,9523,14544,12945,21142,27526,31994,41568,44338,34302,43858,11452,20408,4,1,763,803,1762,2521,2398,3987,3449,6142,6311,6984,7780,6642,21334,27542,10058,17935,205858,116230,35426,10072,99570,85,10,24,19
2021-04-25T23:59:59+02:00,11,6,4215,4497,8113,10353,9460,14512,12852,21095,25556,29951,40867,43578,34255,43799,11448,20402,4,1,751,795,1750,2507,2380,3972,3425,6121,6279,6955,7760,6625,21317,27521,10057,17931,205191,116204,30311,9838,99435,81,9,24,19
2021-04-24T23:59:59+02:00,11,6,4196,4486,8082,10324,9418,14496,12800,21074,24053,28287,40108,42735,34190,43723,11445,20396,4,1,750,794,1747,2505,2379,3968,3425,6117,6279,6952,7758,6622,21316,27521,10057,17931,200122,116183,30311,9837,99364,78,9,24,19
2021-04-23T23:59:59+02:00,10,6,3931,4335,7612,10028,8990,14141,12238,20671,23571,27987,40019,42673,34169,43689,11439,20389,4,1,737,784,1730,2492,2359,3952,3402,6094,6257,6933,7744,6603,21311,27510,10057,17930,199772,116168,30296,9637,95799,67,9,22,19
2021-04-22T23:59:59+02:00,10,6,3838,4276,7423,9911,8711,13947,11792,20345,21241,25629,37261,39429,33642,43016,11368,20266,4,1,724,775,1701,2461,2301,3895,3331,6022,6147,6836,7665,6516,21255,27466,10054,17915,186742,116051,30104,8927,95234,65,9,22,17
2021-04-21T23:59:59+02:00,10,4,3811,4243,7292,9832,8529,13775,11455,20054,19982,24424,34048,35709,33159,42316,11303,20137,4,1,700,757,1666,2433,2257,3870,3298,5989,6107,6797,7633,6489,21235,27442,10050,17911,174969,115938,29929,8614,95154,61,9,22,17
2021-04-20T23:59:59+02:00,10,4,3777,4216,7187,9763,8318,13616,11085,19756,18885,23273,30736,32064,32682,41717,11245,20020,4,1,692,747,1651,2421,2223,3848,3255,5943,6066,6755,7591,6444,21209,27419,10044,17908,163325,115780,29906,8356,95092,59,9,22,17
2021-04-19T23:59:59+02:00,10,4,3759,4200,7113,9725,8200,13506,10829,19571,18220,22612,29860,30932,32389,41352,11203,19946,4,1,684,742,1629,2407,2199,3818,3219,5910,6032,6724,7547,6411,21178,27390,10042,17904,158486,115646,29888,8112,95026,57,9,22,17
2021-04-18T23:59:59+02:00,10,4,3756,4193,7097,9712,8186,13489,10792,19545,18132,22529,29738,30806,32361,41329,11200,19938,4,1,682,738,1614,2395,2182,3803,3194,5884,6002,6701,7524,6398,21160,27368,10039,17901,157993,115587,29819,7921,94975,56,9,21,17
2021-04-17T23:59:59+02:00,10,4,3755,4191,7094,9709,8183,13489,10786,19538,18119,22518,29715,30793,32359,41326,11200,19938,4,1,681,738,1613,2394,2180,3802,3190,5883,6000,6699,7524,6398,21160,27368,10039,17901,157910,115573,29818,7921,94969,55,9,21,17
2021-04-16T23:59:59+02:00,10,4,3588,4153,6749,9580,7812,13302,10388,19293,17666,22243,29510,30632,32276,41236,11185,19919,4,1,668,719,1601,2379,2153,3787,3136,5846,5958,6649,7431,6307,20747,26801,10009,17840,157153,114243,29810,7715,92553,52,9,21,17
2021-04-15T23:59:59+02:00,10,4,3487,4074,6397,9208,7233,12802,9610,18460,16343,21015,28311,29338,31757,40594,11104,19743,4,1,638,696,1548,2340,2068,3700,3027,5726,5629,6411,6932,5919,20004,25881,9910,17670,151407,110860,29516,7171,88537,47,9,21,17
2021-04-14T23:59:59+02:00,9,4,3434,4026,6163,8967,6902,12425,8989,17912,15222,19981,26894,27836,31126,39712,10992,19545,4,1,605,670,1502,2301,1993,3622,2885,5603,5320,6177,6387,5410,18981,24590,9823,17490,144588,106581,29316,6716,86206,41,9,20,17
2021-04-13T23:59:59+02:00,9,4,3402,3994,6074,8889,6754,12294,8686,17666,14421,19288,23549,24272,30190,38531,10886,19369,4,1,600,661,1489,2278,1961,3588,2787,5532,5104,5994,6021,5068,18679,24242,9781,17423,132944,104465,29306,6683,85999,40,9,20,16
2021-04-12T23:59:59+02:00,9,4,3380,3973,6024,8829,6666,12208,8468,17472,13805,18759,22542,23122,29766,37972,10817,19242,4,1,590,653,1479,2270,1938,3567,2730,5482,4955,5889,5700,4785,18383,23938,9742,17362,127855,102868,29286,6535,85888,40,9,20,16
2021-04-11T23:59:59+02:00,9,4,3374,3967,6006,8805,6637,12191,8426,17449,13714,18699,22413,22972,29716,37908,10807,19218,4,1,587,648,1466,2260,1925,3560,2713,5465,4918,5852,5641,4725,18210,23704,9721,17331,127314,102203,29220,6463,85752,40,9,20,16
2021-04-10T23:59:59+02:00,9,4,3366,3966,5983,8804,6615,12190,8404,17448,13690,18697,22408,22969,29712,37907,10807,19218,4,1,584,645,1458,2253,1920,3557,2706,5456,4902,5844,5629,4708,18046,23450,9707,17307,127293,101682,29129,6431,85747,40,8,20,16
2021-04-09T23:59:59+02:00,8,4,3328,3954,5935,8790,6556,12171,8365,17421,13640,18651,20452,20552,29226,37288,10777,19168,4,1,571,632,1432,2231,1893,3533,2664,5420,4829,5782,5513,4605,17468,22718,9669,17236,126593,99915,24001,6231,85666,32,7,19,16
2021-04-08T23:59:59+02:00,8,4,3303,3935,5867,8758,6482,12132,8275,17357,13495,18534,17852,17476,28705,36621,10739,19117,4,1,529,603,1344,2149,1798,3436,2484,5236,4329,5419,4709,3999,15675,20480,9479,16927,125725,92896,18123,5660,84787,23,6,19,16
2021-04-07T23:59:59+02:00,6,4,3225,3907,5660,8708,6274,12072,8067,17282,13233,18438,15184,14398,28027,35820,10709,19064,4,1,505,574,1289,2092,1703,3356,2331,5096,3916,5088,3987,3428,14816,19608,9363,16740,125514,88544,16583,5312,77957,20,5,19,16
2021-04-06T23:59:59+02:00,5,4,3196,3897,5615,8688,6203,12048,7982,17245,13160,18367,13193,12029,27391,35103,10696,19034,4,1,475,551,1221,2037,1617,3273,2169,4977,3545,4812,3462,3014,13970,18605,9287,16619,125383,84894,16379,4710,72070,16,5,19,14
2021-04-05T23:59:59+02:00,5,4,3194,3894,5580,8673,6166,12035,7937,17228,13087,18331,13148,11983,27380,35087,10695,19031,4,1,443,521,1169,2000,1566,3232,2101,4923,3456,4736,3405,2962,13826,18433,9278,16601,125358,84399,16170,4224,71907,16,4,19,14
2021-04-04T23:59:59+02:00,5,4,3193,3892,5580,8671,6164,12034,7936,17226,13087,18331,13145,11983,27379,35087,10695,19031,4,1,442,520,1168,2000,1565,3232,2100,4923,3456,4736,3405,2962,13825,18433,9278,16601,125348,84393,16170,4224,71902,16,4,19,14
2021-04-03T23:59:59+02:00,5,4,3192,3892,5580,8670,6164,12034,7936,17226,13087,18331,13145,11982,27378,35084,10695,19031,4,1,442,518,1168,2000,1564,3232,2100,4922,3450,4733,3399,2952,13738,18296,9269,16585,125343,84115,16170,4224,71900,16,4,19,14
2021-04-02T23:59:59+02:00,5,4,3192,3889,5577,8665,6160,12025,7928,17213,13060,18300,13098,11929,27350,35065,10692,19027,4,1,439,511,1166,1996,1552,3223,2089,4900,3420,4700,3367,2923,12801,17045,9202,16476,125174,81641,16167,4142,71815,16,4,19,12
2021-04-01T23:59:59+02:00,5,4,3178,3875,5538,8646,6093,11992,7857,17178,12947,18228,12983,11802,27292,34989,10683,19012,4,1,391,467,1068,1928,1452,3134,1937,4787,3215,4569,3131,2721,10764,14445,9089,16295,124859,76018,16043,3349,71379,16,3,18,12
2021-03-31T23:59:59+02:00,5,4,3177,3861,5521,8612,6058,11957,7813,17133,12866,18159,12869,11680,27241,34926,10675,19002,3,1,353,444,1032,1885,1378,3094,1832,4683,2957,4368,2716,2406,8165,11211,8908,16053,124548,68455,16003,3005,70988,15,3,17,11
2021-03-30T23:59:59+02:00,5,4,3170,3850,5496,8586,6025,11925,7773,17093,12788,18093,12783,11543,27203,34878,10669,18992,3,1,332,426,1010,1853,1319,3059,1707,4602,2710,4197,2348,2158,7275,10126,8841,15924,124416,65133,15971,2730,70470,15,2,17,11
2021-03-29T23:59:59+02:00,5,4,3158,3846,5467,8566,5988,11890,7728,17060,12713,18016,12135,10784,25331,32387,10520,18735,3,1,326,423,1003,1838,1299,3034,1673,4561,2561,4109,2060,2007,6615,9415,8797,15846,118411,62818,15800,2727,70104,13,2,16,11
2021-03-28T23:59:59+02:00,5,4,3128,3830,5419,8528,5937,11845,7647,17005,12603,17946,11870,10481,23346,29921,10465,18636,3,1,325,421,1000,1837,1290,3030,1669,4559,2549,4101,2035,1987,6592,9400,8795,15841,118352,62686,10615,2725,69631,13,2,16,9
2021-03-27T23:59:59+01:00,5,4,3116,3826,5380,8517,5901,11830,7599,16990,12557,17899,11835,10437,23342,29913,10465,18636,3,1,325,421,1000,1837,1290,3030,1668,4557,2547,4098,2033,1985,6544,9325,8762,15792,118283,62469,10614,2725,69337,13,2,16,9
2021-03-26T23:59:59+01:00,5,4,2983,3505,4930,7365,5406,10511,6987,14942,11749,15612,11614,10253,22857,29184,10420,18565,3,1,324,417,995,1834,1284,3025,1665,4555,2542,4091,2025,1979,6414,9136,8618,15603,116729,61784,10357,2713,59788,3,2,16,9
2021-03-25T23:59:59+01:00,5,3,2861,3242,4771,6599,5177,9361,6662,13220,11022,13809,10753,9450,22127,28336,10343,18408,3,1,319,408,988,1825,1269,3006,1646,4521,2506,4041,1957,1921,6122,8707,8337,15150,113804,60005,9654,2709,52673,2,2,16,9
2021-03-24T23:59:59+01:00,5,3,2814,3197,4695,6535,5043,9255,6456,13049,10509,13404,9914,8626,21107,27076,10245,18220,3,1,317,403,980,1819,1252,2995,1631,4497,2459,3985,1890,1846,5756,8233,7921,14475,109770,57755,9307,2697,51061,2,0,15,9
2021-03-23T23:59:59+01:00,5,3,2786,3164,4627,6467,4932,9161,6242,12887,10051,12982,9196,7957,20592,26467,10190,18113,3,1,305,390,963,1809,1237,2973,1601,4475,2409,3936,1811,1780,5472,7850,7517,13850,107368,55676,8972,2696,49467,1,0,15,9
2021-03-22T23:59:59+01:00,5,3,2769,3126,4568,6428,4856,9093,6103,12748,9689,12708,8594,7390,20171,26028,10129,18019,1,1,303,387,951,1803,1223,2959,1588,4462,2382,3908,1784,1758,5333,7676,7066,13025,105879,53910,8714,2691,47819,1,0,15,8
2021-03-21T23:59:59+01:00,5,3,2762,3110,4522,6404,4805,9057,6010,12681,9500,12520,8288,7130,20003,25861,10117,17991,1,1,303,387,950,1803,1221,2959,1587,4461,2379,3908,1777,1752,5324,7671,7035,12967,105677,53803,8481,2674,46596,1,0,15,8
2021-03-20T23:59:59+01:00,5,3,2761,3103,4514,6399,4798,9054,6006,12673,9480,12506,8255,7098,19830,25585,10101,17965,1,1,303,387,950,1802,1220,2959,1586,4460,2375,3900,1765,1739,5309,7622,6857,12727,105122,53305,8468,2649,46531,1,0,15,8
2021-03-19T23:59:59+01:00,5,3,2725,3078,4442,6354,4691,9004,5866,12615,9212,12318,7951,6872,19346,24995,10069,17906,1,1,303,386,949,1801,1220,2956,1584,4459,2368,3895,1750,1728,5272,7579,6445,12107,103820,52168,8225,2627,45392,1,0,15,8
2021-03-18T23:59:59+01:00,5,3,2659,3005,4277,6216,4441,8798,5508,12308,8299,11648,6687,5857,18086,23631,9914,17673,1,1,300,381,944,1791,1206,2943,1545,4443,2303,3849,1671,1686,5197,7472,5702,10988,98894,49831,7681,2585,42425,0,0,15,7
2021-03-17T23:59:59+01:00,5,3,2622,2965,4197,6118,4303,8690,5253,12032,7623,11080,5697,4955,16733,22092,9747,17413,1,1,296,379,940,1783,1202,2934,1528,4422,2237,3824,1607,1641,5152,7406,5121,10095,93449,48034,7180,2528,40884,0,0,15,7
2021-03-16T23:59:59+01:00,5,3,2602,2937,4135,6051,4209,8593,5076,11876,7173,10690,4931,4335,15871,21109,9641,17238,1,1,292,377,937,1778,1199,2927,1520,4412,2215,3805,1575,1624,5114,7363,4610,9274,89787,46569,7141,2449,39533,0,0,14,6
2021-03-15T23:59:59+01:00,5,3,2599,2926,4119,6031,4178,8567,5026,11829,7055,10572,4784,4173,15550,20696,9609,17179,1,1,290,373,936,1772,1193,2920,1506,4403,2194,3783,1531,1607,5054,7289,4026,8411,89012,44977,7042,2307,38833,0,0,14,6
2021-03-14T23:59:59+01:00,5,2,2594,2917,4097,6011,4148,8548,4985,11796,6961,10483,4679,4060,15419,20527,9592,17139,1,1,288,372,936,1770,1187,2913,1501,4392,2183,3776,1521,1601,5046,7281,4020,8397,88705,44914,7024,2266,38221,0,0,13,6
2021-03-13T23:59:59+01:00,5,2,2588,2908,4089,5999,4140,8541,4976,11786,6942,10470,4657,4034,15103,20087,9572,17103,1,1,288,372,936,1770,1187,2913,1501,4392,2183,3776,1520,1601,5046,7280,4020,8397,87811,44913,7003,2265,38175,0,0,13,6
2021-03-12T23:59:59+01:00,5,2,2525,2832,3978,5828,4020,8318,4839,11487,6764,10199,4504,3896,14174,18825,9510,17001,1,1,288,371,934,1767,1187,2909,1499,4387,2182,3769,1513,1599,5039,7261,4018,8380,85332,44835,6942,2264,36422,0,0,11,6
2021-03-11T23:59:59+01:00,4,2,2399,2607,3750,5500,3763,7881,4512,10725,6133,9388,3984,3393,12560,16827,9408,16852,1,1,288,370,930,1763,1184,2895,1490,4375,2169,3742,1472,1571,4998,7224,4006,8353,80976,44686,6778,2140,31923,0,0,11,6
2021-03-10T23:59:59+01:00,4,2,2277,2476,3593,5262,3568,7558,4240,10242,5579,8818,3410,2951,10271,14106,9259,16620,1,1,285,366,925,1753,1177,2884,1486,4359,2147,3727,1443,1564,4967,7209,3997,8343,74634,44621,6606,2007,28985,0,0,11,6
2021-03-09T23:59:59+01:00,4,2,2252,2425,3525,5173,3454,7468,4069,10045,5184,8469,2928,2591,8746,12088,9153,16469,1,1,284,365,925,1747,1170,2875,1482,4351,2139,3716,1428,1558,4959,7204,3994,8341,69749,44580,6457,1955,27828,0,0,11,5
2021-03-08T23:59:59+01:00,4,2,2228,2351,3466,5105,3380,7384,3947,9932,4888,8275,2481,2326,6806,9685,9032,16291,1,1,284,362,924,1737,1164,2859,1476,4340,2135,3709,1417,1551,4943,7184,3987,8331,64029,44471,6121,1929,27422,0,0,11,5
2021-03-07T23:59:59+01:00,4,2,2166,2295,3370,4997,3283,7295,3848,9845,4751,8180,2430,2274,6783,9664,9032,16283,1,1,284,361,923,1737,1164,2857,1476,4340,2135,3709,1417,1551,4942,7184,3987,8331,63900,44468,5438,1927,27153,0,0,11,5
2021-03-06T23:59:59+01:00,4,2,2158,2282,3357,4987,3279,7291,3839,9835,4741,8175,2428,2272,6737,9594,8999,16233,1,1,284,361,922,1733,1163,2856,1476,4337,2131,3704,1416,1546,4936,7179,3985,8321,63688,44420,5378,1927,27136,0,0,11,5
2021-03-05T23:59:59+01:00,4,2,2028,2195,3133,4800,3040,6979,3560,9440,4407,7839,2339,2210,6530,9272,8802,15968,1,1,284,359,920,1730,1163,2855,1475,4331,2128,3698,1410,1544,4930,7173,3984,8314,62696,44368,4530,1927,25311,0,0,11,5
2021-03-04T23:59:59+01:00,4,2,1778,1974,2722,4363,2584,6340,2994,8539,3722,7025,2120,2050,6234,8905,8518,15505,1,1,281,358,919,1722,1161,2838,1474,4315,2119,3686,1399,1542,4918,7159,3977,8303,61035,44244,3251,1924,21082,0,0,11,5
2021-03-03T23:59:59+01:00,4,2,1707,1886,2615,4178,2451,6113,2853,8252,3534,6762,2036,1972,5893,8429,8154,14915,1,1,280,354,919,1712,1158,2815,1470,4291,2114,3671,1374,1530,4913,7153,3973,8295,59008,44096,3107,1924,19630,0,0,11,4
2021-03-02T23:59:59+01:00,4,2,1671,1810,2545,4059,2370,5963,2746,8071,3419,6609,1961,1904,5576,7988,7740,14236,1,1,278,349,916,1693,1155,2795,1467,4272,2113,3660,1349,1524,4903,7136,3968,8287,56876,43939,2865,1924,18922,0,0,11,4
2021-03-01T23:59:59+01:00,2,2,1661,1783,2506,3952,2322,5848,2710,7970,3366,6530,1919,1883,5438,7825,7258,13359,1,1,277,347,912,1687,1153,2783,1465,4259,2111,3645,1344,1519,4900,7134,3966,8280,54994,43856,2854,1924,18475,0,0,11,4
2021-02-28T23:59:59+01:00,2,2,1645,1744,2472,3880,2291,5793,2667,7890,3339,6482,1913,1879,5430,7820,7221,13299,1,1,277,347,911,1687,1153,2783,1465,4258,2111,3644,1344,1519,4900,7133,3966,8280,54868,43853,2852,1923,18038,0,0,11,4
2021-02-27T23:59:59+01:00,2,2,1643,1737,2469,3872,2287,5793,2665,7889,3336,6479,1907,1869,5420,7776,7048,13075,1,1,277,347,901,1682,1143,2776,1455,4249,2094,3635,1343,1516,4900,7132,3966,8280,54396,43849,2852,1845,18010,0,0,11,4
2021-02-26T23:59:59+01:00,2,1,1455,1580,2341,3630,2209,5386,2572,7385,3249,6021,1892,1844,5395,7743,6779,12682,1,1,275,345,893,1675,1135,2756,1449,4227,2084,3621,1336,1507,4893,7120,3962,8267,53639,43768,2832,1776,15684,0,0,11,3
2021-02-25T23:59:59+01:00,2,1,1241,1298,2122,3199,2037,4634,2374,6441,3007,5123,1801,1773,5343,7663,6196,11829,1,1,273,337,886,1614,1101,2660,1416,4117,2028,3546,1299,1486,4849,7078,3942,8212,51736,43294,2820,1549,11518,0,0,10,3
2021-02-24T23:59:59+01:00,2,1,1188,1089,2016,2934,1931,4297,2241,6036,2837,4854,1724,1718,5282,7574,5428,10635,1,1,271,331,850,1566,1051,2569,1355,4001,1939,3417,1259,1458,4831,7051,3932,8191,49376,43029,2808,1042,9593,0,0,10,3
2021-02-23T23:59:59+01:00,2,1,1173,1038,1981,2870,1905,4198,2215,5951,2803,4791,1715,1703,5246,7526,4780,9600,1,1,271,330,823,1539,1001,2517,1302,3923,1833,3342,1207,1431,4807,7025,3919,8152,47573,42822,2781,599,9135,0,0,9,3
2021-02-22T23:59:59+01:00,2,1,1165,996,1932,2726,1861,4053,2159,5756,2749,4686,1704,1692,5212,7478,4165,8709,1,1,269,321,780,1501,948,2434,1213,3815,1693,3244,1117,1372,4764,6953,3891,8042,45947,42346,2763,10,8328,0,0,8,3
2021-02-21T23:59:59+01:00,2,1,1163,982,1903,2664,1834,3956,2132,5651,2729,4623,1697,1686,5209,7469,4165,8705,1,1,267,319,775,1495,940,2402,1211,3779,1680,3204,1108,1357,4746,6928,3866,7998,45894,42064,2753,10,7916,0,0,8,3
2021-02-20T23:59:59+01:00,2,1,1163,982,1903,2663,1833,3956,2132,5651,2727,4617,1688,1677,5202,7462,4163,8702,1,1,267,319,775,1494,939,2398,1210,3775,1679,3202,1108,1357,4694,6868,3819,7941,45879,41835,2725,9,7912,0,0,8,3
2021-02-19T23:59:59+01:00,2,1,1163,979,1900,2658,1833,3946,2131,5642,2723,4614,1670,1668,5187,7444,4160,8697,1,1,266,318,771,1484,930,2373,1203,3732,1650,3149,1080,1318,4501,6615,3640,7641,45799,40661,2704,9,7907,0,0,8,3
2021-02-18T23:59:59+01:00,2,1,1132,897,1860,2539,1794,3809,2078,5436,2661,4441,1653,1651,5171,7411,4155,8668,1,1,238,289,726,1359,882,2167,1117,3395,1534,2852,970,1128,4005,5832,3224,6736,45645,36444,2671,9,7035,0,0,8,3
2021-02-17T23:59:59+01:00,2,1,1084,770,1779,2307,1717,3513,1969,5076,2586,4194,1628,1642,5150,7396,4146,8665,1,1,233,286,716,1341,873,2145,1105,3360,1515,2831,964,1125,3621,5305,2925,6308,45605,34643,2611,9,5401,0,0,8,3
2021-02-16T23:59:59+01:00,2,1,1043,732,1725,2204,1648,3341,1899,4869,2507,4086,1589,1628,5123,7373,4137,8653,1,1,226,280,700,1306,851,2091,1074,3242,1476,2744,940,1102,3263,4755,2581,5809,45551,32433,2444,6,4558,0,0,7,3
2021-02-15T23:59:59+01:00,2,1,1036,713,1705,2127,1630,3241,1880,4760,2493,4007,1559,1614,5093,7357,4104,8597,1,1,214,270,684,1273,832,2041,1053,3176,1434,2679,910,1071,2834,4196,2243,5228,45424,30132,2358,5,4130,0,0,7,3
2021-02-14T23:59:59+01:00,2,1,942,680,1627,2094,1568,3222,1837,4738,2458,3994,1552,1612,5084,7345,4101,8591,1,1,207,259,675,1255,814,2001,1037,3110,1403,2611,880,1025,2742,4054,2164,5029,45380,29262,2323,4,3739,0,0,6,2
2021-02-13T23:59:59+01:00,2,1,889,656,1597,2071,1553,3213,1821,4731,2450,3993,1551,1611,5084,7344,4100,8590,1,1,205,258,673,1254,814,1997,1037,3108,1402,2608,879,1024,2638,3929,2098,4928,45373,28849,2323,3,3555,0,0,6,2
2021-02-12T23:59:59+01:00,2,1,559,509,1249,1954,1382,3111,1681,4649,2343,3923,1533,1603,5074,7333,4090,8580,1,1,193,252,658,1228,800,1953,1010,3022,1347,2508,817,949,2411,3613,1950,4605,45253,27314,2323,2,1994,0,0,6,2
2021-02-11T23:59:59+01:00,2,1,394,433,1060,1840,1279,2993,1584,4536,2254,3833,1424,1558,5011,7281,4067,8530,1,1,156,189,558,984,665,1507,809,2350,1067,1915,575,697,1791,2724,1438,3323,44894,20749,2115,1,1065,0,0,6,0
2021-02-10T23:59:59+01:00,2,1,281,362,934,1734,1177,2871,1490,4351,2140,3711,1385,1545,4990,7270,4063,8528,1,1,134,127,387,623,493,1018,640,1738,899,1581,555,681,1385,2164,1121,2821,44818,16369,2006,0,6,0,0,5,0
2021-02-09T23:59:59+01:00,2,1,281,361,933,1728,1174,2863,1490,4345,2139,3706,1377,1542,4988,7268,4062,8526,1,1,131,125,379,590,474,991,619,1709,874,1551,553,678,1000,1699,840,2414,44793,14629,1983,0,5,0,0,5,0
2021-02-08T23:59:59+01:00,2,1,281,359,932,1726,1171,2853,1483,4340,2137,3702,1372,1538,4986,7268,4061,8523,1,1,126,119,368,577,466,972,608,1677,856,1525,545,673,606,1208,534,1986,44765,12848,1960,0,5,0,0,5,0
2021-02-07T23:59:59+01:00,2,1,281,359,929,1726,1170,2853,1481,4338,2137,3702,1372,1538,4986,7267,4060,8523,1,1,122,116,362,573,465,965,605,1665,846,1509,537,670,605,1198,529,1971,44761,12740,1959,0,0,0,0,5,0
2021-02-06T23:59:59+01:00,2,1,281,359,929,1726,1170,2853,1481,4338,2137,3702,1372,1538,4986,7267,4060,8523,1,1,119,113,360,569,464,963,605,1663,846,1508,536,669,605,1198,529,1971,44761,12720,1959,0,0,0,0,5,0
2021-02-05T23:59:59+01:00,2,1,280,358,927,1726,1170,2852,1479,4337,2136,3702,1372,1538,4985,7265,4060,8520,1,1,118,105,357,564,456,950,601,1653,833,1485,531,659,599,1182,519,1946,44746,12560,1959,0,0,0,0,5,0
2021-02-04T23:59:59+01:00,2,1,276,353,921,1687,1163,2805,1479,4285,2124,3659,1364,1531,4956,7233,4048,8486,1,0,89,70,239,391,331,692,472,1260,624,1117,401,521,504,966,454,1680,44410,9812,1958,0,0,0,0,5,0
2021-02-03T23:59:59+01:00,2,1,274,344,917,1662,1159,2770,1468,4235,2115,3623,1356,1515,4931,7203,4034,8456,1,0,55,34,85,166,152,346,230,593,301,543,211,278,288,602,265,1047,44102,5197,1958,0,0,0,0,5,0
2021-02-02T23:59:59+01:00,2,1,273,342,916,1650,1155,2751,1465,4203,2108,3597,1348,1509,4923,7189,4026,8430,1,0,16,10,29,51,61,101,73,165,96,123,45,75,70,133,57,207,43925,1313,1958,0,0,0,0,5,0
2021-02-01T23:59:59+01:00,2,1,273,337,916,1647,1154,2750,1464,4199,2107,3591,1347,1508,4921,7188,4026,8430,1,0,13,9,25,44,51,92,60,140,74,104,39,67,62,124,55,194,43898,1154,1958,0,0,0,0,5,0
2021-01-31T23:59:59+01:00,2,1,273,336,916,1643,1153,2745,1464,4194,2107,3588,1346,1508,4920,7187,4026,8430,1,0,12,8,22,39,44,84,54,129,64,98,34,56,53,114,52,187,43878,1051,1956,0,0,0,0,5,0
2021-01-30T23:59:59+01:00,2,1,273,336,911,1640,1145,2737,1456,4188,2103,3585,1346,1508,4867,7127,3980,8372,1,0,12,8,22,38,44,84,53,128,64,98,34,56,53,114,52,187,43650,1048,1922,0,0,0,0,5,0
2021-01-29T23:59:59+01:00,2,1,272,335,896,1632,1133,2716,1444,4158,2079,3558,1337,1502,4702,6926,3812,8164,1,0,10,8,22,38,41,84,52,126,61,97,33,52,52,114,52,187,42854,1030,1810,0,0,0,0,5,0
2021-01-28T23:59:59+01:00,2,1,268,322,877,1545,1094,2606,1407,4056,2010,3484,1311,1489,4365,6455,3535,7804,1,0,7,4,10,18,22,42,21,58,36,64,20,34,36,74,40,125,41059,612,1567,0,0,0,0,5,0
2021-01-27T23:59:59+01:00,2,1,262,319,835,1490,1047,2512,1343,3958,1936,3377,1271,1462,3952,5883,3208,7331,1,0,3,4,10,9,11,21,8,23,14,29,12,15,18,42,17,63,39070,300,1114,0,0,0,0,5,0
2021-01-26T23:59:59+01:00,2,1,255,310,799,1443,980,2427,1282,3831,1820,3269,1210,1411,3602,5325,2853,6808,1,0,1,1,6,4,4,7,4,3,3,8,7,5,5,7,4,8,36958,78,666,0,0,0,0,4,0
2021-01-25T23:59:59+01:00,2,1,245,301,747,1383,919,2308,1180,3686,1661,3147,1130,1379,3204,4810,2536,6331,1,0,1,1,6,3,2,7,2,2,3,8,7,5,5,7,4,8,34904,72,63,0,0,0,0,3,0
2021-01-24T23:59:59+01:00,2,1,242,301,741,1379,908,2292,1175,3670,1633,3117,1124,1376,3177,4774,2519,6309,1,0,1,1,4,3,2,7,2,2,3,8,7,5,5,7,4,8,34729,70,9,0,0,0,0,2,0
2021-01-23T23:59:59+01:00,2,1,241,300,740,1378,908,2288,1174,3668,1630,3115,1123,1376,3072,4648,2452,6208,1,0,1,1,4,3,2,7,2,2,3,8,7,5,5,7,4,8,34314,70,8,0,0,0,0,2,0
2021-01-22T23:59:59+01:00,2,1,240,297,737,1362,906,2275,1168,3652,1626,3111,1121,1375,2910,4453,2349,6063,1,0,1,1,4,3,2,7,2,2,3,8,7,5,5,7,4,8,33638,70,8,0,0,0,0,2,0
2021-01-21T23:59:59+01:00,2,1,235,268,672,1206,839,2063,1087,3367,1530,2905,1078,1332,2562,3988,2054,5622,1,0,1,0,3,2,2,7,2,2,3,8,7,4,5,7,4,8,30803,66,8,0,0,0,0,0,0
2021-01-20T23:59:59+01:00,2,1,210,204,511,854,664,1572,887,2666,1293,2438,980,1198,2021,3235,1629,4809,1,0,1,0,3,2,2,7,2,2,3,6,6,4,5,7,4,8,25166,63,8,0,0,0,0,0,0
2021-01-19T23:59:59+01:00,2,1,184,187,465,745,610,1417,801,2369,1119,2131,812,939,1367,2294,1143,3671,0,0,0,0,2,1,0,0,0,0,2,1,1,0,0,0,0,0,20253,7,4,0,0,0,0,0,0
2021-01-18T23:59:59+01:00,1,1,138,132,387,620,488,1061,645,1825,929,1639,604,728,694,1346,600,2242,0,0,0,0,1,0,0,0,0,0,1,0,0,0,0,0,0,0,14077,2,3,0,0,0,0,0,0
2021-01-17T23:59:59+01:00,1,1,127,118,371,585,473,996,616,1708,870,1540,555,687,643,1244,554,2077,0,0,0,0,0,0,0,0,0,0,0,0,0,0,0,0,0,0,13165,0,1,0,0,0,0,0,0
2021-01-16T23:59:59+01:00,1,1,120,114,368,581,471,984,610,1695,864,1533,554,686,642,1238,549,2063,0,0,0,0,0,0,0,0,0,0,0,0,0,0,0,0,0,0,13073,0,1,0,0,0,0,0,0
2021-01-15T23:59:59+01:00,1,1,118,107,365,575,463,968,606,1684,850,1509,548,673,634,1221,541,2038,0,0,0,0,0,0,0,0,0,0,0,0,0,0,0,0,0,0,12902,0,0,0,0,0,0,0,0
2021-01-14T23:59:59+01:00,1,1,97,86,282,466,391,789,502,1413,695,1220,431,540,552,1022,478,1838,0,0,0,0,0,0,0,0,0,0,0,0,0,0,0,0,0,0,10804,0,0,0,0,0,0,0,0
2021-01-13T23:59:59+01:00,1,1,67,47,169,283,256,522,351,923,474,784,264,328,335,672,308,1167,0,0,0,0,0,0,0,0,0,0,0,0,0,0,0,0,0,0,6952,0,0,0,0,0,0,0,0
2021-01-12T23:59:59+01:00,1,1,31,20,54,102,114,215,150,384,196,334,137,180,175,371,177,648,0,0,0,0,0,0,0,0,0,0,0,0,0,0,0,0,0,0,3290,0,0,0,0,0,0,0,0
2021-01-11T23:59:59+01:00,1,0,17,10,38,64,62,114,77,172,91,126,40,67,67,130,55,200,0,0,0,0,0,0,0,0,0,0,0,0,0,0,0,0,0,0,1331,0,0,0,0,0,0,0,0
2021-01-10T23:59:59+01:00,1,0,14,7,31,53,55,102,67,157,75,112,34,57,57,119,50,190,0,0,0,0,0,0,0,0,0,0,0,0,0,0,0,0,0,0,1181,0,0,0,0,0,0,0,0
2021-01-09T23:59:59+01:00,1,0,13,7,30,52,54,101,64,156,75,110,34,57,57,119,50,190,0,0,0,0,0,0,0,0,0,0,0,0,0,0,0,0,0,0,1170,0,0,0,0,0,0,0,0
2021-01-08T23:59:59+01:00,1,0,10,7,28,49,49,96,60,143,69,106,32,52,56,119,50,190,0,0,0,0,0,0,0,0,0,0,0,0,0,0,0,0,0,0,1117,0,0,0,0,0,0,0,0
2021-01-07T23:59:59+01:00,1,0,7,4,10,19,22,43,23,58,38,66,19,35,41,79,39,126,0,0,0,0,0,0,0,0,0,0,0,0,0,0,0,0,0,0,630,0,0,0,0,0,0,0,0
2021-01-06T23:59:59+01:00,1,0,7,4,10,16,14,30,15,40,25,53,16,25,34,69,37,110,0,0,0,0,0,0,0,0,0,0,0,0,0,0,0,0,0,0,506,0,0,0,0,0,0,0,0
2021-01-05T23:59:59+01:00,1,0,7,4,10,16,14,30,15,40,25,53,16,25,33,69,37,110,0,0,0,0,0,0,0,0,0,0,0,0,0,0,0,0,0,0,505,0,0,0,0,0,0,0,0
2021-01-04T23:59:59+01:00,1,0,2,4,9,6,4,14,4,8,6,16,7,5,9,16,5,15,0,0,0,0,0,0,0,0,0,0,0,0,0,0,0,0,0,0,131,0,0,0,0,0,0,0,0
2021-01-03T23:59:59+01:00,1,0,1,1,4,3,2,7,3,3,3,9,5,4,6,8,4,9,0,0,0,0,0,0,0,0,0,0,0,0,0,0,0,0,0,0,73,0,0,0,0,0,0,0,0
2021-01-02T23:59:59+01:00,1,0,1,1,4,3,2,7,3,3,3,9,5,4,6,8,4,9,0,0,0,0,0,0,0,0,0,0,0,0,0,0,0,0,0,0,73,0,0,0,0,0,0,0,0
2021-01-01T23:59:59+01:00,1,0,1,1,4,3,2,7,2,3,3,9,5,4,6,8,4,9,0,0,0,0,0,0,0,0,0,0,0,0,0,0,0,0,0,0,72,0,0,0,0,0,0,0,0
2020-12-31T23:59:59+01:00,1,0,1,1,4,2,2,7,2,2,3,8,5,4,6,8,4,9,0,0,0,0,0,0,0,0,0,0,0,0,0,0,0,0,0,0,69,0,0,0,0,0,0,0,0
2020-12-30T23:59:59+01:00,1,0,1,1,4,2,2,7,2,2,3,6,5,4,6,8,4,9,0,0,0,0,0,0,0,0,0,0,0,0,0,0,0,0,0,0,67,0,0,0,0,0,0,0,0
2020-12-29T23:59:59+01:00,1,0,1,1,3,1,2,6,2,2,3,6,3,2,5,8,3,8,0,0,0,0,0,0,0,0,0,0,0,0,0,0,0,0,0,0,57,0,0,0,0,0,0,0,0
2020-12-28T23:59:59+01:00,1,0,0,0,3,1,0,2,1,0,1,3,0,1,0,1,1,5,0,0,0,0,0,0,0,0,0,0,0,0,0,0,0,0,0,0,20,0,0,0,0,0,0,0,0
2020-12-27T23:59:59+01:00,0,0,0,0,0,0,0,1,1,0,1,2,0,1,0,1,1,5,0,0,0,0,0,0,0,0,0,0,0,0,0,0,0,0,0,0,13,0,0,0,0,0,0,0,0
