Datum,<24_1_m,<24_1_w,25-34_1_m,25-34_1_w,35-44_1_m,35-44_1_w,45-54_1_m,45-54_1_w,55-64_1_m,55-64_1_w,65-74_1_m,65-74_1_w,75-84_1_m,75-84_1_w,>84_1_m,>84_1_w,<24_2_m,<24_2_w,25-34_2_m,25-34_2_w,35-44_2_m,35-44_2_w,45-54_2_m,45-54_2_w,55-64_2_m,55-64_2_w,65-74_2_m,65-74_2_w,75-84_2_m,75-84_2_w,>84_2_m,>84_2_w,bp_1,bp_2,mo_1,mo_2,az_1,az_2,ja
2021-07-01T23:59:59+02:00,26094,24685,41047,35103,47212,44350,62073,61442,79009,78107,56899,60891,37862,48714,11834,21119,7516,7273,15190,14588,19170,20803,44131,45518,65429,66482,51836,55403,35617,45795,11275,20066,536809,382650,78174,46164,108963,84783,12495
2021-06-30T23:59:59+02:00,25655,24205,40663,34762,46832,44012,61862,61253,78854,77970,56823,60818,37836,48668,11826,21102,7183,6956,14342,13841,17859,19687,41448,43222,63871,65152,51409,54939,35477,45615,11250,20022,533625,372159,78143,45557,108961,82145,12412
2021-06-29T23:59:59+02:00,25074,23578,40173,34349,46428,43600,61605,60975,78648,77793,56750,60754,37808,48624,11820,21083,6908,6653,13711,13352,16746,18780,37156,39551,62534,63916,50930,54442,35346,45439,11219,19979,529598,356995,78134,45349,108961,81949,12369
2021-06-28T23:59:59+02:00,24712,23156,39723,33967,46012,43234,61368,60723,78461,77639,56679,60686,37779,48595,11818,21068,6601,6334,13062,12858,15751,17956,33526,36525,61430,62904,50581,54054,35255,45291,11195,19943,527866,348422,76450,40699,108961,81802,12343
2021-06-27T23:59:59+02:00,24606,23053,39654,33904,45955,43175,61338,60686,78428,77610,56663,60675,37773,48588,11817,21063,6511,6260,12836,12720,15333,17722,32699,35885,61180,62706,50491,53985,35237,45269,11193,19939,527260,345544,76446,40439,108955,81656,12327
2021-06-26T23:59:59+02:00,24599,23048,39648,33901,45954,43174,61338,60685,78428,77610,56663,60675,37773,48588,11817,21063,6508,6253,12830,12707,15327,17715,32695,35885,61173,62704,50489,53979,35237,45269,11193,19938,527236,345481,76446,40439,108955,81655,12327
2021-06-25T23:59:59+02:00,24462,22910,39563,33815,45872,43103,61294,60638,78380,77588,56652,60661,37770,48585,11816,21061,6412,6142,12722,12578,15191,17556,31982,35232,60789,62385,50411,53896,35229,45248,11190,19937,526446,342507,76446,40427,108952,81640,12326
2021-06-24T23:59:59+02:00,24009,22430,39212,33509,45522,42800,61094,60444,78220,77453,56598,60605,37748,48555,11812,21052,6076,5846,12165,12118,14493,16880,28700,32529,58526,60558,49844,53314,35097,45044,11172,19890,523507,328831,76396,40162,108950,81049,12210
2021-06-23T23:59:59+02:00,23282,21706,38655,32932,44887,42104,60733,60060,77977,77205,56497,60475,37704,48504,11802,21033,5922,5657,11796,11777,13993,16362,25352,29779,56895,59048,49326,52785,34981,44870,11151,19847,518068,319489,76341,37237,108948,80616,12199
2021-06-22T23:59:59+02:00,22806,21210,38259,32521,44461,41645,60464,59778,77776,76970,56403,60368,37667,48432,11789,21011,5732,5522,11481,11518,13576,15991,21039,26265,54832,57361,48733,52185,34804,44658,11131,19803,514320,305208,76215,37185,108943,80156,12082
2021-06-21T23:59:59+02:00,22523,20935,38013,32296,44222,41371,60279,59569,77645,76833,56351,60288,37644,48393,11780,20996,5604,5414,11176,11324,13242,15739,19503,25045,53924,56598,46531,49750,34208,43940,11108,19746,512310,299969,76012,37115,108929,73881,11887
2021-06-20T23:59:59+02:00,22206,20624,37720,32028,43937,41118,60131,59403,77511,76688,56304,60249,37624,48377,11777,20989,5551,5370,11046,11238,13088,15614,19114,24724,53660,56419,44993,47902,33695,43352,11089,19729,509953,299349,75935,36371,108918,68984,11880
2021-06-19T23:59:59+02:00,22199,20612,37705,32024,43934,41114,60125,59400,77509,76685,56301,60249,37624,48376,11777,20989,5545,5361,11042,11235,13079,15608,19107,24716,53647,56407,44984,47892,33694,43352,11089,19729,509895,299266,75930,36368,108918,68973,11880
2021-06-18T23:59:59+02:00,22088,20490,37639,31969,43859,41029,60070,59356,77467,76643,56279,60228,37619,48363,11776,20988,5450,5197,10747,10701,12708,15030,18570,23704,52798,55116,44780,47730,33666,43305,11083,19717,509147,297706,75924,36367,108913,64350,11879
2021-06-17T23:59:59+02:00,21289,19688,36889,31336,43070,40275,59664,58989,77174,76387,56161,60101,37570,48294,11763,20963,5259,4987,10369,10157,12195,14263,17652,22355,51247,53200,43653,46406,33360,42917,11036,19636,503180,290542,75831,36240,108907,60215,11695
2021-06-16T23:59:59+02:00,20393,18663,35903,30410,42069,39309,59127,58510,76785,76077,56022,59949,37514,48207,11753,20940,5074,4834,9866,9840,11469,13774,16115,21073,47410,49677,41914,44412,32899,42351,10973,19509,495865,274504,75291,36042,108896,59065,11579
2021-06-15T23:59:59+02:00,19470,17711,34997,29562,41147,38431,58692,58074,76455,75756,55883,59785,37459,48140,11739,20907,4870,4710,9353,9587,10771,13309,14614,19891,43171,45622,40372,42572,32422,41732,10906,19381,488709,257441,75176,36008,108889,58400,11434
2021-06-14T23:59:59+02:00,18250,16391,33748,28294,39694,37026,58110,57517,76066,75416,55756,59647,37414,48069,11730,20892,4745,4617,9014,9382,10301,12997,13449,18889,40549,43083,39302,41431,32132,41332,10874,19296,479011,246336,74739,35985,108884,57686,11386
2021-06-13T23:59:59+02:00,17709,15949,33269,27888,39205,36645,57896,57335,75920,75314,55729,59608,37392,48047,11727,20883,4660,4569,8870,9311,10139,12929,12845,18435,40082,42691,39069,41209,32072,41247,10868,19282,475940,245381,74438,34562,108878,57075,11260
2021-06-12T23:59:59+02:00,17707,15931,33257,27879,39198,36640,57892,57333,75916,75312,55728,59606,37391,48047,11727,20883,4653,4564,8860,9306,10129,12923,12834,18422,39901,42545,39046,41194,32068,41245,10868,19281,475876,244954,74434,34562,108878,57064,11259
2021-06-11T23:59:59+02:00,17622,15874,33110,27811,39026,36587,57772,57296,75846,75288,55716,59601,37389,48045,11727,20882,4571,4370,8700,8749,9935,12205,12600,17355,39414,41255,38892,41063,32050,41211,10866,19279,475543,244467,74025,34560,108772,52236,11252
2021-06-10T23:59:59+02:00,16771,15141,31697,26903,37786,35681,57092,56839,75440,75021,55627,59510,37350,48002,11716,20864,4316,4178,8148,8262,9256,11453,11869,16298,36582,38237,38096,40268,31884,41030,10850,19249,471680,237462,71069,34431,108492,47884,10199
2021-06-09T23:59:59+02:00,15969,14413,30423,26006,36571,34802,56523,56454,75101,74794,55546,59405,37323,47958,11703,20844,4135,4026,7791,8076,8800,11236,11258,15926,31551,33428,36612,38753,31641,40762,10829,19199,467047,223699,68636,34308,108451,46315,9701
2021-06-08T23:59:59+02:00,15024,13532,29051,24922,35209,33794,55911,56055,74810,74586,55473,59333,37301,47928,11699,20834,4055,3963,7641,7964,8649,11124,10969,15725,28759,30640,35664,37826,31481,40567,10805,19167,462496,216297,65206,34252,108411,45101,9349
2021-06-07T23:59:59+02:00,14389,12932,27694,24117,34063,33019,55439,55801,74573,74482,55440,59296,37285,47918,11699,20830,3964,3890,7448,7843,8349,10994,10604,15482,24460,26285,34214,36309,31260,40300,10777,19138,459386,204597,62211,34189,108377,43528,9003
2021-06-06T23:59:59+02:00,14066,12739,26912,23699,33416,32602,55133,55639,74420,74417,55421,59273,37271,47909,11697,20829,3898,3854,7301,7798,8194,10913,10294,15282,21669,23445,33222,35244,31122,40148,10770,19123,458256,201829,60166,29032,108354,42749,8667
2021-06-05T23:59:59+02:00,14037,12710,26870,23658,33389,32584,55128,55630,74416,74412,55417,59268,37266,47907,11697,20829,3878,3841,7266,7776,8147,10896,10233,15241,20252,21900,32431,34373,31052,40066,10766,19116,458144,196886,60061,29029,108346,42652,8667
2021-06-04T23:59:59+02:00,13803,12447,26560,23346,33052,32273,55070,55549,74377,74392,55408,59263,37265,47905,11697,20828,3847,3813,7189,7698,8090,10820,10154,15121,20145,21782,32358,34319,31021,40029,10763,19113,456255,196807,59999,29017,108314,41771,8667
2021-06-03T23:59:59+02:00,13221,11960,25527,22663,31922,31529,54584,55219,74063,74198,55340,59186,37231,47875,11691,20812,3719,3722,6918,7530,7810,10648,9829,14886,18277,19932,30395,32033,30748,39698,10740,19064,451960,188280,58501,28998,108300,40411,8260
2021-06-02T23:59:59+02:00,12525,11195,24538,21770,30791,30581,54323,54958,73873,74061,55289,59108,37215,47854,11683,20805,3685,3702,6862,7476,7754,10602,9746,14796,17757,19387,28470,29872,30649,39554,10733,19053,445695,182772,58324,28997,108298,40077,8252
2021-06-01T23:59:59+02:00,11386,10299,22413,20346,28267,28696,52917,53898,72870,73288,54990,58791,37096,47683,11649,20746,3458,3530,6367,7172,7153,10189,8897,14197,15836,17590,24714,25665,29970,38678,10657,18901,436250,168924,53875,28861,108260,38239,6950
2021-05-31T23:59:59+02:00,10526,9632,20576,19178,26229,27194,51816,53052,72170,72745,54776,58537,37023,47584,11635,20710,3320,3382,6034,6929,6756,9892,8362,13845,14784,16620,23533,24309,29592,38197,10597,18809,429500,163245,49519,28829,108242,36765,6122
2021-05-30T23:59:59+02:00,10173,9285,19852,18682,25532,26616,51483,52774,71943,72553,54703,58462,36999,47557,11627,20702,3138,3192,5682,6662,6467,9650,8145,13644,14523,16349,23240,23996,29482,38090,10582,18781,426952,162421,49115,28771,108212,35767,4664
2021-05-29T23:59:59+02:00,10157,9273,19835,18655,25514,26591,51472,52770,71938,72543,54701,58457,36998,47557,11626,20702,3136,3184,5679,6658,6462,9648,8137,13636,14513,16345,23229,23989,29478,38085,10581,18780,426798,162353,49115,28769,108212,35754,4664
2021-05-28T23:59:59+02:00,10092,9177,19700,18487,25255,26363,51316,52593,71792,72413,54664,58406,36985,47538,11623,20689,3092,3107,5589,6520,6363,9453,8027,13367,14321,16069,23079,23837,29425,38022,10574,18772,425157,161974,49078,28768,108195,34212,4663
2021-05-27T23:59:59+02:00,8833,7974,17305,16674,22484,24220,50228,51781,71126,71928,54467,58190,36895,47444,11611,20660,2795,2774,4753,5897,5474,8679,7240,12386,13204,14883,22105,22818,29050,37581,10519,18685,413270,158191,48125,28504,108062,29785,2363
2021-05-26T23:59:59+02:00,8434,7558,16428,15874,21303,23214,49630,51235,70718,71553,54321,58030,36829,47370,11601,20630,2610,2600,4386,5568,5001,8174,6765,11742,12239,13910,21210,21791,28739,37139,10473,18600,407724,154363,47398,28418,107992,26552,1614
2021-05-25T23:59:59+02:00,7862,6961,15192,14992,19860,22045,49153,50836,70472,71371,54253,57948,36807,47345,11597,20621,2535,2497,4199,5438,4758,7947,6491,11437,11685,13382,19092,19654,28371,36609,10438,18551,400989,148776,47157,28405,107948,24682,1221
2021-05-24T23:59:59+02:00,7777,6859,14969,14869,19572,21868,49052,50717,70429,71333,54252,57942,36806,47344,11595,20618,2492,2436,4116,5273,4666,7704,6368,11155,11547,13142,18979,19544,28321,36563,10431,18540,399852,148634,47081,28363,107862,23073,1207
2021-05-23T23:59:59+02:00,7760,6847,14934,14854,19518,21841,49043,50715,70425,71327,54251,57940,36806,47343,11595,20618,2490,2432,4109,5268,4657,7700,6364,11143,11526,13120,18842,19353,28290,36524,10429,18538,399673,148159,47081,28361,107862,23064,1201
2021-05-22T23:59:59+02:00,7757,6839,14924,14842,19509,21835,49043,50713,70422,71327,54251,57939,36806,47343,11595,20618,2487,2425,4102,5262,4655,7700,6361,11140,11517,13117,18830,19347,28289,36524,10429,18538,399621,148123,47081,28361,107862,23040,1199
2021-05-21T23:59:59+02:00,7682,6742,14795,14710,19305,21677,48804,50481,70280,71221,54224,57913,36799,47336,11590,20612,2416,2342,4017,5122,4552,7487,6240,10844,11352,12832,18770,19290,28274,36500,10427,18537,398059,147906,47079,28361,107837,21539,1196
2021-05-20T23:59:59+02:00,7407,6449,14219,14187,18370,20802,46126,48135,69135,70255,53873,57556,36691,47198,11558,20583,2155,2179,3657,4758,4114,6939,5691,10014,10269,11742,17504,18016,27770,35903,10354,18388,387113,142701,46917,28069,107533,17702,981
2021-05-19T23:59:59+02:00,7168,6227,13557,13708,17106,19805,42155,44653,67653,68956,53421,57033,36530,46974,11523,20531,2079,1980,3494,4418,3871,6418,5252,9336,9288,10632,16028,16382,27078,34992,10230,18179,372383,135573,46351,27925,107304,15197,962
2021-05-18T23:59:59+02:00,6972,6048,13020,13282,16013,18948,37437,40637,66202,67640,52868,56492,36384,46755,11481,20474,2033,1851,3356,4231,3686,6106,4920,8858,8426,9762,14453,14654,26371,34142,10139,18004,356315,128962,46291,27364,107150,13769,897
2021-05-17T23:59:59+02:00,6838,5952,12697,13035,15522,18557,35260,38775,65365,66859,52597,56180,36305,46647,11466,20437,1964,1793,3168,4052,3469,5878,4599,8489,7650,9064,11204,10651,25462,32995,10056,17833,352598,123767,42028,21297,107072,12469,794
2021-05-16T23:59:59+02:00,6776,5869,12574,12881,15349,18388,34772,38306,65180,66690,52542,56121,36295,46622,11461,20432,1907,1696,3067,3928,3390,5776,4494,8345,7470,8878,9021,8066,24982,32314,10022,17776,351129,122636,41524,15970,107038,11959,567
2021-05-15T23:59:59+02:00,6771,5860,12568,12875,15345,18384,34767,38304,65178,66688,52542,56120,36295,46622,11461,20432,1906,1695,3064,3922,3386,5773,4489,8342,7468,8875,9019,8064,24981,32314,10022,17776,351088,122606,41524,15970,107036,11956,564
2021-05-14T23:59:59+02:00,6576,5764,12325,12813,15118,18295,33794,37521,64645,66282,52447,56033,36278,46589,11459,20427,1792,1608,2953,3852,3329,5665,4439,8197,7422,8749,9014,8059,24980,32314,10022,17775,347742,122554,41493,15966,106578,11097,553
2021-05-13T23:59:59+02:00,6326,5577,11918,12563,14553,17848,30270,34735,62171,64209,51817,55359,36141,46369,11447,20379,1748,1570,2896,3776,3297,5573,4397,8093,7341,8630,8977,8001,24960,32273,10017,17771,333773,122310,41270,15943,106149,10577,490
2021-05-12T23:59:59+02:00,6310,5555,11846,12499,14445,17742,29638,34160,61665,63758,51645,55186,36105,46324,11440,20366,1748,1567,2895,3776,3294,5573,4395,8091,7339,8624,8970,7998,24960,32271,10017,17770,330790,122289,41260,15933,106144,10576,490
2021-05-11T23:59:59+02:00,5988,5422,11404,12223,13906,17359,25384,30678,59292,61757,50991,54511,35918,46078,11418,20303,1706,1450,2791,3516,3174,5197,4256,7646,7186,8299,8886,7917,24931,32231,10013,17759,315896,122049,41206,15743,105163,8799,367
2021-05-10T23:59:59+02:00,5861,5349,11242,12108,13688,17191,21925,27924,58050,60645,50629,54161,35826,45956,11403,20272,1670,1355,2707,3287,3073,4866,4148,7156,7066,7862,8845,7858,24919,32210,10011,17755,306008,121909,41045,15595,104873,6980,304
2021-05-09T23:59:59+02:00,5783,5317,11158,12045,13588,17110,20326,26745,57585,60263,50527,54063,35800,45915,11396,20267,1653,1335,2649,3162,3022,4725,4103,7036,7005,7763,8833,7844,24912,32204,10010,17755,305442,121847,37481,15551,104674,6322,291
2021-05-08T23:59:59+02:00,5779,5314,11147,12041,13579,17101,20319,26739,57576,60258,50524,54055,35796,45912,11394,20264,1652,1335,2649,3160,3022,4725,4100,7033,7004,7762,8832,7844,24911,32202,10010,17755,305353,121832,37480,15551,104674,6322,291
2021-05-07T23:59:59+02:00,5739,5279,11083,11992,13473,17025,19864,26381,56581,59449,50396,53924,35768,45882,11391,20250,1548,1291,2570,3116,2982,4697,4066,7009,6982,7730,8826,7836,24909,32201,10010,17754,302196,121800,37464,15545,104531,5896,286
2021-05-06T23:59:59+02:00,5486,5167,10573,11686,12774,16573,18579,25397,52336,55809,49209,52550,35438,45484,11338,20148,1323,1159,2335,2943,2812,4531,3913,6809,6829,7574,8745,7757,24887,32164,10007,17746,287128,121509,37277,15407,103985,4461,157
2021-05-05T23:59:59+02:00,5225,5068,10079,11452,12020,16125,17249,24421,47967,51674,47541,50629,35000,44914,11263,20025,1279,1064,2273,2815,2729,4351,3820,6571,6720,7375,8633,7664,24828,32090,10001,17730,269962,121036,37050,15364,103597,3500,43
2021-05-04T23:59:59+02:00,5142,4984,9765,11241,11572,15736,16274,23553,46095,49646,46475,49321,34627,44426,11195,19915,1267,1045,2245,2774,2689,4265,3768,6464,6648,7299,8591,7625,24807,32074,10000,17725,259602,120819,37027,15303,103318,3144,20
2021-05-03T23:59:59+02:00,5038,4898,9418,11074,11110,15475,15213,22689,44521,48027,45594,48369,34405,44085,11167,19824,1252,1021,2214,2744,2647,4201,3720,6410,6574,7246,8022,6936,23072,29756,9862,17489,250586,115028,37017,15221,103292,2905,12
2021-05-02T23:59:59+02:00,4976,4878,9304,11038,10966,15414,14601,22200,44003,47618,45453,48203,34356,44023,11160,19813,1248,1016,2198,2742,2634,4193,3692,6398,6554,7233,7832,6694,21115,27358,9816,17401,249377,115011,35384,10242,103238,2864,7
2021-05-01T23:59:59+02:00,4976,4876,9299,11033,10963,15412,14597,22196,44001,47614,45452,48203,34356,44023,11160,19813,1247,1016,2198,2742,2634,4193,3691,6398,6552,7233,7832,6693,21115,27358,9816,17401,249346,115007,35384,10242,103237,2863,7
2021-04-30T23:59:59+02:00,4929,4854,9232,11018,10908,15387,14522,22170,42518,46202,45116,47871,34319,43971,11155,19803,1038,922,2000,2654,2535,4133,3607,6338,6490,7175,7825,6676,21114,27356,9816,17401,245359,114999,35384,10240,103225,1834,7
2021-04-29T23:59:59+02:00,4686,4771,8764,10868,10304,15217,13837,21964,37598,41893,44107,46845,34198,43853,11151,19772,859,845,1828,2576,2449,4067,3498,6268,6418,7125,7803,6657,21109,27350,9816,17401,231650,114959,35282,10138,102889,965,7
2021-04-28T23:59:59+02:00,4511,4736,8514,10784,9954,15128,13481,21810,32963,37397,42862,45594,34072,43706,11136,19754,818,816,1792,2530,2416,3991,3462,6159,6369,7033,7784,6639,21097,27337,9812,17394,218452,114876,35265,10090,102678,476,7
2021-04-27T23:59:59+02:00,4281,4521,8172,10336,9572,14548,13016,21170,31837,36269,42582,45311,34056,43678,11132,19751,792,802,1758,2507,2398,3973,3445,6140,6335,7007,7772,6630,21092,27332,9809,17388,215730,114819,35255,10061,99240,293,7
2021-04-26T23:59:59+02:00,4260,4493,8097,10300,9466,14492,12869,21112,27427,31891,41365,44092,33977,43578,11119,19741,759,792,1729,2489,2368,3952,3421,6120,6283,6962,7725,6581,21062,27302,9809,17381,203866,114619,35246,10018,99160,91,7
2021-04-25T23:59:59+02:00,4237,4480,8064,10273,9403,14462,12777,21066,25459,29852,40665,43333,33931,43520,11115,19736,747,785,1717,2475,2352,3938,3395,6099,6250,6932,7703,6561,21045,27281,9808,17377,203202,114595,30140,9775,99025,89,6
2021-04-24T23:59:59+02:00,4219,4469,8034,10244,9363,14446,12728,21044,23957,28192,39908,42497,33866,43444,11112,19730,746,784,1714,2473,2351,3935,3395,6095,6250,6929,7701,6559,21044,27281,9808,17377,198150,114575,30140,9774,98957,87,6
2021-04-23T23:59:59+02:00,3953,4317,7567,9947,8933,14090,12168,20642,23479,27895,39825,42436,33845,43410,11106,19723,732,774,1697,2460,2331,3919,3372,6073,6228,6910,7687,6541,21039,27270,9808,17376,197807,114560,30125,9576,95398,75,6
2021-04-22T23:59:59+02:00,3860,4261,7377,9831,8655,13897,11725,20314,21157,25540,37069,39196,33317,42739,11035,19602,719,765,1669,2431,2273,3862,3298,6002,6117,6814,7608,6455,20984,27226,9805,17361,184796,114439,29936,8872,94837,72,6
2021-04-21T23:59:59+02:00,3832,4230,7250,9753,8475,13727,11392,20025,19897,24340,33859,35491,32831,42036,10972,19474,695,747,1635,2403,2229,3838,3266,5969,6076,6776,7580,6428,20965,27202,9801,17357,173052,114334,29764,8559,94762,68,6
2021-04-20T23:59:59+02:00,3798,4204,7146,9684,8264,13572,11027,19727,18804,23193,30549,31857,32353,41437,10913,19362,688,737,1620,2391,2196,3816,3225,5923,6034,6733,7540,6382,20940,27178,9795,17354,161437,114176,29742,8304,94705,66,6
2021-04-19T23:59:59+02:00,3779,4187,7072,9647,8146,13463,10772,19541,18139,22531,29675,30729,32062,41070,10871,19287,680,732,1598,2377,2171,3786,3190,5890,6000,6702,7495,6349,20909,27150,9793,17350,156601,114043,29725,8059,94639,64,6
2021-04-18T23:59:59+02:00,3776,4181,7056,9633,8131,13444,10737,19517,18051,22449,29553,30605,32034,41048,10868,19279,678,728,1583,2365,2154,3771,3166,5864,5971,6679,7473,6336,20890,27128,9790,17347,156109,113984,29657,7870,94590,63,6
2021-04-17T23:59:59+02:00,3775,4179,7054,9631,8128,13444,10731,19510,18039,22439,29531,30592,32032,41046,10868,19279,677,728,1582,2364,2153,3770,3163,5863,5969,6677,7473,6336,20890,27128,9790,17347,156032,113971,29656,7870,94584,63,6
2021-04-16T23:59:59+02:00,3608,4141,6711,9501,7764,13257,10334,19265,17589,22166,29333,30433,31950,40957,10853,19260,665,712,1570,2349,2126,3755,3109,5827,5927,6627,7380,6247,20477,26563,9760,17286,155282,112648,29648,7666,92186,60,6
2021-04-15T23:59:59+02:00,3507,4062,6361,9132,7190,12758,9560,18431,16264,20939,28135,29141,31428,40316,10774,19084,635,689,1518,2310,2044,3668,3002,5707,5598,6390,6885,5862,19752,25656,9663,17118,149541,109308,29353,7128,88182,55,6
2021-04-14T23:59:59+02:00,3451,4012,6126,8894,6858,12381,8939,17880,15154,19909,26722,27643,30797,39438,10666,18889,600,664,1471,2273,1970,3590,2860,5583,5290,6152,6338,5348,18740,24373,9577,16941,142742,105040,29153,6675,85858,49,6
2021-04-13T23:59:59+02:00,3420,3981,6034,8818,6709,12254,8637,17635,14353,19216,23377,24092,29865,38257,10561,18714,595,655,1458,2251,1943,3557,2764,5512,5073,5969,5977,5012,18440,24028,9537,16876,131123,102948,29143,6645,85651,48,6
2021-04-12T23:59:59+02:00,3398,3961,5983,8763,6624,12170,8419,17440,13738,18688,22374,22942,29443,37698,10492,18589,586,647,1448,2243,1920,3536,2708,5461,4924,5865,5661,4733,18145,23725,9499,16816,126048,101364,29127,6499,85541,48,6
2021-04-11T23:59:59+02:00,3392,3954,5966,8739,6596,12153,8379,17417,13649,18627,22245,22795,29391,37633,10482,18563,583,642,1435,2233,1908,3528,2691,5445,4887,5828,5602,4675,17972,23491,9478,16786,125506,100702,29061,6428,85408,48,6
2021-04-10T23:59:59+02:00,3384,3953,5943,8739,6574,12152,8359,17416,13626,18625,22240,22792,29387,37632,10482,18563,582,640,1428,2228,1903,3525,2685,5437,4871,5818,5589,4658,17811,23240,9464,16762,125484,100193,28972,6394,85405,48,6
2021-04-09T23:59:59+02:00,3345,3941,5895,8727,6517,12136,8323,17389,13575,18580,20289,20389,28905,37017,10452,18514,568,627,1403,2206,1877,3502,2643,5401,4798,5756,5474,4557,17234,22508,9426,16691,124796,98430,23868,6195,85324,40,6
2021-04-08T23:59:59+02:00,3321,3923,5826,8695,6443,12097,8234,17326,13429,18462,17702,17330,28383,36351,10414,18464,526,597,1316,2125,1783,3406,2465,5216,4304,5391,4674,3950,15455,20285,9239,16386,123932,91462,18016,5622,84447,29,5
2021-04-07T23:59:59+02:00,3241,3895,5616,8645,6236,12038,8026,17251,13168,18367,15044,14272,27705,35555,10384,18411,503,569,1264,2069,1689,3326,2314,5076,3896,5058,3956,3387,14606,19422,9127,16202,123724,87159,16483,5276,77643,25,4
2021-04-06T23:59:59+02:00,3213,3885,5570,8627,6167,12015,7939,17213,13094,18296,13065,11917,27072,34841,10371,18381,472,547,1196,2014,1604,3244,2152,4959,3527,4782,3432,2979,13766,18424,9051,16087,123597,83536,16281,4675,71784,21,4
2021-04-05T23:59:59+02:00,3211,3882,5534,8614,6130,12003,7894,17198,13022,18260,13019,11871,27061,34825,10370,18378,440,517,1144,1977,1552,3203,2084,4906,3440,4706,3376,2929,13623,18253,9042,16069,123575,83049,16073,4188,71621,21,3
2021-04-04T23:59:59+02:00,3210,3881,5534,8613,6129,12003,7893,17195,13022,18260,13016,11871,27060,34825,10370,18378,439,516,1143,1977,1552,3203,2084,4906,3440,4706,3376,2929,13622,18253,9042,16069,123568,83045,16073,4188,71616,21,3
2021-04-03T23:59:59+02:00,3209,3881,5534,8612,6129,12003,7893,17195,13022,18260,13015,11870,27059,34822,10370,18378,439,515,1143,1977,1551,3203,2084,4905,3434,4703,3371,2918,13535,18117,9033,16053,123562,82769,16073,4188,71614,21,3
2021-04-02T23:59:59+02:00,3209,3878,5531,8607,6125,11994,7884,17183,12997,18229,12969,11819,27032,34804,10367,18374,436,508,1141,1973,1540,3195,2074,4883,3404,4670,3340,2889,12608,16872,8967,15945,123399,80314,16070,4107,71530,21,3
2021-04-01T23:59:59+02:00,3194,3864,5493,8587,6060,11961,7813,17148,12883,18159,12852,11694,26973,34728,10358,18359,389,465,1044,1906,1442,3108,1924,4771,3209,4537,3113,2692,10600,14292,8857,15769,123081,74774,15947,3320,71095,21,3
2021-03-31T23:59:59+02:00,3193,3850,5475,8553,6028,11925,7772,17104,12803,18091,12739,11571,26922,34668,10350,18350,351,444,1008,1864,1372,3068,1820,4668,2954,4340,2702,2378,8028,11069,8682,15531,122777,67278,15908,2978,70706,20,3
2021-03-30T23:59:59+02:00,3186,3840,5450,8525,5996,11894,7734,17064,12726,18025,12654,11433,26885,34621,10344,18340,331,425,986,1832,1313,3033,1698,4588,2708,4169,2334,2129,7143,9987,8618,15407,122647,63976,15879,2704,70189,19,2
2021-03-29T23:59:59+02:00,3175,3836,5424,8507,5960,11862,7692,17032,12654,17950,12015,10676,25022,32129,10196,18084,325,423,979,1817,1292,3009,1663,4548,2562,4082,2048,1978,6494,9277,8574,15329,116664,61680,15710,2701,69838,17,2
2021-03-28T23:59:59+02:00,3145,3820,5377,8470,5911,11821,7611,16977,12545,17883,11751,10375,23041,29669,10141,17985,324,421,977,1816,1285,3006,1659,4546,2550,4074,2023,1958,6472,9263,8572,15324,116605,61553,10538,2698,69377,17,2
2021-03-27T23:59:59+01:00,3134,3816,5338,8460,5875,11808,7564,16962,12500,17836,11717,10332,23037,29662,10141,17985,324,421,977,1816,1285,3006,1658,4544,2548,4072,2021,1956,6423,9187,8539,15275,116539,61335,10537,2698,69089,17,2
2021-03-26T23:59:59+01:00,2998,3492,4891,7307,5380,10490,6952,14917,11692,15572,11498,10151,22553,28936,10096,17914,323,417,972,1813,1280,3002,1655,4542,2543,4065,2013,1950,6293,9000,8394,15089,114993,60657,10283,2686,59561,6,2
2021-03-25T23:59:59+01:00,2871,3223,4731,6542,5153,9340,6628,13202,10962,13776,10644,9351,21836,28098,10020,17758,318,409,966,1803,1266,2983,1635,4507,2506,4016,1947,1891,6003,8572,8119,14642,112087,58893,9592,2683,52454,5,2
2021-03-24T23:59:59+01:00,2824,3181,4657,6483,5020,9234,6425,13031,10457,13372,9817,8532,20829,26845,9924,17576,316,404,958,1797,1249,2972,1620,4484,2460,3959,1878,1815,5641,8100,7705,13977,108081,56661,9245,2669,50881,5,0
2021-03-23T23:59:59+01:00,2795,3148,4589,6417,4913,9140,6213,12869,10001,12950,9110,7869,20319,26242,9871,17472,304,391,941,1788,1234,2952,1591,4462,2406,3910,1797,1749,5363,7722,7313,13358,105707,54609,8913,2668,49298,4,0
2021-03-22T23:59:59+01:00,2780,3112,4530,6379,4836,9072,6074,12732,9639,12676,8515,7317,19906,25810,9811,17377,300,387,929,1782,1220,2937,1578,4448,2379,3884,1772,1728,5226,7548,6870,12545,104228,52866,8653,2663,47685,4,0
2021-03-21T23:59:59+01:00,2773,3097,4485,6357,4785,9036,5983,12664,9451,12488,8212,7059,19739,25643,9799,17352,300,387,928,1782,1219,2937,1577,4447,2376,3884,1765,1722,5217,7543,6840,12488,104028,52762,8424,2646,46471,4,0
2021-03-20T23:59:59+01:00,2773,3092,4476,6352,4779,9033,5979,12657,9431,12474,8179,7028,19565,25367,9783,17326,300,387,928,1781,1218,2937,1576,4446,2372,3876,1753,1709,5204,7494,6663,12251,103471,52269,8412,2622,46411,4,0
2021-03-19T23:59:59+01:00,2738,3069,4402,6309,4671,8983,5839,12600,9164,12286,7875,6806,19081,24776,9751,17267,300,387,927,1780,1218,2934,1573,4445,2366,3871,1737,1701,5168,7451,6258,11633,102173,51143,8171,2602,45273,4,0
2021-03-18T23:59:59+01:00,2672,2996,4239,6173,4421,8777,5482,12291,8259,11617,6615,5797,17829,23414,9602,17037,297,383,922,1770,1204,2921,1535,4430,2299,3826,1659,1658,5095,7345,5527,10526,97279,48835,7628,2560,42314,2,0
2021-03-17T23:59:59+01:00,2634,2957,4159,6075,4284,8669,5227,12016,7586,11049,5628,4904,16483,21882,9437,16780,293,382,918,1761,1200,2913,1518,4408,2232,3800,1592,1613,5051,7281,4952,9647,91875,47055,7126,2504,40769,2,0
2021-03-16T23:59:59+01:00,2614,2929,4096,6009,4191,8572,5052,11861,7139,10661,4868,4290,15631,20903,9332,16607,289,380,915,1756,1197,2906,1510,4397,2210,3781,1562,1596,5014,7238,4446,8840,88245,45610,7090,2425,39420,2,0
2021-03-15T23:59:59+01:00,2611,2918,4080,5991,4160,8546,5002,11815,7022,10547,4723,4131,15314,20494,9300,16548,287,377,915,1750,1190,2899,1496,4388,2188,3758,1519,1579,4953,7164,3867,7979,87481,44025,6995,2283,38726,1,0
2021-03-14T23:59:59+01:00,2606,2908,4059,5972,4130,8528,4959,11782,6930,10458,4619,4021,15185,20326,9284,16511,285,376,915,1748,1184,2893,1491,4377,2177,3752,1509,1572,4945,7156,3861,7966,87176,43965,6977,2241,38125,1,0
2021-03-13T23:59:59+01:00,2603,2902,4055,5960,4122,8522,4951,11773,6910,10444,4597,3995,14869,19889,9264,16475,285,376,915,1748,1184,2893,1491,4377,2177,3752,1509,1572,4945,7155,3861,7966,86293,43964,6953,2241,38085,1,0
2021-03-12T23:59:59+01:00,2540,2826,3946,5791,4005,8302,4814,11474,6732,10174,4444,3857,13948,18633,9203,16373,285,375,913,1745,1184,2890,1489,4372,2176,3745,1501,1570,4937,7136,3859,7950,83832,43886,6891,2240,36339,1,0
2021-03-11T23:59:59+01:00,2415,2601,3724,5463,3750,7864,4490,10708,6104,9358,3926,3359,12361,16648,9104,16226,285,375,910,1742,1181,2876,1480,4360,2164,3717,1458,1541,4896,7101,3847,7923,79535,43736,6728,2119,31838,1,0
2021-03-10T23:59:59+01:00,2293,2468,3572,5231,3555,7542,4225,10221,5552,8790,3358,2918,10091,13931,8959,15999,282,371,906,1733,1174,2865,1475,4344,2140,3701,1429,1533,4864,7086,3838,7915,73237,43667,6558,1989,28910,0,0
2021-03-09T23:59:59+01:00,2266,2415,3507,5145,3442,7453,4055,10026,5158,8440,2884,2559,8583,11925,8859,15852,281,370,906,1727,1167,2856,1471,4336,2132,3690,1415,1528,4856,7081,3835,7913,68397,43626,6408,1938,27764,0,0
2021-03-08T23:59:59+01:00,2243,2345,3450,5080,3368,7368,3931,9914,4866,8248,2436,2296,6664,9527,8739,15677,281,367,905,1717,1161,2840,1465,4325,2128,3683,1404,1521,4839,7059,3828,7904,62711,43515,6073,1912,27368,0,0
2021-03-07T23:59:59+01:00,2180,2289,3354,4972,3272,7279,3834,9827,4731,8153,2385,2245,6642,9506,8739,15669,281,366,904,1717,1161,2840,1465,4325,2128,3683,1404,1521,4839,7059,3828,7904,62583,43513,5392,1912,27102,0,0
2021-03-06T23:59:59+01:00,2172,2276,3342,4963,3268,7274,3825,9818,4720,8150,2383,2243,6596,9436,8707,15620,281,366,903,1713,1160,2839,1465,4322,2124,3678,1403,1516,4833,7054,3826,7895,62374,43466,5332,1912,27087,0,0
2021-03-05T23:59:59+01:00,2042,2192,3119,4774,3030,6963,3548,9424,4392,7813,2296,2182,6390,9119,8512,15361,281,364,901,1710,1160,2838,1464,4316,2121,3672,1397,1514,4827,7048,3825,7889,61397,43415,4494,1912,25266,0,0
2021-03-04T23:59:59+01:00,1787,1972,2710,4341,2574,6324,2982,8520,3707,6999,2081,2023,6098,8754,8236,14904,279,363,900,1702,1158,2821,1463,4300,2112,3661,1386,1512,4815,7034,3818,7878,59757,43293,3219,1909,21036,0,0
2021-03-03T23:59:59+01:00,1718,1886,2602,4163,2444,6106,2847,8242,3526,6739,1998,1946,5760,8280,7880,14325,278,358,900,1692,1156,2798,1459,4276,2107,3646,1362,1501,4810,7028,3814,7870,57754,43146,3074,1909,19634,0,0
2021-03-02T23:59:59+01:00,1681,1805,2535,4046,2363,5957,2741,8061,3411,6588,1925,1878,5450,7843,7477,13653,276,353,897,1673,1153,2777,1456,4258,2106,3635,1337,1495,4800,7012,3808,7863,55657,42990,2833,1909,18924,0,0
2021-03-01T23:59:59+01:00,1670,1779,2496,3938,2315,5842,2704,7959,3358,6510,1885,1858,5310,7679,7004,12786,276,351,893,1667,1151,2765,1454,4245,2104,3620,1332,1490,4797,7010,3807,7857,53796,42910,2821,1909,18476,0,0
2021-02-28T23:59:59+01:00,1653,1742,2461,3868,2286,5787,2661,7880,3331,6464,1879,1854,5302,7674,6969,12727,276,351,892,1667,1151,2765,1454,4244,2104,3619,1332,1490,4797,7009,3807,7857,53676,42907,2819,1908,18043,0,0
2021-02-27T23:59:59+01:00,1651,1736,2457,3861,2282,5787,2660,7879,3329,6461,1873,1844,5293,7630,6798,12507,276,351,882,1662,1141,2758,1444,4235,2090,3610,1331,1487,4797,7008,3807,7857,53212,42903,2819,1833,18017,0,0
2021-02-26T23:59:59+01:00,1464,1580,2332,3618,2204,5383,2568,7378,3242,6003,1858,1818,5268,7597,6537,12116,275,349,875,1655,1133,2738,1438,4214,2080,3598,1324,1478,4789,6996,3803,7844,52464,42825,2798,1764,15704,0,0
2021-02-25T23:59:59+01:00,1247,1304,2112,3184,2031,4626,2372,6432,3002,5107,1769,1746,5216,7517,5965,11273,273,341,869,1595,1099,2643,1405,4104,2024,3524,1287,1457,4748,6954,3785,7792,50588,42362,2785,1538,11530,0,0
2021-02-24T23:59:59+01:00,1194,1094,2005,2915,1926,4287,2238,6026,2833,4837,1693,1691,5159,7428,5206,10097,271,335,831,1548,1049,2552,1345,3988,1935,3396,1247,1430,4733,6929,3775,7774,48257,42104,2773,1034,9599,0,0
2021-02-23T23:59:59+01:00,1179,1045,1971,2852,1900,4189,2212,5941,2800,4775,1685,1676,5124,7380,4571,9073,271,334,804,1520,1002,2500,1293,3910,1829,3323,1194,1405,4711,6904,3764,7740,46480,41908,2746,596,9147,0,0
2021-02-22T23:59:59+01:00,1171,1005,1921,2708,1856,4043,2157,5745,2746,4669,1675,1665,5090,7332,3965,8188,269,324,761,1481,948,2417,1205,3804,1689,3228,1104,1350,4669,6833,3737,7636,44872,41449,2725,6,8339,0,0
2021-02-21T23:59:59+01:00,1169,991,1890,2646,1830,3947,2130,5641,2726,4607,1667,1659,5087,7323,3965,8184,267,322,757,1475,940,2385,1203,3768,1676,3188,1095,1335,4653,6808,3714,7594,44821,41174,2714,6,7927,0,0
2021-02-20T23:59:59+01:00,1169,991,1890,2646,1829,3947,2130,5641,2724,4602,1658,1651,5083,7317,3963,8181,267,322,757,1474,939,2381,1202,3764,1675,3186,1095,1335,4601,6749,3668,7536,44807,40946,2689,5,7926,0,0
2021-02-19T23:59:59+01:00,1169,988,1887,2641,1828,3938,2129,5632,2721,4599,1639,1643,5070,7300,3960,8175,266,321,753,1465,931,2357,1195,3722,1648,3133,1067,1297,4412,6496,3491,7240,44727,39789,2670,5,7922,0,0
2021-02-18T23:59:59+01:00,1137,905,1848,2522,1789,3800,2076,5425,2660,4424,1624,1627,5054,7266,3955,8148,238,292,708,1342,882,2153,1110,3387,1533,2839,957,1108,3928,5723,3092,6382,44572,35669,2637,5,7051,0,0
2021-02-17T23:59:59+01:00,1088,775,1766,2288,1712,3501,1967,5066,2585,4175,1602,1618,5033,7252,3946,8144,233,289,698,1324,873,2131,1098,3352,1514,2818,950,1105,3548,5206,2799,5960,44531,33893,2580,5,5407,0,0
2021-02-16T23:59:59+01:00,1047,739,1708,2184,1646,3330,1896,4861,2507,4069,1566,1604,5006,7231,3937,8132,227,283,684,1290,852,2077,1067,3235,1476,2733,927,1082,3195,4661,2459,5471,44478,31715,2417,4,4568,0,0
2021-02-15T23:59:59+01:00,1040,723,1689,2108,1627,3230,1877,4752,2493,3991,1537,1590,4976,7214,3905,8076,215,273,669,1255,833,2027,1047,3169,1434,2668,896,1051,2775,4112,2131,4905,44349,29457,2332,3,4147,0,0
2021-02-14T23:59:59+01:00,945,689,1611,2074,1567,3211,1834,4730,2458,3978,1530,1587,4967,7202,3902,8071,208,262,660,1238,814,1990,1031,3103,1404,2600,866,1006,2686,3972,2061,4717,44307,28615,2296,3,3753,0,0
2021-02-13T23:59:59+01:00,892,665,1581,2051,1552,3203,1818,4723,2450,3977,1529,1586,4967,7202,3901,8070,206,261,658,1238,814,1986,1031,3102,1403,2598,865,1006,2584,3848,1997,4617,44301,28211,2296,3,3570,0,0
2021-02-12T23:59:59+01:00,558,516,1231,1936,1380,3099,1678,4641,2343,3907,1510,1577,4958,7191,3895,8064,194,255,646,1213,800,1942,1006,3018,1349,2500,803,933,2360,3536,1855,4312,44188,26720,2296,2,2000,0,0
2021-02-11T23:59:59+01:00,393,440,1041,1823,1278,2980,1580,4527,2256,3819,1403,1533,4896,7142,3874,8016,157,191,546,972,664,1499,808,2351,1071,1911,568,685,1754,2662,1364,3108,43837,20310,2099,1,1065,0,0
2021-02-10T23:59:59+01:00,280,367,915,1719,1178,2857,1485,4342,2143,3696,1366,1520,4875,7131,3869,8014,135,130,375,612,492,1010,638,1740,903,1577,547,670,1349,2101,1049,2613,43760,15941,1993,0,4,0,0
2021-02-09T23:59:59+01:00,280,366,914,1713,1175,2848,1485,4337,2142,3691,1359,1517,4873,7129,3868,8012,132,128,367,583,473,983,617,1711,878,1546,545,667,969,1637,772,2209,43736,14217,1970,0,3,0,0
2021-02-08T23:59:59+01:00,280,364,913,1711,1172,2838,1478,4331,2140,3687,1354,1513,4870,7129,3867,8009,127,122,356,572,465,966,606,1679,860,1520,537,662,576,1148,468,1783,43706,12447,1947,0,3,0,0
2021-02-07T23:59:59+01:00,280,364,911,1711,1171,2838,1476,4329,2140,3687,1354,1513,4870,7128,3867,8009,123,119,352,566,464,959,603,1667,851,1504,529,658,575,1138,463,1768,43702,12339,1946,0,0,0,0
2021-02-06T23:59:59+01:00,280,364,911,1711,1171,2838,1476,4329,2140,3687,1354,1513,4870,7128,3867,8009,120,116,350,563,463,958,603,1665,851,1503,528,657,575,1138,463,1768,43702,12321,1946,0,0,0,0
2021-02-05T23:59:59+01:00,280,363,910,1711,1171,2837,1474,4328,2139,3687,1354,1513,4869,7126,3867,8006,119,108,347,559,455,945,599,1655,837,1480,523,647,569,1122,453,1745,43689,12163,1946,0,0,0,0
2021-02-04T23:59:59+01:00,277,358,903,1673,1164,2791,1473,4276,2126,3644,1346,1506,4841,7095,3856,7976,90,71,231,387,331,687,471,1266,627,1111,394,512,478,918,395,1508,43360,9477,1945,0,0,0,0
2021-02-03T23:59:59+01:00,275,349,898,1648,1160,2756,1462,4227,2117,3608,1338,1490,4819,7065,3843,7950,56,33,79,164,151,341,231,594,302,541,211,278,281,580,229,958,43060,5029,1945,0,0,0,0
2021-02-02T23:59:59+01:00,274,347,897,1636,1156,2737,1459,4195,2110,3582,1330,1484,4811,7052,3836,7927,17,10,24,48,60,97,72,164,96,121,46,75,68,126,51,195,42888,1270,1945,0,0,0,0
2021-02-01T23:59:59+01:00,274,342,897,1634,1155,2736,1458,4191,2109,3576,1329,1484,4809,7051,3836,7927,15,9,20,42,51,88,59,136,73,102,40,66,58,116,50,182,42863,1107,1945,0,0,0,0
2021-01-31T23:59:59+01:00,274,341,897,1630,1154,2732,1458,4186,2109,3573,1328,1484,4809,7050,3836,7927,14,8,19,38,44,80,53,125,63,96,35,55,48,108,47,176,42843,1009,1945,0,0,0,0
2021-01-30T23:59:59+01:00,274,341,892,1627,1146,2724,1450,4180,2105,3570,1328,1484,4757,6991,3790,7869,14,8,19,37,44,80,52,124,63,96,35,55,48,108,47,176,42617,1006,1911,0,0,0,0
2021-01-29T23:59:59+01:00,273,340,877,1619,1134,2703,1438,4150,2085,3543,1319,1478,4595,6789,3626,7665,12,8,19,37,41,80,51,122,60,95,33,50,47,108,47,176,41832,986,1802,0,0,0,0
2021-01-28T23:59:59+01:00,269,327,858,1532,1094,2593,1401,4050,2015,3468,1292,1466,4261,6319,3357,7312,8,4,8,17,22,39,21,56,35,63,21,32,32,70,36,118,40057,582,1557,0,0,0,0
2021-01-27T23:59:59+01:00,263,324,816,1477,1047,2499,1338,3953,1942,3361,1253,1439,3849,5758,3039,6851,4,4,8,8,12,21,8,22,13,29,12,14,15,39,14,57,38103,280,1106,0,0,0,0
2021-01-26T23:59:59+01:00,257,315,782,1431,982,2414,1277,3826,1825,3256,1194,1388,3504,5204,2687,6339,2,1,4,3,5,7,4,2,2,8,7,5,3,7,3,8,36022,71,659,0,0,0,0
2021-01-25T23:59:59+01:00,247,307,730,1371,921,2298,1175,3681,1666,3138,1115,1357,3110,4693,2377,5873,2,1,4,2,3,7,2,2,2,8,7,5,3,7,3,8,34002,66,57,0,0,0,0
2021-01-24T23:59:59+01:00,244,307,724,1367,910,2282,1170,3665,1639,3108,1109,1355,3084,4658,2360,5851,2,1,2,2,3,7,2,2,2,8,7,5,3,7,3,8,33828,64,5,0,0,0,0
2021-01-23T23:59:59+01:00,243,306,723,1367,910,2278,1169,3664,1636,3106,1108,1355,2979,4533,2294,5750,2,1,2,2,2,7,2,2,2,8,7,5,3,7,3,8,33417,63,4,0,0,0,0
2021-01-22T23:59:59+01:00,242,303,721,1352,908,2265,1163,3650,1632,3102,1106,1354,2820,4339,2192,5606,2,1,2,2,2,7,2,2,2,8,7,5,3,7,3,8,32751,63,4,0,0,0,0
2021-01-21T23:59:59+01:00,238,274,658,1197,840,2054,1082,3366,1535,2896,1064,1313,2477,3872,1901,5169,2,0,2,1,2,7,2,2,2,8,7,4,3,7,3,8,29932,60,4,0,0,0,0
2021-01-20T23:59:59+01:00,214,210,498,847,665,1563,882,2666,1298,2428,967,1179,1945,3126,1491,4398,2,0,2,1,2,7,2,2,2,6,6,4,3,7,3,8,24373,57,4,0,0,0,0
2021-01-19T23:59:59+01:00,187,191,451,740,611,1407,796,2367,1126,2122,801,922,1299,2200,1031,3321,0,0,1,1,0,0,0,0,1,1,1,0,0,0,0,0,19570,5,2,0,0,0,0
2021-01-18T23:59:59+01:00,139,136,374,615,488,1053,644,1824,937,1634,594,713,649,1276,520,1993,0,0,0,0,0,0,0,0,0,0,0,0,0,0,0,0,13588,0,1,0,0,0,0
2021-01-17T23:59:59+01:00,128,122,360,578,473,988,615,1707,878,1535,545,673,601,1178,479,1847,0,0,0,0,0,0,0,0,0,0,0,0,0,0,0,0,12707,0,0,0,0,0,0
2021-01-16T23:59:59+01:00,121,118,357,575,471,977,609,1694,872,1528,544,672,600,1173,475,1834,0,0,0,0,0,0,0,0,0,0,0,0,0,0,0,0,12620,0,0,0,0,0,0
2021-01-15T23:59:59+01:00,119,111,354,570,463,961,605,1683,857,1504,538,660,593,1157,467,1811,0,0,0,0,0,0,0,0,0,0,0,0,0,0,0,0,12453,0,0,0,0,0,0
2021-01-14T23:59:59+01:00,98,89,271,462,392,783,502,1412,699,1214,420,531,512,967,411,1631,0,0,0,0,0,0,0,0,0,0,0,0,0,0,0,0,10394,0,0,0,0,0,0
2021-01-13T23:59:59+01:00,68,49,160,280,255,519,350,921,477,780,258,325,320,640,263,1044,0,0,0,0,0,0,0,0,0,0,0,0,0,0,0,0,6709,0,0,0,0,0,0
2021-01-12T23:59:59+01:00,32,21,47,99,113,212,149,381,199,334,136,176,167,354,150,573,0,0,0,0,0,0,0,0,0,0,0,0,0,0,0,0,3143,0,0,0,0,0,0
2021-01-11T23:59:59+01:00,19,11,31,63,60,110,75,168,91,125,40,66,62,121,51,183,0,0,0,0,0,0,0,0,0,0,0,0,0,0,0,0,1276,0,0,0,0,0,0
2021-01-10T23:59:59+01:00,16,7,25,52,53,98,65,153,75,111,34,56,52,112,47,174,0,0,0,0,0,0,0,0,0,0,0,0,0,0,0,0,1130,0,0,0,0,0,0
2021-01-09T23:59:59+01:00,15,7,24,50,52,97,62,152,75,109,34,56,52,112,47,174,0,0,0,0,0,0,0,0,0,0,0,0,0,0,0,0,1118,0,0,0,0,0,0
2021-01-08T23:59:59+01:00,12,7,22,48,47,92,58,139,69,105,32,51,51,112,47,174,0,0,0,0,0,0,0,0,0,0,0,0,0,0,0,0,1066,0,0,0,0,0,0
2021-01-07T23:59:59+01:00,8,4,7,18,21,40,22,56,37,65,20,34,37,75,36,117,0,0,0,0,0,0,0,0,0,0,0,0,0,0,0,0,597,0,0,0,0,0,0
2021-01-06T23:59:59+01:00,8,4,7,15,14,30,14,39,24,53,16,25,30,67,34,102,0,0,0,0,0,0,0,0,0,0,0,0,0,0,0,0,482,0,0,0,0,0,0
2021-01-05T23:59:59+01:00,8,4,7,15,14,30,14,39,24,53,16,25,29,67,34,102,0,0,0,0,0,0,0,0,0,0,0,0,0,0,0,0,481,0,0,0,0,0,0
2021-01-04T23:59:59+01:00,3,4,6,5,4,14,3,7,5,16,7,5,6,16,4,13,0,0,0,0,0,0,0,0,0,0,0,0,0,0,0,0,118,0,0,0,0,0,0
2021-01-03T23:59:59+01:00,2,1,1,2,2,7,2,3,2,9,5,4,3,8,3,8,0,0,0,0,0,0,0,0,0,0,0,0,0,0,0,0,62,0,0,0,0,0,0
2021-01-02T23:59:59+01:00,2,1,1,2,2,7,2,3,2,9,5,4,3,8,3,8,0,0,0,0,0,0,0,0,0,0,0,0,0,0,0,0,62,0,0,0,0,0,0
2021-01-01T23:59:59+01:00,2,1,1,2,2,7,2,3,2,9,5,4,3,8,3,8,0,0,0,0,0,0,0,0,0,0,0,0,0,0,0,0,62,0,0,0,0,0,0
2020-12-31T23:59:59+01:00,2,1,1,1,2,7,2,2,2,8,5,4,3,8,3,8,0,0,0,0,0,0,0,0,0,0,0,0,0,0,0,0,59,0,0,0,0,0,0
2020-12-30T23:59:59+01:00,2,1,1,1,2,7,2,2,2,6,5,4,3,8,3,8,0,0,0,0,0,0,0,0,0,0,0,0,0,0,0,0,57,0,0,0,0,0,0
2020-12-29T23:59:59+01:00,2,1,0,1,2,6,2,2,2,6,3,2,2,8,2,7,0,0,0,0,0,0,0,0,0,0,0,0,0,0,0,0,48,0,0,0,0,0,0
2020-12-28T23:59:59+01:00,1,0,0,1,0,2,1,0,0,3,0,1,0,1,1,4,0,0,0,0,0,0,0,0,0,0,0,0,0,0,0,0,15,0,0,0,0,0,0
2020-12-27T23:59:59+01:00,0,0,0,0,0,1,1,0,0,2,0,1,0,1,1,4,0,0,0,0,0,0,0,0,0,0,0,0,0,0,0,0,11,0,0,0,0,0,0
