Datum,<15_1_m,<15_1_w,15-24_1_m,15-24_1_w,25-34_1_m,25-34_1_w,35-44_1_m,35-44_1_w,45-54_1_m,45-54_1_w,55-64_1_m,55-64_1_w,65-74_1_m,65-74_1_w,75-84_1_m,75-84_1_w,>84_1_m,>84_1_w,<15_2_m,<15_2_w,15-24_2_m,15-24_2_w,25-34_2_m,25-34_2_w,35-44_2_m,35-44_2_w,45-54_2_m,45-54_2_w,55-64_2_m,55-64_2_w,65-74_2_m,65-74_2_w,75-84_2_m,75-84_2_w,>84_2_m,>84_2_w,bp_1,bp_2,mo_1,mo_2,az_1,az_2,ja,unb_1,unb_2
2021-11-15T23:59:59+01:00,7628,7370,52275,49012,66627,57580,68519,63903,78873,76433,91210,88578,61434,65780,40036,51514,12685,22866,5636,5464,43377,41473,57418,49514,61101,56965,71889,69693,85762,83580,59403,63339,38810,49819,12200,21909,726411,651224,80466,76486,109736,103873,45704,50,65
2021-11-14T23:59:59+01:00,7576,7324,52031,48849,66355,57334,68338,63739,78738,76301,91103,88476,61387,65739,40021,51490,12683,22859,5632,5456,43302,41427,57343,49447,61054,56902,71827,69647,85714,83536,59366,63304,38799,49801,12196,21904,724542,650618,80430,76472,109736,103873,45629,50,65
2021-11-13T23:59:59+01:00,7463,7229,51619,48450,65953,56955,68029,63465,78473,76111,90941,88367,61361,65698,40006,51470,12681,22854,5613,5448,43259,41377,57291,49399,61013,56871,71781,69595,85668,83502,59354,63290,38788,49790,12194,21900,721343,650101,80418,76471,109735,103873,45623,50,65
2021-11-12T23:59:59+01:00,7313,7077,51031,48018,65435,56527,67620,63108,78178,75813,90751,88209,61326,65625,39979,51432,12676,22840,5591,5422,43131,41290,57193,49312,60919,56789,71694,69510,85593,83444,59321,63258,38780,49776,12186,21894,717275,649138,80383,76468,109734,103872,45560,50,65
2021-11-11T23:59:59+01:00,7116,6867,50220,47400,64787,55898,67106,62647,77743,75426,90502,87961,61255,65533,39948,51385,12666,22820,5519,5355,42946,41106,57017,49113,60761,56617,71565,69357,85464,83328,59267,63201,38748,49734,12177,21877,711791,647336,80299,76431,109732,103868,45452,50,65
2021-11-10T23:59:59+01:00,6926,6736,49445,46770,63975,55215,66480,62119,77273,74960,90199,87669,61168,65418,39914,51326,12659,22802,5485,5303,42744,40933,56799,48900,60589,56453,71412,69179,85337,83185,59203,63140,38708,49686,12170,21860,705820,645459,80194,76390,109729,103867,45305,50,65
2021-11-09T23:59:59+01:00,6817,6611,48789,46207,63307,54672,66017,61709,76863,74568,89929,87404,61092,65327,39884,51285,12654,22787,5458,5282,42595,40830,56668,48780,60488,56341,71317,69061,85246,83090,59153,63079,38686,49646,12161,21849,701058,644313,80016,76366,109721,103866,45120,50,65
2021-11-08T23:59:59+01:00,6721,6508,48148,45742,62677,54169,65547,61291,76468,74233,89692,87174,61015,65266,39857,51247,12649,22772,5434,5263,42490,40708,56541,48683,60403,56256,71227,68979,85184,83019,59109,63034,38674,49624,12155,21828,696739,643420,79775,76327,109721,103865,44934,50,65
2021-11-07T23:59:59+01:00,6679,6461,47875,45524,62390,53919,65316,61116,76263,74063,89579,87069,60982,65225,39849,51230,12647,22766,5423,5241,42430,40658,56467,48625,60345,56207,71172,68926,85149,82985,59088,63017,38663,49613,12153,21822,694681,642923,79735,76322,109721,103865,44809,50,65
2021-11-06T23:59:59+01:00,6666,6443,47841,45486,62331,53874,65282,61092,76238,74038,89561,87057,60982,65225,39849,51229,12647,22765,5420,5241,42426,40651,56453,48616,60339,56201,71168,68922,85143,82982,59088,63017,38663,49613,12153,21822,694344,642864,79731,76321,109721,103865,44803,50,65
2021-11-05T23:59:59+01:00,6600,6373,47582,45255,62039,53618,65038,60895,76043,73866,89442,86976,60974,65207,39848,51222,12647,22759,5396,5217,42363,40602,56380,48539,60286,56137,71105,68872,85112,82952,59078,63005,38656,49607,12151,21819,692283,642378,79725,76318,109717,103865,44651,50,65
2021-11-04T23:59:59+01:00,6449,6237,47029,44781,61486,53127,64577,60512,75698,73561,89242,86838,60941,65149,39827,51201,12640,22750,5324,5130,42184,40399,56209,48346,60133,55989,70985,68744,85002,82868,59041,62966,38640,49561,12146,21812,688228,640832,79671,76297,109717,103864,44421,50,65
2021-11-03T23:59:59+01:00,6366,6148,46577,44399,60896,52724,64185,60174,75371,73301,89030,86680,60910,65104,39816,51179,12634,22735,5283,5072,42003,40246,55981,48166,60003,55853,70863,68623,84918,82790,59004,62930,38620,49532,12141,21796,684670,639406,79616,76274,109717,103861,44218,50,65
2021-11-02T23:59:59+01:00,6314,6093,46310,44187,60529,52488,63894,60004,75166,73166,88911,86598,60893,65074,39805,51158,12629,22726,5259,5048,41895,40164,55886,48082,59915,55791,70792,68553,84867,82740,58980,62902,38605,49515,12134,21773,682566,638642,79588,76268,109717,103861,44065,50,65
2021-11-01T23:59:59+01:00,6259,6037,46092,44003,60276,52319,63658,59832,74994,73052,88824,86542,60881,65058,39795,51152,12627,22723,5234,5022,41829,40096,55793,48004,59817,55742,70719,68505,84817,82707,58972,62886,38597,49500,12129,21759,681023,638133,79577,76266,109711,103860,43804,50,65
2021-10-31T23:59:59+01:00,6254,6037,46088,44000,60271,52315,63654,59829,74993,73049,88823,86540,60881,65058,39795,51152,12627,22723,5232,5020,41829,40094,55793,48003,59816,55742,70718,68505,84817,82707,58972,62886,38597,49499,12129,21758,680989,638123,79577,76266,109711,103860,43803,50,65
2021-10-30T23:59:59+02:00,6254,6037,46088,43999,60269,52311,63654,59829,74991,73048,88822,86540,60881,65058,39795,51152,12627,22723,5232,5020,41829,40094,55792,47998,59815,55741,70718,68505,84817,82707,58972,62886,38596,49497,12129,21758,680979,638115,79577,76264,109711,103860,43802,50,65
2021-10-29T23:59:59+02:00,6228,6007,45960,43881,60054,52157,63461,59714,74853,72933,88729,86504,60872,65053,39784,51143,12625,22717,5212,5007,41771,40039,55713,47932,59731,55695,70660,68456,84787,82690,58966,62881,38594,49494,12128,21756,679889,637810,79548,76259,109711,103860,43518,50,65
2021-10-28T23:59:59+02:00,6156,5940,45694,43652,59723,51956,63200,59523,74633,72795,88609,86420,60842,65033,39776,51132,12624,22713,5184,4958,41657,39935,55562,47831,59616,55617,70566,68378,84717,82640,58948,62860,38578,49477,12122,21743,677918,636949,79514,76247,109711,103859,43269,50,65
2021-10-27T23:59:59+02:00,6085,5873,45462,43455,59448,51746,63025,59359,74479,72671,88515,86344,60826,65013,39774,51120,12620,22708,5144,4912,41477,39779,55405,47679,59514,55498,70470,68295,84664,82565,58924,62835,38556,49452,12117,21733,676189,635741,79495,76234,109710,103859,43120,50,65
2021-10-26T23:59:59+02:00,5982,5778,45158,43195,59099,51515,62803,59167,74289,72519,88418,86257,60809,64981,39768,51108,12614,22703,5068,4834,41279,39565,55225,47501,59389,55382,70388,68183,84582,82494,58894,62797,38535,49423,12115,21720,674025,634286,79480,76224,109709,103859,42940,50,65
2021-10-25T23:59:59+02:00,5976,5772,45130,43177,59060,51493,62780,59156,74264,72506,88403,86242,60808,64979,39766,51108,12614,22703,5064,4834,41267,39562,55206,47494,59374,55380,70380,68174,84577,82486,58894,62794,38534,49423,12115,21720,673849,634242,79479,76224,109709,103856,42891,50,65
2021-10-24T23:59:59+02:00,5949,5749,45037,43111,58941,51404,62689,59088,74177,72453,88357,86212,60800,64968,39763,51101,12612,22700,5055,4823,41211,39516,55136,47441,59325,55339,70346,68143,84552,82464,58882,62781,38528,49417,12114,21719,673178,633914,79472,76215,109709,103856,42742,50,65
2021-10-23T23:59:59+02:00,5949,5749,45037,43111,58941,51403,62689,59087,74177,72453,88357,86212,60800,64968,39763,51101,12612,22700,5055,4823,41211,39516,55135,47441,59325,55339,70346,68143,84552,82464,58882,62781,38528,49417,12114,21719,673176,633913,79472,76215,109709,103856,42742,50,65
2021-10-22T23:59:59+02:00,5925,5717,44943,43043,58834,51315,62578,59008,74102,72388,88307,86184,60800,64964,39761,51099,12610,22700,5037,4804,41142,39462,55079,47388,59264,55294,70316,68108,84514,82452,58875,62776,38523,49410,12113,21719,672522,633569,79461,76213,109709,103854,42575,50,65
2021-10-21T23:59:59+02:00,5864,5675,44794,42918,58669,51179,62424,58889,73981,72297,88219,86131,60782,64950,39750,51081,12606,22693,4989,4766,41018,39328,54968,47273,59162,55169,70230,68036,84454,82405,58853,62742,38506,49392,12108,21710,671306,632556,79443,76201,109709,103854,42433,50,65
2021-10-20T23:59:59+02:00,5827,5623,44656,42788,58495,51026,62300,58793,73879,72223,88171,86085,60773,64932,39732,51064,12601,22677,4939,4694,40868,39169,54803,47114,59042,55027,70140,67939,84381,82341,58816,62705,38488,49370,12105,21698,670168,631200,79420,76182,109707,103854,42338,50,65
2021-10-19T23:59:59+02:00,5799,5584,44531,42681,58362,50923,62229,58722,73836,72156,88129,86055,60750,64915,39714,51050,12594,22664,4875,4637,40665,38985,54635,46949,58939,54884,70055,67843,84315,82281,58776,62662,38472,49349,12103,21676,669290,629740,79411,76171,109707,103851,42274,50,65
2021-10-18T23:59:59+02:00,5779,5571,44475,42619,58303,50870,62197,58683,73806,72122,88107,86042,60732,64900,39711,51041,12592,22659,4860,4623,40609,38936,54582,46887,58906,54833,70019,67801,84280,82252,58758,62647,38465,49332,12100,21666,668870,629269,79409,76162,109707,103849,42211,50,65
2021-10-17T23:59:59+02:00,5767,5552,44439,42598,58271,50842,62166,58659,73788,72103,88085,86026,60725,64896,39705,51032,12590,22650,4842,4600,40569,38907,54560,46851,58882,54806,70001,67783,84260,82233,58748,62638,38463,49328,12099,21661,668589,628975,79401,76157,109707,103849,42185,50,65
2021-10-16T23:59:59+02:00,5765,5550,44439,42598,58271,50840,62166,58659,73788,72103,88085,86026,60725,64896,39705,51032,12590,22650,4842,4599,40568,38905,54560,46849,58882,54806,70001,67783,84260,82233,58748,62638,38463,49328,12099,21661,668583,628970,79401,76156,109707,103849,42185,50,65
2021-10-15T23:59:59+02:00,5750,5530,44381,42547,58215,50792,62121,58630,73751,72065,88055,86001,60712,64893,39700,51027,12587,22647,4820,4578,40512,38854,54517,46816,58842,54764,69967,67753,84232,82215,58743,62633,38454,49325,12098,21657,668187,628609,79399,76156,109705,103849,42101,50,65
2021-10-14T23:59:59+02:00,5704,5499,44304,42458,58140,50699,62052,58561,73689,72002,87994,85965,60699,64874,39688,51009,12580,22633,4773,4519,40406,38717,54453,46738,58761,54670,69893,67675,84194,82175,58709,62611,38447,49308,12095,21648,667454,627752,79390,76139,109705,103847,41989,50,65
2021-10-13T23:59:59+02:00,5663,5436,44201,42341,58031,50598,61973,58473,73633,71934,87945,85923,60681,64847,39680,50998,12577,22624,4685,4449,40222,38481,54303,46507,58635,54498,69807,67547,84107,82098,58679,62573,38427,49267,12090,21634,666531,626049,79377,76116,109705,103846,41933,50,65
2021-10-12T23:59:59+02:00,5624,5406,44073,42217,57912,50478,61888,58389,73546,71870,87883,85878,60657,64816,39674,50981,12573,22611,4633,4383,39980,38253,54091,46310,58485,54347,69713,67435,84027,82026,58645,62529,38406,49237,12082,21621,665533,624323,79372,76114,109704,103846,41855,50,65
2021-10-11T23:59:59+02:00,5606,5392,44028,42164,57860,50418,61849,58347,73506,71837,87854,85854,60642,64803,39668,50967,12567,22599,4615,4368,39933,38206,54036,46260,58439,54301,69683,67398,84004,81992,58624,62505,38394,49210,12074,21599,665063,623805,79365,76109,109704,103845,41817,50,65
2021-10-10T23:59:59+02:00,5592,5379,44002,42135,57825,50393,61816,58319,73485,71817,87839,85842,60634,64798,39667,50963,12566,22596,4606,4358,39901,38182,53998,46226,58405,54279,69659,67381,83990,81980,58619,62498,38388,49204,12072,21597,664821,623559,79360,76104,109704,103844,41771,50,65
2021-10-09T23:59:59+02:00,5591,5378,44001,42130,57825,50393,61814,58319,73485,71817,87839,85842,60634,64798,39667,50963,12566,22596,4605,4358,39899,38180,53997,46226,58403,54279,69659,67381,83990,81980,58618,62498,38388,49204,12072,21597,664813,623554,79360,76104,109704,103842,41769,50,65
2021-10-08T23:59:59+02:00,5564,5358,43952,42082,57770,50336,61764,58284,73438,71790,87815,85830,60626,64789,39661,50954,12564,22593,4593,4336,39864,38140,53968,46192,58367,54237,69624,67360,83973,81967,58614,62486,38385,49200,12071,21595,664409,623278,79359,76101,109704,103842,41686,50,65
2021-10-07T23:59:59+02:00,5499,5280,43803,41945,57645,50208,61674,58198,73360,71715,87760,85792,60613,64765,39651,50944,12561,22585,4502,4242,39673,37913,53826,45998,58240,54074,69519,67251,83918,81905,58585,62442,38364,49184,12064,21587,663350,621704,79343,76087,109704,103842,41589,50,65
2021-10-06T23:59:59+02:00,5473,5239,43661,41831,57530,50120,61594,58106,73293,71647,87701,85747,60597,64740,39638,50919,12558,22568,4440,4188,39509,37735,53693,45844,58137,53937,69428,67141,83853,81831,58550,62402,38349,49158,12062,21569,662420,620335,79324,76083,109703,103842,41501,50,65
2021-10-05T23:59:59+02:00,5433,5202,43531,41689,57416,49984,61476,58027,73222,71582,87648,85688,60578,64720,39627,50901,12554,22550,4393,4140,39377,37586,53576,45716,58040,53814,69327,67062,83793,81771,58525,62370,38330,49133,12056,21565,661372,619173,79318,76074,109703,103841,41421,50,65
2021-10-04T23:59:59+02:00,5404,5189,43453,41619,57347,49909,61429,57987,73170,71536,87614,85663,60559,64701,39622,50893,12550,22538,4374,4121,39303,37534,53508,45654,58003,53766,69291,67009,83764,81744,58499,62350,38320,49123,12054,21562,660820,618694,79314,76051,109703,103837,41332,50,65
2021-10-03T23:59:59+02:00,5394,5173,43422,41582,57292,49871,61394,57952,73141,71509,87590,85639,60548,64692,39612,50885,12547,22527,4366,4111,39272,37502,53477,45635,57977,53736,69271,66989,83743,81726,58488,62336,38315,49122,12053,21557,660487,618470,79312,76050,109703,103837,41254,50,65
2021-10-02T23:59:59+02:00,5394,5173,43421,41581,57289,49870,61394,57951,73141,71508,87590,85639,60548,64692,39612,50885,12547,22527,4366,4111,39272,37502,53477,45635,57977,53736,69271,66989,83743,81726,58488,62336,38315,49122,12053,21557,660481,618470,79310,76050,109703,103837,41254,50,65
2021-10-01T23:59:59+02:00,5381,5152,43346,41515,57221,49806,61332,57916,73090,71470,87552,85608,60533,64682,39607,50877,12547,22527,4349,4099,39217,37448,53429,45606,57937,53698,69236,66963,83719,81703,58481,62335,38312,49120,12053,21556,660002,618177,79309,76049,109703,103836,41134,50,65
2021-09-30T23:59:59+02:00,5309,5072,43168,41324,57061,49636,61210,57771,72995,71360,87480,85560,60510,64643,39589,50857,12543,22519,4230,3970,38984,37178,53268,45415,57796,53527,69134,66843,83642,81630,58464,62298,38296,49094,12047,21553,658691,616520,79296,76048,109703,103833,40903,50,65
2021-09-29T23:59:59+02:00,5273,5036,43023,41174,56915,49502,61114,57670,72910,71272,87421,85511,60485,64620,39573,50839,12539,22510,4145,3911,38795,36954,53125,45265,57703,53400,69040,66734,83576,81545,58420,62272,38284,49077,12044,21543,657659,615153,79271,76043,109703,103832,40740,50,65
2021-09-28T23:59:59+02:00,5231,4992,42815,41016,56768,49365,61010,57563,72828,71183,87361,85442,60456,64597,39559,50818,12532,22489,4086,3858,38600,36767,52982,45128,57603,53287,68957,66648,83500,81474,58392,62241,38268,49057,12042,21536,656467,613911,79263,76042,109702,103829,40579,50,65
2021-09-27T23:59:59+02:00,5199,4970,42723,40937,56672,49281,60924,57484,72765,71129,87312,85401,60433,64570,39537,50796,12523,22456,4072,3842,38515,36708,52900,45077,57530,53233,68919,66605,83457,81439,58369,62219,38258,49042,12039,21525,655807,613517,79256,76011,109702,103823,40333,50,65
2021-09-26T23:59:59+02:00,5186,4944,42677,40903,56641,49246,60906,57460,72741,71108,87298,85379,60425,64563,39533,50791,12522,22455,4062,3835,38493,36691,52865,45048,57506,53216,68897,66582,83438,81425,58363,62211,38253,49038,12039,21525,655560,613341,79250,76006,109702,103823,40252,50,65
2021-09-25T23:59:59+02:00,5186,4943,42673,40901,56641,49245,60906,57459,72740,71106,87298,85379,60425,64563,39533,50791,12522,22455,4062,3835,38490,36688,52864,45048,57506,53214,68896,66580,83438,81425,58362,62210,38253,49038,12039,21525,655554,613331,79248,76006,109702,103823,40248,50,65
2021-09-24T23:59:59+02:00,5167,4932,42586,40819,56576,49180,60840,57404,72679,71046,87259,85339,60413,64554,39528,50787,12521,22453,4057,3827,38431,36637,52815,45003,57455,53172,68850,66524,83404,81400,58351,62204,38250,49035,12038,21523,655207,613170,79244,76003,109702,103823,39915,50,65
2021-09-23T23:59:59+02:00,5094,4831,42315,40549,56347,48970,60670,57203,72525,70909,87127,85247,60360,64513,39510,50750,12515,22424,3979,3740,38192,36458,52623,44838,57304,53035,68718,66414,83305,81315,58315,62166,38237,49012,12033,21509,653616,612020,79231,75992,109701,103821,39295,50,65
2021-09-22T23:59:59+02:00,5055,4776,42161,40365,56171,48789,60522,57047,72415,70773,87035,85167,60325,64464,39490,50713,12512,22408,3938,3690,38054,36311,52464,44703,57176,52909,68639,66315,83215,81233,58281,62131,38220,48991,12030,21499,652313,610985,79217,75988,109700,103819,38942,50,65
2021-09-21T23:59:59+02:00,5019,4721,41961,40119,55945,48564,60357,56897,72322,70652,86946,85085,60286,64420,39473,50673,12503,22394,3891,3655,37892,36165,52312,44562,57054,52812,68570,66235,83139,81169,58252,62107,38196,48969,12024,21486,650737,609951,79216,75988,109700,103818,38668,50,65
2021-09-20T23:59:59+02:00,4993,4699,41853,40035,55814,48469,60254,56813,72244,70587,86888,85030,60261,64400,39460,50653,12497,22375,3883,3642,37809,36091,52196,44487,56971,52752,68508,66184,83088,81126,58229,62090,38186,48942,12021,21481,650028,609504,79205,75936,109700,103805,38376,50,65
2021-09-19T23:59:59+02:00,4988,4695,41808,40007,55739,48422,60204,56772,72203,70574,86861,85016,60254,64391,39459,50645,12497,22373,3873,3639,37777,36067,52151,44469,56937,52741,68472,66168,83065,81107,58221,62084,38183,48938,12021,21479,649769,609366,79203,75934,109697,103804,38223,50,65
2021-09-18T23:59:59+02:00,4986,4693,41796,40002,55721,48408,60185,56762,72191,70562,86851,85012,60249,64388,39458,50645,12497,22372,3872,3639,37773,36064,52135,44464,56924,52731,68463,66160,83055,81103,58216,62081,38181,48937,12021,21479,649716,609349,79202,75934,109697,103804,38146,50,65
2021-09-17T23:59:59+02:00,4931,4642,41647,39882,55605,48261,60043,56638,72055,70447,86782,84939,60214,64366,39449,50639,12494,22366,3840,3612,37666,35977,52039,44347,56833,52638,68355,66082,82995,81045,58184,62064,38174,48929,12019,21475,648885,608873,79201,75934,109697,103804,37598,50,65
2021-09-16T23:59:59+02:00,4834,4541,41366,39609,55349,47974,59808,56366,71864,70269,86653,84807,60162,64309,39426,50616,12483,22351,3735,3509,37388,35758,51833,44111,56650,52434,68209,65935,82885,80946,58131,62029,38156,48905,12010,21464,646963,607388,79197,75928,109690,103789,36918,50,65
2021-09-15T23:59:59+02:00,4769,4476,41131,39355,55108,47691,59593,56147,71707,70126,86534,84702,60119,64253,39398,50587,12475,22328,3675,3461,37183,35571,51659,43901,56511,52290,68101,65835,82789,80844,58085,61996,38133,48880,12008,21450,645172,606172,79195,75925,109690,103789,36421,50,65
2021-09-14T23:59:59+02:00,4741,4446,41007,39227,54980,47599,59504,56030,71607,70030,86455,84643,60100,64226,39384,50575,12472,22324,3661,3448,37109,35498,51566,43845,56439,52220,68025,65772,82731,80807,58067,61970,38118,48860,12002,21442,644401,605759,79195,75925,109690,103788,36043,50,65
2021-09-13T23:59:59+02:00,4713,4432,40903,39123,54890,47503,59440,55930,71535,69975,86412,84602,60070,64194,39378,50564,12468,22319,3640,3430,37034,35428,51479,43785,56380,52156,67960,65736,82691,80780,58043,61943,38109,48849,12001,21436,643693,605314,79194,75874,109689,103773,35854,50,65
2021-09-12T23:59:59+02:00,4704,4418,40871,39096,54869,47480,59414,55899,71506,69943,86398,84582,60062,64185,39376,50561,12466,22315,3631,3426,36997,35397,51461,43766,56355,52138,67939,65708,82670,80761,58032,61930,38104,48838,12001,21434,643477,605109,79185,75869,109688,103771,35774,50,65
2021-09-11T23:59:59+02:00,4695,4416,40856,39070,54842,47453,59395,55882,71483,69931,86387,84574,60061,64182,39375,50560,12466,22313,3628,3424,36980,35386,51440,43747,56342,52125,67917,65697,82657,80757,58030,61929,38102,48838,12001,21433,643382,605064,79185,75868,109688,103771,35665,50,65
2021-09-10T23:59:59+02:00,4649,4376,40677,38899,54684,47317,59277,55730,71358,69828,86299,84492,60033,64154,39365,50548,12462,22306,3610,3405,36854,35297,51331,43654,56249,52033,67823,65631,82584,80701,58011,61908,38093,48824,11994,21427,642476,604640,79183,75868,109687,103771,35085,50,65
2021-09-09T23:59:59+02:00,4575,4288,40435,38681,54489,47095,59099,55509,71211,69661,86197,84397,60008,64111,39346,50523,12454,22301,3552,3341,36642,35123,51155,43503,56097,51867,67680,65511,82474,80622,57971,61862,38076,48802,11989,21419,641001,603498,79182,75867,109687,103771,34486,50,64
2021-09-08T23:59:59+02:00,4476,4193,40208,38424,54289,46913,58922,55341,71100,69544,86105,84318,59972,64071,39338,50490,12448,22294,3442,3236,36357,34854,50920,43287,55896,51681,67543,65380,82360,80518,57937,61806,38053,48763,11978,21405,639578,601743,79177,75859,109687,103771,33979,50,64
2021-09-07T23:59:59+02:00,4402,4131,40006,38254,54158,46793,58819,55233,71022,69455,86043,84251,59948,64043,39327,50475,12445,22291,3413,3210,36228,34747,50815,43206,55813,51617,67473,65312,82295,80461,57905,61774,38041,48740,11972,21397,638561,601081,79170,75847,109682,103770,33657,50,64
2021-09-06T23:59:59+02:00,4361,4083,39904,38152,54078,46721,58752,55157,70977,69400,85999,84213,59928,64026,39324,50470,12443,22287,3380,3186,36113,34632,50719,43135,55730,51532,67413,65241,82241,80399,57879,61743,38030,48728,11971,21395,637883,600320,79170,75810,109680,103758,33515,50,64
2021-09-05T23:59:59+02:00,4348,4066,39869,38122,54056,46690,58714,55130,70949,69377,85975,84190,59925,64023,39321,50465,12442,22283,3376,3180,36087,34611,50690,43112,55697,51511,67394,65224,82223,80383,57871,61738,38027,48722,11969,21392,637659,600168,79169,75806,109679,103758,33411,50,64
2021-09-04T23:59:59+02:00,4348,4064,39860,38119,54053,46682,58713,55128,70947,69373,85971,84183,59925,64021,39321,50465,12442,22283,3375,3179,36075,34608,50687,43105,55693,51510,67392,65220,82220,80379,57870,61736,38027,48722,11969,21392,637639,600150,79169,75805,109679,103756,33384,50,64
2021-09-03T23:59:59+02:00,4310,4034,39747,38007,53953,46612,58634,55047,70877,69313,85907,84152,59907,64005,39315,50460,12439,22280,3362,3164,35996,34540,50601,43058,55630,51455,67333,65177,82175,80347,57855,61722,38019,48716,11963,21391,637067,599828,79169,75799,109679,103756,33057,50,64
2021-09-02T23:59:59+02:00,4269,3991,39569,37849,53810,46452,58493,54920,70751,69194,85829,84087,59859,63968,39292,50432,12437,22270,3345,3150,35869,34454,50488,42974,55530,51367,67232,65096,82100,80284,57808,61690,38002,48692,11958,21384,636053,599265,79168,75798,109679,103751,32545,50,64
2021-09-01T23:59:59+02:00,4208,3921,39375,37676,53647,46310,58373,54806,70659,69107,85768,84010,59816,63937,39276,50419,12435,22259,3211,3029,35534,34109,50253,42712,55331,51171,67072,64930,81968,80177,57760,61633,37970,48665,11953,21378,634932,597046,79157,75788,109678,103750,32208,50,64
2021-08-31T23:59:59+02:00,4159,3873,39239,37525,53515,46197,58268,54701,70572,69033,85690,83954,59787,63909,39258,50390,12433,22256,3190,3012,35413,34005,50109,42612,55217,51087,66977,64863,81886,80123,57721,61596,37956,48645,11947,21375,633999,596458,79155,75787,109676,103522,31903,49,64
2021-08-30T23:59:59+02:00,4108,3828,39129,37399,53411,46112,58183,54622,70510,68955,85629,83908,59769,63884,39247,50379,12431,22250,3177,2993,35339,33932,50031,42552,55141,51016,66916,64800,81833,80066,57695,61569,37942,48624,11946,21364,633157,595867,79152,75752,109676,103510,31743,49,64
2021-08-29T23:59:59+02:00,4097,3819,39110,37381,53392,46095,58168,54602,70502,68945,85613,83891,59767,63882,39243,50375,12430,22249,3171,2986,35310,33906,50000,42533,55129,50990,66892,64773,81809,80052,57685,61553,37937,48619,11943,21363,633037,595668,79148,75735,109676,103510,31674,49,64
2021-08-28T23:59:59+02:00,4097,3819,39109,37381,53391,46094,58168,54602,70501,68943,85613,83891,59767,63882,39243,50375,12430,22249,3171,2986,35310,33905,50000,42533,55127,50990,66891,64772,81809,80052,57685,61553,37937,48619,11943,21363,633033,595665,79148,75735,109676,103510,31672,49,64
2021-08-27T23:59:59+02:00,4061,3777,38988,37284,53290,45988,58085,54507,70411,68865,85550,83832,59741,63858,39231,50365,12430,22247,3165,2970,35207,33847,49897,42470,55055,50917,66799,64709,81755,80012,57660,61533,37926,48609,11942,21362,632392,595256,79148,75735,109671,103508,31273,49,63
2021-08-26T23:59:59+02:00,3976,3714,38796,37101,53118,45820,57948,54358,70281,68750,85422,83740,59694,63811,39207,50345,12423,22237,3138,2932,35028,33673,49743,42302,54894,50756,66668,64579,81609,79899,57612,61471,37897,48583,11937,21354,631204,594087,79145,75724,109668,103503,30698,49,63
2021-08-25T23:59:59+02:00,3880,3646,38628,36902,52964,45625,57831,54216,70180,68649,85328,83647,59658,63770,39189,50326,12421,22230,3021,2797,34646,33258,49469,41981,54653,50492,66474,64376,81428,79727,57524,61389,37875,48545,11925,21342,629955,591337,79144,75722,109668,103503,30297,49,63
2021-08-24T23:59:59+02:00,3859,3630,38541,36828,52886,45555,57775,54163,70126,68603,85283,83607,59627,63744,39180,50309,12418,22220,2978,2767,34498,33130,49347,41892,54564,50407,66371,64282,81337,79650,57475,61344,37867,48529,11920,21333,629518,590409,79140,75718,109667,103498,30003,49,63
2021-08-23T23:59:59+02:00,3831,3594,38445,36732,52803,45491,57718,54098,70067,68552,85229,83568,59609,63717,39170,50296,12416,22212,2960,2736,34357,32994,49221,41815,54463,50322,66277,64186,81247,79587,57439,61294,37847,48509,11919,21322,628983,589526,79136,75684,109665,103484,29738,49,63
2021-08-22T23:59:59+02:00,3823,3593,38415,36718,52788,45472,57701,54085,70041,68533,85212,83554,59599,63707,39168,50287,12411,22210,2952,2718,34309,32955,49193,41778,54427,50295,66234,64161,81211,79560,57424,61280,37844,48500,11914,21319,628876,589238,79134,75673,109664,103483,29617,49,63
2021-08-21T23:59:59+02:00,3820,3590,38395,36712,52778,45461,57686,54079,70027,68521,85206,83545,59592,63705,39167,50287,12411,22210,2952,2718,34297,32951,49182,41768,54413,50290,66222,64150,81205,79553,57420,61279,37844,48500,11914,21319,628834,589224,79133,75671,109663,103483,29536,49,63
2021-08-20T23:59:59+02:00,3800,3558,38325,36641,52695,45389,57609,54015,69953,68469,85143,83497,59575,63685,39164,50283,12411,22204,2934,2704,34198,32845,49066,41699,54320,50214,66127,64083,81135,79499,57400,61255,37838,48495,11913,21315,628464,588697,79131,75668,109663,103480,29132,49,63
2021-08-19T23:59:59+02:00,3772,3524,38154,36500,52533,45247,57487,53911,69824,68348,85044,83421,59545,63641,39149,50266,12407,22192,2900,2651,33845,32596,48776,41452,54102,50017,65920,63895,80959,79365,57345,61182,37791,48457,11908,21304,627571,586781,79129,75570,109654,103466,28585,49,63
2021-08-18T23:59:59+02:00,3722,3474,37965,36344,52403,45124,57390,53806,69715,68253,84968,83357,59506,63598,39134,50246,12405,22184,2830,2578,33463,32184,48473,41196,53845,49738,65699,63682,80774,79203,57263,61095,37755,48415,11904,21292,626566,584202,79126,75441,109652,103459,28224,49,63
2021-08-17T23:59:59+02:00,3661,3426,37802,36184,52281,44997,57309,53709,69620,68166,84894,83295,59471,63565,39121,50223,12400,22175,2730,2501,33070,31739,48145,40877,53553,49446,65453,63439,80572,78993,57154,60984,37713,48366,11892,21281,625601,581081,79126,75427,109647,103438,27899,49,63
2021-08-16T23:59:59+02:00,3605,3371,37656,36042,52185,44901,57236,53639,69550,68097,84841,83250,59449,63536,39107,50206,12394,22167,2597,2393,32509,31180,47752,40463,53160,49058,65147,63170,80349,78797,57078,60868,37680,48311,11883,21259,624693,577037,79122,75392,109647,103418,27744,49,63
2021-08-15T23:59:59+02:00,3596,3362,37622,36018,52152,44883,57209,53604,69533,68081,84830,83239,59437,63532,39104,50197,12394,22165,2580,2382,32428,31084,47680,40399,53096,48996,65103,63128,80306,78769,57060,60848,37672,48298,11882,21255,624501,576471,79122,75362,109646,103407,27663,49,63
2021-08-14T23:59:59+02:00,3591,3357,37614,36011,52146,44879,57203,53597,69529,68078,84822,83235,59430,63527,39103,50195,12394,22165,2579,2380,32420,31076,47669,40395,53087,48987,65100,63125,80299,78767,57055,60843,37671,48296,11882,21255,624468,576438,79119,75361,109646,103407,27617,49,63
2021-08-13T23:59:59+02:00,3574,3343,37543,35969,52084,44827,57136,53546,69460,68037,84756,83199,59408,63515,39092,50180,12391,22159,2556,2352,32278,30961,47541,40296,52965,48886,64998,63045,80210,78717,57032,60822,37658,48286,11880,21250,624155,575630,79119,75360,109646,103407,27273,49,63
2021-08-12T23:59:59+02:00,3535,3316,37414,35846,51994,44737,57065,53463,69366,67964,84682,83133,59379,63491,39080,50167,12391,22156,2477,2262,31748,30474,47157,39942,52572,48531,64671,62812,79989,78505,56940,60735,37614,48243,11875,21233,623438,572136,79118,75328,109644,103300,26953,49,63
2021-08-11T23:59:59+02:00,3493,3276,37262,35702,51882,44628,56942,53340,69268,67873,84598,83052,59338,63453,39059,50151,12387,22152,2357,2182,31100,29852,46647,39554,52143,48095,64368,62533,79777,78301,56844,60629,37578,48170,11862,21216,622532,568088,79112,75304,109642,103210,26543,49,63
2021-08-10T23:59:59+02:00,3445,3231,37104,35555,51768,44506,56837,53235,69203,67803,84532,82996,59314,63416,39041,50137,12380,22147,2190,2033,30213,28871,45908,38851,51473,47488,63981,62169,79527,78060,56739,60524,37533,48101,11854,21204,621593,561865,79110,75303,109639,103207,26281,49,63
2021-08-09T23:59:59+02:00,3409,3202,37008,35447,51688,44438,56777,53192,69172,67760,84502,82964,59296,63402,39029,50118,12379,22145,2054,1913,29502,28126,45236,38265,50901,46902,63610,61810,79246,77811,56618,60427,37489,48046,11847,21190,621004,557742,79108,73856,109638,103181,26151,49,63
2021-08-08T23:59:59+02:00,3400,3188,36980,35429,51663,44412,56760,53181,69154,67741,84481,82948,59292,63397,39024,50111,12378,22144,2020,1888,29375,27985,45091,38170,50802,46817,63554,61753,79197,77770,56581,60408,37479,48035,11847,21187,620826,556813,79107,73848,109637,103149,26086,49,63
2021-08-07T23:59:59+02:00,3400,3188,36978,35423,51653,44411,56758,53181,69150,67738,84480,82946,59291,63397,39024,50111,12378,22144,2020,1888,29366,27977,45076,38167,50801,46812,63551,61748,79194,77767,56578,60407,37478,48035,11847,21186,620818,556778,79106,73846,109637,103148,26063,49,63
2021-08-06T23:59:59+02:00,3389,3173,36912,35368,51573,44346,56693,53141,69109,67705,84448,82919,59279,63378,39013,50105,12375,22142,1982,1845,29127,27744,44864,37983,50619,46665,63414,61628,79095,77699,56553,60381,37463,48025,11844,21183,620545,555310,79102,73838,109637,103146,25757,49,63
2021-08-05T23:59:59+02:00,3356,3135,36759,35236,51459,44211,56573,53026,68993,67591,84322,82843,59236,63325,38990,50085,12366,22132,1862,1714,28429,27124,44278,37496,50059,46209,63056,61329,78802,77480,56443,60286,37424,47971,11836,21167,619749,550983,79101,73828,109636,102966,25125,49,63
2021-08-04T23:59:59+02:00,3297,3072,36558,35066,51311,44063,56435,52911,68869,67462,84206,82729,59169,63267,38972,50056,12362,22122,1661,1537,27283,26007,43318,36619,49098,45302,62464,60722,78305,77039,56232,60104,37365,47881,11822,21147,618664,542635,79090,73787,109636,102913,24508,49,63
2021-08-03T23:59:59+02:00,3223,3014,36339,34869,51156,43925,56311,52789,68738,67349,84117,82656,59126,63224,38952,50026,12353,22107,1459,1332,26201,24891,42376,35718,48199,44414,61918,60190,77857,76634,56063,59917,37303,47793,11803,21115,617322,534281,79082,73738,109627,102887,24214,49,63
2021-08-02T23:59:59+02:00,3178,2960,36196,34719,51047,43813,56219,52691,68651,67258,84032,82581,59086,63175,38937,50006,12345,22095,1270,1167,25299,23901,41525,34973,47471,43671,61435,59714,77470,76290,55899,59767,37253,47714,11786,21094,616347,527303,79081,73683,109626,102744,23906,49,63
2021-08-01T23:59:59+02:00,3173,2954,36179,34697,51020,43794,56199,52664,68621,67245,84018,82569,59080,63170,38935,50002,12345,22095,1225,1136,25040,23652,41276,34771,47237,43473,61294,59577,77354,76193,55863,59738,37238,47701,11782,21090,616201,525434,79078,73641,109625,102675,23827,49,63
2021-07-31T23:59:59+02:00,3172,2953,36174,34696,51020,43793,56197,52663,68620,67244,84018,82567,59080,63170,38935,50002,12345,22094,1222,1135,25033,23636,41268,34762,47232,43467,61285,59575,77352,76190,55863,59734,37238,47701,11782,21089,616188,525363,79078,73640,109625,102674,23824,48,63
2021-07-30T23:59:59+02:00,3155,2940,36112,34633,50950,43744,56134,52601,68564,67203,83980,82527,59068,63157,38931,49995,12342,22091,1165,1080,24709,23328,40996,34549,46971,43272,61096,59444,77202,76074,55831,59695,37224,47689,11782,21089,615895,523426,79074,73637,109622,102563,23508,48,62
2021-07-29T23:59:59+02:00,3132,2912,35973,34511,50821,43618,56039,52501,68493,67138,83909,82475,59043,63139,38918,49986,12342,22090,1021,963,23753,22345,40113,33797,46068,42487,60548,59000,76841,75770,55711,59557,37184,47634,11775,21078,615022,516364,79055,73511,109621,102394,23314,48,62
2021-07-28T23:59:59+02:00,3082,2857,35731,34273,50602,43444,55842,52350,68347,66996,83795,82377,58992,63092,38895,49949,12332,22082,822,807,22533,21112,38788,32689,44748,41308,59744,58339,76335,75309,55516,59369,37115,47529,11761,21053,613649,506548,79048,73340,109620,102236,22691,48,62
2021-07-27T23:59:59+02:00,3057,2838,35623,34155,50516,43362,55763,52299,68285,66927,83734,82305,58951,63049,38883,49934,12331,22073,667,648,21297,19726,37363,31356,43380,40005,59115,57742,75914,74896,55353,59192,37057,47474,11750,21030,612922,496136,79032,73161,109619,102124,22482,48,62
2021-07-26T23:59:59+02:00,3038,2819,35562,34059,50458,43308,55722,52250,68241,66891,83698,82278,58937,63033,38871,49922,12330,22071,565,563,20280,18629,36113,30240,42107,38854,58620,57337,75627,74642,55256,59092,37036,47439,11744,21016,612401,487890,79025,72835,109619,101960,22413,48,62
2021-07-25T23:59:59+02:00,3028,2814,35514,34017,50413,43259,55694,52227,68218,66866,83667,82255,58921,63026,38868,49919,12327,22065,496,492,19881,18265,35695,29909,41697,38547,58423,57181,75468,74531,55209,59053,37014,47420,11741,21012,612104,485157,79019,72560,109619,101929,22326,48,62
2021-07-24T23:59:59+02:00,3028,2814,35508,34014,50411,43255,55692,52226,68217,66866,83665,82254,58921,63026,38867,49919,12327,22065,496,492,19873,18251,35683,29898,41690,38546,58419,57178,75464,74529,55209,59053,37013,47420,11741,21012,612096,485107,79018,72559,109619,101927,22312,48,62
2021-07-23T23:59:59+02:00,3004,2788,35358,33896,50261,43154,55574,52119,68120,66772,83574,82203,58890,62998,38857,49914,12322,22062,470,476,19633,18028,35420,29720,41419,38359,58252,57047,75328,74451,55170,59029,37001,47410,11735,21006,611468,483970,79018,72266,109619,101925,21731,48,62
2021-07-22T23:59:59+02:00,2953,2704,34919,33529,49953,42922,55314,51893,67891,66589,83398,82054,58805,62905,38821,49867,12311,22044,426,427,18843,17367,34324,28986,40291,37526,57513,56578,74774,74075,54988,58849,36935,47326,11714,20980,609334,478441,79004,70831,109615,101703,20886,48,61
2021-07-21T23:59:59+02:00,2898,2646,34607,33206,49712,42710,55126,51705,67699,66405,83270,81929,58740,62852,38790,49828,12300,22034,384,386,18016,16549,33008,27992,39031,36566,56816,56015,74322,73712,54842,58674,36869,47242,11702,20947,607510,472538,78951,68636,109614,101489,20349,48,61
2021-07-20T23:59:59+02:00,2822,2583,34250,32818,49430,42477,54955,51509,67519,66248,83130,81809,58678,62796,38762,49783,12299,22019,328,307,16867,15436,31295,26594,37295,35109,56017,55365,73775,73264,54672,58485,36818,47156,11684,20909,605417,463360,78916,66898,109612,101149,19908,48,61
2021-07-19T23:59:59+02:00,2738,2512,33691,32256,49123,42167,54681,51244,67323,66035,82956,81640,58611,62714,38717,49731,12292,22004,294,259,16207,14870,30344,25914,36428,34393,55577,54943,73446,73025,54585,58399,36781,47104,11678,20887,602219,459649,78855,64733,109611,100975,19716,48,61
2021-07-18T23:59:59+02:00,2710,2494,33592,32138,49031,42113,54625,51183,67263,65986,82913,81598,58584,62688,38706,49718,12290,21997,278,238,15887,14610,29776,25535,35934,34041,55323,54780,73301,72924,54543,58360,36773,47089,11677,20883,601610,458199,78839,63209,109610,100948,19536,48,60
2021-07-17T23:59:59+02:00,2710,2494,33591,32135,49025,42112,54622,51181,67263,65985,82913,81597,58584,62687,38706,49718,12290,21997,278,238,15882,14603,29760,25519,35929,34036,55318,54779,73301,72924,54543,58360,36773,47089,11677,20883,601599,458147,78837,63205,109605,100945,19535,48,60
2021-07-16T23:59:59+02:00,2651,2429,32983,31614,48533,41764,54230,50845,66881,65663,82600,81366,58465,62574,38656,49669,12286,21990,270,227,15466,14280,29266,25144,35479,33704,54980,54525,73041,72732,54431,58271,36738,47051,11674,20879,599379,456740,78833,63076,109604,100938,17344,48,60
2021-07-15T23:59:59+02:00,2519,2298,32123,30830,47914,41191,53657,50363,66454,65315,82345,81124,58374,62478,38622,49626,12278,21972,241,201,14631,13607,27939,24319,34173,32888,54299,54124,72628,72507,54337,58175,36709,47017,11667,20863,594361,452540,78821,60713,109603,100354,16658,48,60
2021-07-14T23:59:59+02:00,2413,2212,31581,30303,47426,40757,53240,49966,66125,65039,82107,80874,58271,62382,38589,49576,12268,21959,194,162,13389,12477,25942,22861,32269,31363,53547,53525,72116,72166,54197,58049,36666,46956,11657,20847,590517,443382,78802,58800,109602,100016,16126,48,59
2021-07-13T23:59:59+02:00,2356,2142,31316,30034,47155,40529,52992,49737,65919,64852,81938,80726,58204,62306,38563,49539,12258,21947,170,140,12398,11635,24210,21552,30324,29771,52351,52352,71294,71371,53948,57772,36579,46841,11639,20820,588361,436642,78788,55880,109594,96857,15729,48,59
2021-07-12T23:59:59+02:00,2130,1935,30456,29105,46501,39993,52421,49168,65528,64463,81660,80455,58069,62180,38521,49482,12248,21926,148,123,11647,11010,22815,20570,28582,28391,51388,51488,70550,70751,53689,57491,36512,46723,11626,20789,582131,428518,78770,53309,109594,96702,15705,48,59
2021-07-11T23:59:59+02:00,2085,1897,30335,28999,46436,39923,52368,49105,65471,64408,81599,80412,58048,62160,38515,49464,12243,21921,145,115,11485,10862,22541,20378,28216,28118,51183,51342,70377,70606,53636,57411,36490,46706,11617,20782,581313,426444,78764,53266,109592,96565,15679,48,56
2021-07-10T23:59:59+02:00,2085,1895,30332,28992,46431,39917,52366,49103,65468,64407,81597,80409,58048,62158,38514,49464,12243,21921,145,115,11472,10844,22525,20362,28200,28105,51176,51337,70374,70603,53636,57411,36489,46706,11617,20782,581283,426355,78763,53264,109592,96553,15671,48,56
2021-07-09T23:59:59+02:00,2041,1857,30098,28761,46215,39737,52182,48934,65306,64294,81492,80328,58018,62128,38499,49449,12239,21919,144,109,11088,10573,21880,19924,27533,27553,50467,50768,69791,70192,53534,57324,36466,46672,11612,20771,580085,425273,78757,52949,109586,93094,15029,47,56
2021-07-08T23:59:59+02:00,1902,1730,29438,28231,45607,39232,51628,48466,64903,63983,81192,80093,57926,62036,38467,49398,12234,21905,106,81,9909,9474,19936,18294,25064,25570,49429,49965,69161,69652,53308,57109,36390,46585,11597,20745,575824,414733,78735,50523,109570,92861,14202,47,56
2021-07-07T23:59:59+02:00,1689,1532,28322,27029,44560,38266,50532,47468,64245,63343,80649,79609,57723,61805,38400,49313,12221,21864,82,70,9373,9000,18845,17455,23666,24367,48603,49317,68614,69161,53108,56868,36314,46486,11581,20705,566546,408387,78719,48907,109568,92568,13697,47,56
2021-07-06T23:59:59+02:00,1487,1374,27245,25992,43541,37343,49595,46533,63645,62781,80214,79200,57540,61622,38344,49218,12197,21837,61,45,8661,8261,17513,16450,22053,23085,47994,48863,68237,68894,52991,56754,36264,46449,11574,20690,558289,400922,78708,48479,109565,92276,13106,47,56
2021-07-05T23:59:59+02:00,1330,1250,26104,24750,42464,36348,48542,45462,62980,62205,79777,78796,57366,61434,38291,49142,12188,21814,49,35,8409,8034,17009,16126,21488,22697,47686,48635,68041,68746,52938,56681,36238,46429,11571,20685,548994,398317,78700,48162,109565,92021,12943,47,54
2021-07-04T23:59:59+02:00,1265,1186,25782,24426,42154,36087,48291,45275,62834,62068,79663,78699,57330,61394,38280,49123,12186,21811,42,34,8153,7875,16736,15929,21204,22499,47562,48535,67959,68668,52914,56657,36223,46424,11569,20684,546677,397275,78670,47500,109564,91936,12902,47,54
2021-07-03T23:59:59+02:00,1265,1185,25774,24411,42141,36081,48289,45275,62830,62067,79662,78698,57329,61394,38280,49123,12186,21811,42,34,8147,7867,16725,15919,21197,22492,47555,48534,67954,68667,52913,56657,36223,46424,11569,20684,546644,397241,78669,47499,109564,91926,12883,47,54
2021-07-02T23:59:59+02:00,1197,1128,25458,24060,41819,35804,48030,45018,62687,61921,79588,78627,57312,61371,38274,49111,12182,21806,41,31,7968,7718,16353,15653,20752,22185,46588,47754,67456,68317,52829,56565,36208,46406,11568,20681,544262,394752,78667,47496,109558,89906,12865,47,54
2021-07-01T23:59:59+02:00,1142,1078,25082,23695,41436,35453,47633,44668,62437,61680,79398,78456,57249,61308,38243,49070,12175,21796,35,27,7576,7379,15539,14867,19580,21149,45046,46267,66240,67239,52520,56262,36111,46286,11544,20654,541113,388915,78565,46669,109548,85951,12732,47,54
2021-06-30T23:59:59+02:00,1069,1012,24658,23252,41007,35083,47222,44286,62207,61472,79227,78307,57168,61229,38215,49019,12167,21775,28,20,7200,7020,14589,14066,18145,19940,41827,43535,64540,65792,52050,55761,35961,46092,11517,20605,537657,376868,78532,45971,109544,83194,12601,47,54
2021-06-29T23:59:59+02:00,978,903,24152,22717,40486,34659,46790,43870,61945,61188,79014,78128,57089,61165,38186,48975,12161,21756,19,18,6923,6710,13920,13566,16984,19012,37492,39844,63182,64531,51561,55261,35827,45913,11486,20562,533567,361524,78523,45758,109544,82988,12487,47,54
2021-06-28T23:59:59+02:00,949,870,23814,22327,40025,34267,46372,43502,61706,60933,78822,77973,57015,61096,38157,48945,12158,21741,17,10,6612,6393,13263,13064,15964,18174,33849,36793,62055,63496,51206,54865,35732,45763,11461,20524,531801,352845,76837,41060,109542,82831,12451,47,54
2021-06-27T23:59:59+02:00,935,857,23720,22236,39949,34205,46313,43442,61673,60895,78785,77943,57000,61085,38151,48938,12157,21736,16,9,6519,6322,13025,12923,15542,17937,33010,36145,61796,63295,51115,54794,35715,45741,11459,20520,531186,349937,76831,40791,109536,82675,12426,47,54
2021-06-26T23:59:59+02:00,935,857,23714,22230,39939,34201,46311,43440,61671,60894,78785,77943,57000,61085,38151,48937,12157,21736,16,9,6516,6314,13016,12909,15534,17930,33006,36144,61789,63292,51113,54788,35715,45741,11459,20519,531154,349866,76830,40790,109535,82674,12426,47,54
2021-06-25T23:59:59+02:00,912,830,23601,22113,39852,34113,46229,43368,61626,60846,78738,77921,56989,61073,38148,48934,12156,21734,15,8,6420,6199,12908,12779,15395,17767,32289,35483,61398,62966,51035,54704,35707,45720,11456,20518,530354,346855,76829,40778,109534,82655,12425,47,54
2021-06-24T23:59:59+02:00,845,772,23214,21695,39497,33801,45878,43063,61421,60652,78578,77783,56935,61019,38126,48904,12151,21723,14,5,6081,5903,12344,12317,14685,17079,28981,32767,59109,61105,50448,54105,35571,45511,11438,20470,527397,333021,76779,40511,109532,82039,12308,47,54
2021-06-23T23:59:59+02:00,741,678,22570,21037,38924,33212,45220,42355,61054,60258,78328,77532,56831,60883,38079,48851,12141,21703,12,4,5925,5707,11975,11963,14175,16547,25620,30007,57464,59572,49924,53564,35450,45337,11417,20426,521809,323561,76722,37577,109529,81601,12296,47,54
2021-06-22T23:59:59+02:00,680,613,22146,20598,38518,32789,44784,41893,60781,59972,78121,77289,56734,60772,38043,48779,12128,21681,10,3,5736,5572,11647,11695,13742,16172,21275,26473,55382,57868,49322,52958,35272,45120,11396,20382,518002,309168,76595,37524,109524,81120,12159,47,54
2021-06-21T23:59:59+02:00,643,572,21893,20360,38265,32555,44538,41618,60591,59759,77988,77149,56680,60686,38018,48738,12119,21665,8,3,5605,5461,11338,11493,13401,15906,19721,25238,54462,57095,47099,50493,34671,44396,11373,20323,515943,303822,76395,37457,109505,74804,11949,46,54
2021-06-20T23:59:59+02:00,614,552,21605,20066,37964,32274,44253,41359,60439,59591,77850,77002,56631,60641,37998,48721,12116,21658,8,3,5547,5417,11205,11402,13245,15778,19322,24913,54193,56911,45438,48510,34103,43760,11353,20302,513543,303186,76312,36702,109492,69527,11943,45,52
2021-06-19T23:59:59+02:00,612,552,21600,20052,37948,32267,44250,41354,60432,59587,77848,76999,56628,60640,37998,48720,12116,21658,8,3,5541,5408,11200,11397,13235,15772,19314,24905,54179,56899,45429,48500,34102,43760,11353,20302,513476,303100,76306,36698,109492,69514,11943,45,52
2021-06-18T23:59:59+02:00,598,538,21501,19942,37879,32210,44174,41267,60376,59541,77803,76957,56606,60618,37993,48707,12115,21657,8,3,5449,5246,10902,10860,12859,15191,18773,23885,53321,55588,45224,48335,34074,43711,11347,20290,512711,301522,76299,36697,109486,64853,11942,45,52
2021-06-17T23:59:59+02:00,512,446,20781,19230,37122,31577,43379,40514,59966,59175,77505,76705,56489,60489,37943,48639,12102,21633,8,3,5259,5033,10521,10307,12334,14418,17837,22521,51744,53642,44071,46984,33756,43312,11300,20206,506724,294188,76206,36567,109476,60692,11757,45,52
2021-06-16T23:59:59+02:00,406,367,19982,18287,36133,30644,42368,39539,59423,58691,77109,76386,56346,60333,37886,48550,12092,21610,8,3,5070,4876,10005,9981,11596,13917,16290,21214,47859,50094,42313,44969,33288,42740,11237,20079,499343,277984,75668,36366,109461,59502,11636,45,51
2021-06-15T23:59:59+02:00,296,264,19173,17440,35211,29788,41439,38647,58984,58248,76776,76055,56204,60166,37827,48480,12077,21576,7,3,4871,4752,9481,9716,10886,13443,14777,20025,43580,45997,40760,43118,32806,42117,11171,19951,492127,260773,75549,36330,109450,58827,11481,45,50
2021-06-14T23:59:59+02:00,192,173,18058,16208,33957,28513,39970,37236,58395,57679,76383,75712,56075,60020,37784,48410,12068,21561,7,3,4748,4660,9134,9506,10404,13123,13604,19021,40932,43441,39685,41968,32513,41716,11139,19865,482358,249588,75114,36303,109445,58095,11433,45,50
2021-06-13T23:59:59+02:00,151,134,17552,15805,33476,28110,39477,36852,58182,57495,76234,75610,56048,59979,37762,48389,12065,21552,7,3,4660,4610,8984,9434,10240,13053,12999,18566,40462,43047,39448,41745,32453,41631,11133,19851,479275,248621,74812,34876,109438,57475,11304,45,50
2021-06-12T23:59:59+02:00,151,134,17544,15784,33459,28100,39470,36848,58175,57491,76230,75608,56047,59977,37761,48389,12065,21552,7,3,4653,4604,8974,9429,10228,13045,12987,18553,40278,42900,39426,41730,32449,41629,11133,19850,479192,248187,74808,34875,109438,57463,11303,45,50
2021-06-11T23:59:59+02:00,149,134,17459,15725,33311,28026,39296,36792,58055,57455,76159,75583,56033,59972,37759,48386,12065,21551,7,3,4574,4412,8815,8869,10036,12325,12753,17482,39790,41597,39271,41600,32431,41593,11131,19849,478847,247699,74395,34873,109330,52622,11294,45,50
2021-06-10T23:59:59+02:00,134,114,16617,15010,31901,27117,38054,35875,57371,56996,75749,75311,55944,59880,37720,48341,12054,21533,7,3,4324,4217,8258,8366,9354,11561,12016,16413,36932,38556,38468,40794,32265,41411,11115,19819,474956,240616,71426,34740,109056,48234,10239,45,50
2021-06-09T23:59:59+02:00,112,89,15838,14312,30617,26218,36836,34987,56791,56607,75404,75083,55860,59774,37693,48296,12041,21513,7,3,4139,4066,7897,8177,8886,11339,11395,16032,31842,33677,36967,39255,32020,41142,11093,19769,470287,226661,68994,34615,109012,46646,9736,43,48
2021-06-08T23:59:59+02:00,85,71,14923,13454,29235,25129,35470,33978,56173,56198,75109,74868,55784,59699,37670,48264,12037,21503,7,3,4057,4004,7738,8054,8733,11222,11101,15825,29005,30858,36008,38311,31860,40947,11069,19736,465705,219149,65565,34554,108966,45415,9372,43,48
2021-06-07T23:59:59+02:00,77,58,14285,12880,27870,24313,34309,33196,55695,55939,74866,74760,55749,59659,37654,48253,12037,21499,7,3,3964,3932,7542,7925,8432,11090,10734,15579,24661,26470,34540,36767,31638,40679,11041,19706,462574,207335,62528,34486,108935,43822,9019,43,48
2021-06-06T23:59:59+02:00,76,55,13964,12687,27083,23897,33655,32777,55386,55773,74710,74695,55728,59635,37640,48244,12035,21498,7,3,3898,3896,7389,7882,8274,11004,10411,15376,21834,23589,33538,35684,31498,40524,11034,19691,461430,204540,60478,29237,108908,43029,8679,43,47
2021-06-05T23:59:59+02:00,76,53,13934,12658,27034,23856,33626,32757,55381,55763,74704,74689,55724,59630,37635,48242,12035,21498,7,3,3876,3879,7354,7859,8227,10985,10348,15334,20407,22033,32739,34803,31428,40443,11030,19684,461298,199559,60373,29234,108903,42921,8678,43,47
2021-06-04T23:59:59+02:00,70,49,13703,12397,26721,23536,33287,32446,55320,55683,74665,74669,55714,59625,37634,48240,12035,21497,7,3,3847,3851,7275,7780,8171,10907,10269,15212,20300,21916,32665,34748,31396,40406,11027,19681,459392,199478,60310,29221,108869,42038,8677,43,47
2021-06-03T23:59:59+02:00,52,43,13136,11913,25683,22850,32152,31695,54823,55350,74349,74475,55643,59545,37599,48209,12028,21480,7,3,3718,3760,7000,7610,7889,10734,9941,14975,18412,20054,30685,32434,31122,40073,11004,19632,455055,190868,58807,29200,108854,40675,8266,43,44
2021-06-02T23:59:59+02:00,38,31,12450,11172,24687,21948,31015,30738,54556,55085,74157,74334,55589,59464,37582,48187,12020,21473,7,3,3684,3740,6941,7553,7833,10685,9856,14884,17892,19504,28755,30255,31023,39930,10997,19620,448749,185328,58628,29199,108852,40337,8254,43,44
2021-06-01T23:59:59+02:00,24,16,11322,10290,22558,20518,28475,28845,53139,54020,73148,73551,55288,59139,37459,48014,11985,21413,7,2,3456,3564,6444,7242,7233,10258,8996,14282,15941,17688,24963,25992,30335,39043,10921,19464,439236,171290,54164,29062,108814,38490,6947,43,42
2021-05-31T23:59:59+02:00,19,12,10461,9623,20720,19348,26426,27331,52029,53170,72440,73001,55072,58876,37386,47909,11970,21377,7,2,3316,3410,6108,6994,6834,9961,8456,13925,14872,16707,23765,24612,29945,38550,10861,19370,432422,165522,49788,29023,108796,36988,6121,43,41
2021-05-30T23:59:59+02:00,17,9,10114,9279,20001,18853,25720,26753,51690,52888,72202,72804,54995,58798,37361,47881,11962,21368,7,2,3136,3221,5764,6727,6546,9721,8237,13719,14612,16437,23474,24293,29835,38444,10846,19342,429834,164693,49378,28966,108765,35988,4675,43,41
2021-05-29T23:59:59+02:00,17,9,10099,9267,19983,18822,25700,26727,51678,52883,72197,72794,54993,58793,37360,47881,11961,21368,7,2,3133,3211,5759,6722,6539,9718,8229,13711,14602,16430,23463,24284,29831,38438,10845,19341,429671,164618,49378,28963,108765,35969,4675,43,40
2021-05-28T23:59:59+02:00,17,9,10033,9173,19842,18654,25437,26495,51516,52706,72050,72663,54954,58743,37346,47861,11958,21355,7,2,3086,3134,5667,6582,6435,9517,8112,13437,14410,16154,23310,24128,29777,38375,10838,19332,428009,164224,49341,28962,108746,34403,4674,42,40
2021-05-27T23:59:59+02:00,17,9,8777,7992,17447,16845,22659,24343,50421,51891,71385,72170,54756,58520,37252,47766,11944,21325,7,2,2789,2802,4823,5959,5544,8738,7318,12444,13281,14960,22317,23085,29386,37919,10783,19246,416112,160396,48381,28698,108606,29891,2378,42,40
2021-05-26T23:59:59+02:00,16,9,8376,7575,16565,16040,21471,23334,49816,51345,70964,71783,54605,58355,37184,47688,11933,21295,7,2,2604,2630,4455,5622,5068,8232,6841,11797,12309,13977,21415,22048,29074,37476,10736,19161,410507,156527,47648,28611,108526,26645,1632,41,39
2021-05-25T23:59:59+02:00,16,9,7809,6981,15321,15160,20024,22161,49338,50943,70716,71595,54529,58272,37160,47660,11929,21285,7,2,2530,2530,4266,5492,4824,8002,6561,11488,11752,13442,19252,19866,28699,36936,10701,19112,403745,150817,47406,28598,108477,24769,1239,41,39
2021-05-24T23:59:59+02:00,16,9,7722,6881,15096,15032,19738,21982,49236,50824,70672,71556,54526,58267,37158,47658,11928,21282,7,2,2489,2467,4180,5324,4731,7758,6435,11206,11612,13199,19136,19750,28647,36889,10694,19101,402610,150665,47326,28555,108382,23146,1224,41,37
2021-05-23T23:59:59+02:00,15,9,7706,6868,15058,15015,19683,21954,49225,50821,70667,71550,54525,58263,37158,47656,11928,21282,7,2,2486,2462,4173,5320,4720,7753,6429,11193,11590,13177,18993,19552,28616,36850,10692,19099,402420,150173,47326,28553,108381,23137,1215,41,36
2021-05-22T23:59:59+02:00,15,9,7703,6859,15049,15003,19672,21947,49225,50819,70664,71550,54525,58262,37158,47656,11928,21282,6,2,2484,2455,4166,5315,4718,7753,6425,11190,11582,13174,18980,19546,28615,36850,10692,19099,402365,150136,47326,28553,108381,23114,1213,41,36
2021-05-21T23:59:59+02:00,15,9,7629,6758,14922,14868,19467,21789,48986,50586,70520,71441,54497,58235,37150,47649,11922,21276,6,2,2414,2369,4077,5176,4614,7543,6301,10892,11408,12885,18914,19479,28599,36820,10689,19097,400790,149879,47323,28552,108356,21609,1210,40,35
2021-05-20T23:59:59+02:00,15,9,7353,6459,14334,14345,18529,20912,46307,48228,69362,70465,54139,57869,37041,47506,11890,21245,6,2,2153,2199,3717,4814,4172,6992,5747,10059,10318,11782,17632,18179,28091,36219,10613,18949,389769,144607,47155,28257,108051,17751,994,39,35
2021-05-19T23:59:59+02:00,14,8,7113,6235,13666,13858,17257,19911,42319,44747,67871,69153,53683,57347,36876,47277,11853,21194,6,2,2074,1996,3551,4477,3923,6467,5301,9377,9319,10663,16149,16527,27394,35297,10485,18739,374973,137418,46580,28112,107815,15216,975,39,26
2021-05-18T23:59:59+02:00,14,7,6918,6059,13117,13424,16158,19051,37595,40724,66415,67828,53129,56806,36725,47053,11811,21138,6,2,2028,1873,3412,4286,3738,6148,4967,8893,8453,9789,14565,14786,26684,34440,10394,18564,358853,130772,46515,27545,107655,13775,910,39,26
2021-05-17T23:59:59+02:00,14,7,6783,5964,12791,13171,15657,18661,35414,38856,65582,67040,52853,56492,36642,46944,11796,21101,6,2,1956,1809,3224,4104,3517,5914,4644,8520,7671,9089,11298,10755,25774,33289,10313,18393,355117,125538,42237,21442,107570,12467,805,39,26
2021-05-16T23:59:59+02:00,14,7,6718,5879,12665,13016,15486,18493,34921,38383,65396,66870,52797,56430,36630,46917,11791,21096,6,2,1897,1711,3120,3981,3437,5812,4536,8373,7486,8900,9102,8154,25289,32606,10279,18334,353636,124386,41727,16086,107534,11954,574,38,25
2021-05-15T23:59:59+02:00,14,7,6713,5870,12658,13009,15481,18487,34912,38380,65394,66868,52796,56429,36630,46917,11791,21096,6,2,1896,1711,3118,3976,3432,5809,4531,8370,7484,8897,9100,8151,25288,32606,10279,18334,353587,124355,41727,16086,107529,11953,571,38,25
2021-05-14T23:59:59+02:00,14,7,6512,5775,12417,12946,15248,18395,33938,37588,64857,66459,52700,56342,36613,46883,11789,21091,6,2,1780,1623,3006,3905,3376,5700,4481,8224,7436,8767,9093,8145,25287,32606,10279,18333,350214,124295,41696,16082,107066,11087,561,37,24
2021-05-13T23:59:59+02:00,14,7,6263,5591,12011,12691,14675,17947,30407,34798,62374,64377,52068,55669,36474,46662,11777,21043,5,2,1738,1583,2950,3829,3344,5609,4438,8121,7354,8648,9053,8085,25268,32564,10274,18328,336207,124043,41471,16058,106634,10569,499,37,24
2021-05-12T23:59:59+02:00,14,7,6246,5568,11937,12624,14561,17837,29773,34220,61866,63924,51894,55496,36437,46617,11770,21030,5,2,1738,1580,2948,3828,3341,5609,4435,8120,7352,8642,9046,8082,25268,32562,10274,18327,333200,124020,41458,16048,106628,10568,499,36,24
2021-05-11T23:59:59+02:00,13,7,5926,5436,11491,12339,14013,17452,25510,30733,59482,61914,51233,54817,36249,46370,11746,20967,5,2,1698,1465,2845,3566,3219,5236,4294,7679,7199,8320,8960,7997,25239,32522,10270,18316,318247,123774,41404,15858,105638,8801,375,34,24
2021-05-10T23:59:59+02:00,13,7,5799,5362,11330,12222,13793,17281,22036,27971,58225,60795,50872,54463,36157,46246,11731,20936,5,2,1658,1367,2759,3337,3116,4905,4183,7189,7078,7880,8920,7936,25227,32500,10268,18312,308309,123625,41244,15709,105344,6977,308,34,23
2021-05-09T23:59:59+02:00,13,7,5724,5330,11242,12158,13690,17199,20436,26789,57761,60409,50770,54363,36132,46205,11724,20931,5,2,1641,1345,2702,3212,3065,4763,4138,7069,7030,7786,8909,7924,25220,32494,10267,18312,307738,123585,37676,15663,105142,6319,294,33,23
2021-05-08T23:59:59+02:00,13,7,5721,5328,11231,12153,13680,17189,20428,26783,57752,60403,50767,54354,36128,46202,11722,20928,5,2,1640,1345,2699,3209,3065,4763,4135,7066,7029,7785,8907,7924,25219,32492,10267,18312,307647,123567,37674,15663,105141,6317,294,33,23
2021-05-07T23:59:59+02:00,13,7,5681,5293,11162,12105,13571,17108,19975,26426,56754,59593,50638,54224,36098,46171,11719,20914,5,2,1540,1303,2619,3165,3023,4734,4100,7042,7007,7753,8899,7916,25217,32491,10267,18311,304482,123531,37654,15655,104994,5896,289,33,23
2021-05-06T23:59:59+02:00,13,7,5429,5181,10646,11796,12863,16653,18675,25440,52488,55935,49442,52844,35766,45770,11667,20813,5,2,1322,1173,2379,2993,2850,4569,3949,6844,6854,7602,8824,7835,25197,32456,10264,18304,289334,123255,37463,15514,104436,4464,166,29,23
2021-05-05T23:59:59+02:00,13,7,5174,5085,10152,11557,12106,16199,17343,24457,48120,51797,47778,50923,35326,45198,11592,20690,5,2,1276,1080,2316,2865,2764,4390,3855,6603,6747,7403,8711,7738,25135,32381,10258,18288,272151,122769,37237,15469,104049,3505,51,29,23
2021-05-04T23:59:59+02:00,13,7,5089,5000,9835,11338,11653,15807,16362,23590,46244,49763,46706,49615,34950,44712,11524,20581,5,2,1265,1061,2288,2824,2722,4306,3802,6495,6675,7324,8669,7699,25114,32364,10257,18283,261751,122550,37213,15405,103768,3149,28,29,23
2021-05-03T23:59:59+02:00,13,7,4989,4912,9481,11166,11187,15541,15305,22728,44670,48145,45824,48661,34728,44368,11496,20488,5,2,1250,1036,2252,2791,2681,4242,3753,6439,6599,7270,8097,7009,23367,30030,10119,18044,252726,116717,37203,15324,103735,2906,16,29,23
2021-05-02T23:59:59+02:00,13,7,4927,4894,9365,11127,11039,15479,14693,22237,44150,47735,45682,48495,34678,44307,11489,20477,5,1,1246,1030,2233,2788,2668,4234,3724,6424,6579,7256,7907,6766,21390,27616,10072,17956,251510,116695,35565,10305,103679,2861,11,29,23
2021-05-01T23:59:59+02:00,13,7,4927,4892,9361,11121,11036,15477,14688,22232,44148,47731,45681,48495,34678,44307,11489,20477,5,1,1245,1030,2233,2788,2668,4234,3723,6424,6578,7256,7907,6765,21390,27616,10072,17956,251477,116692,35565,10305,103678,2860,11,29,23
2021-04-30T23:59:59+02:00,13,7,4881,4868,9294,11105,10980,15452,14612,22205,42665,46319,45347,48165,34641,44255,11484,20467,5,1,1040,935,2036,2698,2569,4174,3637,6364,6515,7197,7900,6748,21389,27614,10072,17956,247490,116683,35565,10302,103666,1832,11,28,22
2021-04-29T23:59:59+02:00,13,7,4642,4785,8817,10956,10378,15276,13927,21996,37727,42005,44335,47133,34519,44137,11480,20436,5,1,861,859,1863,2620,2484,4108,3527,6293,6448,7147,7877,6728,21384,27607,10072,17956,233746,116650,35461,10197,103323,960,11,28,22
2021-04-28T23:59:59+02:00,13,7,4465,4752,8567,10870,10024,15185,13571,21839,33075,37492,43087,45877,34393,43989,11465,20418,5,1,819,832,1825,2571,2452,4032,3491,6184,6400,7057,7857,6708,21371,27594,10067,17949,220501,116563,35442,10149,103109,472,10,27,21
2021-04-27T23:59:59+02:00,12,6,4235,4539,8221,10418,9636,14602,13098,21192,31942,36363,42805,45590,34377,43961,11461,20415,5,1,792,818,1790,2548,2434,4014,3473,6164,6365,7030,7847,6699,21366,27590,10064,17943,217762,116505,35427,10120,99647,287,10,27,21
2021-04-26T23:59:59+02:00,12,6,4213,4512,8148,10380,9530,14548,12948,21131,27531,31982,41586,44369,34297,43860,11448,20404,5,1,760,807,1761,2529,2404,3993,3448,6143,6313,6984,7799,6650,21336,27559,10064,17936,205888,116304,35417,10075,99563,83,10,27,20
2021-04-25T23:59:59+02:00,12,6,4191,4499,8116,10355,9467,14516,12855,21084,25563,29939,40886,43609,34250,43801,11444,20398,5,1,748,799,1749,2515,2386,3978,3423,6122,6280,6955,7779,6633,21319,27538,10063,17932,205222,116277,30305,9840,99428,79,9,27,20
2021-04-24T23:59:59+02:00,12,6,4172,4488,8086,10326,9425,14500,12803,21063,24061,28274,40128,42766,34185,43725,11441,20392,5,1,747,798,1746,2513,2385,3974,3423,6118,6280,6952,7777,6630,21317,27538,10063,17932,200155,116255,30305,9839,99357,76,9,27,20
2021-04-23T23:59:59+02:00,11,6,3907,4336,7614,10028,8996,14145,12241,20660,23580,27973,40039,42704,34164,43691,11435,20385,5,1,734,787,1729,2500,2365,3958,3401,6095,6258,6933,7763,6611,21312,27527,10063,17931,199802,116239,30289,9640,95790,65,9,25,20
2021-04-22T23:59:59+02:00,11,6,3814,4277,7423,9912,8717,13952,11795,20333,21251,25615,37281,39460,33637,43020,11364,20261,5,1,721,778,1700,2469,2307,3900,3330,6023,6148,6836,7684,6524,21256,27483,10060,17916,186773,116121,30097,8930,95225,63,9,25,18
2021-04-21T23:59:59+02:00,11,4,3786,4244,7293,9833,8535,13778,11458,20043,19992,24409,34067,35738,33155,42320,11299,20132,5,1,697,760,1665,2441,2263,3876,3297,5990,6108,6797,7652,6497,21236,27459,10056,17912,174999,116008,29921,8618,95143,59,9,25,18
2021-04-20T23:59:59+02:00,11,4,3753,4217,7188,9764,8323,13618,11088,19745,18895,23256,30754,32091,32678,41721,11242,20015,4,1,689,750,1650,2429,2229,3854,3254,5944,6067,6755,7610,6452,21211,27436,10050,17909,163350,115849,29898,8361,95081,57,9,25,18
2021-04-19T23:59:59+02:00,11,4,3735,4201,7113,9726,8205,13508,10832,19561,18229,22595,29879,30958,32385,41357,11200,19941,4,1,681,745,1629,2415,2205,3824,3218,5911,6033,6724,7567,6419,21180,27408,10048,17905,158512,115717,29880,8117,95014,56,9,25,18
2021-04-18T23:59:59+02:00,11,4,3732,4194,7097,9713,8191,13491,10795,19535,18142,22512,29757,30832,32357,41334,11197,19933,4,1,679,741,1614,2403,2188,3809,3193,5885,6003,6701,7544,6406,21162,27386,10045,17902,158019,115658,29812,7926,94963,55,9,24,18
2021-04-17T23:59:59+02:00,11,4,3730,4192,7093,9710,8187,13491,10789,19528,18129,22501,29734,30819,32355,41331,11197,19933,4,1,678,741,1612,2402,2186,3808,3189,5884,6001,6699,7544,6406,21162,27386,10045,17902,157934,115643,29811,7926,94956,54,9,24,18
2021-04-16T23:59:59+02:00,11,4,3563,4155,6748,9580,7816,13304,10390,19283,17675,22228,29529,30657,32272,41241,11182,19914,4,1,665,721,1600,2387,2159,3793,3135,5847,5959,6649,7451,6315,20749,26819,10015,17841,157176,114313,29803,7719,92540,51,9,24,18
2021-04-15T23:59:59+02:00,11,4,3463,4075,6396,9208,7237,12803,9613,18449,16352,21000,28329,29363,31755,40600,11101,19738,4,1,635,698,1547,2347,2073,3707,3026,5727,5630,6411,6952,5929,20005,25899,9915,17671,151431,110931,29509,7173,88524,46,9,24,18
2021-04-14T23:59:59+02:00,10,4,3410,4028,6158,8969,6907,12426,8994,17902,15232,19967,26912,27859,31124,39718,10989,19540,4,1,602,673,1502,2309,1998,3629,2884,5604,5322,6178,6406,5420,18981,24605,9828,17491,144613,106649,29309,6720,86196,41,9,22,18
2021-04-13T23:59:59+02:00,10,4,3378,3996,6069,8891,6759,12293,8691,17657,14432,19273,23564,24293,30188,38539,10883,19365,4,1,597,664,1489,2286,1966,3594,2786,5533,5104,5994,6039,5076,18679,24257,9786,17424,132969,104526,29298,6687,85987,40,9,22,17
2021-04-12T23:59:59+02:00,10,4,3356,3975,6018,8832,6671,12206,8472,17462,13815,18747,22556,23142,29763,37980,10814,19238,4,1,587,656,1478,2278,1943,3573,2729,5483,4955,5889,5716,4793,18383,23953,9747,17362,127876,102925,29279,6539,85875,40,9,22,17
2021-04-11T23:59:59+02:00,10,4,3350,3969,6000,8808,6642,12189,8430,17439,13723,18688,22427,22992,29711,37915,10804,19214,4,1,583,651,1465,2268,1930,3565,2712,5466,4918,5852,5657,4733,18210,23720,9726,17331,127334,102260,29213,6466,85737,40,9,22,17
2021-04-10T23:59:59+02:00,10,4,3342,3968,5977,8807,6620,12188,8408,17438,13699,18686,22422,22989,29707,37914,10804,19214,4,1,580,648,1457,2261,1925,3562,2705,5457,4902,5844,5643,4716,18046,23465,9712,17307,127313,101737,29122,6433,85732,40,8,22,17
2021-04-09T23:59:59+02:00,9,4,3305,3956,5929,8793,6561,12169,8369,17411,13649,18640,20467,20573,29223,37295,10774,19164,4,1,566,634,1431,2239,1898,3538,2663,5421,4829,5782,5527,4613,17466,22732,9674,17236,126614,99964,23997,6234,85652,32,7,21,17
2021-04-08T23:59:59+02:00,9,4,3280,3937,5861,8762,6488,12130,8279,17347,13504,18522,17866,17499,28702,36628,10736,19114,4,1,524,605,1343,2157,1803,3441,2483,5237,4329,5421,4722,4004,15671,20488,9483,16927,125748,92935,18121,5662,84772,23,6,21,17
2021-04-07T23:59:59+02:00,7,4,3201,3908,5654,8711,6280,12070,8068,17271,13241,18426,15194,14419,28023,35826,10706,19061,4,1,500,576,1288,2100,1707,3361,2330,5097,3916,5089,3999,3433,14811,19618,9367,16740,125534,88581,16578,5314,77932,20,5,21,17
2021-04-06T23:59:59+02:00,6,4,3172,3898,5609,8692,6209,12046,7982,17234,13168,18353,13203,12047,27387,35109,10693,19031,4,1,470,553,1219,2044,1621,3278,2168,4978,3544,4811,3474,3019,13964,18610,9291,16619,125399,84919,16374,4712,72044,16,5,21,16
2021-04-05T23:59:59+02:00,6,4,3170,3895,5574,8677,6172,12033,7937,17217,13095,18317,13158,12001,27376,35093,10692,19028,4,1,438,523,1167,2007,1570,3236,2101,4924,3455,4735,3418,2967,13819,18438,9282,16601,125374,84425,16165,4225,71881,16,4,21,16
2021-04-04T23:59:59+02:00,6,4,3169,3893,5574,8675,6170,12032,7936,17215,13094,18317,13155,12001,27375,35093,10692,19028,4,1,437,522,1166,2007,1569,3236,2100,4924,3455,4735,3418,2967,13818,18438,9282,16601,125363,84419,16165,4225,71876,16,4,21,16
2021-04-03T23:59:59+02:00,6,4,3168,3893,5574,8674,6170,12032,7936,17215,13094,18317,13155,11999,27374,35090,10692,19028,4,1,437,520,1166,2007,1568,3236,2100,4923,3449,4732,3412,2957,13731,18301,9273,16585,125357,84141,16165,4225,71874,16,4,21,16
2021-04-02T23:59:59+02:00,6,4,3168,3889,5571,8669,6165,12023,7928,17202,13067,18286,13108,11946,27346,35071,10689,19024,4,1,434,513,1164,2003,1556,3227,2089,4901,3418,4699,3380,2928,12794,17050,9206,16476,125187,81666,16162,4143,71788,16,4,21,14
2021-04-01T23:59:59+02:00,6,4,3154,3875,5532,8650,6098,11990,7857,17167,12954,18214,12994,11819,27288,34994,10680,19009,4,1,386,469,1065,1935,1456,3138,1937,4788,3214,4568,3143,2726,10757,14449,9091,16295,124872,76038,16039,3351,71351,16,3,20,14
2021-03-31T23:59:59+02:00,6,4,3153,3861,5515,8616,6062,11955,7813,17122,12873,18145,12880,11697,27237,34931,10672,18999,3,1,348,446,1029,1892,1383,3098,1832,4684,2955,4367,2726,2409,8158,11220,8910,16053,124561,68475,15998,3007,70960,15,3,19,14
2021-03-30T23:59:59+02:00,6,4,3147,3849,5491,8590,6029,11923,7773,17082,12795,18079,12794,11558,27199,34883,10666,18989,3,1,327,428,1007,1860,1324,3063,1708,4603,2708,4196,2357,2162,7269,10138,8843,15924,124427,65158,15967,2732,70442,15,2,19,14
2021-03-29T23:59:59+02:00,6,4,3135,3845,5462,8570,5993,11888,7729,17049,12721,18002,12146,10800,25331,32394,10517,18732,3,1,321,425,1000,1845,1304,3038,1674,4562,2559,4108,2069,2011,6609,9426,8799,15846,118430,62842,15797,2729,70076,13,2,19,14
2021-03-28T23:59:59+02:00,6,4,3105,3829,5414,8532,5942,11843,7648,16994,12610,17932,11882,10496,23347,29927,10462,18633,3,1,320,423,997,1844,1295,3034,1670,4560,2547,4100,2044,1991,6585,9411,8797,15841,118372,62709,10611,2727,69602,13,2,19,12
2021-03-27T23:59:59+01:00,6,4,3093,3824,5374,8521,5906,11828,7599,16979,12564,17885,11847,10452,23343,29919,10462,18633,3,1,320,423,997,1844,1295,3034,1669,4558,2545,4097,2042,1989,6537,9336,8765,15792,118301,62493,10610,2727,69307,13,2,19,12
2021-03-26T23:59:59+01:00,6,4,2965,3503,4925,7368,5411,10511,6988,14933,11758,15599,11626,10268,22859,29191,10417,18562,3,1,319,420,992,1841,1289,3029,1666,4556,2540,4090,2034,1983,6408,9147,8621,15604,116749,61811,10353,2715,59771,3,2,19,12
2021-03-25T23:59:59+01:00,6,3,2845,3241,4766,6601,5180,9364,6663,13211,11030,13797,10764,9463,22128,28342,10340,18405,3,1,314,411,985,1832,1274,3010,1647,4523,2504,4040,1966,1924,6118,8718,8340,15150,113818,60034,9649,2711,52661,2,2,19,11
2021-03-24T23:59:59+01:00,6,3,2799,3196,4690,6537,5046,9257,6457,13040,10517,13392,9926,8642,21109,27083,10243,18217,3,1,312,406,978,1826,1257,2999,1632,4499,2457,3984,1898,1849,5752,8242,7922,14474,109783,57778,9302,2700,51057,2,0,18,11
2021-03-23T23:59:59+01:00,6,3,2771,3163,4622,6467,4935,9164,6243,12878,10058,12969,9207,7972,20595,26476,10188,18110,3,1,300,393,961,1815,1242,2976,1602,4477,2407,3935,1819,1783,5468,7857,7519,13848,107379,55695,8969,2699,49461,1,0,18,11
2021-03-22T23:59:59+01:00,6,3,2753,3124,4562,6428,4859,9096,6105,12739,9696,12696,8605,7402,20174,26038,10127,18016,1,1,298,390,950,1808,1228,2962,1589,4465,2380,3907,1792,1761,5329,7683,7069,13023,105891,53931,8711,2694,47809,1,0,18,10
2021-03-21T23:59:59+01:00,6,3,2746,3108,4516,6404,4808,9060,6011,12672,9507,12509,8298,7142,20006,25871,10115,17988,1,1,298,390,949,1808,1225,2962,1588,4464,2377,3907,1785,1755,5320,7678,7038,12965,105688,53823,8479,2677,46585,1,0,18,10
2021-03-20T23:59:59+01:00,6,3,2745,3101,4509,6399,4801,9057,6007,12664,9487,12495,8265,7110,19833,25594,10099,17962,1,1,298,390,949,1806,1224,2962,1587,4463,2373,3899,1773,1742,5305,7629,6860,12725,105132,53324,8466,2652,46521,1,0,18,10
2021-03-19T23:59:59+01:00,6,3,2709,3074,4439,6354,4694,9006,5867,12606,9219,12307,7961,6883,19348,25003,10067,17903,1,1,298,389,948,1805,1224,2959,1585,4462,2366,3894,1757,1731,5268,7586,6446,12102,103828,52182,8224,2629,45379,1,0,18,10
2021-03-18T23:59:59+01:00,6,3,2643,3001,4275,6216,4445,8801,5509,12299,8303,11636,6696,5862,18086,23637,9912,17670,1,1,295,384,943,1795,1210,2946,1546,4446,2301,3848,1678,1689,5193,7479,5703,10983,98898,49845,7680,2587,42404,0,0,18,9
2021-03-17T23:59:59+01:00,6,3,2606,2961,4193,6119,4307,8692,5254,12023,7627,11070,5707,4961,16735,22097,9745,17410,1,1,291,382,939,1787,1206,2937,1529,4425,2235,3823,1613,1644,5148,7413,5123,10094,93454,48052,7180,2530,40864,0,0,18,9
2021-03-16T23:59:59+01:00,5,3,2586,2933,4130,6052,4213,8595,5077,11867,7178,10682,4941,4343,15874,21115,9639,17237,1,1,287,380,936,1782,1203,2930,1521,4415,2213,3805,1580,1627,5111,7370,4613,9274,89793,46591,7142,2451,39517,0,0,18,7
2021-03-15T23:59:59+01:00,5,3,2583,2922,4115,6032,4181,8569,5027,11820,7060,10565,4794,4181,15553,20702,9607,17178,1,1,285,376,935,1776,1197,2923,1507,4406,2192,3783,1536,1610,5051,7296,4027,8411,89018,44998,7043,2308,38818,0,0,18,7
2021-03-14T23:59:59+01:00,5,2,2577,2914,4094,6011,4151,8549,4986,11786,6966,10476,4688,4066,15419,20532,9590,17138,1,1,283,375,935,1774,1191,2916,1502,4395,2181,3776,1526,1604,5043,7288,4021,8397,88709,44935,7024,2267,38200,0,0,17,7
2021-03-13T23:59:59+01:00,5,2,2570,2904,4086,5999,4143,8542,4978,11776,6947,10463,4664,4040,15104,20095,9570,17102,1,1,283,375,935,1774,1191,2916,1502,4395,2181,3776,1525,1604,5043,7287,4021,8397,87820,44934,7002,2266,38151,0,0,17,7
2021-03-12T23:59:59+01:00,5,2,2506,2829,3976,5828,4023,8319,4841,11478,6768,10193,4511,3902,14174,18834,9508,17000,1,1,283,374,933,1771,1191,2912,1500,4390,2180,3769,1518,1602,5036,7268,4019,8380,85338,44856,6941,2265,36403,0,0,15,7
2021-03-11T23:59:59+01:00,4,2,2382,2604,3747,5501,3767,7885,4514,10716,6135,9382,3988,3399,12559,16834,9406,16850,1,1,283,373,929,1766,1188,2898,1491,4378,2168,3742,1477,1574,4995,7231,4007,8353,80974,44707,6778,2141,31908,0,0,15,7
2021-03-10T23:59:59+01:00,4,2,2263,2473,3590,5263,3572,7561,4242,10233,5578,8813,3413,2951,10270,14106,9257,16612,1,1,279,369,924,1756,1181,2887,1487,4362,2146,3727,1448,1566,4965,7216,3998,8343,74617,44641,6606,2008,28965,0,0,15,7
2021-03-09T23:59:59+01:00,4,2,2238,2422,3524,5174,3458,7471,4072,10036,5183,8465,2930,2592,8744,12088,9151,16461,1,1,278,368,924,1750,1174,2877,1483,4354,2138,3716,1433,1560,4957,7211,3995,8341,69730,44600,6458,1955,27812,0,0,15,6
2021-03-08T23:59:59+01:00,4,2,2214,2347,3465,5105,3384,7387,3950,9923,4886,8271,2489,2328,6807,9689,9030,16283,1,1,278,365,923,1740,1168,2861,1477,4343,2134,3709,1422,1553,4941,7191,3988,8331,64023,44491,6121,1929,27405,0,0,15,6
2021-03-07T23:59:59+01:00,4,2,2152,2291,3369,4997,3287,7298,3851,9836,4749,8176,2438,2276,6784,9668,9030,16275,1,1,278,364,922,1740,1168,2859,1477,4343,2134,3709,1422,1553,4940,7191,3988,8331,63894,44488,5438,1927,27136,0,0,15,6
2021-03-06T23:59:59+01:00,4,2,2144,2278,3355,4987,3283,7293,3842,9826,4739,8171,2436,2273,6738,9598,8998,16225,1,1,278,364,921,1736,1167,2858,1477,4340,2130,3704,1421,1548,4934,7186,3986,8321,63683,44440,5378,1927,27116,0,0,15,6
2021-03-05T23:59:59+01:00,4,2,2014,2192,3130,4801,3044,6981,3564,9431,4405,7834,2347,2211,6530,9276,8801,15959,1,1,278,362,919,1733,1167,2857,1476,4334,2127,3698,1415,1546,4928,7180,3985,8314,62689,44388,4531,1927,25291,0,0,15,6
2021-03-04T23:59:59+01:00,4,2,1763,1972,2717,4364,2586,6342,2998,8531,3720,7022,2128,2051,6234,8909,8517,15496,1,1,275,361,918,1725,1165,2840,1475,4318,2118,3686,1404,1544,4916,7166,3978,8303,61028,44264,3251,1924,21062,0,0,15,6
2021-03-03T23:59:59+01:00,4,2,1693,1884,2610,4181,2453,6115,2857,8242,3533,6759,2044,1973,5893,8433,8151,14907,1,1,274,357,918,1715,1162,2817,1471,4294,2113,3671,1379,1532,4911,7160,3974,8295,59000,44116,3107,1924,19612,0,0,15,5
2021-03-02T23:59:59+01:00,4,2,1658,1808,2540,4060,2372,5963,2750,8061,3419,6607,1969,1905,5576,7992,7739,14229,1,1,272,352,915,1696,1159,2797,1468,4276,2112,3660,1354,1526,4901,7143,3969,8287,56870,43960,2865,1924,18904,0,0,15,5
2021-03-01T23:59:59+01:00,2,2,1648,1781,2502,3952,2324,5848,2714,7960,3366,6528,1927,1884,5438,7829,7258,13352,1,1,271,350,911,1690,1157,2785,1466,4263,2110,3645,1349,1521,4898,7141,3967,8280,54989,43877,2854,1924,18457,0,0,15,5
2021-02-28T23:59:59+01:00,2,2,1632,1743,2468,3880,2294,5793,2671,7879,3339,6480,1921,1880,5430,7824,7221,13292,1,1,271,350,910,1690,1157,2785,1466,4262,2110,3644,1349,1521,4898,7140,3967,8280,54864,43874,2852,1923,18020,0,0,15,5
2021-02-27T23:59:59+01:00,2,2,1630,1736,2465,3873,2291,5793,2669,7878,3336,6478,1915,1870,5420,7780,7048,13068,1,1,271,350,900,1685,1147,2778,1456,4253,2093,3635,1348,1518,4898,7139,3967,8280,54393,43870,2852,1845,17994,0,0,15,5
2021-02-26T23:59:59+01:00,2,1,1441,1576,2336,3632,2213,5385,2576,7374,3249,6020,1900,1846,5395,7747,6778,12673,1,1,269,348,892,1678,1139,2758,1450,4231,2083,3622,1341,1509,4891,7127,3963,8267,53634,43789,2832,1776,15663,0,0,15,5
2021-02-25T23:59:59+01:00,2,1,1228,1294,2116,3201,2041,4635,2378,6434,3007,5124,1809,1774,5343,7667,6195,11820,1,1,267,340,885,1618,1105,2663,1417,4120,2027,3547,1303,1488,4847,7085,3943,8212,51731,43316,2820,1548,11505,0,0,13,5
2021-02-24T23:59:59+01:00,2,1,1175,1086,2011,2938,1935,4297,2245,6030,2837,4855,1732,1719,5282,7578,5428,10628,1,1,265,334,848,1570,1055,2572,1356,4004,1938,3419,1263,1460,4829,7058,3933,8191,49374,43051,2809,1041,9583,0,0,13,5
2021-02-23T23:59:59+01:00,2,1,1158,1035,1976,2874,1909,4199,2219,5945,2803,4792,1723,1704,5246,7530,4782,9595,1,1,265,333,821,1543,1005,2520,1303,3926,1832,3344,1211,1433,4805,7032,3920,8153,47575,42845,2782,598,9124,0,0,12,5
2021-02-22T23:59:59+01:00,2,1,1150,993,1927,2730,1865,4053,2163,5751,2749,4687,1712,1693,5212,7482,4167,8702,1,1,264,324,779,1505,952,2437,1214,3818,1693,3246,1121,1374,4761,6960,3891,8042,45947,42368,2764,10,8317,0,0,11,5
2021-02-21T23:59:59+01:00,2,1,1147,979,1898,2668,1838,3956,2136,5646,2729,4624,1705,1687,5209,7473,4167,8698,1,1,262,322,774,1499,944,2405,1212,3781,1680,3206,1112,1359,4743,6933,3866,7998,45894,42083,2754,10,7904,0,0,11,5
2021-02-20T23:59:59+01:00,2,1,1147,979,1897,2667,1837,3956,2136,5646,2727,4618,1696,1678,5202,7466,4165,8695,1,1,262,322,774,1498,943,2401,1211,3777,1679,3204,1112,1359,4690,6873,3819,7940,45879,41852,2726,9,7899,0,0,11,5
2021-02-19T23:59:59+01:00,2,1,1147,977,1894,2662,1837,3946,2135,5637,2723,4614,1677,1669,5187,7448,4162,8690,1,1,261,320,770,1488,934,2376,1204,3735,1650,3151,1084,1320,4497,6620,3640,7639,45799,40677,2704,9,7894,0,0,11,5
2021-02-18T23:59:59+01:00,2,1,1116,895,1854,2543,1798,3809,2082,5431,2662,4441,1660,1652,5171,7416,4157,8661,1,1,234,291,725,1363,885,2170,1118,3397,1533,2854,972,1130,4000,5836,3223,6734,45647,36453,2671,9,7022,0,0,11,5
2021-02-17T23:59:59+01:00,2,1,1070,768,1773,2311,1721,3513,1973,5071,2587,4194,1635,1643,5150,7401,4148,8658,1,1,229,288,715,1345,876,2148,1106,3362,1514,2833,966,1127,3617,5309,2923,6307,45606,34653,2611,9,5391,0,0,11,5
2021-02-16T23:59:59+01:00,2,1,1029,729,1718,2207,1652,3341,1903,4865,2508,4086,1595,1629,5123,7378,4139,8646,1,1,222,282,698,1309,854,2094,1075,3244,1475,2746,942,1103,3259,4759,2579,5809,45552,32442,2444,6,4546,0,0,9,4
2021-02-15T23:59:59+01:00,2,1,1023,710,1698,2130,1634,3241,1884,4756,2494,4007,1565,1615,5093,7362,4106,8590,1,1,210,272,682,1274,835,2044,1054,3179,1433,2681,912,1072,2830,4200,2241,5230,45425,30142,2358,5,4119,0,0,9,4
2021-02-14T23:59:59+01:00,2,1,929,677,1622,2097,1572,3222,1841,4734,2459,3994,1558,1613,5084,7350,4103,8584,1,1,203,261,673,1256,817,2004,1038,3113,1402,2613,882,1026,2738,4059,2162,5032,45381,29274,2323,4,3730,0,0,8,3
2021-02-13T23:59:59+01:00,2,1,877,653,1592,2074,1557,3213,1825,4727,2451,3993,1557,1612,5084,7349,4102,8583,1,1,201,260,671,1255,817,2000,1038,3111,1401,2610,881,1025,2634,3933,2096,4931,45374,28860,2323,3,3547,0,0,8,3
2021-02-12T23:59:59+01:00,2,1,550,507,1244,1957,1386,3111,1685,4645,2344,3923,1538,1604,5074,7338,4092,8573,1,1,189,254,656,1229,803,1956,1011,3025,1346,2510,819,950,2406,3616,1948,4607,45252,27322,2323,2,1991,0,0,8,3
2021-02-11T23:59:59+01:00,2,1,389,433,1056,1843,1283,2993,1588,4530,2255,3833,1429,1559,5011,7286,4069,8523,1,1,153,192,557,985,667,1510,811,2353,1066,1917,576,697,1788,2728,1436,3325,44895,20761,2115,1,1065,0,0,8,1
2021-02-10T23:59:59+01:00,2,1,276,364,929,1737,1181,2871,1493,4345,2141,3711,1390,1546,4990,7275,4065,8521,1,1,132,129,387,625,494,1021,642,1741,898,1583,555,681,1382,2168,1120,2822,44819,16381,2006,0,6,0,0,7,1
2021-02-09T23:59:59+01:00,2,1,276,363,928,1731,1178,2862,1493,4339,2140,3706,1382,1543,4988,7273,4064,8519,1,1,129,127,378,592,475,994,620,1712,873,1552,553,678,998,1700,840,2414,44794,14637,1982,0,5,0,0,7,0
2021-02-08T23:59:59+01:00,2,1,276,361,927,1729,1175,2852,1486,4334,2138,3702,1377,1539,4986,7273,4063,8516,1,1,124,121,367,579,467,974,609,1679,855,1526,545,673,604,1209,534,1985,44766,12853,1959,0,5,0,0,7,0
2021-02-07T23:59:59+01:00,2,1,276,361,924,1729,1174,2852,1484,4332,2138,3702,1377,1539,4986,7272,4062,8516,1,1,120,118,362,575,466,967,606,1667,845,1510,537,670,603,1199,529,1970,44762,12746,1958,0,0,0,0,7,0
2021-02-06T23:59:59+01:00,2,1,276,361,924,1729,1174,2852,1484,4332,2138,3702,1377,1539,4986,7272,4062,8516,1,1,117,115,360,571,465,965,606,1665,845,1509,536,669,603,1199,529,1970,44762,12726,1958,0,0,0,0,7,0
2021-02-05T23:59:59+01:00,2,1,275,360,922,1729,1174,2851,1482,4331,2137,3702,1377,1539,4985,7270,4062,8513,1,1,116,106,357,566,457,952,602,1655,832,1486,531,659,597,1183,519,1945,44747,12565,1958,0,0,0,0,7,0
2021-02-04T23:59:59+01:00,2,1,271,355,916,1690,1166,2804,1482,4279,2126,3659,1369,1532,4956,7238,4050,8479,1,0,88,71,239,393,331,694,473,1263,622,1118,401,521,502,967,454,1679,44411,9817,1957,0,0,0,0,7,0
2021-02-03T23:59:59+01:00,2,1,269,345,912,1665,1162,2769,1471,4229,2117,3623,1361,1516,4931,7208,4036,8448,1,0,54,34,85,168,152,347,230,596,299,545,211,278,288,603,265,1047,44101,5203,1957,0,0,0,0,7,0
2021-02-02T23:59:59+01:00,2,1,268,343,911,1653,1158,2750,1468,4197,2110,3597,1353,1510,4923,7194,4028,8422,1,0,15,10,29,53,61,101,73,165,95,124,45,75,70,133,57,208,43924,1315,1957,0,0,0,0,7,0
2021-02-01T23:59:59+01:00,2,1,268,338,911,1650,1157,2749,1467,4193,2109,3591,1352,1509,4921,7193,4028,8422,1,0,13,9,25,46,51,92,60,140,73,105,39,67,62,124,55,195,43897,1157,1957,0,0,0,0,7,0
2021-01-31T23:59:59+01:00,2,1,268,337,911,1646,1156,2744,1467,4188,2109,3588,1351,1509,4920,7192,4028,8422,1,0,12,8,22,41,44,84,54,129,63,99,34,56,53,114,52,187,43877,1053,1955,0,0,0,0,7,0
2021-01-30T23:59:59+01:00,2,1,268,337,906,1643,1148,2736,1459,4182,2105,3585,1351,1509,4867,7132,3982,8364,1,0,12,8,22,39,44,84,53,128,63,99,34,56,53,114,52,187,43649,1049,1921,0,0,0,0,7,0
2021-01-29T23:59:59+01:00,2,1,267,335,891,1635,1136,2715,1447,4152,2081,3558,1342,1503,4702,6931,3814,8155,1,0,10,8,22,39,41,84,52,126,60,98,33,52,52,114,52,187,42851,1031,1809,0,0,0,0,7,0
2021-01-28T23:59:59+01:00,2,1,263,322,872,1549,1097,2605,1410,4050,2011,3484,1316,1490,4365,6461,3537,7796,1,0,7,4,10,19,22,42,21,58,35,65,20,34,36,74,40,125,41059,613,1565,0,0,0,0,7,0
2021-01-27T23:59:59+01:00,2,1,257,319,830,1494,1050,2511,1346,3952,1937,3377,1276,1463,3952,5888,3210,7324,1,0,3,4,10,9,11,21,8,23,14,31,12,15,18,42,17,63,39070,302,1112,0,0,0,0,7,0
2021-01-26T23:59:59+01:00,2,1,250,310,793,1447,983,2426,1285,3825,1821,3270,1215,1411,3602,5329,2855,6801,1,0,1,1,6,4,4,7,4,3,3,9,7,5,5,7,4,8,36956,79,665,0,0,0,0,5,0
2021-01-25T23:59:59+01:00,2,1,240,301,742,1386,922,2307,1183,3680,1662,3148,1135,1379,3203,4814,2538,6325,1,0,1,1,6,3,2,7,2,2,3,9,7,5,5,7,4,8,34901,73,63,0,0,0,0,4,0
2021-01-24T23:59:59+01:00,2,1,237,301,736,1382,911,2291,1178,3664,1634,3118,1129,1376,3176,4778,2521,6303,1,0,1,1,4,3,2,7,2,2,3,9,7,5,5,7,4,8,34726,71,9,0,0,0,0,3,0
2021-01-23T23:59:59+01:00,2,1,236,300,735,1381,911,2287,1177,3662,1631,3116,1128,1376,3070,4652,2454,6201,1,0,1,1,4,3,2,7,2,2,3,9,7,5,5,7,4,8,34309,71,8,0,0,0,0,3,0
2021-01-22T23:59:59+01:00,2,1,235,297,732,1365,909,2274,1171,3646,1627,3112,1126,1375,2908,4457,2351,6056,1,0,1,1,4,3,2,7,2,2,3,9,7,5,5,7,4,8,33633,71,8,0,0,0,0,3,0
2021-01-21T23:59:59+01:00,2,1,230,269,668,1209,842,2062,1090,3362,1531,2909,1083,1332,2560,3993,2056,5614,1,0,1,0,3,2,2,7,2,2,3,9,7,4,5,7,4,8,30804,67,8,0,0,0,0,1,0
2021-01-20T23:59:59+01:00,2,1,206,206,508,857,667,1571,889,2662,1294,2442,985,1197,2020,3240,1632,4803,1,0,1,0,3,2,2,7,2,2,3,7,6,4,5,7,4,8,25174,64,8,0,0,0,0,0,0
2021-01-19T23:59:59+01:00,2,1,181,189,460,746,612,1416,803,2365,1119,2134,817,939,1366,2298,1146,3671,0,0,0,0,2,1,0,0,0,0,2,1,1,0,0,0,0,0,20261,7,4,0,0,0,0,0,0
2021-01-18T23:59:59+01:00,1,1,137,134,384,622,489,1060,647,1823,927,1642,605,729,692,1348,601,2240,0,0,0,0,1,0,0,0,0,0,1,0,0,0,0,0,0,0,14079,2,3,0,0,0,0,0,0
2021-01-17T23:59:59+01:00,1,1,126,119,369,587,474,995,618,1706,868,1543,556,688,641,1245,555,2075,0,0,0,0,0,0,0,0,0,0,0,0,0,0,0,0,0,0,13166,0,1,0,0,0,0,0,0
2021-01-16T23:59:59+01:00,1,1,119,115,366,583,472,983,612,1693,862,1536,555,687,640,1239,550,2061,0,0,0,0,0,0,0,0,0,0,0,0,0,0,0,0,0,0,13074,0,1,0,0,0,0,0,0
2021-01-15T23:59:59+01:00,1,1,117,108,363,577,464,967,608,1682,848,1512,549,674,632,1222,542,2036,0,0,0,0,0,0,0,0,0,0,0,0,0,0,0,0,0,0,12903,0,0,0,0,0,0,0,0
2021-01-14T23:59:59+01:00,1,1,97,87,280,468,392,788,504,1411,692,1223,431,541,549,1023,479,1836,0,0,0,0,0,0,0,0,0,0,0,0,0,0,0,0,0,0,10803,0,0,0,0,0,0,0,0
2021-01-13T23:59:59+01:00,1,1,67,47,168,285,257,521,353,923,472,787,264,328,333,673,308,1166,0,0,0,0,0,0,0,0,0,0,0,0,0,0,0,0,0,0,6954,0,0,0,0,0,0,0,0
2021-01-12T23:59:59+01:00,1,1,31,20,54,104,115,215,151,383,195,336,137,180,174,372,177,647,0,0,0,0,0,0,0,0,0,0,0,0,0,0,0,0,0,0,3293,0,0,0,0,0,0,0,0
2021-01-11T23:59:59+01:00,1,0,17,10,38,66,63,114,78,170,89,127,40,67,66,130,55,200,0,0,0,0,0,0,0,0,0,0,0,0,0,0,0,0,0,0,1331,0,0,0,0,0,0,0,0
2021-01-10T23:59:59+01:00,1,0,14,7,31,55,56,102,68,155,73,113,34,57,56,119,50,190,0,0,0,0,0,0,0,0,0,0,0,0,0,0,0,0,0,0,1181,0,0,0,0,0,0,0,0
2021-01-09T23:59:59+01:00,1,0,13,7,30,53,55,101,65,154,73,111,34,57,56,119,50,190,0,0,0,0,0,0,0,0,0,0,0,0,0,0,0,0,0,0,1169,0,0,0,0,0,0,0,0
2021-01-08T23:59:59+01:00,1,0,10,7,28,50,50,96,60,141,67,107,32,52,55,119,50,190,0,0,0,0,0,0,0,0,0,0,0,0,0,0,0,0,0,0,1115,0,0,0,0,0,0,0,0
2021-01-07T23:59:59+01:00,1,0,7,4,10,20,22,43,23,56,36,67,19,35,40,79,39,126,0,0,0,0,0,0,0,0,0,0,0,0,0,0,0,0,0,0,627,0,0,0,0,0,0,0,0
2021-01-06T23:59:59+01:00,1,0,7,4,10,16,14,30,15,40,25,55,16,25,33,69,37,110,0,0,0,0,0,0,0,0,0,0,0,0,0,0,0,0,0,0,507,0,0,0,0,0,0,0,0
2021-01-05T23:59:59+01:00,1,0,7,4,10,16,14,30,15,40,25,55,16,25,32,69,37,110,0,0,0,0,0,0,0,0,0,0,0,0,0,0,0,0,0,0,506,0,0,0,0,0,0,0,0
2021-01-04T23:59:59+01:00,1,0,2,4,9,6,4,14,4,8,6,18,7,5,9,16,5,15,0,0,0,0,0,0,0,0,0,0,0,0,0,0,0,0,0,0,133,0,0,0,0,0,0,0,0
2021-01-03T23:59:59+01:00,1,0,1,1,4,3,2,7,3,3,3,10,5,4,6,8,4,9,0,0,0,0,0,0,0,0,0,0,0,0,0,0,0,0,0,0,74,0,0,0,0,0,0,0,0
2021-01-02T23:59:59+01:00,1,0,1,1,4,3,2,7,3,3,3,10,5,4,6,8,4,9,0,0,0,0,0,0,0,0,0,0,0,0,0,0,0,0,0,0,74,0,0,0,0,0,0,0,0
2021-01-01T23:59:59+01:00,1,0,1,1,4,3,2,7,2,3,3,10,5,4,6,8,4,9,0,0,0,0,0,0,0,0,0,0,0,0,0,0,0,0,0,0,73,0,0,0,0,0,0,0,0
2020-12-31T23:59:59+01:00,1,0,1,1,4,2,2,7,2,2,3,9,5,4,6,8,4,9,0,0,0,0,0,0,0,0,0,0,0,0,0,0,0,0,0,0,70,0,0,0,0,0,0,0,0
2020-12-30T23:59:59+01:00,1,0,1,1,4,2,2,7,2,2,3,7,5,4,6,8,4,9,0,0,0,0,0,0,0,0,0,0,0,0,0,0,0,0,0,0,68,0,0,0,0,0,0,0,0
2020-12-29T23:59:59+01:00,1,0,1,1,3,1,2,6,2,2,3,6,3,2,5,8,3,8,0,0,0,0,0,0,0,0,0,0,0,0,0,0,0,0,0,0,57,0,0,0,0,0,0,0,0
2020-12-28T23:59:59+01:00,1,0,0,0,3,1,0,2,1,0,1,3,0,1,0,1,1,5,0,0,0,0,0,0,0,0,0,0,0,0,0,0,0,0,0,0,20,0,0,0,0,0,0,0,0
2020-12-27T23:59:59+01:00,0,0,0,0,0,0,0,1,1,0,1,2,0,1,0,1,1,5,0,0,0,0,0,0,0,0,0,0,0,0,0,0,0,0,0,0,13,0,0,0,0,0,0,0,0
