Datum,<15_m,<15_w,15-24_1_m,15-24_1_w,25-34_1_m,25-34_1_w,35-44_1_m,35-44_1_w,45-54_1_m,45-54_1_w,55-64_1_m,55-64_1_w,65-74_1_m,65-74_1_w,75-84_1_m,75-84_1_w,>84_1_m,>84_1_w,<24_2_m,<24_2_w,25-34_2_m,25-34_2_w,35-44_2_m,35-44_2_w,45-54_2_m,45-54_2_w,55-64_2_m,55-64_2_w,65-74_2_m,65-74_2_w,75-84_2_m,75-84_2_w,>84_2_m,>84_2_w,bp_1,bp_2,mo_1,mo_2,az_1,az_2,ja,unb_1,unb_2
2021-10-06T23:59:59+02:00,5451,5221,43681,41924,57478,50039,61567,58028,73251,71608,87660,85707,60584,64715,39650,50931,12570,22571,39469,37737,53554,45719,58015,53797,69327,67026,83733,81700,58468,62302,38312,49098,12050,21551,662181,619097,79291,76035,109629,103741,41506,49,59
2021-10-05T23:59:59+02:00,5412,5185,43554,41783,57368,49905,61452,57954,73182,71545,87601,85645,60558,64693,39638,50911,12562,22558,39339,37593,53438,45591,57922,53682,69229,66952,83675,81642,58443,62270,38294,49074,12044,21547,661133,617972,79287,76032,109629,103740,41428,49,59
2021-10-04T23:59:59+02:00,5383,5172,43476,41714,57299,49831,61404,57913,73126,71501,87569,85620,60539,64675,39634,50904,12560,22550,39266,37541,53370,45530,57885,53633,69192,66900,83645,81615,58419,62250,38285,49066,12043,21545,660591,617502,79283,76010,109629,103736,41338,49,59
2021-10-03T23:59:59+02:00,5373,5156,43448,41677,57246,49796,61368,57879,73097,71475,87545,85596,60529,64667,39623,50897,12557,22539,39236,37510,53340,45511,57860,53604,69172,66880,83625,81597,58408,62237,38279,49064,12042,21539,660267,617280,79281,76009,109629,103736,41262,49,59
2021-10-02T23:59:59+02:00,5373,5156,43447,41676,57243,49795,61368,57879,73097,71475,87545,85596,60529,64667,39623,50897,12557,22539,39236,37510,53340,45511,57860,53604,69172,66880,83625,81597,58408,62237,38279,49064,12042,21539,660263,617280,79279,76009,109629,103736,41262,49,59
2021-10-01T23:59:59+02:00,5360,5135,43372,41608,57176,49731,61306,57844,73045,71436,87507,85565,60514,64657,39618,50889,12557,22539,39180,37455,53292,45483,57820,53566,69137,66853,83601,81574,58401,62236,38276,49062,12042,21538,659781,616985,79278,76008,109629,103735,41142,49,59
2021-09-30T23:59:59+02:00,5289,5055,43194,41418,57017,49563,61185,57698,72950,71329,87434,85517,60491,64619,39598,50868,12553,22531,38950,37189,53133,45293,57681,53399,69037,66734,83527,81501,58384,62200,38260,49036,12036,21535,658469,615348,79266,76008,109629,103732,40916,49,59
2021-09-29T23:59:59+02:00,5256,5018,43057,41268,56879,49431,61089,57597,72866,71241,87377,85468,60467,64596,39581,50850,12549,22521,38763,36969,52992,45144,57589,53273,68943,66627,83461,81417,58342,62174,38248,49020,12033,21526,657458,613998,79240,76004,109629,103731,40755,49,59
2021-09-28T23:59:59+02:00,5214,4974,42849,41110,56734,49294,60985,57491,72781,71151,87314,85401,60437,64572,39566,50829,12542,22500,38568,36782,52850,45010,57490,53161,68860,66543,83385,81347,58314,62143,38232,49000,12031,21519,656262,612765,79231,76003,109628,103729,40594,49,59
2021-09-27T23:59:59+02:00,5184,4952,42759,41031,56642,49212,60901,57412,72719,71097,87265,85359,60415,64542,39544,50807,12534,22468,38481,36724,52771,44959,57417,53107,68823,66500,83342,81313,58291,62121,38222,48985,12029,21510,655611,612376,79225,75972,109628,103723,40350,49,59
2021-09-26T23:59:59+02:00,5171,4926,42715,40998,56611,49178,60882,57389,72695,71077,87251,85337,60405,64533,39540,50802,12533,22467,38459,36708,52738,44930,57395,53090,68801,66477,83323,81299,58285,62113,38217,48981,12029,21510,655364,612206,79220,75967,109628,103723,40269,49,59
2021-09-25T23:59:59+02:00,5171,4925,42711,40996,56611,49177,60882,57388,72694,71075,87251,85337,60405,64533,39540,50802,12533,22467,38455,36705,52737,44930,57395,53088,68800,66475,83323,81299,58284,62112,38217,48981,12029,21510,655358,612195,79218,75967,109628,103723,40265,49,59
2021-09-24T23:59:59+02:00,5152,4914,42626,40915,56547,49112,60816,57332,72633,71015,87213,85298,60393,64524,39535,50798,12532,22465,38398,36654,52687,44886,57345,53046,68754,66420,83290,81275,58273,62106,38214,48978,12028,21508,655011,612036,79215,75964,109628,103723,39936,49,59
2021-09-23T23:59:59+02:00,5080,4812,42355,40642,56321,48901,60644,57132,72479,70877,87079,85204,60338,64478,39515,50760,12525,22434,38160,36476,52497,44721,57196,52906,68623,66310,83190,81190,58236,62067,38201,48952,12021,21491,653401,610881,79202,75953,109627,103721,39315,49,59
2021-09-22T23:59:59+02:00,5041,4757,42201,40457,56144,48723,60497,56976,72368,70738,86986,85119,60301,64426,39493,50722,12522,22419,38023,36330,52336,44588,57067,52781,68546,66210,83102,81108,58203,62031,38184,48931,12018,21481,652084,609852,79188,75949,109626,103719,38961,49,59
2021-09-21T23:59:59+02:00,5005,4701,42001,40210,55921,48497,60333,56827,72276,70618,86898,85038,60258,64381,39474,50682,12513,22404,37862,36184,52185,44448,56947,52684,68478,66130,83025,81043,58174,62007,38159,48908,12012,21468,650502,608816,79187,75949,109626,103718,38691,49,59
2021-09-20T23:59:59+02:00,4980,4679,41895,40129,55791,48403,60230,56744,72198,70553,86840,84982,60233,64361,39461,50662,12507,22386,37780,36113,52070,44374,56863,52624,68416,66079,82974,81001,58151,61989,38149,48881,12009,21463,649797,608370,79177,75897,109626,103705,38403,49,59
2021-09-19T23:59:59+02:00,4975,4675,41851,40101,55717,48357,60182,56703,72157,70539,86813,84968,60226,64352,39460,50654,12507,22384,37748,36090,52025,44358,56829,52613,68380,66063,82952,80984,58143,61983,38146,48877,12009,21461,649541,608237,79175,75895,109623,103704,38251,49,59
2021-09-18T23:59:59+02:00,4973,4673,41839,40095,55699,48343,60163,56693,72145,70526,86803,84964,60221,64349,39459,50654,12507,22383,37744,36087,52009,44353,56816,52603,68371,66055,82942,80980,58138,61980,38144,48875,12009,21461,649486,608221,79174,75895,109623,103704,38173,49,59
2021-09-17T23:59:59+02:00,4918,4623,41692,39975,55582,48197,60021,56569,72009,70409,86734,84891,60185,64327,39450,50648,12504,22377,37637,36001,51913,44236,56725,52511,68263,65979,82882,80922,58107,61963,38137,48867,12007,21457,648655,607751,79174,75895,109623,103704,37624,49,59
2021-09-16T23:59:59+02:00,4821,4522,41406,39703,55327,47910,59787,56299,71819,70228,86604,84759,60134,64272,39427,50625,12494,22361,37361,35785,51713,44004,56545,52308,68118,65836,82772,80827,58054,61927,38119,48843,11998,21446,646731,606282,79170,75890,109607,103689,36955,49,59
2021-09-15T23:59:59+02:00,4756,4459,41164,39447,55082,47627,59572,56082,71661,70085,86485,84653,60091,64217,39398,50596,12486,22338,37152,35600,51539,43795,56404,52165,68012,65735,82677,80724,58008,61895,38095,48818,11995,21432,644939,605074,79168,75887,109607,103689,36448,49,59
2021-09-14T23:59:59+02:00,4728,4432,41041,39323,54952,47535,59483,55967,71564,69993,86408,84594,60072,64190,39384,50584,12483,22333,37079,35527,51447,43739,56331,52095,67937,65673,82618,80687,57991,61869,38080,48798,11989,21424,644181,604661,79168,75887,109607,103688,36073,49,59
2021-09-13T23:59:59+02:00,4700,4418,40939,39218,54861,47440,59419,55866,71492,69938,86365,84554,60041,64159,39378,50573,12479,22328,37005,35457,51360,43678,56272,52030,67872,65639,82578,80660,57968,61842,38071,48787,11988,21418,643473,604216,79167,75836,109606,103673,35885,49,59
2021-09-12T23:59:59+02:00,4691,4404,40908,39191,54840,47417,59394,55836,71465,69907,86351,84534,60033,64151,39376,50570,12477,22324,36968,35427,51342,43659,56247,52012,67852,65610,82557,80641,57957,61829,38066,48776,11988,21416,643263,604012,79158,75831,109605,103671,35806,49,59
2021-09-11T23:59:59+02:00,4682,4402,40893,39165,54811,47390,59375,55819,71441,69895,86340,84526,60032,64148,39375,50569,12477,22322,36951,35416,51320,43640,56234,51999,67829,65599,82544,80637,57955,61828,38064,48776,11988,21415,643167,603967,79158,75830,109605,103671,35695,49,59
2021-09-10T23:59:59+02:00,4637,4363,40712,38990,54654,47255,59258,55667,71314,69793,86251,84443,60004,64120,39364,50557,12473,22315,36825,35327,51211,43549,56144,51908,67736,65532,82472,80582,57936,61807,38055,48762,11981,21409,642255,603551,79156,75830,109605,103671,35115,49,59
2021-09-09T23:59:59+02:00,4563,4276,40468,38771,54457,47031,59081,55447,71167,69627,86146,84349,59978,64075,39341,50528,12464,22309,36614,35151,51036,43398,55991,51743,67593,65411,82364,80503,57897,61761,38038,48741,11976,21401,640761,602413,79155,75828,109605,103671,34517,49,58
2021-09-08T23:59:59+02:00,4464,4182,40240,38511,54258,46849,58906,55278,71054,69509,86053,84270,59941,64035,39333,50496,12458,22302,36328,34881,50801,43183,55790,51558,67458,65282,82250,80398,57864,61705,38015,48702,11965,21387,639333,600663,79150,75820,109605,103671,34010,49,58
2021-09-07T23:59:59+02:00,4391,4121,40036,38340,54128,46730,58804,55172,70977,69421,85991,84203,59917,64006,39322,50479,12455,22299,36200,34772,50697,43102,55708,51494,67389,65214,82185,80341,57831,61673,38003,48679,11958,21379,638322,600005,79142,75807,109601,103670,33685,49,58
2021-09-06T23:59:59+02:00,4350,4073,39930,38239,54049,46657,58736,55096,70931,69365,85946,84164,59897,63990,39319,50474,12453,22295,36085,34656,50601,43032,55624,51409,67330,65143,82130,80279,57804,61642,37991,48666,11957,21377,637638,599242,79142,75769,109600,103658,33542,49,58
2021-09-05T23:59:59+02:00,4337,4056,39895,38209,54027,46626,58700,55069,70903,69341,85922,84141,59894,63987,39316,50469,12452,22291,36059,34635,50573,43010,55591,51389,67311,65126,82112,80263,57796,61637,37988,48660,11955,21374,637415,599093,79141,75765,109599,103658,33438,49,58
2021-09-04T23:59:59+02:00,4337,4054,39886,38207,54024,46618,58699,55067,70901,69337,85918,84134,59894,63985,39316,50469,12452,22291,36048,34632,50570,43003,55587,51388,67309,65122,82109,80259,57795,61635,37988,48660,11955,21374,637396,599078,79141,75764,109599,103656,33411,49,58
2021-09-03T23:59:59+02:00,4298,4024,39772,38091,53923,46547,58617,54984,70831,69277,85853,84103,59876,63969,39310,50464,12449,22288,35969,34562,50485,42957,55525,51334,67250,65079,82063,80227,57780,61621,37980,48654,11949,21373,636814,598761,79141,75759,109599,103656,33080,49,58
2021-09-02T23:59:59+02:00,4259,3982,39595,37933,53779,46388,58477,54856,70704,69159,85775,84038,59828,63932,39287,50437,12447,22278,35842,34479,50372,42872,55425,51245,67150,64998,81990,80165,57733,61589,37963,48631,11943,21366,635805,598202,79141,75758,109599,103651,32567,49,58
2021-09-01T23:59:59+02:00,4198,3912,39401,37761,53615,46245,58359,54741,70613,69071,85714,83962,59784,63900,39271,50424,12445,22267,35509,34133,50142,42612,55228,51051,66989,64831,81858,80057,57684,61532,37931,48604,11938,21360,634679,595987,79130,75748,109598,103650,32234,49,58
2021-08-31T23:59:59+02:00,4147,3865,39264,37610,53484,46132,58255,54635,70526,68997,85636,83906,59754,63871,39254,50395,12443,22264,35389,34029,50000,42513,55116,50967,66895,64764,81776,80003,57644,61497,37917,48584,11932,21357,633744,595408,79128,75747,109596,103423,31929,48,58
2021-08-30T23:59:59+02:00,4096,3821,39152,37486,53378,46048,58168,54556,70464,68918,85575,83859,59737,63846,39242,50384,12441,22258,35316,33956,49923,42451,55039,50896,66835,64702,81722,79945,57616,61469,37902,48562,11931,21346,632903,594816,79125,75712,109596,103411,31764,48,58
2021-08-29T23:59:59+02:00,4085,3812,39134,37467,53360,46031,58153,54537,70456,68908,85559,83842,59735,63844,39239,50380,12440,22257,35287,33931,49893,42432,55027,50870,66812,64675,81699,79930,57606,61453,37897,48556,11928,21345,632784,594618,79122,75695,109596,103411,31696,48,58
2021-08-28T23:59:59+02:00,4085,3812,39133,37467,53359,46029,58152,54537,70455,68906,85559,83842,59735,63844,39239,50380,12440,22257,35287,33930,49893,42432,55024,50870,66811,64674,81699,79930,57606,61453,37897,48556,11928,21345,632779,594615,79122,75695,109596,103411,31693,48,58
2021-08-27T23:59:59+02:00,4049,3770,39011,37367,53259,45923,58069,54443,70365,68828,85498,83783,59709,63820,39227,50370,12440,22255,35185,33870,49793,42370,54950,50798,66721,64611,81645,79892,57581,61433,37886,48545,11927,21344,632139,594211,79122,75695,109591,103409,31293,48,58
2021-08-26T23:59:59+02:00,3966,3707,38814,37185,53087,45755,57932,54291,70236,68712,85371,83691,59661,63772,39203,50350,12433,22245,35010,33696,49639,42204,54789,50638,66593,64482,81500,79779,57534,61372,37857,48519,11922,21336,630944,593052,79119,75684,109585,103404,30722,48,58
2021-08-25T23:59:59+02:00,3871,3639,38644,36988,52932,45565,57818,54152,70136,68611,85277,83598,59625,63731,39185,50331,12431,22238,34625,33282,49366,41887,54551,50374,66399,64278,81320,79606,57445,61291,37835,48480,11910,21324,629701,590301,79118,75682,109585,103404,30327,48,58
2021-08-24T23:59:59+02:00,3850,3623,38556,36915,52852,45495,57762,54099,70082,68566,85232,83558,59593,63704,39176,50314,12428,22228,34477,33156,49245,41799,54463,50289,66296,64184,81228,79528,57397,61247,37827,48464,11905,21315,629262,589378,79114,75678,109583,103399,30033,48,58
2021-08-23T23:59:59+02:00,3823,3587,38460,36820,52772,45429,57707,54033,70023,68514,85178,83519,59575,63677,39166,50301,12426,22220,34337,33018,49120,41722,54362,50204,66202,64089,81140,79465,57361,61197,37807,48445,11904,21304,628729,588500,79112,75644,109581,103386,29767,48,58
2021-08-22T23:59:59+02:00,3815,3587,38432,36807,52757,45410,57690,54020,69997,68495,85161,83505,59565,63667,39164,50292,12421,22218,34289,32979,49092,41685,54326,50177,66159,64064,81105,79439,57346,61183,37804,48436,11899,21300,628626,588213,79110,75633,109580,103385,29646,48,58
2021-08-21T23:59:59+02:00,3813,3584,38413,36801,52748,45399,57675,54014,69983,68483,85155,83496,59558,63665,39163,50292,12421,22218,34277,32975,49082,41676,54312,50172,66147,64053,81099,79432,57342,61182,37804,48436,11899,21300,628586,588200,79109,75631,109579,103385,29566,48,58
2021-08-20T23:59:59+02:00,3793,3552,38343,36730,52664,45329,57599,53949,69910,68429,85093,83449,59541,63645,39160,50288,12421,22212,34177,32869,48967,41608,54220,50099,66052,63986,81029,79379,57322,61158,37798,48431,11898,21296,628220,587682,79107,75628,109579,103382,29160,48,58
2021-08-19T23:59:59+02:00,3765,3518,38171,36586,52502,45187,57475,53843,69778,68308,84996,83373,59511,63601,39145,50271,12417,22200,33826,32615,48679,41365,54003,49904,65844,63800,80853,79244,57266,61085,37752,48393,11893,21285,627321,585774,79105,75531,109570,103368,28610,48,58
2021-08-18T23:59:59+02:00,3715,3468,37981,36429,52375,45065,57378,53738,69668,68213,84920,83310,59472,63558,39129,50251,12415,22192,33444,32203,48376,41107,53746,49625,65626,63588,80668,79082,57183,60998,37716,48351,11889,21273,626318,583196,79102,75402,109567,103361,28249,48,58
2021-08-17T23:59:59+02:00,3653,3420,37818,36270,52255,44939,57296,53642,69573,68127,84848,83247,59437,63525,39116,50228,12410,22183,33053,31761,48049,40791,53455,49331,65378,63346,80468,78874,57072,60887,37674,48302,11877,21262,625357,580084,79102,75388,109562,103340,27925,48,58
2021-08-16T23:59:59+02:00,3597,3365,37670,36124,52158,44841,57221,53569,69503,68057,84792,83201,59415,63494,39101,50211,12404,22175,32493,31199,47657,40378,53063,48945,65073,63079,80246,78679,56995,60771,37642,48247,11868,21240,624429,576052,79098,75353,109562,103320,27768,48,58
2021-08-15T23:59:59+02:00,3588,3356,37636,36099,52125,44823,57194,53536,69488,68040,84781,83190,59403,63490,39098,50202,12404,22173,32415,31102,47584,40314,53000,48884,65029,63037,80203,78651,56977,60751,37634,48234,11867,21236,624240,575490,79098,75323,109561,103309,27686,48,58
2021-08-14T23:59:59+02:00,3584,3352,37628,36092,52120,44819,57188,53530,69484,68037,84773,83186,59396,63485,39098,50200,12404,22173,32407,31095,47574,40310,52992,48877,65026,63034,80196,78649,56972,60746,37634,48232,11867,21236,624210,575461,79095,75322,109561,103309,27642,48,58
2021-08-13T23:59:59+02:00,3567,3339,37558,36049,52060,44769,57120,53479,69415,67997,84708,83150,59374,63473,39087,50186,12401,22167,32266,30982,47445,40211,52871,48777,64924,62954,80106,78599,56949,60725,37621,48222,11865,21231,623904,574656,79095,75321,109561,103309,27298,48,58
2021-08-12T23:59:59+02:00,3527,3311,37429,35927,51971,44679,57049,53394,69321,67923,84633,83084,59346,63449,39075,50174,12401,22164,31737,30494,47060,39859,52479,48424,64598,62722,79885,78387,56857,60637,37577,48179,11860,21214,623184,571167,79095,75291,109559,103202,26978,48,58
2021-08-11T23:59:59+02:00,3485,3271,37271,35781,51859,44572,56926,53273,69225,67833,84550,83003,59306,63411,39054,50158,12397,22160,31093,29876,46553,39469,52050,47988,64295,62445,79672,78183,56761,60531,37541,48106,11847,21197,622281,567128,79089,75267,109557,103114,26567,48,58
2021-08-10T23:59:59+02:00,3437,3226,37112,35631,51745,44450,56820,53168,69159,67763,84483,82946,59282,63374,39036,50144,12390,22155,30206,28896,45816,38768,51382,47382,63910,62082,79425,77940,56656,60426,37496,48037,11839,21185,621334,560917,79087,75266,109554,103111,26305,48,58
2021-08-09T23:59:59+02:00,3401,3197,37018,35525,51668,44381,56760,53126,69128,67721,84453,82914,59265,63359,39024,50125,12389,22153,29495,28152,45147,38183,50811,46800,63538,61725,79148,77690,56535,60329,37452,47982,11832,21171,620748,556804,79086,73818,109553,103085,26179,48,58
2021-08-08T23:59:59+02:00,3392,3183,36992,35508,51643,44355,56742,53115,69110,67703,84433,82899,59262,63354,39019,50118,12388,22152,29370,28011,45003,38088,50715,46714,63482,61668,79100,77650,56500,60311,37442,47971,11832,21168,620572,555881,79085,73810,109552,103053,26118,48,58
2021-08-07T23:59:59+02:00,3392,3183,36990,35502,51633,44354,56740,53115,69106,67700,84432,82897,59261,63354,39019,50118,12388,22152,29361,28003,44989,38085,50714,46709,63479,61663,79097,77647,56497,60310,37441,47971,11832,21167,620564,555847,79084,73808,109552,103052,26095,48,58
2021-08-06T23:59:59+02:00,3381,3168,36922,35446,51552,44290,56673,53073,69064,67666,84400,82870,59249,63334,39008,50112,12385,22150,29123,27770,44780,37901,50530,46563,63341,61546,78997,77579,56472,60285,37426,47961,11829,21164,620283,554386,79081,73801,109552,103050,25786,48,58
2021-08-05T23:59:59+02:00,3348,3129,36770,35312,51438,44157,56552,52957,68948,67552,84275,82796,59206,63280,38985,50091,12376,22140,28422,27151,44192,37420,49974,46108,62982,61248,78705,77359,56363,60189,37386,47909,11821,21148,619483,550067,79080,73791,109552,102870,25156,48,58
2021-08-04T23:59:59+02:00,3289,3066,36569,35140,51286,44009,56412,52841,68823,67422,84160,82683,59138,63222,38967,50062,12371,22130,27278,26033,43231,36542,49014,45205,62389,60642,78208,76918,56153,60007,37326,47818,11808,21128,618387,541721,79069,73750,109552,102817,24541,48,58
2021-08-03T23:59:59+02:00,3216,3008,36353,34940,51128,43866,56287,52716,68689,67307,84072,82611,59095,63177,38946,50031,12362,22115,26200,24920,42299,35646,48116,44322,61847,60111,77758,76513,55984,59821,37265,47731,11788,21097,617019,533398,79061,73701,109548,102791,24250,48,58
2021-08-02T23:59:59+02:00,3172,2954,36210,34789,51017,43755,56194,52615,68603,67215,83986,82536,59056,63129,38931,50012,12354,22103,25299,23924,41449,34904,47386,43579,61363,59640,77372,76170,55820,59672,37214,47652,11771,21076,616042,526424,79060,73646,109547,102648,23941,48,58
2021-08-01T23:59:59+02:00,3167,2948,36193,34767,50990,43737,56174,52590,68573,67202,83972,82523,59050,63124,38929,50008,12354,22103,25040,23674,41202,34702,47154,43382,61222,59503,77256,76074,55784,59643,37199,47639,11767,21072,615898,524557,79057,73605,109546,102582,23862,48,58
2021-07-31T23:59:59+02:00,3166,2947,36188,34766,50990,43736,56172,52589,68572,67201,83972,82522,59050,63124,38929,50008,12354,22102,25033,23659,41194,34694,47149,43376,61213,59501,77254,76071,55784,59640,37199,47639,11767,21071,615885,524490,79057,73604,109546,102581,23859,48,58
2021-07-30T23:59:59+02:00,3149,2934,36127,34703,50920,43685,56109,52528,68516,67161,83934,82483,59038,63110,38925,50001,12351,22099,24713,23347,40921,34478,46890,43180,61024,59370,77104,75956,55753,59601,37185,47627,11767,21071,615595,522553,79053,73601,109543,102470,23541,48,58
2021-07-29T23:59:59+02:00,3126,2906,35986,34580,50789,43557,56015,52428,68445,67098,83863,82431,59012,63092,38913,49992,12351,22098,23759,22358,40039,33730,45989,42399,60476,58926,76743,75652,55633,59463,37145,47572,11760,21060,614717,515498,79034,73475,109543,102302,23347,48,58
2021-07-28T23:59:59+02:00,3077,2851,35742,34343,50564,43385,55812,52276,68298,66955,83749,82332,58960,63045,38891,49955,12341,22090,22542,21120,38715,32625,44675,41223,59674,58266,76237,75192,55438,59274,37076,47468,11746,21035,613332,505699,79028,73305,109542,102144,22723,48,58
2021-07-27T23:59:59+02:00,3051,2832,35634,34221,50481,43304,55729,52226,68236,66887,83689,82260,58920,63002,38879,49940,12340,22081,21303,19731,37287,31291,43309,39923,59048,57671,75816,74780,55275,59097,37018,47413,11735,21012,612603,495287,79012,73127,109542,102033,22514,48,58
2021-07-26T23:59:59+02:00,3032,2813,35572,34125,50422,43250,55685,52177,68192,66851,83653,82232,58907,62986,38867,49928,12339,22079,20284,18633,36040,30177,42041,38773,58551,57268,75530,74526,55178,58997,36997,47378,11729,20998,612076,487050,79005,72800,109542,101869,22446,48,58
2021-07-25T23:59:59+02:00,3021,2808,35525,34083,50377,43203,55658,52155,68169,66826,83624,82209,58891,62979,38864,49925,12336,22073,19883,18268,35624,29846,41633,38466,58356,57113,75371,74417,55131,58959,36975,47358,11726,20994,611784,484320,78999,72526,109542,101839,22360,48,58
2021-07-24T23:59:59+02:00,3021,2808,35520,34080,50375,43200,55656,52154,68167,66826,83622,82208,58891,62979,38863,49925,12336,22073,19876,18256,35613,29836,41627,38465,58352,57110,75367,74415,55131,58959,36974,47358,11726,20994,611777,484275,78997,72525,109542,101837,22347,48,58
2021-07-23T23:59:59+02:00,2997,2782,35369,33963,50226,43099,55537,52047,68070,66731,83530,82157,58860,62951,38853,49920,12331,22070,19638,18032,35351,29659,41355,38283,58186,56980,75230,74337,55092,58935,36962,47348,11720,20988,611149,483148,78997,72232,109542,101835,21764,48,58
2021-07-22T23:59:59+02:00,2946,2698,34932,33591,49918,42864,55271,51818,67840,66547,83354,82006,58773,62857,38817,49873,12320,22052,18847,17372,34257,28924,40234,37451,57446,56511,74678,73963,54912,58756,36897,47264,11699,20962,608995,477635,78984,70794,109538,101616,20919,48,57
2021-07-21T23:59:59+02:00,2891,2640,34622,33262,49676,42650,55082,51630,67650,66363,83227,81880,58708,62804,38785,49833,12309,22042,18022,16550,32943,27933,38972,36493,56751,55948,74230,73602,54766,58581,36831,47180,11687,20929,607164,471742,78933,68603,109537,101404,20379,48,57
2021-07-20T23:59:59+02:00,2816,2578,34265,32871,49391,42416,54907,51434,67467,66205,83086,81758,58643,62749,38756,49787,12308,22027,16872,15436,31230,26538,37242,35037,55958,55297,73684,73156,54600,58392,36781,47095,11669,20890,605053,462584,78898,66867,109535,101064,19937,48,57
2021-07-19T23:59:59+02:00,2732,2506,33702,32307,49078,42106,54634,51168,67270,65991,82916,81589,58576,62667,38711,49735,12301,22012,16217,14866,30289,25858,36377,34322,55518,54874,73356,72917,54513,58306,36744,47044,11663,20868,601843,458890,78837,64699,109534,100891,19746,48,57
2021-07-18T23:59:59+02:00,2704,2488,33604,32191,48987,42051,54578,51108,67209,65941,82872,81547,58548,62642,38700,49721,12299,22005,15899,14602,29721,25482,35883,33970,55262,54713,73210,72816,54471,58266,36736,47030,11662,20864,601236,457445,78821,63173,109533,100863,19564,48,56
2021-07-17T23:59:59+02:00,2704,2488,33603,32189,48982,42050,54577,51106,67209,65940,82872,81546,58548,62641,38700,49721,12299,22005,15894,14595,29709,25467,35878,33965,55257,54712,73210,72816,54471,58266,36736,47030,11662,20864,601226,457398,78819,63169,109531,100860,19563,48,56
2021-07-16T23:59:59+02:00,2646,2423,32996,31664,48486,41703,54183,50774,66827,65616,82558,81313,58429,62529,38650,49672,12295,21998,15478,14274,29216,25094,35431,33635,54918,54460,72950,72624,54359,58178,36701,46992,11659,20860,599008,456008,78815,63040,109530,100852,17368,48,56
2021-07-15T23:59:59+02:00,2513,2291,32135,30882,47865,41132,53608,50289,66399,65268,82304,81072,58340,62432,38616,49629,12287,21979,14640,13602,27891,24269,34130,32824,54239,54060,72536,72398,54265,58081,36671,46958,11652,20844,593987,451823,78803,60672,109529,100269,16680,48,56
2021-07-14T23:59:59+02:00,2407,2205,31589,30355,47374,40690,53186,49890,66072,64986,82065,80823,58235,62336,38583,49579,12277,21966,13399,12468,25895,22814,32230,31305,53490,53466,72026,72060,54127,57955,36629,46897,11642,20828,590118,442695,78785,58758,109528,99932,16145,48,55
2021-07-13T23:59:59+02:00,2350,2135,31324,30085,47102,40465,52934,49661,65868,64798,81898,80676,58168,62259,38558,49542,12267,21954,12409,11624,24164,21502,30285,29718,52294,52297,71207,71268,53878,57678,36542,46782,11624,20801,587968,435968,78769,55838,109519,96774,15746,48,55
2021-07-12T23:59:59+02:00,2123,1928,30465,29156,46448,39930,52362,49095,65478,64411,81621,80404,58032,62132,38516,49484,12258,21933,11659,11000,22767,20521,28546,28339,51336,51439,70467,70648,53620,57399,36475,46664,11611,20770,581741,427859,78750,53275,109519,96618,15724,48,55
2021-07-11T23:59:59+02:00,2078,1891,30345,29048,46384,39859,52311,49031,65421,64355,81560,80361,58011,62112,38510,49466,12253,21928,11497,10852,22494,20334,28182,28066,51131,51293,70294,70504,53567,57319,36453,46647,11601,20763,580922,425789,78744,53233,109517,96483,15699,48,52
2021-07-10T23:59:59+02:00,2078,1889,30342,29040,46382,39853,52309,49029,65418,64354,81559,80358,58011,62110,38509,49466,12253,21928,11485,10833,22481,20319,28166,28053,51124,51288,70291,70501,53567,57319,36452,46647,11601,20763,580893,425701,78743,53231,109517,96472,15693,48,52
2021-07-09T23:59:59+02:00,2034,1851,30110,28808,46166,39673,52123,48858,65257,64242,81455,80277,57981,62080,38493,49451,12249,21926,11102,10561,21837,19881,27496,27501,50415,50718,69708,70089,53465,57231,36429,46613,11596,20752,579697,424618,78737,52916,109512,93014,15046,48,52
2021-07-08T23:59:59+02:00,1897,1724,29447,28277,45558,39170,51569,48390,64854,63932,81155,80044,57889,61989,38461,49399,12244,21912,9920,9462,19893,18255,25031,25519,49382,49917,69081,69551,53240,57017,36353,46527,11581,20726,575442,414099,78715,50491,109496,92783,14216,48,52
2021-07-07T23:59:59+02:00,1684,1527,28334,27074,44507,38206,50469,47395,64195,63293,80614,79561,57685,61759,38395,49314,12231,21871,9387,8985,18806,17414,23633,24318,48557,49271,68533,69061,53040,56775,36277,46429,11565,20686,566170,407757,78699,48875,109494,92495,13709,48,52
2021-07-06T23:59:59+02:00,1483,1370,27254,26036,43486,37284,49535,46465,63596,62733,80178,79152,57503,61576,38338,49219,12207,21844,8671,8242,17478,16409,22020,23037,47950,48817,68158,68795,52922,56661,36228,46392,11558,20671,557919,400291,78688,48451,109491,92201,13119,48,52
2021-07-05T23:59:59+02:00,1327,1246,26109,24781,42406,36292,48483,45394,62929,62157,79741,78750,57330,61387,38285,49143,12198,21821,8418,8017,16977,16088,21459,22650,47642,48590,67963,68648,52870,56587,36202,46373,11555,20666,548607,397703,78680,48135,109491,91942,12958,48,50
2021-07-04T23:59:59+02:00,1262,1182,25787,24456,42098,36033,48229,45211,62782,62021,79628,78652,57294,61347,38274,49124,12196,21818,8162,7860,16705,15890,21177,22452,47517,48490,67884,68573,52846,56563,36187,46368,11553,20665,546291,396669,78652,47472,109490,91858,12918,48,50
2021-07-03T23:59:59+02:00,1262,1181,25779,24442,42085,36026,48227,45211,62778,62020,79627,78651,57293,61347,38274,49124,12196,21818,8156,7852,16694,15879,21170,22445,47510,48489,67879,68572,52845,56563,36187,46368,11553,20665,546259,396635,78651,47471,109490,91848,12898,48,50
2021-07-02T23:59:59+02:00,1194,1124,25465,24095,41764,35748,47969,44956,62634,61872,79553,78580,57276,61324,38268,49112,12192,21813,7978,7704,16325,15612,20726,22138,46544,47710,67382,68222,52761,56471,36172,46350,11552,20662,543879,394151,78650,47468,109485,89829,12882,48,50
2021-07-01T23:59:59+02:00,1139,1074,25090,23730,41381,35400,47573,44607,62383,61633,79363,78409,57213,61261,38237,49071,12185,21803,7587,7368,15510,14829,19554,21101,45007,46224,66166,67143,52451,56168,36075,46230,11528,20635,540732,388318,78548,46640,109476,85876,12753,48,50
2021-06-30T23:59:59+02:00,1066,1009,24667,23284,40953,35028,47163,44229,62155,61421,79190,78261,57135,61183,38210,49021,12177,21782,7213,7010,14563,14029,18122,19893,41791,43496,64468,65697,51982,55670,35926,46036,11501,20585,537285,376295,78515,45943,109472,83123,12619,48,49
2021-06-29T23:59:59+02:00,976,900,24167,22750,40432,34608,46730,43815,61895,61143,78978,78084,57056,61118,38182,48977,12171,21763,6937,6701,13898,13530,16959,18967,37460,39811,63113,64441,51494,55171,35793,45857,11470,20542,533215,360976,78506,45729,109472,82917,12509,48,49
2021-06-28T23:59:59+02:00,947,867,23829,22360,39973,34216,46310,43448,61656,60887,78786,77930,56982,61049,38153,48947,12168,21748,6626,6386,13244,13028,15941,18128,33812,36763,61987,63407,51139,54775,35698,45707,11445,20504,531451,352300,76820,41034,109470,82761,12472,48,49
2021-06-27T23:59:59+02:00,933,854,23737,22267,39897,34154,46250,43388,61624,60850,78750,77899,56967,61037,38147,48940,12167,21743,6534,6314,13007,12885,15517,17890,32976,36116,61728,63207,51048,54705,35680,45685,11443,20500,530836,349393,76814,40767,109464,82603,12447,48,49
2021-06-26T23:59:59+02:00,933,854,23731,22261,39887,34151,46248,43386,61622,60849,78750,77899,56967,61037,38147,48939,12167,21743,6531,6307,13000,12871,15509,17883,32972,36115,61721,63205,51046,54699,35680,45685,11443,20499,530805,349326,76813,40766,109463,82602,12447,48,49
2021-06-25T23:59:59+02:00,910,827,23618,22145,39803,34062,46166,43313,61577,60801,78702,77878,56956,61025,38144,48936,12166,21741,6434,6192,12892,12741,15370,17721,32255,35454,61330,62879,50968,54615,35672,45664,11440,20498,530009,346313,76812,40754,109460,82585,12446,48,49
2021-06-24T23:59:59+02:00,843,769,23232,21726,39449,33750,45816,43011,61371,60606,78542,77740,56902,60970,38121,48906,12161,21731,6097,5895,12330,12279,14662,17033,28952,32739,59042,61023,50382,54018,35536,45456,11422,20450,527052,332495,76763,40489,109458,81971,12330,48,49
2021-06-23T23:59:59+02:00,739,675,22588,21066,38876,33160,45161,42302,61004,60212,78293,77488,56799,60834,38074,48853,12151,21711,5942,5700,11962,11927,14152,16503,25591,29978,57396,59493,49859,53479,35415,45282,11401,20407,521463,323050,76707,37552,109455,81533,12318,48,49
2021-06-22T23:59:59+02:00,678,611,22160,20624,38468,32738,44726,41838,60729,59926,78089,77249,56701,60723,38038,48780,12138,21689,5753,5565,11636,11662,13723,16130,21250,26445,55317,57790,49259,52876,35238,45066,11380,20363,517652,308680,76580,37500,109449,81055,12181,48,49
2021-06-21T23:59:59+02:00,641,570,21905,20387,38212,32506,44481,41562,60539,59716,77957,77108,56647,60639,38013,48739,12129,21673,5621,5454,11326,11462,13382,15865,19699,25210,54398,57020,47035,50413,34639,44343,11357,20304,515596,303345,76379,37432,109432,74742,11970,47,49
2021-06-20T23:59:59+02:00,612,551,21614,20093,37914,32228,44197,41307,60388,59549,77819,76962,56598,60595,37993,48722,12126,21666,5563,5410,11193,11374,13227,15737,19301,24884,54130,56836,45375,48428,34073,43708,11337,20283,513206,302713,76297,36677,109421,69468,11964,46,47
2021-06-19T23:59:59+02:00,610,551,21609,20080,37898,32223,44194,41302,60382,59545,77817,76959,56595,60594,37993,48721,12126,21666,5557,5401,11188,11370,13217,15731,19293,24876,54116,56824,45366,48418,34072,43708,11337,20283,513142,302627,76292,36674,109421,69455,11964,46,47
2021-06-18T23:59:59+02:00,596,537,21513,19967,37831,32167,44119,41216,60327,59499,77772,76917,56572,60572,37988,48708,12125,21665,5464,5238,10891,10833,12842,15150,18752,23857,53259,55513,45164,48254,34044,43659,11331,20271,512382,301055,76285,36673,109415,64794,11963,46,47
2021-06-17T23:59:59+02:00,511,445,20793,19255,37074,31537,43324,40464,59919,59131,77474,76663,56455,60443,37939,48640,12112,21640,5274,5026,10509,10282,12318,14377,17818,22495,51682,53570,44012,46903,33726,43262,11284,20187,506396,293730,76192,36544,109404,60633,11781,46,47
2021-06-16T23:59:59+02:00,405,367,19997,18306,36084,30606,42318,39491,59376,58648,77076,76344,56309,60286,37880,48553,12102,21617,5086,4869,9997,9957,11583,13879,16271,21191,47800,50022,42256,44893,33259,42690,11221,20060,499016,277547,75655,36344,109388,59447,11660,46,46
2021-06-15T23:59:59+02:00,295,264,19187,17456,35158,29747,41386,38601,58940,58207,76740,76015,56165,60116,37821,48483,12087,21583,4886,4745,9475,9692,10875,13406,14758,20001,43527,45930,40704,43048,32778,42067,11154,19932,491789,260358,75537,36308,109378,58775,11501,46,45
2021-06-14T23:59:59+02:00,191,173,18075,16227,33912,28472,39923,37190,58349,57641,76346,75673,56037,59971,37778,48412,12078,21568,4763,4652,9129,9483,10394,13087,13587,18997,40883,43377,39632,41898,32485,41667,11122,19847,482042,249188,75102,36281,109374,58045,11453,45,45
2021-06-13T23:59:59+02:00,150,134,17568,15823,33436,28070,39430,36808,58135,57460,76197,75571,56010,59931,37756,48390,12075,21559,4677,4603,8981,9410,10230,13018,12981,18543,40414,42984,39395,41675,32425,41583,11116,19833,478965,248224,74800,34854,109367,57428,11326,45,45
2021-06-12T23:59:59+02:00,150,134,17561,15803,33421,28061,39423,36804,58128,57456,76193,75569,56009,59929,37755,48390,12075,21559,4670,4597,8970,9405,10218,13011,12969,18530,40230,42837,39372,41660,32421,41581,11116,19832,478887,247789,74796,34854,109367,57415,11325,45,45
2021-06-11T23:59:59+02:00,148,134,17477,15743,33273,27988,39251,36747,58008,57420,76122,75544,55996,59924,37753,48387,12075,21558,4588,4404,8812,8845,10027,12292,12735,17459,39741,41536,39217,41529,32403,41545,11114,19831,478543,247299,74382,34853,109262,52574,11316,45,45
2021-06-10T23:59:59+02:00,133,114,16636,15027,31858,27075,38006,35833,57325,56962,75712,75272,55906,59832,37714,48342,12064,21540,4337,4211,8252,8343,9345,11531,11999,16392,36886,38496,38414,40723,32237,41364,11098,19801,474654,240226,71409,34721,108986,48189,10257,45,45
2021-06-09T23:59:59+02:00,111,89,15864,14322,30580,26175,36791,34947,56746,56574,75368,75044,55821,59725,37687,48297,12051,21520,4153,4060,7891,8155,8877,11311,11378,16012,31800,33630,36916,39186,31992,41095,11077,19751,469992,226297,68982,34596,108940,46603,9755,43,42
2021-06-08T23:59:59+02:00,84,71,14949,13465,29200,25087,35426,33938,56131,56167,75067,74824,55745,59645,37664,48265,12047,21510,4071,3998,7733,8033,8725,11196,11084,15805,28972,30816,35957,38247,31832,40899,11053,19718,465407,218806,65551,34536,108892,45372,9392,43,42
2021-06-07T23:59:59+02:00,76,58,14312,12892,27834,24274,34266,33156,55654,55909,74822,74711,55708,59605,37648,48254,12047,21506,3978,3925,7538,7905,8425,11064,10716,15559,24634,26435,34491,36708,31610,40632,11025,19689,462276,207011,62514,34470,108860,43781,9039,43,42
2021-06-06T23:59:59+02:00,75,55,13991,12697,27047,23855,33613,32737,55344,55743,74664,74642,55687,59581,37634,48245,12045,21505,3911,3888,7385,7863,8267,10979,10393,15357,21807,23558,33488,35627,31470,40477,11018,19674,461128,204219,60458,29222,108832,42990,8699,43,41
2021-06-05T23:59:59+02:00,75,53,13961,12667,27004,23815,33584,32718,55339,55733,74658,74636,55682,59576,37629,48243,12045,21505,3889,3873,7350,7841,8220,10961,10330,15315,20379,22004,32691,34746,31400,40396,11014,19667,461004,199241,60353,29219,108825,42886,8698,43,41
2021-06-04T23:59:59+02:00,69,49,13732,12404,26690,23498,33247,32408,55278,55653,74619,74616,55673,59571,37628,48241,12045,21504,3860,3845,7271,7762,8165,10883,10251,15192,20272,21887,32617,34691,31368,40359,11011,19664,459101,199160,60290,29206,108793,42002,8698,43,41
2021-06-03T23:59:59+02:00,51,44,13164,11920,25655,22814,32111,31658,54782,55320,74303,74423,55600,59490,37593,48209,12038,21487,3731,3755,6996,7592,7883,10710,9923,14956,18384,20024,30637,32378,31095,40027,10988,19615,454769,190553,58786,29186,108777,40639,8287,43,38
2021-06-02T23:59:59+02:00,37,32,12474,11177,24658,21912,30974,30705,54517,55055,74112,74283,55547,59408,37576,48187,12030,21480,3697,3735,6936,7536,7827,10660,9840,14865,17863,19475,28708,30200,30996,39884,10981,19604,448463,185015,58608,29185,108775,40302,8276,42,38
2021-06-01T23:59:59+02:00,23,18,11346,10296,22531,20480,28437,28811,53104,53994,73105,73500,55241,59081,37453,48013,11994,21418,3468,3561,6437,7226,7225,10237,8981,14263,15914,17661,24921,25944,30309,39000,10905,19450,438949,171003,54147,29050,108737,38451,6970,42,36
2021-05-31T23:59:59+02:00,18,14,10483,9631,20693,19308,26389,27298,51995,53143,72398,72949,55024,58818,37379,47907,11980,21382,3326,3407,6102,6980,6826,9940,8441,13907,14847,16683,23726,24568,29920,38512,10845,19356,432140,165254,49770,29012,108717,36953,6140,42,35
2021-05-30T23:59:59+02:00,16,11,10135,9287,19970,18814,25683,26719,51655,52861,72161,72752,54947,58740,37354,47879,11972,21373,3145,3217,5754,6713,6537,9699,8223,13701,14589,16412,23434,24249,29810,38406,10831,19328,429552,164424,49361,28955,108685,35953,4689,42,35
2021-05-29T23:59:59+02:00,16,11,10119,9275,19952,18784,25663,26693,51644,52856,72157,72742,54945,58735,37353,47879,11971,21373,3143,3209,5750,6708,6531,9697,8215,13693,14579,16406,23423,24241,29806,38400,10830,19327,429391,164351,49361,28953,108685,35938,4689,42,35
2021-05-28T23:59:59+02:00,16,11,10053,9181,19812,18615,25400,26462,51484,52680,72010,72611,54906,58685,37339,47859,11968,21360,3096,3131,5657,6569,6428,9496,8100,13418,14387,16130,23271,24085,29752,38337,10823,19318,427734,163961,49324,28952,108665,34371,4688,41,34
2021-05-27T23:59:59+02:00,16,11,8796,7993,17409,16811,22623,24312,50392,51867,71344,72120,54708,58460,37244,47764,11954,21330,2798,2797,4812,5944,5535,8716,7308,12428,13259,14938,22279,23048,29365,37881,10768,19232,415835,160138,48368,28689,108523,29868,2387,41,34
2021-05-26T23:59:59+02:00,15,11,8395,7580,16533,16005,21434,23304,49787,51320,70923,71732,54557,58295,37176,47686,11943,21300,2614,2625,4443,5607,5057,8210,6830,11780,12289,13958,21377,22014,29053,37438,10721,19147,410239,156277,47635,28602,108441,26618,1641,40,33
2021-05-25T23:59:59+02:00,15,11,7824,6979,15287,15123,19983,22131,49306,50917,70675,71547,54479,58209,37151,47658,11939,21290,2538,2525,4252,5479,4811,7982,6549,11471,11731,13424,19216,19837,28680,36899,10686,19098,403455,150577,47393,28589,108393,24744,1243,40,33
2021-05-24T23:59:59+02:00,15,11,7736,6879,15063,14995,19698,21952,49205,50798,70631,71508,54475,58203,37148,47655,11937,21287,2496,2462,4167,5312,4718,7739,6424,11188,11593,13182,19101,19723,28629,36853,10679,19087,402320,150428,47314,28546,108294,23128,1228,40,31
2021-05-23T23:59:59+02:00,14,11,7720,6866,15025,14978,19644,21924,49194,50796,70626,71502,54473,58199,37148,47653,11937,21287,2493,2457,4161,5308,4707,7735,6418,11175,11570,13159,18960,19525,28598,36814,10677,19085,402131,149938,47314,28544,108293,23119,1219,40,30
2021-05-22T23:59:59+02:00,14,11,7717,6858,15016,14966,19633,21916,49194,50794,70623,71502,54473,58198,37148,47653,11937,21287,2491,2450,4154,5302,4705,7735,6414,11172,11562,13156,18947,19519,28597,36814,10677,19085,402076,149901,47314,28544,108293,23095,1217,40,30
2021-05-21T23:59:59+02:00,14,10,7642,6758,14890,14831,19428,21758,48955,50560,70481,71394,54446,58171,37140,47646,11931,21281,2421,2366,4065,5164,4602,7524,6291,10875,11390,12867,18881,19452,28581,36784,10674,19083,400504,149648,47311,28543,108268,21592,1214,39,30
2021-05-20T23:59:59+02:00,14,10,7366,6462,14305,14309,18492,20879,46276,48204,69323,70417,54087,57803,37031,47503,11899,21250,2158,2199,3705,4801,4159,6977,5736,10043,10301,11767,17601,18155,28074,36184,10598,18935,389493,144385,47144,28249,107961,17741,995,37,30
2021-05-19T23:59:59+02:00,13,9,7126,6241,13637,13823,17224,19878,42288,44725,67834,69108,53632,57276,36867,47272,11862,21199,2082,1995,3539,4463,3910,6454,5291,9360,9305,10650,16119,16505,27377,35264,10470,18725,374710,137203,46571,28105,107721,15213,975,37,20
2021-05-18T23:59:59+02:00,13,7,6930,6064,13088,13389,16127,19018,37565,40709,66380,67783,53076,56738,36716,47047,11820,21143,2036,1871,3400,4272,3725,6136,4957,8875,8438,9777,14536,14766,26667,34406,10379,18550,358597,130557,46507,27539,107562,13772,910,37,20
2021-05-17T23:59:59+02:00,13,7,6796,5970,12764,13140,15627,18628,35386,38843,65544,66998,52801,56423,36633,46938,11805,21106,1965,1808,3213,4089,3505,5906,4635,8503,7659,9077,11272,10736,25757,33254,10298,18379,354871,125332,42231,21437,107478,12469,805,37,20
2021-05-16T23:59:59+02:00,13,7,6732,5884,12639,12986,15455,18461,34894,38372,65358,66828,52745,56360,36620,46911,11800,21101,1906,1711,3109,3966,3425,5804,4527,8356,7476,8888,9077,8135,25272,32569,10264,18322,353391,124187,41722,16076,107442,11956,575,36,20
2021-05-15T23:59:59+02:00,13,7,6727,5875,12632,12980,15450,18455,34885,38369,65356,66826,52745,56359,36620,46911,11800,21101,1905,1711,3107,3961,3420,5801,4522,8353,7474,8885,9075,8133,25271,32569,10264,18322,353344,124157,41722,16076,107437,11955,572,36,20
2021-05-14T23:59:59+02:00,13,7,6527,5779,12391,12917,15218,18363,33912,37578,64820,66417,52649,56272,36603,46877,11798,21096,1788,1623,2995,3890,3363,5693,4472,8207,7426,8756,9068,8127,25270,32569,10264,18321,349974,124098,41691,16072,106975,11088,562,35,19
2021-05-13T23:59:59+02:00,13,7,6281,5594,11987,12662,14649,17915,30382,34789,62339,64338,52017,55599,36466,46657,11786,21048,1746,1583,2939,3814,3331,5602,4429,8104,7344,8637,9028,8067,25251,32527,10259,18317,335981,123846,41466,16048,106547,10571,500,35,19
2021-05-12T23:59:59+02:00,13,7,6264,5569,11914,12599,14538,17805,29747,34212,61830,63885,51843,55426,36429,46612,11779,21035,1746,1580,2937,3813,3327,5602,4426,8103,7342,8631,9021,8064,25251,32525,10259,18316,332980,123823,41452,16037,106542,10570,500,33,19
2021-05-11T23:59:59+02:00,12,7,5946,5436,11470,12317,13991,17423,25489,30725,59448,61876,51182,54749,36240,46368,11755,20972,1705,1465,2834,3551,3206,5227,4286,7661,7188,8310,8936,7981,25222,32485,10255,18305,318043,123581,41399,15847,105557,8799,377,30,19
2021-05-10T23:59:59+02:00,12,7,5820,5362,11310,12200,13770,17251,22015,27964,58197,60760,50820,54395,36148,46244,11740,20941,1666,1367,2749,3323,3104,4895,4175,7171,7066,7870,8896,7921,25210,32464,10253,18301,308113,123434,41239,15698,105264,6977,310,30,18
2021-05-09T23:59:59+02:00,12,7,5743,5330,11221,12134,13668,17170,20413,26782,57733,60375,50717,54295,36123,46203,11733,20936,1649,1345,2693,3200,3053,4754,4130,7051,7016,7776,8885,7909,25203,32458,10252,18301,307542,123392,37668,15652,105059,6322,297,29,18
2021-05-08T23:59:59+02:00,12,7,5740,5328,11210,12129,13658,17161,20405,26776,57724,60369,50714,54287,36119,46200,11731,20933,1648,1345,2692,3197,3053,4754,4127,7048,7015,7775,8883,7909,25202,32456,10252,18301,307452,123375,37667,15652,105058,6321,297,29,18
2021-05-07T23:59:59+02:00,12,7,5700,5292,11144,12081,13551,17081,19952,26419,56725,59559,50585,54157,36089,46169,11728,20919,1547,1302,2612,3152,3011,4725,4093,7025,6993,7743,8875,7900,25200,32455,10252,18300,304288,123340,37650,15643,104912,5898,292,28,18
2021-05-06T23:59:59+02:00,12,7,5451,5180,10628,11773,12844,16627,18652,25432,52458,55903,49387,52776,35759,45768,11676,20818,1327,1169,2374,2980,2841,4559,3942,6826,6841,7592,8801,7819,25180,32420,10249,18293,289148,123069,37460,15504,104355,4464,164,24,18
2021-05-05T23:59:59+02:00,12,7,5194,5082,10135,11536,12089,16174,17322,24449,48094,51764,47720,50857,35320,45196,11601,20695,1281,1076,2311,2852,2755,4380,3848,6586,6734,7394,8686,7723,25118,32345,10243,18277,271972,122585,37234,15459,103969,3505,48,24,18
2021-05-04T23:59:59+02:00,12,7,5111,4997,9821,11320,11637,15785,16342,23582,46219,49736,46652,49551,34945,44709,11532,20586,1270,1057,2283,2811,2714,4296,3795,6478,6662,7316,8643,7684,25097,32328,10242,18272,261594,122366,37210,15396,103691,3149,25,24,18
2021-05-03T23:59:59+02:00,12,7,5010,4909,9467,11148,11173,15520,15284,22721,44644,48119,45771,48599,34723,44363,11504,20494,1255,1032,2248,2779,2672,4232,3747,6424,6587,7262,8072,6993,23350,29993,10104,18034,252570,116534,37200,15314,103658,2908,16,24,18
2021-05-02T23:59:59+02:00,12,7,4947,4891,9352,11110,11025,15459,14672,22230,44125,47709,45631,48433,34673,44301,11497,20483,1251,1026,2230,2776,2659,4224,3718,6410,6567,7248,7882,6750,21372,27580,10057,17946,251358,116512,35561,10296,103603,2864,11,24,18
2021-05-01T23:59:59+02:00,12,7,4947,4889,9348,11105,11022,15457,14668,22226,44123,47705,45630,48433,34673,44301,11497,20483,1250,1026,2230,2776,2659,4224,3717,6410,6566,7248,7882,6749,21372,27580,10057,17946,251328,116509,35561,10296,103602,2863,11,24,18
2021-04-30T23:59:59+02:00,12,7,4901,4865,9281,11090,10967,15432,14592,22200,42643,46294,45296,48101,34636,44249,11492,20473,1044,932,2034,2686,2560,4163,3631,6350,6503,7189,7875,6732,21371,27578,10057,17946,247345,116500,35561,10293,103590,1835,11,24,17
2021-04-29T23:59:59+02:00,12,7,4663,4783,8805,10941,10362,15259,13906,21991,37706,41978,44285,47072,34514,44131,11488,20442,864,854,1860,2606,2475,4097,3523,6279,6434,7141,7852,6712,21366,27571,10057,17946,233603,116466,35458,10188,103249,960,11,24,17
2021-04-28T23:59:59+02:00,12,7,4487,4748,8554,10855,10009,15169,13550,21836,33056,37475,43039,45817,34388,43983,11473,20424,822,827,1822,2559,2443,4021,3487,6170,6386,7051,7832,6693,21353,27558,10052,17939,220377,116381,35439,10140,103034,473,10,22,16
2021-04-27T23:59:59+02:00,11,6,4257,4535,8210,10407,9622,14587,13080,21189,31927,36351,42757,45533,34372,43955,11469,20421,794,813,1787,2536,2425,4003,3469,6151,6351,7024,7821,6685,21348,27554,10049,17933,217653,116324,35425,10110,99579,288,10,22,16
2021-04-26T23:59:59+02:00,11,6,4235,4508,8137,10368,9516,14533,12930,21128,27511,31974,41538,44310,34292,43854,11456,20410,762,802,1757,2517,2396,3983,3444,6130,6300,6978,7773,6636,21317,27523,10049,17926,205776,116123,35416,10065,99495,84,10,20,16
2021-04-25T23:59:59+02:00,11,6,4212,4495,8105,10343,9453,14501,12837,21082,25542,29933,40837,43550,34245,43795,11452,20404,750,794,1745,2503,2378,3968,3420,6109,6268,6949,7753,6619,21300,27502,10048,17922,205111,116097,30303,9831,99360,80,9,20,16
2021-04-24T23:59:59+02:00,11,6,4193,4484,8074,10314,9411,14485,12785,21061,24039,28269,40078,42707,34180,43719,11449,20398,749,793,1742,2501,2377,3964,3420,6105,6268,6946,7751,6616,21299,27502,10048,17922,200042,116076,30303,9830,99289,77,9,20,16
2021-04-23T23:59:59+02:00,10,6,3928,4333,7605,10019,8983,14130,12223,20658,23558,27969,39989,42645,34159,43685,11443,20391,736,783,1725,2488,2357,3948,3397,6082,6246,6927,7737,6598,21294,27491,10048,17921,199692,116061,30288,9631,95727,66,9,18,16
2021-04-22T23:59:59+02:00,10,6,3835,4274,7416,9902,8704,13937,11778,20332,21227,25610,37228,39397,33632,43013,11372,20268,723,774,1696,2457,2299,3891,3326,6010,6137,6830,7658,6511,21238,27447,10045,17906,186654,115944,30097,8922,95163,64,9,18,14
2021-04-21T23:59:59+02:00,10,4,3808,4241,7285,9823,8522,13765,11442,20041,19967,24405,34016,35677,33150,42313,11307,20139,699,756,1661,2429,2255,3866,3293,5977,6097,6791,7626,6484,21218,27423,10041,17902,174882,115831,29922,8609,95084,60,9,18,14
2021-04-20T23:59:59+02:00,10,4,3774,4214,7180,9754,8311,13607,11073,19744,18873,23258,30707,32031,32672,41715,11250,20024,691,746,1646,2417,2221,3844,3250,5931,6056,6749,7584,6438,21192,27400,10035,17899,163253,115672,29899,8351,95022,58,9,18,14
2021-04-19T23:59:59+02:00,10,4,3756,4198,7106,9716,8193,13497,10818,19559,18210,22598,29834,30900,32379,41350,11208,19950,683,741,1624,2403,2197,3814,3214,5898,6022,6718,7540,6405,21161,27371,10033,17895,158420,115538,29881,8107,94958,56,9,18,14
2021-04-18T23:59:59+02:00,10,4,3753,4191,7090,9703,8179,13480,10781,19533,18122,22515,29712,30774,32351,41327,11205,19942,681,737,1609,2391,2180,3799,3189,5872,5992,6695,7517,6392,21143,27349,10030,17892,157927,115479,29812,7916,94907,55,9,17,14
2021-04-17T23:59:59+02:00,10,4,3752,4189,7087,9700,8176,13480,10775,19526,18109,22504,29689,30761,32349,41324,11205,19942,680,737,1608,2390,2178,3798,3185,5871,5990,6693,7517,6392,21143,27349,10030,17892,157844,115465,29811,7916,94901,54,9,17,14
2021-04-16T23:59:59+02:00,10,4,3585,4151,6742,9571,7806,13293,10378,19281,17656,22229,29484,30600,32266,41234,11190,19923,667,718,1596,2375,2151,3783,3131,5834,5948,6643,7425,6301,20730,26782,10000,17831,157088,114136,29803,7710,92486,51,9,17,14
2021-04-15T23:59:59+02:00,10,4,3484,4072,6391,9199,7227,12793,9601,18449,16333,21002,28286,29305,31746,40592,11109,19747,637,695,1543,2336,2067,3696,3021,5714,5619,6405,6926,5912,19988,25861,9901,17662,151341,110753,29509,7166,88474,46,9,17,14
2021-04-14T23:59:59+02:00,9,4,3432,4024,6157,8958,6896,12416,8981,17902,15213,19970,26870,27804,31114,39710,10997,19549,604,669,1497,2297,1992,3618,2879,5591,5310,6171,6380,5404,18965,24570,9814,17482,144525,106474,29309,6711,86147,40,9,16,14
2021-04-13T23:59:59+02:00,9,4,3401,3992,6068,8880,6748,12286,8679,17656,14413,19278,23528,24244,30178,38529,10891,19373,599,660,1484,2275,1960,3584,2781,5520,5093,5988,6015,5061,18663,24223,9772,17415,132893,104359,29299,6678,85940,39,9,16,13
2021-04-12T23:59:59+02:00,9,4,3379,3971,6018,8820,6660,12202,8461,17462,13797,18749,22522,23093,29754,37970,10822,19246,589,652,1474,2267,1937,3563,2725,5470,4944,5883,5694,4778,18367,23918,9733,17354,127806,102762,29279,6530,85829,39,9,16,13
2021-04-11T23:59:59+02:00,9,4,3373,3965,6000,8796,6631,12185,8419,17439,13706,18689,22393,22945,29704,37907,10812,19222,586,647,1461,2257,1924,3556,2708,5453,4907,5846,5635,4718,18193,23684,9712,17323,127268,102096,29213,6458,85693,39,9,16,13
2021-04-10T23:59:59+02:00,9,4,3365,3964,5977,8795,6609,12184,8397,17438,13682,18687,22388,22942,29700,37906,10812,19222,583,644,1454,2250,1919,3553,2701,5444,4891,5838,5623,4701,18030,23430,9698,17299,127247,101577,29122,6426,85688,39,8,16,13
2021-04-09T23:59:59+02:00,8,4,3327,3952,5929,8781,6551,12165,8358,17411,13632,18641,20432,20525,29214,37287,10782,19172,570,631,1428,2228,1892,3529,2659,5408,4818,5776,5507,4598,17452,22698,9660,17228,126547,99810,23995,6226,85607,31,7,15,13
2021-04-08T23:59:59+02:00,8,4,3302,3933,5861,8749,6477,12126,8268,17348,13488,18524,17833,17452,28691,36620,10744,19121,528,602,1340,2146,1798,3432,2480,5224,4318,5413,4701,3991,15659,20462,9469,16919,125678,92790,18120,5656,84730,22,6,15,13
2021-04-07T23:59:59+02:00,6,4,3224,3905,5655,8699,6269,12066,8060,17273,13228,18428,15163,14375,28014,35819,10714,19068,504,573,1285,2089,1702,3351,2326,5084,3907,5082,3982,3421,14802,19591,9354,16732,125468,88445,16580,5308,77902,19,5,15,13
2021-04-06T23:59:59+02:00,5,4,3196,3895,5610,8680,6198,12042,7975,17237,13155,18357,13177,12007,27379,35103,10701,19038,474,550,1217,2034,1616,3268,2164,4965,3536,4806,3457,3009,13956,18587,9278,16611,125340,84796,16376,4706,72023,15,5,15,11
2021-04-05T23:59:59+02:00,5,4,3194,3892,5575,8665,6161,12029,7930,17220,13082,18321,13132,11961,27368,35087,10700,19035,442,520,1165,1997,1565,3227,2096,4911,3448,4730,3400,2957,13812,18415,9269,16593,125315,84302,16167,4220,71860,15,4,15,11
2021-04-04T23:59:59+02:00,5,4,3193,3890,5575,8663,6159,12028,7929,17218,13082,18321,13129,11961,27367,35087,10700,19035,441,519,1164,1997,1564,3227,2095,4911,3448,4730,3400,2957,13811,18415,9269,16593,125305,84296,16167,4220,71855,15,4,15,11
2021-04-03T23:59:59+02:00,5,4,3192,3890,5575,8662,6159,12028,7929,17218,13082,18321,13129,11960,27366,35084,10700,19035,441,517,1164,1997,1563,3227,2095,4910,3442,4727,3394,2946,13724,18278,9260,16577,125300,84017,16167,4220,71853,15,4,15,11
2021-04-02T23:59:59+02:00,5,4,3192,3887,5572,8657,6155,12019,7921,17205,13056,18290,13083,11907,27338,35065,10697,19031,438,510,1162,1993,1551,3218,2084,4888,3412,4694,3362,2917,12787,17028,9193,16468,125133,81544,16164,4138,71768,15,4,15,9
2021-04-01T23:59:59+02:00,5,4,3178,3873,5533,8638,6088,11986,7850,17170,12944,18218,12968,11780,27280,34989,10688,19016,390,466,1064,1925,1451,3129,1932,4775,3207,4563,3126,2715,10750,14429,9080,16289,124818,75924,16040,3345,71333,15,3,14,9
2021-03-31T23:59:59+02:00,5,4,3177,3859,5516,8604,6053,11950,7806,17125,12863,18149,12854,11658,27229,34926,10680,19006,352,444,1028,1882,1377,3089,1827,4672,2950,4362,2712,2400,8153,11194,8899,16047,124506,68366,16000,3001,70942,14,3,13,8
2021-03-30T23:59:59+02:00,5,4,3170,3848,5491,8578,6020,11918,7766,17085,12785,18083,12767,11521,27191,34878,10674,18996,331,426,1006,1850,1318,3054,1702,4592,2703,4190,2344,2152,7264,10107,8832,15918,124374,65043,15968,2726,70423,14,2,13,8
2021-03-29T23:59:59+02:00,5,4,3158,3844,5462,8558,5983,11883,7721,17052,12711,18006,12122,10764,25318,32384,10524,18739,325,423,999,1835,1298,3029,1668,4552,2555,4102,2056,2001,6606,9399,8788,15840,118369,62735,15797,2723,70057,12,2,13,8
2021-03-28T23:59:59+02:00,5,4,3128,3828,5413,8520,5932,11838,7640,16997,12601,17936,11858,10461,23332,29918,10469,18640,324,421,997,1834,1289,3025,1664,4550,2543,4094,2031,1981,6583,9384,8786,15835,118309,62604,10611,2721,69585,12,2,13,6
2021-03-27T23:59:59+01:00,5,4,3116,3824,5374,8509,5896,11823,7592,16982,12555,17889,11823,10417,23328,29910,10469,18640,324,421,997,1834,1289,3025,1663,4548,2541,4091,2029,1979,6535,9309,8753,15786,118240,62387,10610,2721,69291,12,2,13,6
2021-03-26T23:59:59+01:00,5,4,2983,3503,4924,7357,5402,10504,6981,14935,11746,15605,11602,10234,22843,29180,10424,18569,323,417,992,1831,1283,3020,1660,4546,2536,4084,2021,1973,6405,9120,8609,15597,116685,61702,10354,2709,59747,2,2,13,6
2021-03-25T23:59:59+01:00,5,3,2861,3240,4765,6593,5173,9355,6656,13215,11019,13801,10740,9431,22113,28332,10347,18412,318,408,985,1822,1268,3001,1641,4512,2500,4034,1953,1915,6113,8692,8329,15144,113758,59925,9651,2705,52637,1,2,13,6
2021-03-24T23:59:59+01:00,5,3,2814,3195,4689,6529,5039,9249,6450,13044,10506,13396,9899,8607,21095,27070,10248,18224,316,403,977,1816,1251,2990,1626,4488,2453,3979,1885,1840,5748,8218,7913,14469,109721,57676,9304,2693,51025,1,0,12,6
2021-03-23T23:59:59+01:00,5,3,2786,3162,4621,6462,4928,9155,6238,12882,10048,12974,9182,7938,20579,26462,10193,18117,304,390,960,1807,1236,2968,1597,4467,2403,3931,1808,1774,5465,7836,7509,13843,107323,55603,8969,2692,49431,1,0,12,6
2021-03-22T23:59:59+01:00,5,3,2768,3123,4562,6423,4852,9087,6099,12743,9686,12700,8580,7371,20158,26025,10132,18023,302,387,948,1801,1222,2954,1584,4454,2377,3903,1781,1753,5326,7662,7058,13018,105834,53839,8710,2687,47784,1,0,12,5
2021-03-21T23:59:59+01:00,5,3,2761,3107,4516,6399,4801,9051,6006,12676,9498,12514,8273,7112,19990,25859,10120,17995,302,387,947,1801,1220,2954,1583,4453,2374,3903,1774,1747,5317,7657,7027,12960,105635,53732,8477,2670,46562,1,0,12,5
2021-03-20T23:59:59+01:00,5,3,2761,3100,4508,6394,4794,9048,6002,12668,9478,12500,8240,7080,19816,25582,10104,17969,302,387,947,1800,1219,2954,1582,4452,2370,3895,1762,1734,5302,7608,6849,12720,105078,53234,8464,2645,46498,1,0,12,5
2021-03-19T23:59:59+01:00,5,3,2725,3074,4436,6349,4687,8998,5862,12610,9210,12313,7939,6855,19332,24993,10073,17910,302,387,946,1799,1219,2951,1580,4451,2363,3890,1747,1723,5265,7565,6437,12100,103781,52098,8221,2623,45360,1,0,12,5
2021-03-18T23:59:59+01:00,5,3,2659,3001,4271,6211,4437,8793,5503,12303,8301,11644,6680,5841,18071,23631,9919,17677,299,382,941,1789,1205,2938,1541,4435,2298,3844,1668,1681,5190,7458,5694,10981,98866,49761,7677,2581,42395,0,0,12,4
2021-03-17T23:59:59+01:00,5,3,2622,2961,4192,6113,4299,8685,5248,12027,7624,11076,5691,4942,16720,22095,9750,17417,295,380,937,1782,1201,2929,1524,4414,2232,3819,1602,1636,5145,7392,5112,10091,93425,47965,7176,2524,40857,0,0,12,4
2021-03-16T23:59:59+01:00,5,3,2602,2933,4130,6046,4205,8588,5071,11871,7175,10686,4927,4326,15859,21112,9644,17242,291,378,934,1777,1198,2922,1516,4404,2210,3800,1572,1619,5107,7349,4600,9271,89769,46501,7137,2445,39508,0,0,11,4
2021-03-15T23:59:59+01:00,5,3,2599,2922,4114,6026,4174,8562,5022,11824,7057,10568,4780,4164,15538,20699,9612,17183,289,374,933,1771,1192,2915,1502,4395,2189,3778,1528,1602,5047,7275,4016,8408,88994,44909,7038,2303,38809,0,0,11,4
2021-03-14T23:59:59+01:00,5,2,2594,2913,4092,6006,4144,8543,4980,11791,6963,10479,4675,4051,15407,20529,9595,17143,287,373,933,1769,1186,2908,1497,4384,2178,3771,1518,1596,5039,7267,4010,8394,88684,44846,7020,2262,38198,0,0,10,4
2021-03-13T23:59:59+01:00,5,2,2588,2905,4085,5994,4136,8536,4971,11781,6943,10466,4653,4025,15091,20089,9575,17107,287,373,933,1769,1186,2908,1497,4384,2178,3771,1517,1596,5039,7266,4010,8394,87791,44845,6998,2261,38153,0,0,10,4
2021-03-12T23:59:59+01:00,5,2,2525,2829,3974,5823,4016,8314,4834,11482,6765,10195,4500,3887,14162,18825,9513,17005,287,372,931,1766,1186,2905,1495,4379,2177,3764,1510,1594,5032,7247,4008,8377,85310,44768,6937,2260,36401,0,0,8,4
2021-03-11T23:59:59+01:00,4,2,2399,2604,3746,5496,3759,7877,4507,10719,6134,9384,3980,3385,12547,16827,9411,16857,287,371,927,1762,1183,2891,1486,4367,2164,3737,1469,1566,4991,7210,3996,8350,80954,44619,6773,2136,31903,0,0,8,4
2021-03-10T23:59:59+01:00,4,2,2277,2473,3589,5258,3564,7554,4236,10235,5580,8814,3405,2942,10260,14105,9262,16625,284,367,922,1752,1176,2880,1482,4351,2142,3722,1440,1559,4960,7195,3987,8340,74611,44554,6601,2003,28965,0,0,8,4
2021-03-09T23:59:59+01:00,4,2,2252,2422,3521,5169,3450,7464,4065,10038,5187,8463,2922,2582,8735,12087,9156,16474,283,366,922,1746,1169,2871,1478,4343,2134,3711,1426,1554,4952,7190,3984,8338,69725,44513,6452,1952,27808,0,0,8,4
2021-03-08T23:59:59+01:00,4,2,2228,2348,3462,5102,3376,7380,3943,9925,4891,8268,2472,2317,6795,9682,9035,16296,283,363,921,1736,1163,2855,1472,4332,2131,3704,1415,1547,4936,7170,3977,8328,63999,44405,6116,1926,27403,0,0,8,4
2021-03-07T23:59:59+01:00,4,2,2166,2292,3367,4994,3279,7291,3844,9838,4754,8173,2421,2265,6772,9661,9035,16288,283,362,920,1736,1163,2853,1472,4332,2131,3704,1415,1547,4935,7170,3977,8328,63871,44402,5433,1924,27134,0,0,8,4
2021-03-06T23:59:59+01:00,4,2,2158,2279,3354,4984,3275,7287,3835,9828,4744,8168,2419,2263,6726,9591,9002,16238,283,362,919,1732,1162,2852,1472,4329,2127,3699,1414,1542,4929,7165,3975,8318,63659,44354,5373,1924,27117,0,0,8,4
2021-03-05T23:59:59+01:00,4,2,2028,2192,3130,4798,3036,6975,3556,9434,4410,7832,2330,2201,6519,9270,8805,15973,283,360,917,1729,1162,2851,1471,4323,2124,3693,1408,1540,4923,7159,3974,8311,62668,44302,4525,1924,25294,0,0,8,4
2021-03-04T23:59:59+01:00,4,2,1778,1971,2719,4363,2580,6336,2990,8533,3724,7019,2112,2041,6224,8903,8521,15510,280,359,916,1721,1160,2834,1470,4307,2115,3681,1397,1538,4911,7145,3967,8300,61008,44178,3246,1921,21068,0,0,8,4
2021-03-03T23:59:59+01:00,4,2,1707,1883,2612,4178,2447,6111,2850,8246,3537,6756,2029,1963,5883,8427,8157,14919,279,355,916,1711,1158,2811,1466,4283,2110,3666,1372,1526,4906,7139,3963,8292,58980,44031,3102,1921,19621,0,0,8,3
2021-03-02T23:59:59+01:00,4,2,1671,1807,2542,4060,2366,5961,2743,8065,3422,6603,1954,1895,5568,7988,7744,14240,277,350,913,1692,1155,2791,1463,4264,2109,3655,1347,1520,4896,7122,3958,8284,56854,43874,2860,1921,18913,0,0,8,3
2021-03-01T23:59:59+01:00,2,2,1661,1781,2503,3953,2318,5846,2707,7964,3369,6523,1912,1875,5430,7825,7262,13363,276,348,909,1686,1153,2779,1461,4251,2107,3640,1342,1515,4893,7120,3956,8277,54973,43791,2849,1921,18466,0,0,8,3
2021-02-28T23:59:59+01:00,2,2,1645,1742,2469,3881,2287,5791,2664,7885,3342,6475,1906,1871,5422,7820,7225,13303,276,348,908,1686,1153,2779,1461,4250,2107,3639,1342,1515,4893,7119,3956,8277,54847,43788,2847,1920,18030,0,0,8,3
2021-02-27T23:59:59+01:00,2,2,1643,1735,2466,3873,2283,5791,2662,7884,3339,6472,1900,1861,5412,7776,7052,13079,276,348,898,1681,1143,2772,1451,4241,2090,3630,1341,1512,4893,7118,3956,8277,54375,43784,2847,1842,18002,0,0,8,3
2021-02-26T23:59:59+01:00,2,1,1455,1578,2338,3630,2206,5384,2570,7380,3252,6014,1885,1836,5387,7743,6783,12686,274,346,890,1674,1135,2753,1445,4219,2080,3616,1334,1503,4886,7106,3952,8264,53618,43703,2828,1774,15676,0,0,8,2
2021-02-25T23:59:59+01:00,2,1,1241,1297,2119,3199,2034,4634,2373,6437,3011,5115,1794,1765,5335,7663,6199,11833,272,338,883,1613,1101,2657,1412,4109,2024,3541,1296,1482,4842,7064,3932,8209,51714,43229,2817,1546,11514,0,0,7,2
2021-02-24T23:59:59+01:00,2,1,1188,1088,2013,2934,1928,4297,2240,6033,2840,4845,1717,1710,5274,7573,5428,10638,270,332,847,1565,1051,2566,1351,3993,1935,3413,1256,1454,4825,7037,3922,8188,49347,42964,2805,1041,9590,0,0,7,2
2021-02-23T23:59:59+01:00,2,1,1173,1037,1978,2870,1902,4198,2214,5948,2806,4782,1709,1695,5238,7525,4780,9603,270,331,820,1538,1001,2514,1298,3915,1829,3338,1204,1427,4801,7011,3909,8149,47544,42757,2778,598,9132,0,0,7,2
2021-02-22T23:59:59+01:00,2,1,1165,995,1929,2726,1858,4053,2158,5753,2752,4676,1698,1684,5204,7476,4165,8714,268,321,777,1500,947,2431,1209,3807,1689,3241,1114,1368,4758,6940,3881,8039,45919,42281,2759,9,8325,0,0,6,2
2021-02-21T23:59:59+01:00,2,1,1163,981,1900,2664,1831,3956,2131,5648,2732,4613,1691,1678,5201,7467,4165,8710,266,319,772,1494,939,2399,1207,3771,1676,3201,1105,1353,4741,6916,3856,7995,45866,42001,2749,9,7913,0,0,6,2
2021-02-20T23:59:59+01:00,2,1,1163,981,1900,2663,1830,3956,2131,5648,2730,4608,1682,1669,5195,7460,4163,8707,266,319,772,1493,938,2395,1206,3767,1675,3199,1105,1353,4689,6856,3809,7938,45851,41772,2721,8,7911,0,0,6,2
2021-02-19T23:59:59+01:00,2,1,1163,978,1897,2658,1830,3947,2130,5639,2726,4605,1664,1660,5181,7442,4160,8702,265,318,768,1483,929,2371,1199,3724,1647,3146,1077,1314,4496,6603,3629,7637,45772,40598,2700,8,7907,0,0,6,2
2021-02-18T23:59:59+01:00,2,1,1132,896,1857,2539,1792,3810,2077,5433,2664,4432,1648,1643,5165,7409,4155,8673,237,289,723,1358,881,2165,1113,3387,1531,2849,967,1124,4001,5821,3213,6734,45619,36385,2667,8,7036,0,0,6,2
2021-02-17T23:59:59+01:00,2,1,1084,769,1776,2307,1715,3514,1968,5073,2589,4185,1623,1634,5144,7394,4146,8670,232,286,713,1340,872,2143,1101,3352,1512,2828,961,1121,3618,5295,2915,6306,45579,34587,2607,8,5402,0,0,6,2
2021-02-16T23:59:59+01:00,2,1,1043,731,1722,2204,1646,3342,1898,4866,2510,4077,1585,1620,5117,7371,4137,8658,225,280,697,1305,850,2089,1070,3234,1473,2741,937,1098,3260,4745,2573,5807,45525,32379,2440,5,4559,0,0,6,2
2021-02-15T23:59:59+01:00,2,1,1036,712,1702,2127,1628,3242,1879,4757,2496,3998,1555,1606,5086,7355,4104,8602,213,270,681,1272,831,2039,1050,3168,1431,2676,907,1067,2831,4188,2235,5225,45397,30080,2354,4,4131,0,0,6,2
2021-02-14T23:59:59+01:00,2,1,942,679,1624,2094,1566,3222,1836,4735,2461,3985,1548,1604,5077,7343,4101,8596,206,259,672,1254,813,1999,1034,3102,1400,2608,878,1022,2739,4046,2156,5026,45353,29211,2319,3,3739,0,0,5,2
2021-02-13T23:59:59+01:00,2,1,889,655,1594,2071,1551,3213,1820,4728,2453,3984,1547,1603,5077,7342,4100,8595,204,258,670,1253,813,1995,1034,3100,1399,2606,877,1022,2635,3921,2091,4925,45346,28800,2319,3,3555,0,0,5,2
2021-02-12T23:59:59+01:00,2,1,559,508,1247,1954,1380,3110,1680,4645,2346,3914,1528,1595,5067,7331,4090,8585,192,252,655,1227,799,1951,1007,3015,1344,2506,815,947,2408,3606,1943,4602,45225,27267,2319,2,1993,0,0,5,2
2021-02-11T23:59:59+01:00,2,1,394,432,1058,1840,1277,2992,1583,4532,2257,3824,1419,1550,5004,7279,4067,8535,155,189,555,983,664,1505,807,2343,1066,1913,574,695,1789,2719,1434,3321,44866,20713,2111,1,1064,0,0,5,0
2021-02-10T23:59:59+01:00,2,1,281,361,932,1734,1176,2870,1489,4348,2143,3702,1380,1537,4983,7268,4062,8533,133,127,384,622,493,1016,638,1733,899,1579,554,679,1383,2161,1117,2819,44790,16339,2002,0,6,0,0,4,0
2021-02-09T23:59:59+01:00,2,1,281,360,931,1728,1173,2862,1489,4342,2142,3697,1372,1534,4981,7266,4061,8531,130,125,376,589,474,989,617,1704,874,1549,552,676,998,1696,836,2412,44765,14599,1979,0,5,0,0,4,0
2021-02-08T23:59:59+01:00,2,1,281,358,930,1726,1170,2852,1482,4336,2140,3693,1367,1530,4979,7266,4060,8528,125,119,365,576,466,970,606,1673,856,1523,544,671,605,1205,531,1983,44736,12820,1956,0,5,0,0,4,0
2021-02-07T23:59:59+01:00,2,1,281,358,927,1726,1169,2852,1480,4334,2140,3693,1367,1530,4979,7265,4059,8528,121,116,359,572,465,963,603,1661,846,1507,536,668,604,1195,526,1968,44732,12712,1955,0,0,0,0,4,0
2021-02-06T23:59:59+01:00,2,1,281,358,927,1726,1169,2852,1480,4334,2140,3693,1367,1530,4979,7265,4059,8528,118,113,357,568,464,961,603,1659,846,1506,535,667,604,1195,526,1968,44732,12692,1955,0,0,0,0,4,0
2021-02-05T23:59:59+01:00,2,1,280,357,925,1726,1169,2851,1478,4333,2139,3693,1367,1530,4978,7263,4059,8525,117,105,354,563,456,948,599,1649,833,1483,530,657,598,1179,516,1943,44717,12532,1955,0,0,0,0,4,0
2021-02-04T23:59:59+01:00,2,1,276,352,919,1687,1162,2804,1478,4280,2127,3650,1360,1523,4949,7232,4047,8491,89,70,236,390,331,690,470,1259,624,1115,400,519,503,964,452,1678,44383,9791,1954,0,0,0,0,3,0
2021-02-03T23:59:59+01:00,2,1,274,343,915,1662,1158,2769,1467,4230,2118,3614,1352,1507,4924,7202,4033,8461,55,34,83,165,153,345,228,592,300,541,211,277,287,601,264,1046,44075,5183,1954,0,0,0,0,3,0
2021-02-02T23:59:59+01:00,2,1,273,341,914,1650,1154,2750,1464,4198,2111,3588,1344,1501,4916,7187,4024,8435,16,10,27,50,62,100,73,164,96,123,45,74,69,133,57,208,43896,1308,1954,0,0,0,0,3,0
2021-02-01T23:59:59+01:00,2,1,273,337,914,1647,1153,2749,1463,4194,2110,3582,1343,1500,4914,7186,4024,8435,13,9,23,43,52,91,60,139,74,104,39,66,61,124,55,195,43870,1149,1954,0,0,0,0,3,0
2021-01-31T23:59:59+01:00,2,1,273,336,914,1643,1152,2744,1463,4189,2110,3579,1342,1500,4913,7185,4024,8435,12,8,21,38,45,83,54,128,64,98,34,55,52,114,52,188,43850,1047,1952,0,0,0,0,3,0
2021-01-30T23:59:59+01:00,2,1,273,336,909,1640,1144,2736,1455,4183,2106,3576,1342,1500,4860,7125,3978,8377,12,8,21,37,45,83,53,127,64,98,34,55,52,114,52,188,43622,1044,1918,0,0,0,0,3,0
2021-01-29T23:59:59+01:00,2,1,272,335,894,1632,1132,2715,1443,4153,2083,3549,1333,1494,4695,6923,3810,8169,10,8,21,37,42,83,52,125,61,97,33,51,51,114,52,188,42826,1026,1806,0,0,0,0,3,0
2021-01-28T23:59:59+01:00,2,1,268,322,875,1545,1093,2605,1406,4051,2014,3475,1307,1481,4359,6450,3533,7808,7,4,9,17,23,41,21,57,36,64,20,33,35,74,40,126,41029,608,1563,0,0,0,0,3,0
2021-01-27T23:59:59+01:00,2,1,262,319,833,1490,1046,2511,1342,3953,1940,3368,1267,1454,3944,5879,3206,7336,3,4,9,8,12,20,8,23,14,29,12,14,17,42,17,63,39040,296,1110,0,0,0,0,3,0
2021-01-26T23:59:59+01:00,2,1,255,310,797,1443,979,2426,1281,3826,1824,3260,1206,1403,3595,5323,2851,6812,1,1,5,3,5,7,4,3,3,8,7,5,5,7,4,8,36929,77,662,0,0,0,0,3,0
2021-01-25T23:59:59+01:00,2,1,245,301,745,1383,918,2308,1179,3681,1666,3140,1126,1371,3198,4808,2534,6335,1,1,5,2,3,7,2,2,3,8,7,5,5,7,4,8,34877,71,62,0,0,0,0,2,0
2021-01-24T23:59:59+01:00,2,1,242,301,739,1379,907,2292,1174,3665,1638,3110,1120,1369,3171,4772,2517,6313,1,1,3,2,3,7,2,2,3,8,7,5,5,7,4,8,34702,69,8,0,0,0,0,2,0
2021-01-23T23:59:59+01:00,2,1,241,300,738,1378,907,2288,1173,3663,1635,3108,1119,1369,3066,4645,2451,6212,1,1,3,2,2,7,2,2,3,8,7,5,5,7,4,8,34287,68,7,0,0,0,0,2,0
2021-01-22T23:59:59+01:00,2,1,240,297,735,1362,905,2275,1167,3647,1631,3105,1117,1368,2905,4451,2348,6067,1,1,3,2,2,7,2,2,3,8,7,5,5,7,4,8,33614,68,7,0,0,0,0,2,0
2021-01-21T23:59:59+01:00,2,1,235,268,670,1206,838,2063,1086,3362,1535,2899,1074,1325,2557,3986,2054,5627,1,0,3,1,2,7,2,2,3,8,7,4,5,7,4,8,30781,65,7,0,0,0,0,0,0
2021-01-20T23:59:59+01:00,2,1,210,204,509,853,663,1571,888,2661,1298,2434,976,1192,2019,3233,1628,4813,1,0,3,1,2,7,2,2,3,6,6,4,5,7,4,8,25148,62,7,0,0,0,0,0,0
2021-01-19T23:59:59+01:00,2,1,184,187,463,744,609,1416,803,2365,1122,2126,808,933,1365,2294,1142,3675,0,0,2,1,0,0,0,0,2,1,1,0,0,0,0,0,20236,7,3,0,0,0,0,0,0
2021-01-18T23:59:59+01:00,1,1,138,132,385,619,487,1060,647,1822,930,1634,601,724,692,1344,599,2247,0,0,1,0,0,0,0,0,1,0,0,0,0,0,0,0,14061,2,2,0,0,0,0,0,0
2021-01-17T23:59:59+01:00,1,1,127,118,369,584,472,995,618,1705,871,1535,552,683,641,1242,553,2082,0,0,0,0,0,0,0,0,0,0,0,0,0,0,0,0,13149,0,0,0,0,0,0,0,0
2021-01-16T23:59:59+01:00,1,1,120,114,366,580,470,983,612,1692,865,1528,551,682,640,1236,548,2068,0,0,0,0,0,0,0,0,0,0,0,0,0,0,0,0,13057,0,0,0,0,0,0,0,0
2021-01-15T23:59:59+01:00,1,1,118,107,363,574,462,967,608,1681,851,1504,545,670,632,1219,540,2043,0,0,0,0,0,0,0,0,0,0,0,0,0,0,0,0,12886,0,0,0,0,0,0,0,0
2021-01-14T23:59:59+01:00,1,1,97,86,280,465,390,788,504,1411,695,1217,431,539,550,1021,476,1841,0,0,0,0,0,0,0,0,0,0,0,0,0,0,0,0,10793,0,0,0,0,0,0,0,0
2021-01-13T23:59:59+01:00,1,1,67,47,167,282,255,523,352,922,474,781,264,327,333,672,306,1170,0,0,0,0,0,0,0,0,0,0,0,0,0,0,0,0,6944,0,0,0,0,0,0,0,0
2021-01-12T23:59:59+01:00,1,1,31,20,52,101,114,215,150,383,196,333,137,179,174,372,177,650,0,0,0,0,0,0,0,0,0,0,0,0,0,0,0,0,3286,0,0,0,0,0,0,0,0
2021-01-11T23:59:59+01:00,1,0,17,10,36,63,62,114,77,171,91,126,40,66,66,131,55,201,0,0,0,0,0,0,0,0,0,0,0,0,0,0,0,0,1327,0,0,0,0,0,0,0,0
2021-01-10T23:59:59+01:00,1,0,14,7,29,52,55,102,67,156,75,112,34,56,56,120,50,191,0,0,0,0,0,0,0,0,0,0,0,0,0,0,0,0,1177,0,0,0,0,0,0,0,0
2021-01-09T23:59:59+01:00,1,0,13,7,28,51,54,101,64,155,75,110,34,56,56,120,50,191,0,0,0,0,0,0,0,0,0,0,0,0,0,0,0,0,1166,0,0,0,0,0,0,0,0
2021-01-08T23:59:59+01:00,1,0,10,7,26,48,49,96,60,142,69,106,32,51,55,120,50,191,0,0,0,0,0,0,0,0,0,0,0,0,0,0,0,0,1113,0,0,0,0,0,0,0,0
2021-01-07T23:59:59+01:00,1,0,7,4,9,18,22,43,23,57,38,66,19,34,40,80,39,127,0,0,0,0,0,0,0,0,0,0,0,0,0,0,0,0,627,0,0,0,0,0,0,0,0
2021-01-06T23:59:59+01:00,1,0,7,4,9,15,14,30,15,40,25,53,16,25,34,70,37,111,0,0,0,0,0,0,0,0,0,0,0,0,0,0,0,0,506,0,0,0,0,0,0,0,0
2021-01-05T23:59:59+01:00,1,0,7,4,9,15,14,30,15,40,25,53,16,25,33,70,37,111,0,0,0,0,0,0,0,0,0,0,0,0,0,0,0,0,505,0,0,0,0,0,0,0,0
2021-01-04T23:59:59+01:00,1,0,2,4,8,5,4,14,4,8,6,16,7,5,9,16,5,15,0,0,0,0,0,0,0,0,0,0,0,0,0,0,0,0,129,0,0,0,0,0,0,0,0
2021-01-03T23:59:59+01:00,1,0,1,1,3,2,2,7,3,3,3,9,5,4,6,8,4,9,0,0,0,0,0,0,0,0,0,0,0,0,0,0,0,0,71,0,0,0,0,0,0,0,0
2021-01-02T23:59:59+01:00,1,0,1,1,3,2,2,7,3,3,3,9,5,4,6,8,4,9,0,0,0,0,0,0,0,0,0,0,0,0,0,0,0,0,71,0,0,0,0,0,0,0,0
2021-01-01T23:59:59+01:00,1,0,1,1,3,2,2,7,2,3,3,9,5,4,6,8,4,9,0,0,0,0,0,0,0,0,0,0,0,0,0,0,0,0,70,0,0,0,0,0,0,0,0
2020-12-31T23:59:59+01:00,1,0,1,1,3,1,2,7,2,2,3,8,5,4,6,8,4,9,0,0,0,0,0,0,0,0,0,0,0,0,0,0,0,0,67,0,0,0,0,0,0,0,0
2020-12-30T23:59:59+01:00,1,0,1,1,3,1,2,7,2,2,3,6,5,4,6,8,4,9,0,0,0,0,0,0,0,0,0,0,0,0,0,0,0,0,65,0,0,0,0,0,0,0,0
2020-12-29T23:59:59+01:00,1,0,1,1,2,1,2,6,2,2,3,6,3,2,5,8,3,8,0,0,0,0,0,0,0,0,0,0,0,0,0,0,0,0,56,0,0,0,0,0,0,0,0
2020-12-28T23:59:59+01:00,1,0,0,0,2,1,0,2,1,0,1,3,0,1,0,1,1,5,0,0,0,0,0,0,0,0,0,0,0,0,0,0,0,0,19,0,0,0,0,0,0,0,0
2020-12-27T23:59:59+01:00,0,0,0,0,0,0,0,1,1,0,1,2,0,1,0,1,1,5,0,0,0,0,0,0,0,0,0,0,0,0,0,0,0,0,13,0,0,0,0,0,0,0,0
