Datum,<24_1_m,<24_1_w,25-34_1_m,25-34_1_w,35-44_1_m,35-44_1_w,45-54_1_m,45-54_1_w,55-64_1_m,55-64_1_w,65-74_1_m,65-74_1_w,75-84_1_m,75-84_1_w,>84_1_m,>84_1_w,<24_2_m,<24_2_w,25-34_2_m,25-34_2_w,35-44_2_m,35-44_2_w,45-54_2_m,45-54_2_w,55-64_2_m,55-64_2_w,65-74_2_m,65-74_2_w,75-84_2_m,75-84_2_w,>84_2_m,>84_2_w,bp_1,bp_2,mo_1,mo_2,az_1,az_2,ja
2021-06-19T23:59:59+02:00,25497,23668,38196,32270,44304,41937,62964,62255,76322,75816,53751,58125,35145,46351,9717,17811,6372,6449,11243,11204,13080,16028,22341,27797,54147,56641,42727,45810,32082,42307,9143,16727,508251,297703,75383,36298,108695,68297,11800
2021-06-18T23:59:59+02:00,25379,23535,38131,32214,44233,41857,62913,62213,76280,75772,53730,58110,35142,46338,9716,17810,6278,6242,10954,10733,12725,15465,21704,26743,53479,55616,42560,45674,32061,42265,9138,16719,507504,296145,75377,36297,108692,64114,11800
2021-06-17T23:59:59+02:00,24529,22686,37401,31587,43482,41141,62521,61858,76010,75519,53626,57997,35100,46280,9704,17789,6069,5972,10567,10209,12225,14693,20682,25261,52005,53807,41513,44467,31817,41941,9097,16648,501585,289172,75328,36174,108686,59996,11631
2021-06-16T23:59:59+02:00,23549,21574,36420,30678,42535,40207,62013,61423,75651,75231,53495,57860,35056,46202,9695,17768,5864,5793,10045,9905,11483,14198,18494,23429,48688,50663,39965,42659,31426,41455,9050,16546,494342,273270,74816,35981,108675,58888,11524
2021-06-15T23:59:59+02:00,22551,20553,35511,29837,41650,39367,61610,61010,75357,74943,53367,57710,35009,46140,9685,17743,5628,5653,9516,9637,10765,13700,16152,21552,45192,47163,38583,41001,31027,40935,8993,16434,487288,256371,74707,35949,108668,58231,11380
2021-06-14T23:59:59+02:00,21213,19129,34244,28531,40247,38011,61068,60515,75011,74622,53254,57586,34970,46077,9677,17730,5479,5544,9163,9423,10280,13366,14467,20113,43011,44966,37608,39950,30800,40598,8966,16364,477598,245314,74290,35925,108663,57525,11334
2021-06-13T23:59:59+02:00,20629,18643,33766,28132,39761,37635,60862,60350,74892,74533,53227,57548,34950,46057,9675,17722,5381,5485,9018,9359,10128,13292,13801,19608,42599,44622,37407,39741,30752,40532,8960,16352,474528,244397,73988,34517,108657,56914,11209
2021-06-12T23:59:59+02:00,20626,18625,33754,28121,39755,37632,60857,60348,74889,74531,53226,57546,34949,46057,9675,17722,5374,5479,9008,9354,10116,13287,13785,19589,42419,44478,37388,39730,30749,40530,8960,16351,474464,243969,73984,34517,108657,56903,11208
2021-06-11T23:59:59+02:00,20534,18561,33593,28053,39587,37584,60741,60308,74830,74511,53218,57541,34947,46056,9675,17721,5280,5231,8845,8797,9914,12557,13546,18425,41939,43333,37248,39611,30738,40509,8958,16349,474131,243484,73577,34515,108551,52080,11201
2021-06-10T23:59:59+02:00,19533,17716,32181,27179,38388,36696,60095,59880,74470,74260,53136,57465,34915,46015,9664,17706,4984,4986,8281,8299,9233,11787,12745,17294,39063,40309,36601,38959,30597,40361,8945,16323,470251,236490,70621,34386,108270,47734,10157
2021-06-09T23:59:59+02:00,18603,16889,30924,26288,37217,35849,59552,59522,74166,74065,53067,57366,34889,45975,9653,17688,4787,4813,7912,8109,8764,11576,12082,16869,33742,35206,35474,37781,30404,40147,8929,16282,465602,222783,68219,34265,108233,46170,9659
2021-06-08T23:59:59+02:00,17532,15911,29601,25232,35914,34904,58985,59149,73919,73880,53002,57305,34868,45944,9649,17680,4694,4737,7752,7998,8625,11467,11768,16655,30705,32159,34773,37117,30279,39979,8911,16254,461147,215396,64826,34210,108194,44959,9308
2021-06-07T23:59:59+02:00,16770,15217,28244,24437,34814,34168,58555,58933,73719,73789,52973,57266,34855,45937,9649,17676,4586,4656,7542,7870,8332,11340,11333,16350,26060,27399,33770,36071,30090,39760,8892,16231,458045,203783,61833,34148,108162,43389,8962
2021-06-06T23:59:59+02:00,16380,14973,27460,24033,34196,33770,58273,58781,73587,73733,52952,57248,34845,45930,9648,17675,4510,4618,7397,7821,8173,11254,10980,16114,22988,24219,33097,35366,29974,39638,8887,16220,456926,201023,59792,28995,108139,42611,8627
2021-06-05T23:59:59+02:00,16351,14937,27415,23994,34171,33751,58268,58774,73584,73728,52947,57243,34841,45928,9648,17675,4486,4603,7364,7801,8124,11240,10906,16064,21396,22473,32490,34691,29919,39576,8883,16214,456813,196093,59687,28993,108128,42517,8627
2021-06-04T23:59:59+02:00,16084,14641,27088,23675,33846,33442,58211,58709,73543,73709,52941,57239,34840,45926,9648,17674,4449,4570,7292,7725,8066,11160,10817,15940,21296,22364,32423,34639,29891,39545,8880,16211,454868,196014,59625,28981,108096,41646,8627
2021-06-03T23:59:59+02:00,15397,14087,26038,22994,32769,32721,57742,58391,73273,73531,52878,57174,34811,45897,9644,17662,4295,4459,7012,7567,7808,10985,10432,15667,19208,20192,30694,32660,29680,39285,8860,16165,450544,187501,58162,28962,108083,40286,8220
2021-06-02T23:59:59+02:00,14602,13243,25043,22077,31696,31833,57515,58156,73091,73403,52838,57106,34796,45880,9637,17655,4255,4432,6960,7515,7748,10934,10342,15573,18478,19399,28976,30733,29600,39172,8853,16155,444292,181999,57986,28961,108081,39953,8212
2021-06-01T23:59:59+02:00,13282,12214,22901,20630,29242,30014,56184,57162,72187,72673,52572,56829,34701,45724,9605,17611,4004,4232,6442,7208,7153,10514,9438,14938,16351,17329,25423,26753,29056,38445,8791,16030,434932,168230,53621,28825,108042,38116,6936
2021-05-31T23:59:59+02:00,12254,11449,21063,19452,27264,28543,55171,56386,71576,72169,52380,56600,34635,45633,9594,17580,3833,4060,6109,6961,6752,10220,8856,14559,15237,16257,24320,25488,28751,38032,8740,15953,428208,162578,49407,28794,108025,36647,6109
2021-05-30T23:59:59+02:00,11838,11069,20358,18945,26585,27974,54870,56122,71366,71998,52316,56535,34614,45610,9587,17573,3616,3841,5766,6708,6468,9975,8638,14353,14971,15982,24042,25183,28655,37942,8729,15930,425667,161755,49040,28736,107995,35650,4658
2021-05-29T23:59:59+02:00,11820,11053,20342,18920,26567,27950,54859,56115,71362,71992,52314,56530,34612,45610,9587,17573,3614,3832,5761,6705,6465,9972,8630,14345,14960,15979,24032,25175,28652,37938,8728,15929,425513,161688,49040,28734,107995,35637,4658
2021-05-28T23:59:59+02:00,11743,10944,20186,18751,26320,27712,54710,55945,71225,71873,52283,56483,34600,45589,9584,17565,3564,3747,5671,6564,6361,9765,8509,14081,14773,15710,23886,25030,28613,37890,8722,15922,423875,161314,49003,28733,107978,34104,4657
2021-05-27T23:59:59+02:00,10244,9563,17789,16919,23623,25644,53707,55203,70617,71416,52097,56284,34528,45503,9574,17542,3202,3353,4829,5933,5488,8992,7675,13054,13672,14546,22975,24069,28295,37510,8676,15845,411999,157582,48052,28469,107844,29705,2358
2021-05-26T23:59:59+02:00,9779,9090,16865,16066,22480,24669,53144,54689,70238,71068,51962,56136,34468,45441,9566,17514,2986,3151,4447,5584,5027,8480,7161,12382,12684,13555,22150,23087,28032,37147,8638,15773,406463,153815,47325,28383,107777,26476,1610
2021-05-25T23:59:59+02:00,9090,8409,15616,15159,21078,23549,52728,54332,70014,70897,51899,56060,34449,45421,9563,17505,2890,3031,4257,5450,4785,8249,6867,12047,12088,12986,20042,20983,27739,36686,8612,15736,399734,148246,47084,28370,107734,24615,1217
2021-05-24T23:59:59+02:00,8984,8298,15390,15031,20796,23371,52640,54221,69977,70865,51898,56055,34448,45420,9561,17502,2838,2958,4175,5274,4696,8008,6734,11752,11958,12774,19932,20875,27696,36648,8607,15727,398598,148108,47008,28330,107648,23011,1203
2021-05-23T23:59:59+02:00,8965,8281,15349,15021,20747,23343,52632,54219,69975,70860,51897,56053,34448,45419,9561,17502,2835,2954,4168,5270,4687,8003,6731,11740,11937,12750,19793,20684,27668,36611,8605,15726,398419,147635,47008,28328,107648,23002,1197
2021-05-22T23:59:59+02:00,8962,8272,15337,15009,20740,23338,52632,54217,69972,70860,51897,56052,34448,45419,9561,17502,2830,2943,4162,5268,4685,8002,6729,11737,11926,12746,19783,20680,27667,36611,8605,15726,398367,147599,47008,28328,107648,22978,1195
2021-05-21T23:59:59+02:00,8877,8157,15203,14889,20509,23151,52417,54015,69846,70760,51873,56028,34442,45413,9556,17496,2754,2847,4073,5130,4581,7770,6604,11428,11765,12492,19730,20632,27655,36593,8604,15725,396811,147384,47006,28328,107623,21479,1192
2021-05-20T23:59:59+02:00,8553,7809,14614,14373,19275,22058,49960,51828,68790,69860,51576,55717,34345,45286,9533,17473,2467,2651,3705,4771,4147,7203,5994,10545,10640,11392,18546,19409,27232,36098,8544,15604,385899,142272,46852,28037,107321,17661,978
2021-05-19T23:59:59+02:00,8254,7555,13941,13886,17619,20749,46282,48575,67410,68632,51194,55243,34205,45095,9500,17428,2379,2412,3544,4442,3889,6663,5522,9810,9608,10256,17083,17796,26642,35295,8448,15430,371229,135205,46287,27894,107093,15161,959
2021-05-18T23:59:59+02:00,8023,7340,13373,13444,16249,19686,41748,44694,66047,67379,50720,54765,34078,44900,9464,17384,2325,2258,3400,4256,3703,6339,5154,9295,8666,9340,15530,16050,26041,34576,8372,15277,355233,128621,46228,27333,106939,13734,894
2021-05-17T23:59:59+02:00,7865,7226,13031,13191,15693,19203,39598,42874,65266,66630,50485,54499,34013,44806,9451,17354,2240,2184,3213,4078,3487,6109,4800,8887,7857,8594,12151,11904,25344,33658,8301,15143,351564,123449,41970,21273,106860,12437,791
2021-05-16T23:59:59+02:00,7791,7131,12906,13038,15519,19030,39104,42403,65091,66478,50442,54439,34005,44786,9446,17349,2169,2077,3122,3955,3404,6006,4688,8732,7662,8408,9855,9160,25003,33154,8275,15095,350098,122321,41468,15950,106826,11928,566
2021-05-15T23:59:59+02:00,7784,7121,12902,13033,15515,19025,39098,42402,65090,66476,50442,54438,34005,44786,9446,17349,2168,2076,3119,3949,3400,6002,4683,8730,7660,8405,9852,9158,25003,33154,8275,15095,350057,122291,41468,15950,106824,11925,563
2021-05-14T23:59:59+02:00,7559,7018,12664,12967,15294,18939,38067,41584,64618,66108,50366,54361,33993,44759,9444,17346,2041,1982,3011,3879,3352,5896,4631,8572,7613,8297,9851,9155,25002,33154,8275,15094,346732,122239,41437,15946,106366,11068,552
2021-05-13T23:59:59+02:00,7261,6808,12254,12709,14715,18478,34303,38570,62324,64199,49845,53778,33887,44565,9433,17303,1990,1935,2957,3805,3317,5800,4591,8465,7532,8185,9818,9101,24980,33116,8273,15091,332791,121996,41215,15923,105937,10548,489
2021-05-12T23:59:59+02:00,7240,6781,12177,12641,14599,18361,33619,37973,61857,63776,49707,53618,33852,44524,9428,17294,1990,1932,2956,3805,3314,5800,4591,8463,7530,8178,9811,9099,24980,33114,8273,15090,329821,121977,41205,15913,105932,10547,489
2021-05-11T23:59:59+02:00,6881,6628,11710,12357,14077,17969,29132,34301,59651,61896,49151,53019,33700,44315,9407,17241,1942,1792,2841,3528,3200,5422,4447,8006,7386,7897,9731,9025,24958,33078,8270,15081,314966,121743,41150,15723,104953,8772,366
2021-05-10T23:59:59+02:00,6740,6543,11547,12247,13858,17794,25569,31456,58536,60881,48829,52711,33624,44202,9395,17216,1897,1673,2757,3307,3104,5069,4331,7478,7275,7525,9699,8983,24947,33060,8269,15077,305191,121617,40989,15576,104665,6955,303
2021-05-09T23:59:59+02:00,6659,6505,11459,12183,13756,17710,23914,30226,58138,60567,48739,52622,33602,44172,9390,17211,1873,1633,2699,3194,3055,4925,4288,7348,7215,7447,9688,8969,24941,33056,8268,15077,304670,121556,37426,15532,104467,6298,290
2021-05-08T23:59:59+02:00,6654,6501,11449,12177,13747,17703,23908,30221,58129,60561,48736,52615,33597,44169,9389,17208,1872,1632,2699,3193,3055,4925,4285,7344,7214,7446,9687,8969,24940,33054,8268,15077,304581,121540,37426,15532,104467,6298,290
2021-05-07T23:59:59+02:00,6604,6459,11385,12130,13646,17622,23103,29601,57458,59994,48635,52512,33575,44144,9386,17195,1756,1579,2628,3154,3018,4897,4254,7320,7192,7416,9681,8963,24938,33053,8268,15076,301430,121509,37410,15526,104324,5873,285
2021-05-06T23:59:59+02:00,6321,6320,10843,11810,12916,17161,20802,27787,54143,57029,47592,51318,33302,43787,9343,17108,1499,1422,2408,2997,2854,4721,4097,7125,7042,7263,9611,8891,24921,33023,8265,15068,286425,121223,37224,15389,103777,4439,156
2021-05-05T23:59:59+02:00,6037,6203,10315,11558,12129,16696,18713,26114,50386,53383,46135,49608,32929,43298,9289,17007,1448,1305,2347,2880,2773,4531,4001,6887,6931,7078,9501,8803,24873,32956,8259,15054,269371,120760,36998,15346,103388,3478,43
2021-05-04T23:59:59+02:00,5932,6098,9982,11341,11672,16271,17511,25042,48667,51435,45151,48420,32611,42883,9231,16908,1432,1282,2320,2837,2735,4446,3945,6773,6858,7012,9464,8765,24855,32941,8258,15050,259050,120545,36975,15286,103110,3122,20
2021-05-03T23:59:59+02:00,5808,6000,9619,11161,11193,15991,16328,24073,47138,49826,44374,47562,32432,42586,9206,16834,1410,1250,2291,2812,2693,4381,3899,6719,6780,6958,8609,7661,23392,31009,8145,14853,250069,114762,36965,15204,103085,2884,12
2021-05-02T23:59:59+02:00,5736,5975,9507,11125,11052,15930,15628,23509,46699,49481,44258,47413,32390,42532,9199,16826,1405,1245,2277,2810,2678,4371,3878,6709,6761,6944,7953,6890,21899,29130,8106,14782,248868,114745,35354,10232,103031,2854,7
2021-05-01T23:59:59+02:00,5736,5972,9502,11120,11049,15929,15624,23505,46697,49477,44257,47413,32390,42532,9199,16826,1404,1245,2277,2810,2678,4371,3876,6709,6760,6944,7953,6889,21899,29130,8106,14782,248837,114741,35354,10232,103030,2853,7
2021-04-30T23:59:59+02:00,5683,5949,9434,11100,10998,15907,15533,23468,45149,48001,43998,47141,32359,42495,9197,16819,1174,1139,2092,2730,2582,4305,3799,6657,6696,6888,7949,6876,21898,29128,8106,14782,244852,114734,35354,10230,103018,1830,7
2021-04-29T23:59:59+02:00,5397,5852,8953,10954,10393,15735,14764,23204,40044,43461,43294,46400,32266,42401,9194,16791,973,1052,1933,2655,2498,4242,3691,6584,6627,6839,7930,6863,21895,29122,8106,14782,231161,114694,35253,10128,102682,963,7
2021-04-28T23:59:59+02:00,5205,5811,8701,10867,10033,15648,14404,23034,35054,38571,42434,45554,32159,42285,9184,16776,929,1015,1897,2614,2467,4157,3654,6474,6577,6755,7911,6850,21886,29108,8102,14776,218006,114611,35236,10080,102471,474,7
2021-04-27T23:59:59+02:00,4940,5553,8363,10401,9647,15076,13909,22391,33897,37405,42253,45365,32145,42262,9181,16774,900,998,1863,2593,2452,4139,3634,6454,6545,6731,7900,6843,21882,29103,8099,14770,215290,114555,35226,10051,99039,293,7
2021-04-26T23:59:59+02:00,4910,5520,8286,10361,9540,15026,13684,22269,29099,32584,41524,44674,32083,42180,9172,16767,864,987,1833,2577,2423,4113,3608,6433,6494,6689,7853,6790,21857,29080,8099,14763,203494,114357,35219,10008,98959,91,7
2021-04-25T23:59:59+02:00,4885,5504,8252,10335,9473,14996,13595,22224,26865,30228,41096,44224,32041,42140,9171,16763,850,978,1822,2564,2408,4098,3579,6412,6463,6657,7829,6771,21843,29061,8098,14760,202847,114333,30115,9765,98824,89,6
2021-04-24T23:59:59+02:00,4863,5489,8225,10307,9429,14981,13548,22199,25145,28348,40550,43597,31990,42083,9168,16758,849,977,1818,2562,2408,4093,3579,6410,6463,6653,7827,6770,21842,29061,8098,14760,197803,114313,30115,9764,98756,87,6
2021-04-23T23:59:59+02:00,4545,5299,7762,10011,8999,14618,12970,21797,24718,28080,40479,43543,31974,42055,9162,16753,835,967,1798,2547,2388,4077,3557,6389,6443,6634,7812,6750,21838,29052,8098,14760,197459,114298,30100,9566,95200,75,6
2021-04-22T23:59:59+02:00,4435,5224,7564,9900,8724,14415,12484,21435,22071,25296,38022,40669,31540,41502,9100,16643,819,955,1771,2518,2326,4016,3481,6324,6334,6539,7735,6663,21788,29007,8096,14750,184463,114180,29911,8864,94644,72,6
2021-04-21T23:59:59+02:00,4404,5189,7423,9814,8536,14238,12113,21114,20544,23754,35062,37254,31149,40914,9046,16532,793,937,1734,2489,2284,3991,3448,6292,6297,6499,7703,6634,21772,28988,8093,14746,172772,114075,29739,8551,94569,68,6
2021-04-20T23:59:59+02:00,4367,5154,7299,9745,8324,14070,11706,20800,19245,22362,31937,33796,30751,40408,8998,16442,786,926,1715,2478,2253,3966,3404,6238,6252,6464,7670,6590,21748,28967,8088,14743,161169,113920,29717,8296,94512,66,6
2021-04-19T23:59:59+02:00,4339,5135,7222,9703,8204,13956,11425,20597,18522,21603,31098,32729,30519,40098,8963,16377,776,920,1694,2464,2226,3934,3368,6204,6220,6433,7617,6555,21727,28944,8086,14740,156336,113787,29700,8051,94448,64,6
2021-04-18T23:59:59+02:00,4333,5128,7209,9688,8184,13939,11389,20561,18428,21519,30986,32617,30494,40076,8960,16372,774,916,1677,2452,2210,3917,3343,6174,6192,6413,7594,6543,21710,28923,8083,14738,155845,113728,29632,7862,94400,63,6
2021-04-17T23:59:59+02:00,4332,5125,7205,9687,8182,13939,11385,20552,18413,21510,30967,32605,30492,40075,8960,16372,774,915,1676,2452,2209,3916,3340,6172,6190,6412,7594,6543,21710,28923,8083,14738,155770,113716,29631,7862,94394,63,6
2021-04-16T23:59:59+02:00,4137,5075,6858,9549,7818,13751,10978,20292,17970,21253,30785,32454,30424,39995,8951,16357,761,896,1663,2439,2182,3902,3281,6133,6148,6358,7499,6445,21303,28371,8056,14681,155021,112394,29623,7658,91997,60,6
2021-04-15T23:59:59+02:00,4018,4973,6478,9174,7233,13224,10154,19390,16620,20012,29639,31193,29971,39442,8891,16204,727,871,1607,2397,2101,3817,3157,6000,5810,6111,6985,6035,20627,27497,7979,14539,149284,109078,29329,7121,87997,55,6
2021-04-14T23:59:59+02:00,3948,4906,6233,8934,6878,12826,9498,18799,15491,18931,28245,29716,29433,38665,8803,16042,688,842,1557,2359,2026,3739,3006,5868,5481,5846,6419,5512,19665,26238,7911,14394,142535,104828,29129,6668,85678,49,6
2021-04-13T23:59:59+02:00,3914,4871,6137,8850,6725,12701,9177,18528,14546,18106,24923,26149,28640,37654,8721,15894,681,832,1543,2333,1998,3703,2901,5796,5254,5644,6044,5163,19400,25935,7879,14332,130937,102746,29119,6638,85474,48,6
2021-04-12T23:59:59+02:00,3889,4843,6082,8794,6637,12619,8928,18298,13893,17513,23920,25012,28292,37174,8664,15787,671,824,1533,2324,1975,3683,2839,5743,5092,5525,5722,4878,19129,25647,7845,14283,125872,101164,29103,6495,85364,48,6
2021-04-11T23:59:59+02:00,3882,4836,6063,8770,6609,12600,8888,18271,13792,17443,23798,24877,28245,37109,8656,15765,668,818,1519,2314,1962,3675,2821,5727,5054,5482,5659,4816,18961,25421,7828,14256,125330,100503,29037,6424,85231,48,6
2021-04-10T23:59:59+02:00,3870,4835,6042,8770,6585,12599,8868,18270,13773,17441,23792,24873,28242,37109,8656,15765,665,816,1514,2309,1957,3672,2815,5719,5038,5472,5646,4798,18799,25169,7815,14234,125308,99994,28948,6390,85228,48,6
2021-04-09T23:59:59+02:00,3824,4821,5998,8760,6530,12579,8826,18245,13719,17389,21725,22320,27884,36644,8630,15727,649,800,1491,2285,1929,3654,2766,5674,4963,5416,5525,4691,18233,24434,7783,14176,124621,98232,23846,6191,85148,40,6
2021-04-08T23:59:59+02:00,3794,4801,5928,8731,6458,12533,8731,18181,13567,17268,18992,19068,27521,36174,8599,15689,599,765,1407,2199,1828,3558,2559,5475,4453,5040,4698,4025,16504,22273,7633,13909,123759,91272,17997,5618,84274,30,5
2021-04-07T23:59:59+02:00,3696,4768,5723,8686,6249,12472,8505,18110,13315,17163,16067,15687,27144,35721,8574,15643,575,730,1353,2145,1725,3468,2397,5315,4012,4706,3960,3431,15716,21449,7540,13756,123550,86976,16468,5272,77501,26,4
2021-04-06T23:59:59+02:00,3664,4757,5675,8666,6183,12447,8417,18072,13238,17087,13791,12978,26819,35372,8564,15618,539,706,1280,2086,1639,3385,2220,5178,3623,4437,3424,2985,14926,20495,7476,13656,123424,83359,16267,4671,71653,21,4
2021-04-05T23:59:59+02:00,3660,4752,5636,8653,6148,12437,8366,18052,13172,17052,13745,12932,26811,35358,8563,15617,505,668,1221,2052,1588,3345,2155,5119,3537,4361,3365,2942,14793,20326,7467,13640,123402,82876,16059,4184,71490,21,3
2021-04-04T23:59:59+02:00,3659,4751,5636,8652,6147,12437,8365,18049,13172,17052,13742,12932,26810,35358,8563,15617,505,667,1221,2052,1588,3345,2155,5119,3537,4361,3365,2942,14792,20326,7467,13640,123395,82874,16059,4184,71485,21,3
2021-04-03T23:59:59+02:00,3658,4751,5636,8651,6147,12437,8365,18049,13172,17052,13741,12930,26809,35356,8563,15617,505,666,1221,2052,1587,3345,2155,5117,3530,4358,3360,2932,14706,20188,7458,13626,123389,82598,16059,4184,71483,21,3
2021-04-02T23:59:59+02:00,3657,4748,5634,8646,6142,12428,8356,18036,13142,17021,13696,12874,26787,35345,8560,15613,501,658,1220,2048,1575,3338,2145,5093,3498,4323,3330,2902,13763,18921,7410,13545,123226,80143,16056,4103,71400,21,3
2021-04-01T23:59:59+02:00,3640,4734,5598,8626,6078,12393,8273,17999,13025,16945,13588,12750,26734,35276,8553,15602,442,609,1128,1976,1473,3255,1996,4978,3292,4181,3099,2700,11771,16331,7321,13405,122910,74617,15933,3316,70968,21,3
2021-03-31T23:59:59+02:00,3636,4717,5577,8591,6047,12357,8229,17953,12948,16868,13466,12631,26695,35228,8547,15593,403,585,1086,1933,1402,3213,1879,4864,3034,3972,2650,2394,9241,13102,7167,13199,122607,67127,15894,2974,70579,20,3
2021-03-30T23:59:59+02:00,3628,4706,5551,8561,6017,12327,8187,17910,12869,16792,13379,12504,26667,35185,8542,15584,381,564,1062,1901,1340,3175,1742,4780,2783,3793,2254,2135,8409,12031,7119,13096,122480,63844,15865,2700,70062,19,2
2021-03-29T23:59:59+02:00,3614,4699,5524,8544,5982,12294,8145,17876,12789,16713,12440,11316,25095,33101,8423,15371,373,562,1057,1884,1317,3150,1699,4734,2630,3707,1957,1979,7784,11321,7081,13032,116509,61551,15696,2697,69719,17,2
2021-03-28T23:59:59+02:00,3582,4674,5474,8514,5931,12250,8061,17823,12682,16636,11711,10477,23586,31179,8376,15292,372,560,1055,1883,1310,3147,1692,4732,2618,3699,1932,1958,7765,11308,7079,13028,116449,61425,10529,2694,69268,17,2
2021-03-27T23:59:59+01:00,3569,4669,5435,8505,5894,12236,8011,17808,12640,16584,11682,10439,23583,31173,8376,15292,372,560,1055,1883,1310,3147,1691,4729,2616,3697,1930,1957,7710,11223,7052,12988,116383,61207,10528,2694,68983,17,2
2021-03-26T23:59:59+01:00,3415,4231,4959,7350,5399,10878,7383,15640,11858,14578,11495,10262,23099,30462,8338,15229,371,556,1050,1880,1303,3143,1690,4726,2610,3691,1922,1951,7550,11009,6938,12829,114837,60529,10274,2682,59463,6,2
2021-03-25T23:59:59+01:00,3278,3876,4789,6593,5165,9679,7035,13831,11108,12929,10616,9454,22466,29689,8279,15093,366,548,1042,1869,1291,3125,1668,4688,2568,3640,1855,1888,7229,10502,6705,12470,111931,58768,9583,2679,52364,5,2
2021-03-24T23:59:59+01:00,3222,3832,4720,6523,5027,9574,6812,13655,10571,12480,9771,8613,21523,28492,8201,14944,364,542,1033,1864,1272,3114,1654,4658,2517,3586,1788,1807,6800,9937,6364,11909,107928,56539,9238,2665,50794,5,0
2021-03-23T23:59:59+01:00,3191,3793,4635,6452,4926,9478,6580,13473,10106,12037,9058,7944,21068,27952,8158,14847,351,528,1015,1855,1258,3094,1622,4634,2461,3533,1705,1744,6453,9450,6049,11403,105577,54487,8906,2664,49215,4,0
2021-03-22T23:59:59+01:00,3170,3755,4579,6411,4844,9408,6425,13327,9722,11730,8451,7385,20705,27563,8109,14766,345,523,1004,1849,1244,3077,1608,4620,2435,3507,1680,1724,6228,9145,5695,10723,104098,52744,8646,2659,47606,4,0
2021-03-21T23:59:59+01:00,3160,3739,4530,6387,4795,9370,6329,13249,9521,11528,8135,7123,20572,27426,8100,14744,345,523,1003,1849,1243,3077,1607,4619,2432,3507,1671,1718,6215,9135,5671,10671,103898,52640,8417,2642,46393,4,0
2021-03-20T23:59:59+01:00,3159,3734,4522,6381,4789,9368,6325,13242,9498,11511,8104,7093,20398,27150,8085,14720,345,523,1003,1848,1242,3077,1606,4618,2428,3498,1658,1704,6169,9050,5528,10472,103341,52147,8405,2618,46333,4,0
2021-03-19T23:59:59+01:00,3115,3702,4444,6343,4683,9320,6164,13177,9239,11312,7796,6869,19934,26576,8061,14668,345,523,1002,1846,1242,3075,1603,4616,2421,3493,1643,1696,6060,8917,5196,9946,102042,51022,8164,2598,45197,4,0
2021-03-18T23:59:59+01:00,3038,3618,4266,6201,4439,9114,5756,12845,8283,10603,6534,5806,18781,25330,7941,14463,341,519,998,1836,1225,3061,1562,4596,2350,3451,1568,1651,5865,8613,4594,9045,97155,48717,7622,2556,42241,2,0
2021-03-17T23:59:59+01:00,3000,3571,4176,6102,4297,8988,5476,12545,7569,10025,5527,4880,17517,23853,7801,14248,337,518,994,1827,1220,3052,1546,4575,2275,3422,1505,1608,5729,8385,4115,8332,91761,46938,7120,2500,40694,2,0
2021-03-16T23:59:59+01:00,2976,3540,4110,6030,4201,8891,5283,12376,7089,9630,4752,4222,16724,22922,7716,14102,333,516,991,1822,1216,3044,1539,4565,2250,3402,1477,1590,5596,8206,3706,7664,88124,45494,7084,2421,39356,2,0
2021-03-15T23:59:59+01:00,2972,3526,4093,6015,4169,8866,5232,12326,6960,9509,4603,4050,16423,22534,7693,14048,331,512,990,1816,1210,3037,1522,4553,2225,3379,1436,1576,5413,7975,3253,6961,87353,43909,6992,2279,38674,1,0
2021-03-14T23:59:59+01:00,2964,3515,4076,5994,4137,8849,5183,12290,6865,9412,4501,3944,16303,22369,7677,14018,329,511,989,1814,1204,3030,1518,4543,2212,3372,1426,1568,5406,7967,3248,6950,87038,43849,6974,2237,38085,1,0
2021-03-13T23:59:59+01:00,2960,3509,4073,5984,4129,8844,5175,12278,6844,9400,4478,3916,15989,21931,7658,13986,329,511,989,1814,1204,3030,1518,4543,2212,3372,1426,1568,5406,7966,3248,6950,86156,43848,6950,2237,38048,1,0
2021-03-12T23:59:59+01:00,2885,3418,3971,5816,4003,8615,5036,11967,6667,9156,4336,3780,15065,20664,7607,13905,329,509,987,1812,1204,3027,1515,4537,2212,3366,1418,1566,5398,7942,3246,6939,83696,43770,6888,2236,36307,1,0
2021-03-11T23:59:59+01:00,2740,3160,3750,5484,3748,8150,4674,11171,6038,8376,3821,3295,13519,18699,7525,13783,329,509,983,1808,1202,3014,1505,4520,2199,3343,1372,1536,5360,7908,3236,6913,79403,43621,6725,2115,31805,1,0
2021-03-10T23:59:59+01:00,2597,2998,3602,5249,3555,7819,4382,10660,5476,7819,3237,2855,11297,16007,7402,13587,326,505,977,1797,1197,3004,1498,4505,2174,3326,1342,1529,5330,7892,3229,6906,73109,43552,6555,1985,28878,0,0
2021-03-09T23:59:59+01:00,2565,2930,3536,5172,3442,7719,4191,10453,5064,7471,2738,2486,9850,14019,7326,13467,325,503,977,1790,1190,2996,1493,4497,2167,3315,1328,1525,5323,7888,3226,6905,68288,43514,6405,1934,27736,0,0
2021-03-08T23:59:59+01:00,2535,2856,3481,5103,3364,7636,4055,10330,4761,7273,2275,2223,7964,11607,7221,13331,325,498,976,1782,1183,2979,1487,4486,2162,3309,1319,1514,5304,7868,3221,6897,62605,43402,6070,1908,27340,0,0
2021-03-07T23:59:59+01:00,2468,2789,3381,4996,3267,7552,3949,10234,4640,7189,2223,2172,7947,11588,7221,13324,325,497,975,1782,1183,2979,1487,4486,2162,3309,1319,1514,5304,7868,3221,6897,62477,43400,5389,1908,27074,0,0
2021-03-06T23:59:59+01:00,2460,2773,3369,4990,3263,7547,3940,10225,4629,7185,2221,2171,7895,11509,7195,13284,325,497,974,1778,1182,2977,1487,4483,2158,3305,1316,1509,5300,7862,3219,6889,62268,43353,5329,1908,27059,0,0
2021-03-05T23:59:59+01:00,2310,2668,3142,4800,3030,7223,3651,9817,4310,6884,2155,2117,7656,11167,7034,13056,325,495,972,1775,1182,2976,1486,4477,2154,3298,1310,1508,5294,7855,3219,6884,61291,43302,4491,1908,25238,0,0
2021-03-04T23:59:59+01:00,2029,2411,2722,4350,2578,6572,3043,8853,3667,6174,1961,1974,7342,10714,6797,12694,323,494,971,1766,1179,2958,1486,4462,2142,3289,1301,1506,5283,7842,3212,6874,59653,43183,3216,1905,21012,0,0
2021-03-03T23:59:59+01:00,1952,2308,2611,4182,2451,6342,2897,8560,3499,5947,1881,1901,6948,10151,6504,12212,322,489,971,1755,1177,2934,1479,4435,2139,3279,1277,1494,5279,7837,3208,6866,57651,43036,3070,1905,19625,0,0
2021-03-02T23:59:59+01:00,1911,2211,2543,4068,2366,6186,2789,8376,3388,5813,1805,1834,6566,9595,6183,11664,318,482,970,1736,1174,2914,1475,4417,2137,3268,1254,1489,5269,7819,3202,6861,55554,42880,2829,1905,18915,0,0
2021-03-01T23:59:59+01:00,1896,2180,2502,3952,2318,6075,2752,8275,3338,5740,1763,1813,6336,9297,5805,10935,317,478,967,1732,1172,2903,1474,4402,2135,3253,1248,1486,5267,7817,3201,6855,53693,42802,2817,1905,18467,0,0
2021-02-28T23:59:59+01:00,1876,2136,2467,3886,2290,6014,2707,8199,3314,5700,1758,1810,6320,9285,5778,10883,317,478,966,1732,1172,2903,1474,4401,2135,3252,1248,1485,5267,7817,3201,6855,53573,42799,2815,1904,18035,0,0
2021-02-27T23:59:59+01:00,1872,2126,2465,3883,2286,6014,2706,8198,3312,5697,1752,1798,6279,9209,5639,10697,317,478,956,1727,1161,2893,1465,4395,2121,3243,1247,1482,5267,7816,3201,6855,53109,42795,2815,1829,18009,0,0
2021-02-26T23:59:59+01:00,1671,1947,2349,3640,2206,5587,2610,7676,3230,5297,1743,1781,6204,9118,5428,10364,316,475,949,1720,1153,2872,1458,4374,2109,3233,1242,1473,5260,7800,3197,6846,52361,42717,2794,1760,15696,0,0
2021-02-25T23:59:59+01:00,1432,1624,2134,3204,2034,4802,2398,6666,3011,4521,1660,1725,6060,8887,4954,9680,313,463,941,1657,1119,2771,1420,4267,2056,3166,1209,1455,5218,7751,3182,6803,50487,42256,2781,1535,11524,0,0
2021-02-24T23:59:59+01:00,1368,1380,2028,2939,1928,4456,2266,6253,2838,4280,1594,1682,5881,8589,4321,8718,310,452,899,1608,1066,2678,1363,4147,1964,3046,1178,1432,5201,7728,3175,6787,48158,42001,2769,1033,9594,0,0
2021-02-23T23:59:59+01:00,1352,1323,1993,2876,1901,4355,2241,6165,2806,4230,1587,1669,5723,8369,3809,7867,310,451,868,1574,1017,2620,1309,4072,1852,2978,1136,1411,5182,7701,3165,6755,46382,41806,2742,595,9142,0,0
2021-02-22T23:59:59+01:00,1339,1271,1943,2734,1855,4209,2182,5958,2763,4145,1577,1659,5560,8153,3332,7150,308,439,823,1533,960,2531,1214,3964,1707,2888,1061,1359,5140,7628,3141,6658,44774,41348,2721,6,8335,0,0
2021-02-21T23:59:59+01:00,1335,1249,1911,2672,1829,4113,2157,5845,2742,4099,1570,1653,5558,8143,3332,7148,305,436,819,1522,952,2503,1212,3925,1695,2850,1051,1346,5121,7601,3122,6619,44723,41073,2710,6,7923,0,0
2021-02-20T23:59:59+01:00,1335,1249,1911,2672,1828,4113,2157,5845,2740,4093,1561,1646,5554,8137,3330,7145,305,436,819,1520,951,2500,1211,3920,1694,2849,1051,1346,5061,7529,3084,6574,44709,40845,2685,5,7922,0,0
2021-02-19T23:59:59+01:00,1335,1246,1908,2665,1827,4106,2156,5836,2737,4089,1541,1637,5541,8122,3328,7139,303,434,815,1511,942,2473,1206,3877,1663,2799,1022,1308,4849,7235,2935,6321,44629,39688,2666,5,7918,0,0
2021-02-18T23:59:59+01:00,1302,1149,1870,2545,1787,3968,2093,5614,2682,3942,1528,1624,5527,8085,3324,7117,273,394,767,1384,892,2262,1123,3527,1542,2528,910,1111,4321,6387,2592,5565,44477,35573,2633,5,7047,0,0
2021-02-17T23:59:59+01:00,1246,989,1789,2324,1707,3657,1987,5232,2609,3744,1510,1616,5505,8071,3316,7113,267,386,758,1371,881,2238,1110,3491,1525,2510,903,1108,3894,5791,2349,5222,44436,33799,2576,5,5403,0,0
2021-02-16T23:59:59+01:00,1202,944,1729,2215,1639,3480,1918,5031,2532,3653,1474,1600,5480,8052,3309,7102,260,378,740,1333,863,2184,1074,3368,1492,2435,880,1085,3482,5165,2070,4816,44383,31621,2413,4,4564,0,0
2021-02-15T23:59:59+01:00,1192,920,1712,2139,1620,3383,1897,4918,2513,3582,1450,1589,5444,8028,3286,7054,247,365,723,1297,845,2135,1053,3300,1453,2371,850,1056,3018,4536,1787,4335,44255,29368,2328,3,4144,0,0
2021-02-14T23:59:59+01:00,1089,876,1640,2114,1559,3363,1854,4897,2479,3570,1442,1585,5438,8016,3283,7050,240,353,711,1277,829,2101,1036,3225,1420,2308,819,1007,2921,4392,1730,4160,44213,28526,2292,3,3750,0,0
2021-02-13T23:59:59+01:00,1026,848,1619,2093,1542,3356,1841,4891,2471,3569,1441,1584,5438,8016,3282,7049,237,352,710,1277,829,2097,1036,3224,1418,2306,819,1007,2809,4255,1676,4074,44207,28123,2292,3,3567,0,0
2021-02-12T23:59:59+01:00,644,684,1292,1979,1386,3256,1703,4805,2367,3510,1427,1578,5428,8005,3277,7044,224,344,699,1252,813,2049,1012,3137,1357,2210,762,934,2560,3910,1562,3810,44094,26633,2292,2,1999,0,0
2021-02-11T23:59:59+01:00,449,589,1123,1876,1283,3135,1611,4690,2273,3428,1324,1534,5370,7960,3259,6998,180,270,595,989,675,1587,807,2438,1071,1671,539,693,1902,2923,1142,2751,43743,20232,2095,1,1064,0,0
2021-02-10T23:59:59+01:00,324,498,988,1783,1198,2999,1509,4505,2169,3325,1289,1520,5351,7949,3255,6997,155,180,409,628,508,1072,635,1816,913,1401,523,679,1439,2293,887,2329,43666,15867,1989,0,4,0,0
2021-02-09T23:59:59+01:00,324,495,987,1778,1195,2991,1509,4500,2168,3320,1282,1517,5349,7947,3254,6995,152,175,398,601,488,1043,616,1786,890,1374,521,676,1010,1769,659,1986,43642,14144,1966,0,3,0,0
2021-02-08T23:59:59+01:00,324,493,986,1776,1192,2982,1503,4494,2166,3315,1277,1514,5346,7947,3253,6993,146,168,388,589,478,1025,605,1753,871,1352,515,671,563,1200,413,1640,43615,12377,1943,0,3,0,0
2021-02-07T23:59:59+01:00,324,493,984,1776,1191,2982,1501,4492,2166,3315,1277,1514,5346,7946,3253,6993,142,163,383,584,478,1018,601,1740,861,1337,509,668,562,1187,408,1628,43611,12269,1942,0,0,0,0
2021-02-06T23:59:59+01:00,324,493,984,1776,1191,2982,1501,4492,2166,3315,1277,1514,5346,7946,3253,6993,138,159,381,582,478,1017,601,1738,860,1335,509,668,562,1187,408,1628,43611,12251,1942,0,0,0,0
2021-02-05T23:59:59+01:00,324,492,983,1776,1191,2981,1499,4491,2165,3315,1277,1514,5345,7943,3253,6991,136,150,378,578,470,1005,597,1724,845,1316,505,658,555,1171,400,1606,43598,12094,1942,0,0,0,0
2021-02-04T23:59:59+01:00,319,483,977,1737,1185,2936,1496,4434,2153,3280,1270,1507,5316,7909,3243,6965,104,100,251,393,349,751,465,1312,635,993,387,532,471,973,348,1378,43269,9442,1941,0,0,0,0
2021-02-03T23:59:59+01:00,316,472,971,1713,1182,2897,1486,4385,2145,3246,1261,1494,5291,7877,3234,6941,60,48,87,165,162,368,225,607,310,495,209,290,274,619,206,870,42970,4995,1941,0,0,0,0
2021-02-02T23:59:59+01:00,315,470,969,1699,1179,2876,1482,4354,2138,3221,1253,1488,5284,7863,3227,6920,18,15,28,48,61,108,74,161,96,114,44,74,65,143,47,173,42797,1269,1941,0,0,0,0
2021-02-01T23:59:59+01:00,315,466,969,1697,1178,2875,1481,4348,2137,3217,1252,1488,5284,7863,3227,6920,15,14,25,41,51,98,60,133,73,96,39,64,56,135,46,160,42776,1106,1941,0,0,0,0
2021-01-31T23:59:59+01:00,315,463,969,1695,1177,2871,1481,4342,2137,3215,1251,1487,5284,7863,3227,6920,14,12,23,38,44,87,52,123,63,92,37,53,45,127,44,154,42756,1008,1941,0,0,0,0
2021-01-30T23:59:59+01:00,315,463,964,1691,1168,2863,1474,4336,2133,3213,1251,1487,5224,7791,3189,6875,14,12,23,37,44,87,51,122,63,92,37,53,45,127,44,154,42530,1005,1907,0,0,0,0
2021-01-29T23:59:59+01:00,313,462,950,1681,1156,2842,1462,4305,2111,3189,1244,1481,5036,7550,3051,6710,12,12,23,37,41,87,50,119,60,92,35,48,44,127,44,154,41745,985,1798,0,0,0,0
2021-01-28T23:59:59+01:00,308,438,929,1600,1114,2726,1422,4211,2044,3115,1220,1473,4661,7017,2825,6421,8,6,10,16,23,42,19,58,36,59,20,32,34,84,33,102,39971,582,1553,0,0,0,0
2021-01-27T23:59:59+01:00,301,428,884,1545,1062,2628,1362,4117,1970,3014,1185,1446,4200,6375,2560,6046,4,5,9,7,14,25,5,21,15,26,11,15,15,44,13,51,38018,280,1105,0,0,0,0
2021-01-26T23:59:59+01:00,294,417,844,1491,999,2540,1297,3987,1848,2919,1137,1398,3796,5744,2270,5614,2,2,4,2,6,7,3,3,2,7,7,5,3,7,3,8,35937,71,658,0,0,0,0
2021-01-25T23:59:59+01:00,283,406,790,1427,936,2419,1188,3838,1687,2812,1073,1370,3362,5155,2001,5230,2,2,4,1,4,7,1,3,2,7,7,5,3,7,3,8,33920,66,57,0,0,0,0
2021-01-24T23:59:59+01:00,280,406,782,1421,926,2403,1184,3822,1657,2783,1070,1369,3332,5119,1988,5209,2,2,2,1,4,7,1,3,2,7,7,5,3,7,3,8,33746,64,5,0,0,0,0
2021-01-23T23:59:59+01:00,278,405,782,1421,926,2399,1183,3821,1653,2781,1070,1369,3217,4981,1932,5122,2,2,2,1,3,7,1,3,2,7,7,5,3,7,3,8,33336,63,4,0,0,0,0
2021-01-22T23:59:59+01:00,276,401,781,1407,924,2386,1177,3807,1649,2778,1068,1368,3035,4761,1853,5004,2,2,2,1,3,7,1,3,2,7,7,5,3,7,3,8,32671,63,4,0,0,0,0
2021-01-21T23:59:59+01:00,267,362,716,1242,857,2172,1096,3517,1553,2595,1029,1332,2639,4223,1617,4640,2,1,2,0,3,7,1,3,2,7,7,4,3,7,3,8,29853,60,4,0,0,0,0
2021-01-20T23:59:59+01:00,241,272,542,884,684,1659,885,2801,1328,2187,941,1193,2039,3390,1280,3974,2,1,2,0,3,7,1,3,2,5,6,4,3,7,3,8,24296,57,4,0,0,0,0
2021-01-19T23:59:59+01:00,211,247,492,776,627,1489,796,2478,1150,1899,776,935,1338,2366,895,3025,0,1,1,0,0,0,0,0,1,1,1,0,0,0,0,0,19498,5,2,0,0,0,0
2021-01-18T23:59:59+01:00,159,183,406,640,503,1115,648,1904,946,1457,573,722,632,1334,462,1836,0,0,0,0,0,0,0,0,0,0,0,0,0,0,0,0,13519,0,1,0,0,0,0
2021-01-17T23:59:59+01:00,147,166,392,603,488,1045,617,1782,885,1362,526,684,585,1235,423,1698,0,0,0,0,0,0,0,0,0,0,0,0,0,0,0,0,12638,0,0,0,0,0,0
2021-01-16T23:59:59+01:00,139,161,390,598,486,1035,611,1770,878,1355,526,684,584,1230,419,1685,0,0,0,0,0,0,0,0,0,0,0,0,0,0,0,0,12551,0,0,0,0,0,0
2021-01-15T23:59:59+01:00,136,153,387,592,478,1021,607,1755,862,1335,521,672,576,1214,413,1663,0,0,0,0,0,0,0,0,0,0,0,0,0,0,0,0,12385,0,0,0,0,0,0
2021-01-14T23:59:59+01:00,114,122,296,475,405,849,506,1464,702,1078,412,547,499,1033,364,1493,0,0,0,0,0,0,0,0,0,0,0,0,0,0,0,0,10359,0,0,0,0,0,0
2021-01-13T23:59:59+01:00,74,74,180,287,266,554,354,949,469,698,254,338,314,689,234,942,0,0,0,0,0,0,0,0,0,0,0,0,0,0,0,0,6676,0,0,0,0,0,0
2021-01-12T23:59:59+01:00,34,30,54,101,119,234,146,391,201,301,138,185,163,392,135,515,0,0,0,0,0,0,0,0,0,0,0,0,0,0,0,0,3139,0,0,0,0,0,0
2021-01-11T23:59:59+01:00,21,17,36,62,59,121,74,166,92,116,39,64,59,140,47,161,0,0,0,0,0,0,0,0,0,0,0,0,0,0,0,0,1274,0,0,0,0,0,0
2021-01-10T23:59:59+01:00,17,12,31,51,51,109,63,148,74,106,36,54,49,130,44,153,0,0,0,0,0,0,0,0,0,0,0,0,0,0,0,0,1128,0,0,0,0,0,0
2021-01-09T23:59:59+01:00,16,12,30,49,50,107,60,147,74,105,36,54,49,130,44,153,0,0,0,0,0,0,0,0,0,0,0,0,0,0,0,0,1116,0,0,0,0,0,0
2021-01-08T23:59:59+01:00,13,12,28,47,45,99,55,136,69,102,34,49,48,130,44,153,0,0,0,0,0,0,0,0,0,0,0,0,0,0,0,0,1064,0,0,0,0,0,0
2021-01-07T23:59:59+01:00,8,6,9,17,22,42,19,59,38,61,21,34,37,89,33,101,0,0,0,0,0,0,0,0,0,0,0,0,0,0,0,0,596,0,0,0,0,0,0
2021-01-06T23:59:59+01:00,8,6,8,14,16,31,13,43,25,49,16,24,31,78,31,90,0,0,0,0,0,0,0,0,0,0,0,0,0,0,0,0,483,0,0,0,0,0,0
2021-01-05T23:59:59+01:00,8,6,8,14,16,31,13,43,25,49,16,24,30,78,31,90,0,0,0,0,0,0,0,0,0,0,0,0,0,0,0,0,482,0,0,0,0,0,0
2021-01-04T23:59:59+01:00,3,5,6,4,6,14,1,8,6,15,6,6,6,15,4,13,0,0,0,0,0,0,0,0,0,0,0,0,0,0,0,0,118,0,0,0,0,0,0
2021-01-03T23:59:59+01:00,2,2,1,1,3,7,1,4,2,8,5,4,3,8,3,8,0,0,0,0,0,0,0,0,0,0,0,0,0,0,0,0,62,0,0,0,0,0,0
2021-01-02T23:59:59+01:00,2,2,1,1,3,7,1,4,2,8,5,4,3,8,3,8,0,0,0,0,0,0,0,0,0,0,0,0,0,0,0,0,62,0,0,0,0,0,0
2021-01-01T23:59:59+01:00,2,2,1,1,3,7,1,4,2,8,5,4,3,8,3,8,0,0,0,0,0,0,0,0,0,0,0,0,0,0,0,0,62,0,0,0,0,0,0
2020-12-31T23:59:59+01:00,2,2,1,0,3,7,1,3,2,7,5,4,3,8,3,8,0,0,0,0,0,0,0,0,0,0,0,0,0,0,0,0,59,0,0,0,0,0,0
2020-12-30T23:59:59+01:00,2,2,1,0,3,7,1,3,2,5,5,4,3,8,3,8,0,0,0,0,0,0,0,0,0,0,0,0,0,0,0,0,57,0,0,0,0,0,0
2020-12-29T23:59:59+01:00,2,2,0,0,3,6,1,3,2,5,3,2,2,8,2,7,0,0,0,0,0,0,0,0,0,0,0,0,0,0,0,0,48,0,0,0,0,0,0
2020-12-28T23:59:59+01:00,1,1,0,0,1,2,0,0,0,3,0,1,0,1,1,4,0,0,0,0,0,0,0,0,0,0,0,0,0,0,0,0,15,0,0,0,0,0,0
2020-12-27T23:59:59+01:00,0,0,0,0,1,1,0,0,0,2,0,1,0,1,1,4,0,0,0,0,0,0,0,0,0,0,0,0,0,0,0,0,11,0,0,0,0,0,0
