Datum,<15_m,<15_w,15-24_1_m,15-24_1_w,25-34_1_m,25-34_1_w,35-44_1_m,35-44_1_w,45-54_1_m,45-54_1_w,55-64_1_m,55-64_1_w,65-74_1_m,65-74_1_w,75-84_1_m,75-84_1_w,>84_1_m,>84_1_w,<24_2_m,<24_2_w,25-34_2_m,25-34_2_w,35-44_2_m,35-44_2_w,45-54_2_m,45-54_2_w,55-64_2_m,55-64_2_w,65-74_2_m,65-74_2_w,75-84_2_m,75-84_2_w,>84_2_m,>84_2_w,bp_1,bp_2,mo_1,mo_2,az_1,az_2,ja,unb_1,unb_2
2021-07-24T23:59:59+02:00,3013,2794,35556,34106,50204,43045,55503,52013,67960,66699,83345,82021,58632,62699,38437,49550,11895,21257,19762,18164,35325,29597,41298,38221,58030,56881,74895,74034,54758,58513,36568,47006,11402,20326,608497,480344,78758,71914,109307,101321,22121,46,41
2021-07-23T23:59:59+02:00,2988,2769,35413,33998,50060,42954,55390,51915,67866,66609,83257,81973,58603,62672,38428,49545,11890,21254,19541,17951,35072,29432,41038,38050,57871,56757,74765,73960,54723,58491,36558,46997,11396,20320,607907,479268,78758,71650,109307,101320,21566,46,41
2021-07-22T23:59:59+02:00,2938,2686,34992,33636,49759,42721,55136,51696,67651,66438,83094,81830,58522,62581,38394,49502,11879,21236,18779,17304,34011,28718,39965,37237,57174,56303,74242,73600,54551,58316,36496,46916,11375,20295,605820,473832,78744,70359,109304,101106,20777,46,41
2021-07-21T23:59:59+02:00,2883,2628,34684,33308,49523,42515,54949,51511,67462,66254,82968,81705,58457,62531,38363,49463,11868,21226,17962,16484,32712,27729,38711,36289,56495,55747,73801,73239,54406,58141,36432,46833,11363,20262,604015,467989,78694,68192,109303,100899,20240,46,41
2021-07-20T23:59:59+02:00,2808,2565,34329,32933,49246,42287,54777,51318,67283,66100,82831,81588,58395,62478,38336,49418,11867,21211,16823,15373,31009,26340,36992,34849,55699,55104,73264,72798,54242,57951,36383,46749,11346,20224,601959,458900,78658,66455,109301,100564,19806,46,41
2021-07-19T23:59:59+02:00,2724,2495,33772,32373,48936,41979,54505,51055,67088,65887,82661,81422,58328,62397,38292,49366,11860,21196,16180,14808,30088,25676,36150,34149,55268,54685,72941,72564,54158,57866,36346,46699,11341,20203,598771,455272,78600,64337,109300,100394,19619,46,41
2021-07-18T23:59:59+02:00,2696,2477,33673,32260,48847,41923,54451,50998,67029,65837,82620,81380,58302,62372,38282,49354,11858,21189,15867,14544,29517,25298,35658,33802,55012,54525,72796,72463,54118,57828,36339,46685,11340,20199,598173,453839,78586,62805,109299,100366,19444,46,41
2021-07-17T23:59:59+02:00,2696,2477,33671,32258,48843,41922,54450,50996,67029,65836,82620,81380,58302,62371,38282,49354,11858,21189,15862,14539,29508,25283,35653,33798,55008,54524,72796,72463,54118,57828,36339,46685,11340,20199,598163,453796,78583,62801,109299,100366,19443,46,41
2021-07-16T23:59:59+02:00,2638,2412,33066,31738,48352,41576,54058,50661,66650,65518,82309,81149,58184,62259,38232,49305,11854,21182,15452,14224,29025,24919,35210,33469,54675,54274,72540,72273,54007,57742,36304,46647,11337,20195,595954,452443,78579,62673,109298,100358,17266,46,41
2021-07-15T23:59:59+02:00,2505,2280,32206,30962,47728,41007,53486,50184,66229,65178,82059,80910,58094,62165,38198,49263,11846,21163,14621,13564,27717,24099,33922,32667,54008,53881,72132,72053,53914,57649,36275,46613,11330,20180,590962,448331,78568,60320,109298,99778,16589,46,41
2021-07-14T23:59:59+02:00,2399,2194,31660,30437,47244,40575,53069,49788,65906,64901,81825,80664,57991,62070,38167,49213,11836,21150,13388,12435,25734,22657,32030,31157,53266,53302,71636,71717,53779,57524,36234,46552,11320,20165,587133,439278,78551,58419,109297,99446,16062,46,40
2021-07-13T23:59:59+02:00,2342,2124,31391,30170,46975,40351,52823,49564,65707,64715,81659,80515,57927,61995,38141,49178,11827,21138,12407,11595,24017,21351,30097,29577,52080,52140,70820,70932,53535,57248,36148,46437,11303,20138,584997,432609,78536,55505,109289,96302,15674,46,38
2021-07-12T23:59:59+02:00,2117,1917,30529,29242,46324,39818,52255,48995,65318,64327,81385,80244,57796,61870,38099,49120,11818,21117,11663,10973,22643,20384,28371,28205,51129,51286,70082,70316,53279,56970,36084,46321,11290,20107,578782,424560,78519,52966,109289,96149,15655,46,38
2021-07-11T23:59:59+02:00,2072,1879,30408,29133,46260,39747,52203,48934,65263,64273,81325,80200,57776,61851,38093,49103,11813,21112,11497,10826,22371,20201,28012,27935,50927,51141,69913,70173,53226,56889,36062,46304,11281,20100,577966,422509,78516,52924,109288,96015,15629,46,37
2021-07-10T23:59:59+02:00,2072,1878,30403,29126,46258,39742,52200,48933,65260,64272,81324,80198,57776,61849,38092,49103,11813,21112,11488,10808,22359,20188,27998,27923,50923,51137,69911,70171,53226,56889,36061,46304,11281,20100,577938,422429,78516,52922,109288,96012,15623,46,37
2021-07-09T23:59:59+02:00,2027,1840,30171,28890,46041,39563,52018,48762,65099,64161,81220,80119,57746,61820,38076,49088,11808,21110,11107,10537,21719,19753,27336,27373,50216,50571,69332,69763,53126,56801,36038,46270,11276,20089,576739,421360,78511,52609,109283,92570,14980,46,37
2021-07-08T23:59:59+02:00,1890,1713,29508,28358,45444,39063,51463,48298,64703,63856,80926,79886,57654,61730,38045,49038,11803,21096,9925,9433,19778,18128,24883,25396,49187,49777,68712,69229,52902,56591,35963,46185,11261,20063,572521,410879,78491,50183,109266,92346,14150,46,37
2021-07-07T23:59:59+02:00,1677,1518,28405,27152,44409,38107,50370,47309,64048,63224,80391,79408,57452,61503,37979,48954,11789,21058,9395,8958,18698,17297,23492,24199,48367,49134,68172,68742,52702,56352,35887,46087,11245,20024,563299,404559,78475,48575,109265,92059,13668,46,37
2021-07-06T23:59:59+02:00,1478,1360,27320,26106,43386,37190,49435,46374,63446,62664,79960,79003,57273,61323,37924,48860,11766,21030,8678,8214,17367,16297,21892,22919,47767,48685,67796,68479,52586,56239,35838,46050,11238,20008,555055,397127,78464,48154,109262,91765,13071,46,37
2021-07-05T23:59:59+02:00,1321,1237,26176,24856,42308,36194,48386,45311,62782,62091,79527,78602,57099,61134,37872,48785,11757,21008,8427,7991,16873,15985,21336,22537,47463,48464,67603,68332,52534,56167,35813,46031,11235,20003,545768,394573,78456,47842,109261,91507,12915,46,37
2021-07-04T23:59:59+02:00,1256,1173,25854,24528,42004,35935,48136,45128,62639,61957,79413,78511,57064,61095,37862,48767,11754,21005,8173,7838,16607,15792,21057,22341,47338,48365,67526,68259,52510,56142,35798,46026,11233,20002,543468,393561,78430,47181,109259,91423,12878,46,37
2021-07-03T23:59:59+02:00,1256,1172,25848,24518,41990,35928,48134,45128,62636,61956,79412,78510,57063,61095,37862,48767,11754,21005,8168,7830,16594,15782,21050,22334,47333,48364,67522,68258,52509,56142,35798,46026,11233,20002,543439,393526,78428,47180,109259,91413,12862,46,37
2021-07-02T23:59:59+02:00,1188,1115,25530,24164,41669,35647,47878,44874,62494,61811,79339,78440,57046,61073,37855,48755,11750,21000,7990,7678,16228,15515,20610,22028,46365,47587,67030,67910,52426,56051,35783,46008,11232,19999,541055,391045,78427,47177,109255,89405,12845,46,37
2021-07-01T23:59:59+02:00,1133,1065,25154,23801,41288,35299,47484,44525,62244,61576,79150,78269,56984,61012,37824,48714,11744,20990,7601,7346,15414,14737,19445,21001,44829,46107,65820,66836,52122,55748,35686,45890,11208,19972,537917,385243,78327,46353,109246,85467,12720,46,37
2021-06-30T23:59:59+02:00,1061,1001,24731,23352,40860,34926,47075,44152,62017,61374,78982,78120,56906,60935,37797,48664,11736,20970,7228,6991,14474,13934,18022,19800,41627,43381,64129,65396,51659,55251,35539,45697,11182,19923,534486,373256,78295,45661,109244,82736,12588,46,36
2021-06-29T23:59:59+02:00,969,893,24231,22819,40347,34508,46643,43737,61755,61097,78769,77942,56830,60871,37769,48621,11730,20951,6951,6686,13811,13441,16864,18885,37309,39698,62782,64145,51173,54753,35407,45519,11151,19880,530425,357993,78287,45452,109244,82527,12480,46,36
2021-06-28T23:59:59+02:00,940,860,23892,22426,39890,34127,46223,43368,61518,60842,78581,77788,56759,60803,37740,48592,11728,20936,6641,6367,13151,12942,15852,18050,33667,36655,61661,63114,50819,54359,35313,45371,11127,19842,528679,349329,76599,40768,109244,82376,12445,46,36
2021-06-27T23:59:59+02:00,926,848,23799,22335,39817,34064,46165,43309,61488,60805,78548,77759,56744,60792,37734,48585,11727,20931,6551,6293,12918,12801,15431,17813,32835,36011,61405,62915,50730,54289,35295,45348,11125,19838,528073,346432,76595,40507,109238,82220,12424,46,36
2021-06-26T23:59:59+02:00,925,848,23793,22330,39811,34061,46164,43308,61487,60804,78548,77759,56744,60792,37734,48585,11727,20931,6548,6286,12912,12788,15425,17806,32831,36010,61398,62913,50728,54283,35295,45348,11125,19837,528048,346368,76595,40507,109238,82219,12424,46,36
2021-06-25T23:59:59+02:00,902,822,23678,22217,39726,33975,46082,43237,61443,60757,78500,77738,56733,60778,37731,48582,11726,20929,6450,6173,12802,12656,15287,17645,32113,35354,61011,62591,50650,54199,35287,45327,11122,19836,527257,343365,76595,40495,109235,82203,12423,46,36
2021-06-24T23:59:59+02:00,836,765,23291,21793,39375,33667,45730,42934,61239,60562,78340,77603,56679,60723,37709,48552,11722,20920,6112,5876,12239,12193,14581,16964,28817,32640,58733,60746,50076,53608,35154,45123,11104,19788,524308,329586,76547,40232,109233,81609,12306,46,36
2021-06-23T23:59:59+02:00,735,675,22659,21145,38812,33087,45088,42237,60877,60177,78093,77355,56577,60591,37665,48501,11712,20901,5957,5685,11872,11848,14076,16437,25453,29886,57093,59228,49552,53072,35036,44949,11083,19745,518822,320178,76493,37300,109231,81176,12295,46,36
2021-06-22T23:59:59+02:00,676,611,22236,20707,38412,32671,44656,41774,60606,59894,77890,77119,56482,60483,37628,48429,11699,20879,5766,5550,11551,11588,13653,16065,21127,26362,55025,57531,48956,52471,34859,44735,11063,19701,515049,305862,76367,37247,109226,80704,12164,46,36
2021-06-21T23:59:59+02:00,640,570,21985,20471,38162,32443,44413,41499,60420,59686,77759,76982,56429,60402,37604,48389,11690,20863,5636,5440,11243,11392,13318,15806,19585,25134,54110,56767,46736,50020,34260,44016,11040,19642,513025,300564,76164,37180,109211,74412,11961,46,36
2021-06-20T23:59:59+02:00,611,550,21696,20176,37869,32174,44130,41245,60270,59519,77625,76837,56382,60363,37584,48373,11687,20856,5581,5396,11112,11305,13165,15681,19193,24811,53846,56586,45113,48067,33707,43400,11020,19625,510660,299945,76086,36432,109200,69249,11955,46,35
2021-06-19T23:59:59+02:00,609,550,21691,20164,37854,32170,44127,41241,60264,59516,77623,76834,56379,60363,37584,48372,11687,20856,5575,5387,11108,11302,13156,15675,19186,24803,53832,56574,45104,48057,33706,43400,11020,19625,510602,299862,76081,36429,109200,69237,11955,46,35
2021-06-18T23:59:59+02:00,595,536,21594,20055,37787,32117,44053,41156,60209,59471,77580,76792,56356,60342,37579,48359,11686,20855,5480,5222,10813,10766,12784,15094,18646,23787,52981,55278,44900,47895,33678,43353,11014,19613,509852,298297,76075,36428,109195,64598,11954,46,35
2021-06-17T23:59:59+02:00,509,443,20878,19338,37034,31483,43260,40402,59803,59106,77288,76539,56243,60215,37531,48291,11673,20831,5289,5009,10432,10214,12263,14324,17722,22430,51413,53341,43754,46548,33360,42957,10967,19530,503879,291010,75983,36301,109189,60445,11770,46,35
2021-06-16T23:59:59+02:00,402,366,20080,18385,36042,30551,42251,39433,59264,58626,76897,76228,56102,60063,37475,48204,11663,20808,5101,4855,9926,9896,11532,13832,16181,21139,47557,49806,42002,44547,32897,42389,10904,19404,496529,274925,75442,36103,109174,59265,11649,46,34
2021-06-15T23:59:59+02:00,292,263,19264,17528,35121,29697,41324,38550,58827,58189,76564,75905,55961,59898,37420,48135,11648,20775,4898,4730,9404,9639,10830,13365,14676,19953,43311,45738,40455,42707,32420,41769,10837,19276,489342,257822,75327,36069,109167,58601,11490,35,33
2021-06-14T23:59:59+02:00,188,173,18145,16290,33870,28425,39864,37140,58241,57627,76171,75565,55834,59757,37375,48064,11639,20760,4771,4636,9062,9432,10355,13047,13505,18948,40686,43196,39384,41565,32130,41368,10805,19191,479601,246692,74889,36046,109163,57876,11441,34,33
2021-06-13T23:59:59+02:00,148,134,17641,15886,33389,28020,39373,36757,58028,57444,76024,75463,55807,59718,37353,48042,11636,20751,4685,4587,8917,9359,10192,12979,12900,18494,40217,42802,39149,41343,32070,41283,10799,19177,476524,245730,74587,34622,109156,57262,11313,34,33
2021-06-12T23:59:59+02:00,148,134,17638,15868,33377,28011,39366,36753,58023,57441,76020,75461,55806,59716,37352,48042,11636,20751,4678,4582,8906,9354,10180,12972,12888,18481,40034,42655,39126,41328,32066,41281,10799,19176,476458,245295,74583,34622,109156,57251,11312,34,33
2021-06-11T23:59:59+02:00,146,134,17554,15809,33232,27943,39193,36699,57903,57404,75950,75437,55794,59711,37350,48040,11636,20750,4595,4389,8745,8793,9986,12252,12652,17410,39546,41360,38972,41197,32048,41247,10797,19175,476125,244804,74172,34620,109050,52410,11304,34,33
2021-06-10T23:59:59+02:00,132,114,16709,15091,31812,27027,37949,35786,57221,56945,75542,75167,55704,59620,37311,47996,11625,20732,4340,4196,8188,8299,9306,11497,11921,16350,36708,38330,38172,40400,31882,41065,10781,19145,472238,237775,71198,34488,108769,48046,10245,33,33
2021-06-09T23:59:59+02:00,110,88,15930,14384,30533,26123,36730,34901,56647,56558,75202,74941,55623,59515,37284,47952,11612,20711,4159,4043,7829,8110,8844,11279,11308,15973,31657,33492,36684,38879,31639,40797,10760,19096,467588,223946,68755,34366,108727,46470,9741,33,33
2021-06-08T23:59:59+02:00,83,70,15009,13512,29154,25030,35362,33890,56031,56155,74908,74730,55550,59443,37262,47922,11608,20701,4079,3979,7675,7995,8692,11166,11017,15770,28859,30695,35734,37953,31479,40602,10736,19063,463013,216531,65310,34309,108687,45251,9377,33,33
2021-06-07T23:59:59+02:00,75,57,14379,12923,27783,24221,34211,33111,55556,55900,74665,74627,55514,59406,37246,47912,11608,20697,3987,3907,7481,7871,8392,11034,10651,15527,24549,26334,34277,36427,31257,40335,10708,19035,459896,204808,62283,34245,108656,43671,9023,33,32
2021-06-06T23:59:59+02:00,74,54,14057,12732,26999,23803,33562,32692,55249,55738,74511,74561,55495,59383,37232,47903,11606,20696,3920,3871,7333,7826,8237,10951,10336,15327,21750,23484,33283,35358,31118,40181,10701,19020,458762,202030,60234,29066,108632,42889,8686,33,32
2021-06-05T23:59:59+02:00,74,52,14028,12706,26957,23761,33534,32673,55244,55729,74506,74556,55491,59378,37227,47901,11606,20696,3898,3856,7298,7805,8190,10934,10275,15286,20326,21936,32491,34481,31048,40099,10697,19013,458646,197071,60129,29063,108626,42789,8685,33,32
2021-06-04T23:59:59+02:00,68,48,13799,12444,26647,23447,33198,32362,55184,55648,74467,74536,55482,59373,37226,47899,11606,20695,3867,3828,7220,7726,8133,10856,10195,15165,20219,21818,32418,34427,31016,40062,10694,19010,456750,196991,60067,29051,108594,41902,8685,33,32
2021-06-03T23:59:59+02:00,50,43,13232,11955,25610,22761,32062,31611,54694,55315,74152,74343,55412,59296,37192,47869,11600,20679,3739,3736,6948,7557,7853,10684,9870,14929,18342,19963,30451,32136,30743,39732,10671,18962,452418,188443,58567,29032,108581,40542,8277,33,29
2021-06-02T23:59:59+02:00,37,31,12542,11201,24614,21858,30922,30659,54430,55052,73961,74203,55361,59218,37176,47848,11592,20672,3705,3716,6891,7502,7797,10636,9786,14838,17823,19416,28523,29969,30644,39588,10664,18951,446109,182921,58389,29031,108580,40208,8267,32,29
2021-06-01T23:59:59+02:00,23,16,11413,10313,22480,20421,28387,28767,53019,53989,72958,73424,55060,58901,37056,47678,11558,20613,3477,3544,6395,7196,7194,10217,8934,14238,15890,17616,24759,25743,29966,38711,10588,18798,436618,169019,53918,28894,108543,38368,6965,32,27
2021-05-31T23:59:59+02:00,18,12,10549,9647,20645,19250,26341,27260,51913,53140,72255,72878,54844,58643,36983,47578,11544,20577,3336,3395,6063,6951,6795,9918,8396,13883,14830,16643,23571,24377,29580,38225,10528,18704,429832,163296,49552,28860,108525,36884,6136,32,26
2021-05-30T23:59:59+02:00,16,9,10197,9301,19922,18753,25636,26680,51575,52858,72024,72682,54768,58564,36958,47551,11536,20569,3153,3205,5713,6685,6506,9675,8179,13679,14570,16372,23278,24062,29470,38118,10513,18676,427250,162473,49144,28803,108495,35881,4678,32,26
2021-05-29T23:59:59+02:00,16,9,10181,9289,19904,18726,25618,26654,51563,52854,72019,72672,54766,58559,36957,47551,11535,20569,3151,3197,5710,6681,6501,9673,8171,13671,14560,16368,23267,24054,29466,38113,10512,18675,427093,162404,49144,28801,108495,35868,4678,32,26
2021-05-28T23:59:59+02:00,16,9,10116,9193,19768,18557,25356,26425,51404,52678,71873,72542,54729,58509,36944,47531,11532,20556,3105,3121,5619,6543,6401,9477,8060,13402,14368,16092,23115,23900,29413,38050,10505,18666,425445,162022,49107,28800,108478,34320,4677,31,25
2021-05-27T23:59:59+02:00,16,9,8852,7991,17361,16741,22575,24276,50314,51865,71207,72052,54532,58292,36853,47437,11519,20528,2808,2787,4777,5922,5508,8697,7271,12419,13247,14902,22133,22869,29031,37600,10450,18579,413521,158221,48153,28537,108343,29852,2372,31,25
2021-05-26T23:59:59+02:00,15,9,8449,7574,16484,15937,21385,23265,49710,51319,70794,71668,54381,58130,36787,47363,11508,20498,2621,2614,4411,5592,5032,8191,6794,11771,12280,13926,21238,21841,28720,37157,10404,18494,407927,154384,47422,28450,108273,26611,1624,30,24
2021-05-25T23:59:59+02:00,15,9,7874,6974,15244,15054,19935,22093,49231,50920,70548,71485,54313,58048,36765,47338,11504,20489,2546,2511,4220,5462,4787,7964,6519,11462,11726,13397,19111,19698,28352,36627,10369,18445,401168,148769,47181,28437,108229,24742,1231,30,24
2021-05-24T23:59:59+02:00,15,9,7788,6873,15020,14927,19649,21914,49130,50801,70505,71446,54312,58043,36764,47337,11502,20486,2502,2449,4136,5298,4692,7719,6395,11178,11586,13157,18997,19586,28301,36580,10362,18434,400028,148619,47103,28395,108144,23126,1216,30,23
2021-05-23T23:59:59+02:00,14,9,7772,6860,14984,14911,19595,21886,49121,50799,70501,71440,54311,58041,36764,47336,11502,20486,2500,2445,4129,5293,4683,7715,6391,11165,11565,13135,18859,19392,28270,36541,10360,18432,399845,148140,47103,28393,108144,23117,1210,30,22
2021-05-22T23:59:59+02:00,14,9,7769,6852,14974,14899,19585,21879,49121,50797,70498,71440,54311,58040,36764,47336,11502,20486,2498,2438,4122,5287,4681,7715,6388,11162,11556,13132,18847,19386,28269,36541,10360,18432,399791,148104,47103,28393,108144,23093,1208,30,22
2021-05-21T23:59:59+02:00,14,8,7695,6755,14844,14765,19379,21719,48880,50563,70356,71334,54284,58014,36757,47329,11497,20480,2427,2353,4036,5146,4578,7501,6265,10865,11387,12843,18781,19322,28253,36511,10357,18430,398220,147854,47100,28393,108119,21587,1205,29,22
2021-05-20T23:59:59+02:00,14,8,7421,6461,14260,14240,18441,20846,46197,48213,69205,70363,53932,57653,36649,47189,11466,20451,2165,2190,3674,4781,4138,6951,5714,10034,10301,11748,17509,18044,27748,35912,10284,18283,387245,142626,46938,28104,107813,17741,989,24,22
2021-05-19T23:59:59+02:00,13,7,7182,6237,13597,13757,17174,19846,42219,44725,67718,69060,53478,57131,36487,46965,11430,20399,2089,1991,3510,4441,3891,6428,5272,9354,9314,10637,16035,16403,27055,35000,10159,18074,372479,135485,46368,27961,107584,15231,970,24,12
2021-05-18T23:59:59+02:00,13,5,6984,6060,13054,13327,16078,18989,37502,40709,66267,67740,52923,56591,36340,46743,11388,20342,2042,1862,3372,4251,3706,6114,4940,8875,8450,9766,14457,14672,26347,34150,10069,17902,356391,128871,46308,27398,107427,13795,905,24,12
2021-05-17T23:59:59+02:00,13,5,6849,5964,12731,13078,15583,18599,35322,38841,65429,66958,52652,56278,36261,46635,11374,20305,1973,1802,3184,4072,3487,5887,4618,8505,7673,9066,11204,10664,25436,33003,9986,17733,352663,123666,42040,21324,107348,12495,802,24,12
2021-05-16T23:59:59+02:00,13,5,6786,5881,12606,12924,15410,18430,34833,38372,65244,66790,52596,56218,36251,46610,11369,20300,1916,1705,3081,3949,3407,5785,4512,8361,7492,8880,9016,8072,24956,32322,9952,17676,351193,122532,41535,15985,107313,11986,573,24,12
2021-05-15T23:59:59+02:00,13,5,6781,5872,12600,12918,15406,18426,34828,38369,65242,66788,52596,56217,36251,46610,11369,20300,1915,1704,3078,3943,3402,5782,4507,8358,7490,8877,9014,8070,24955,32322,9952,17676,351151,122501,41535,15985,107311,11983,570,24,12
2021-05-14T23:59:59+02:00,13,5,6584,5775,12357,12856,15174,18334,33854,37582,64706,66380,52501,56130,36234,46577,11367,20295,1799,1616,2967,3873,3345,5674,4457,8212,7444,8749,9007,8065,24954,32322,9952,17675,347790,122447,41503,15981,106850,11118,559,22,12
2021-05-13T23:59:59+02:00,13,5,6334,5588,11948,12603,14608,17885,30327,34796,62232,64305,51871,55456,36097,46358,11355,20247,1756,1578,2910,3796,3313,5582,4414,8108,7363,8630,8970,8007,24934,32281,9947,17671,333809,122202,41280,15957,106421,10598,496,22,12
2021-05-12T23:59:59+02:00,13,5,6318,5565,11876,12540,14500,17778,29692,34220,61726,63853,51699,55283,36061,46313,11348,20234,1756,1575,2909,3796,3308,5582,4412,8106,7361,8624,8963,8004,24934,32279,9947,17670,330820,122179,41270,15947,106416,10597,496,22,12
2021-05-11T23:59:59+02:00,12,5,5994,5431,11434,12264,13955,17395,25432,30734,59347,61848,51040,54603,35872,46067,11327,20171,1714,1459,2806,3535,3187,5206,4273,7661,7206,8299,8879,7923,24905,32239,9944,17659,315892,121941,41217,15758,105431,8818,372,19,11
2021-05-10T23:59:59+02:00,12,5,5866,5358,11272,12149,13737,17227,21969,27977,58104,60732,50678,54253,35780,45944,11312,20140,1676,1364,2722,3306,3085,4875,4164,7170,7084,7861,8838,7863,24893,32218,9942,17655,305993,121798,41056,15609,105140,6996,307,19,11
2021-05-09T23:59:59+02:00,12,5,5789,5326,11187,12087,13637,17146,20369,26796,57639,60349,50576,54155,35754,45903,11305,20135,1659,1344,2665,3181,3034,4734,4119,7050,7023,7762,8826,7849,24886,32212,9941,17655,305427,121736,37489,15565,104941,6339,294,19,11
2021-05-08T23:59:59+02:00,12,5,5785,5323,11175,12083,13627,17137,20361,26790,57630,60343,50573,54147,35750,45900,11303,20132,1658,1344,2665,3179,3034,4734,4116,7047,7022,7761,8825,7849,24885,32210,9941,17655,305335,121721,37488,15565,104940,6339,294,19,11
2021-05-07T23:59:59+02:00,12,5,5745,5288,11110,12033,13521,17060,19905,26433,56632,59534,50443,54016,35721,45870,11300,20118,1554,1300,2585,3135,2994,4706,4082,7023,7000,7729,8818,7841,24883,32209,9941,17654,302170,121689,37472,15558,104796,5912,289,19,11
2021-05-06T23:59:59+02:00,12,5,5491,5176,10597,11724,12816,16607,18611,25446,52376,55881,49247,52637,35390,45471,11248,20015,1329,1168,2350,2962,2824,4541,3930,6824,6848,7577,8743,7763,24862,32173,9938,17647,287043,121418,37286,15420,104244,4475,160,17,11
2021-05-05T23:59:59+02:00,12,5,5231,5077,10104,11489,12061,16157,17279,24466,48008,51740,47577,50718,34953,44902,11173,19895,1283,1073,2288,2835,2741,4361,3836,6586,6740,7378,8630,7670,24801,32099,9932,17631,269868,120943,37060,15375,103856,3514,46,17,11
2021-05-04T23:59:59+02:00,12,5,5148,4992,9788,11277,11608,15768,16304,23598,46136,49709,46510,49410,34580,44414,11107,19786,1271,1054,2259,2793,2700,4275,3784,6479,6667,7302,8588,7631,24781,32083,9931,17626,259500,120725,37036,15314,103576,3156,23,17,11
2021-05-03T23:59:59+02:00,12,5,5045,4905,9440,11109,11145,15505,15241,22734,44562,48089,45629,48457,34360,44075,11079,19697,1256,1029,2227,2762,2658,4211,3736,6425,6593,7248,8019,6943,23048,29764,9793,17389,250479,114933,37028,15232,103550,2915,15,17,11
2021-05-02T23:59:59+02:00,12,5,4983,4886,9325,11073,11001,15444,14629,22245,44043,47679,45488,48291,34313,44013,11073,19686,1252,1024,2210,2760,2645,4203,3708,6412,6573,7235,7830,6700,21084,27363,9747,17301,249271,114913,35396,10244,103495,2874,10,17,11
2021-05-01T23:59:59+02:00,12,5,4983,4884,9320,11069,10998,15442,14625,22241,44041,47675,45487,48291,34313,44013,11073,19686,1251,1024,2210,2760,2645,4203,3707,6412,6571,7235,7830,6699,21084,27363,9747,17301,249241,114909,35396,10244,103494,2873,10,17,11
2021-04-30T23:59:59+02:00,12,5,4936,4862,9253,11054,10943,15417,14550,22215,42557,46262,45152,47959,34276,43961,11068,19676,1042,929,2012,2670,2545,4142,3621,6352,6509,7177,7823,6682,21083,27361,9747,17301,245253,114900,35396,10242,103482,1840,10,17,9
2021-04-29T23:59:59+02:00,12,4,4693,4780,8784,10903,10337,15246,13865,22007,37631,41948,44142,46933,34155,43843,11064,19646,862,852,1839,2591,2459,4076,3512,6282,6437,7128,7801,6663,21078,27355,9747,17301,231531,114860,35293,10140,103142,969,10,17,9
2021-04-28T23:59:59+02:00,12,4,4518,4745,8534,10818,9985,15156,13510,21853,32994,37447,42897,45680,34029,43696,11050,19628,820,823,1802,2545,2426,4000,3476,6173,6387,7036,7782,6644,21066,27342,9743,17294,218325,114776,35275,10092,102932,478,9,15,9
2021-04-27T23:59:59+02:00,11,3,4287,4530,8191,10369,9601,14576,13043,21205,31866,36319,42618,45398,34013,43668,11046,19625,793,809,1768,2522,2408,3982,3459,6154,6353,7010,7770,6635,21061,27337,9740,17288,215600,114719,35265,10062,99480,295,9,15,9
2021-04-26T23:59:59+02:00,11,3,4266,4502,8116,10332,9493,14520,12895,21146,27457,31935,41402,44176,33933,43568,11033,19615,760,798,1738,2503,2378,3961,3435,6133,6301,6964,7723,6586,21031,27307,9740,17281,203724,114517,35256,10018,99400,91,9,14,9
2021-04-25T23:59:59+02:00,11,3,4243,4489,8084,10305,9430,14488,12802,21100,25490,29893,40702,43415,33887,43510,11029,19610,748,791,1726,2489,2360,3947,3409,6112,6268,6935,7701,6566,21014,27286,9739,17277,203057,114493,30147,9776,99265,87,8,14,9
2021-04-24T23:59:59+02:00,11,3,4224,4478,8054,10276,9389,14472,12751,21078,23988,28229,39945,42576,33822,43434,11026,19604,747,790,1723,2487,2359,3944,3409,6108,6268,6932,7699,6564,21013,27286,9739,17277,197995,114473,30147,9775,99196,85,8,14,9
2021-04-23T23:59:59+02:00,10,3,3959,4326,7585,9979,8959,14116,12189,20675,23510,27929,39859,42515,33801,43400,11020,19597,733,780,1706,2474,2339,3928,3386,6086,6246,6913,7685,6546,21008,27275,9739,17276,197648,114458,30132,9577,95631,73,8,13,9
2021-04-22T23:59:59+02:00,10,3,3866,4269,7395,9863,8681,13922,11746,20347,21185,25573,37106,39274,33274,42731,10949,19478,720,771,1678,2444,2281,3871,3313,6014,6136,6817,7606,6460,20955,27231,9736,17261,184637,114337,29943,8875,95071,71,8,13,8
2021-04-21T23:59:59+02:00,10,3,3838,4237,7268,9785,8500,13751,11412,20058,19924,24370,33896,35561,32790,42028,10887,19352,696,753,1644,2416,2237,3847,3280,5981,6094,6778,7578,6433,20937,27207,9733,17257,172886,114231,29770,8562,94993,67,8,13,8
2021-04-20T23:59:59+02:00,10,3,3804,4211,7163,9716,8286,13595,11045,19760,18831,23223,30586,31916,32317,41429,10828,19243,688,743,1629,2404,2204,3825,3237,5936,6053,6735,7538,6387,20912,27183,9727,17254,161261,114073,29748,8306,94936,65,8,13,8
2021-04-19T23:59:59+02:00,10,3,3785,4194,7089,9678,8168,13486,10790,19574,18166,22561,29713,30788,32025,41063,10786,19168,680,738,1607,2390,2180,3795,3202,5903,6019,6704,7493,6354,20881,27155,9725,17250,156425,113940,29731,8062,94870,63,8,13,8
2021-04-18T23:59:59+02:00,10,3,3782,4188,7073,9664,8153,13467,10755,19550,18078,22479,29591,30663,31997,41041,10783,19160,678,734,1592,2378,2163,3780,3178,5877,5990,6681,7471,6341,20862,27133,9722,17247,155933,113881,29663,7873,94820,62,8,13,8
2021-04-17T23:59:59+02:00,10,3,3781,4186,7071,9662,8150,13467,10749,19543,18065,22468,29569,30650,31995,41039,10783,19160,677,734,1591,2377,2162,3779,3175,5876,5988,6679,7471,6341,20862,27133,9722,17247,155854,113868,29662,7873,94814,62,8,13,8
2021-04-16T23:59:59+02:00,10,3,3614,4148,6726,9533,7784,13280,10351,19297,17616,22194,29368,30491,31913,40950,10768,19141,665,716,1579,2362,2135,3764,3121,5839,5945,6629,7378,6252,20450,26569,9692,17186,155104,112545,29654,7667,92408,59,8,13,8
2021-04-15T23:59:59+02:00,10,3,3513,4069,6375,9162,7207,12780,9575,18461,16290,20963,28171,29199,31393,40309,10688,18966,635,693,1527,2323,2053,3677,3013,5719,5617,6392,6882,5867,19721,25660,9596,17018,149361,109200,29361,7128,88391,54,8,13,8
2021-04-14T23:59:59+02:00,9,3,3458,4019,6140,8924,6877,12403,8953,17910,15175,19933,26761,27699,30761,39433,10580,18771,600,667,1481,2285,1979,3599,2871,5596,5306,6156,6336,5353,18709,24375,9511,16845,142563,104936,29162,6674,86064,48,8,12,8
2021-04-13T23:59:59+02:00,9,3,3426,3988,6048,8847,6728,12274,8651,17664,14373,19241,23409,24145,29829,38253,10476,18599,595,658,1468,2263,1952,3566,2775,5525,5090,5973,5975,5017,18411,24032,9472,16779,130937,102849,29151,6644,85855,47,8,12,8
2021-04-12T23:59:59+02:00,9,3,3404,3967,5998,8790,6640,12190,8434,17469,13756,18712,22407,22993,29405,37695,10407,18477,585,650,1458,2255,1929,3545,2719,5474,4942,5869,5659,4736,18118,23730,9434,16719,125857,101266,29132,6498,85747,47,8,12,8
2021-04-11T23:59:59+02:00,9,3,3398,3961,5980,8766,6612,12173,8394,17446,13667,18651,22277,22845,29354,37630,10398,18452,582,645,1445,2245,1916,3537,2702,5458,4905,5832,5600,4678,17945,23496,9413,16690,125316,100605,29065,6426,85615,47,8,12,8
2021-04-10T23:59:59+02:00,9,3,3390,3960,5957,8765,6590,12172,8373,17445,13642,18649,22272,22842,29350,37629,10398,18452,581,643,1439,2239,1911,3534,2696,5450,4889,5822,5588,4661,17784,23243,9399,16666,125294,100095,28974,6393,85611,47,7,12,8
2021-04-09T23:59:59+02:00,8,3,3352,3948,5909,8753,6532,12156,8334,17418,13591,18603,20320,20434,28869,37014,10368,18403,568,630,1414,2217,1884,3511,2654,5414,4818,5760,5473,4558,17207,22511,9361,16595,124605,98331,23863,6195,85530,39,7,10,8
2021-04-08T23:59:59+02:00,8,3,3328,3929,5840,8721,6457,12117,8245,17355,13447,18485,17732,17373,28346,36350,10331,18353,526,600,1326,2136,1790,3415,2475,5229,4322,5395,4672,3952,15432,20290,9176,16294,123741,91369,18010,5624,84653,28,6,10,8
2021-04-07T23:59:59+02:00,6,3,3250,3901,5630,8671,6250,12058,8037,17280,13185,18390,15072,14311,27668,35553,10301,18300,503,572,1273,2081,1696,3335,2323,5089,3912,5063,3956,3389,14581,19428,9064,16113,123533,87068,16478,5278,77840,24,5,10,8
2021-04-06T23:59:59+02:00,5,3,3222,3891,5585,8653,6180,12035,7950,17243,13111,18319,13089,11948,27036,34840,10288,18270,472,550,1205,2026,1611,3254,2161,4971,3539,4786,3430,2981,13741,18430,8990,15997,123405,83439,16276,4678,71972,20,5,10,7
2021-04-05T23:59:59+02:00,5,3,3220,3888,5549,8640,6143,12023,7905,17227,13039,18283,13043,11902,27025,34824,10287,18267,440,520,1153,1989,1559,3213,2093,4917,3451,4710,3373,2929,13598,18260,8981,15979,123382,82948,16068,4191,71809,20,4,10,7
2021-04-04T23:59:59+02:00,5,3,3219,3887,5549,8638,6141,12023,7904,17224,13039,18283,13040,11902,27024,34824,10287,18267,439,519,1152,1989,1559,3213,2093,4917,3451,4710,3373,2929,13597,18260,8981,15979,123373,82944,16068,4191,71804,20,4,10,7
2021-04-03T23:59:59+02:00,5,3,3218,3887,5549,8637,6141,12023,7904,17224,13039,18283,13040,11901,27023,34821,10287,18267,439,518,1152,1989,1558,3213,2093,4916,3445,4707,3367,2918,13510,18124,8972,15963,123368,82667,16068,4191,71802,20,4,10,7
2021-04-02T23:59:59+02:00,5,3,3218,3884,5546,8632,6137,12014,7895,17212,13014,18252,12993,11849,26995,34803,10284,18263,436,511,1150,1985,1546,3204,2083,4894,3415,4674,3336,2889,12581,16880,8907,15855,123202,80212,16065,4110,71718,20,4,10,5
2021-04-01T23:59:59+02:00,5,3,3203,3870,5507,8612,6070,11981,7824,17177,12900,18181,12876,11724,26936,34727,10275,18248,389,468,1053,1918,1447,3117,1934,4782,3219,4541,3107,2690,10565,14297,8797,15680,122883,74659,15942,3322,71281,20,3,10,5
2021-03-31T23:59:59+02:00,5,3,3202,3856,5490,8578,6038,11945,7782,17132,12820,18112,12763,11599,26885,34667,10267,18239,351,447,1017,1876,1377,3077,1830,4679,2964,4347,2696,2374,7998,11071,8622,15442,122574,67163,15903,2982,70893,19,3,10,5
2021-03-30T23:59:59+02:00,5,3,3194,3846,5465,8550,6006,11914,7744,17092,12743,18046,12677,11461,26848,34620,10262,18229,330,428,994,1844,1317,3042,1706,4599,2718,4175,2324,2126,7113,9985,8556,15316,122444,63845,15873,2707,70376,18,2,10,5
2021-03-29T23:59:59+02:00,5,3,3182,3842,5436,8531,5970,11881,7700,17059,12670,17968,12034,10704,24987,32128,10114,17973,324,426,987,1829,1296,3018,1671,4559,2572,4089,2038,1977,6463,9275,8512,15238,116463,61551,15703,2704,70009,16,2,10,5
2021-03-28T23:59:59+02:00,5,3,3152,3826,5389,8494,5921,11839,7619,17004,12560,17900,11771,10403,23002,29668,10059,17874,323,424,984,1828,1288,3014,1667,4557,2560,4081,2013,1957,6441,9261,8510,15233,116403,61423,10529,2701,69545,16,2,10,3
2021-03-27T23:59:59+01:00,5,3,3140,3822,5350,8484,5885,11824,7572,16989,12514,17853,11737,10360,22998,29660,10059,17874,323,424,984,1828,1288,3014,1666,4555,2558,4079,2011,1955,6392,9186,8477,15184,116335,61206,10528,2701,69254,16,2,10,3
2021-03-26T23:59:59+01:00,5,3,3004,3497,4902,7326,5389,10504,6960,14942,11706,15581,11518,10179,22515,28935,10014,17803,322,420,979,1825,1283,3010,1663,4553,2553,4072,2003,1949,6262,8999,8334,14999,114790,60531,10274,2689,59707,5,2,10,3
2021-03-25T23:59:59+01:00,5,3,2877,3228,4742,6560,5163,9354,6636,13221,10982,13781,10661,9377,21801,28097,9941,17648,317,411,973,1815,1268,2991,1643,4518,2516,4023,1937,1890,5972,8571,8061,14553,111890,58769,9587,2685,52588,4,2,10,3
2021-03-24T23:59:59+01:00,5,3,2829,3184,4667,6499,5029,9248,6433,13051,10472,13376,9829,8556,20792,26842,9845,17467,315,406,965,1809,1251,2980,1628,4494,2470,3966,1869,1814,5609,8099,7650,13887,107889,56538,9240,2671,50989,4,0,9,3
2021-03-23T23:59:59+01:00,5,3,2800,3151,4599,6433,4919,9154,6222,12890,10016,12954,9119,7890,20283,26240,9793,17362,303,393,947,1800,1236,2960,1600,4472,2415,3917,1789,1749,5333,7721,7262,13272,105519,54497,8908,2670,49398,3,0,8,3
2021-03-22T23:59:59+01:00,5,3,2784,3115,4539,6395,4843,9086,6083,12753,9655,12682,8515,7325,19867,25803,9733,17268,301,389,935,1794,1221,2945,1587,4458,2388,3891,1763,1728,5196,7546,6820,12461,104044,52755,8649,2665,47753,3,0,8,2
2021-03-21T23:59:59+01:00,5,3,2777,3100,4494,6373,4792,9050,5992,12685,9467,12494,8211,7068,19699,25636,9721,17243,301,389,934,1794,1219,2945,1586,4457,2385,3891,1756,1722,5187,7541,6790,12404,103844,52650,8420,2648,46538,3,0,8,2
2021-03-20T23:59:59+01:00,5,3,2777,3095,4486,6368,4786,9047,5988,12677,9447,12480,8178,7037,19525,25359,9705,17217,301,389,934,1793,1218,2945,1585,4456,2381,3883,1744,1709,5174,7492,6614,12168,103287,52159,8408,2624,46477,3,0,8,2
2021-03-19T23:59:59+01:00,5,3,2742,3072,4412,6325,4677,8997,5848,12620,9181,12292,7873,6813,19041,24768,9673,17158,301,389,933,1792,1218,2942,1582,4455,2375,3878,1728,1701,5138,7449,6212,11552,101988,51038,8166,2604,45338,3,0,8,2
2021-03-18T23:59:59+01:00,5,3,2676,2999,4250,6189,4428,8791,5490,12311,8276,11623,6612,5802,17791,23411,9525,16933,298,385,928,1782,1204,2929,1544,4440,2308,3832,1650,1659,5066,7343,5484,10447,97106,48736,7624,2562,42377,2,0,8,1
2021-03-17T23:59:59+01:00,5,3,2638,2960,4170,6092,4291,8683,5235,12036,7601,11055,5626,4908,16446,21880,9360,16679,294,384,924,1773,1200,2921,1527,4418,2241,3806,1584,1614,5021,7279,4912,9569,91707,46959,7121,2507,40832,2,0,8,1
2021-03-16T23:59:59+01:00,5,3,2618,2932,4107,6026,4199,8587,5060,11880,7152,10667,4865,4291,15596,20904,9258,16509,290,382,921,1768,1197,2914,1519,4408,2219,3787,1554,1597,4984,7236,4410,8766,88084,45523,7085,2428,39482,2,0,8,1
2021-03-15T23:59:59+01:00,5,3,2615,2921,4091,6008,4168,8561,5010,11833,7035,10553,4720,4132,15278,20494,9229,16450,288,379,920,1762,1190,2907,1505,4399,2197,3764,1513,1580,4924,7162,3834,7907,87318,43942,6990,2289,38790,1,0,8,1
2021-03-14T23:59:59+01:00,5,2,2610,2912,4070,5989,4138,8542,4967,11800,6942,10464,4616,4021,15148,20325,9213,16414,286,378,920,1760,1184,2900,1500,4388,2186,3757,1503,1573,4916,7154,3829,7894,87014,43881,6972,2247,38185,1,0,7,1
2021-03-13T23:59:59+01:00,5,2,2606,2904,4066,5977,4130,8536,4959,11791,6922,10450,4594,3995,14832,19888,9193,16378,286,378,920,1760,1184,2900,1500,4388,2186,3757,1503,1573,4916,7153,3829,7894,86130,43880,6949,2247,38142,1,0,7,1
2021-03-12T23:59:59+01:00,5,2,2544,2828,3955,5807,4011,8315,4822,11492,6744,10180,4441,3857,13910,18634,9132,16276,286,377,918,1757,1184,2897,1498,4383,2185,3750,1495,1571,4908,7134,3827,7879,83671,43803,6887,2246,36392,1,0,5,1
2021-03-11T23:59:59+01:00,4,2,2419,2602,3731,5478,3755,7877,4497,10727,6117,9366,3922,3356,12318,16647,9034,16129,286,376,914,1754,1181,2883,1489,4371,2173,3722,1452,1542,4867,7099,3815,7852,79364,43653,6725,2123,31887,1,0,5,1
2021-03-10T23:59:59+01:00,4,2,2297,2469,3578,5245,3561,7554,4232,10240,5564,8798,3353,2913,10051,13932,8889,15902,283,372,910,1745,1174,2872,1484,4355,2149,3706,1423,1534,4836,7084,3806,7844,73070,43584,6555,1994,28954,0,0,5,1
2021-03-09T23:59:59+01:00,4,2,2270,2416,3513,5159,3448,7465,4061,10045,5171,8447,2876,2555,8543,11920,8787,15753,282,371,910,1739,1167,2863,1480,4347,2141,3695,1409,1529,4828,7079,3803,7842,68217,43543,6405,1943,27808,0,0,5,1
2021-03-08T23:59:59+01:00,4,2,2246,2346,3456,5094,3374,7380,3937,9933,4879,8257,2429,2294,6625,9522,8668,15579,282,368,909,1729,1161,2847,1474,4336,2137,3688,1398,1522,4811,7057,3796,7833,62539,43432,6070,1917,27411,0,0,5,1
2021-03-07T23:59:59+01:00,4,2,2183,2290,3359,4986,3278,7291,3840,9846,4744,8162,2378,2243,6603,9501,8668,15571,282,367,908,1729,1161,2847,1473,4336,2137,3688,1398,1522,4811,7057,3796,7833,62411,43430,5389,1917,27144,0,0,5,0
2021-03-06T23:59:59+01:00,4,2,2175,2277,3347,4977,3274,7286,3831,9837,4733,8159,2376,2241,6557,9431,8636,15522,282,367,907,1725,1160,2846,1473,4333,2133,3683,1397,1517,4805,7052,3794,7824,62202,43383,5329,1917,27129,0,0,5,0
2021-03-05T23:59:59+01:00,4,2,2045,2193,3123,4788,3036,6975,3554,9441,4405,7822,2289,2180,6350,9114,8445,15261,282,365,905,1722,1160,2845,1472,4327,2130,3677,1391,1515,4799,7045,3793,7818,61226,43331,4491,1917,25305,0,0,5,0
2021-03-04T23:59:59+01:00,4,2,1791,1973,2713,4355,2579,6336,2988,8537,3720,7008,2074,2020,6059,8748,8171,14807,279,364,904,1714,1158,2828,1471,4311,2121,3665,1380,1513,4787,7031,3786,7807,59588,43207,3218,1914,21074,0,0,5,0
2021-03-03T23:59:59+01:00,4,2,1720,1887,2606,4176,2447,6113,2852,8255,3537,6746,1992,1943,5721,8275,7818,14228,278,360,904,1704,1156,2805,1467,4287,2116,3650,1356,1502,4782,7025,3782,7800,57588,43062,3075,1914,19654,0,0,5,0
2021-03-02T23:59:59+01:00,4,2,1683,1806,2538,4058,2366,5963,2747,8074,3422,6595,1920,1876,5413,7838,7419,13560,276,355,901,1685,1153,2784,1464,4269,2115,3639,1331,1496,4772,7009,3776,7793,55504,42906,2833,1914,18942,0,0,5,0
2021-03-01T23:59:59+01:00,2,2,1674,1780,2499,3950,2318,5848,2710,7972,3369,6517,1880,1856,5274,7673,6948,12696,276,353,897,1679,1151,2772,1462,4256,2113,3624,1326,1491,4769,7007,3775,7787,53648,42826,2821,1914,18494,0,0,5,0
2021-02-28T23:59:59+01:00,2,2,1657,1743,2464,3879,2288,5793,2667,7892,3342,6471,1874,1852,5266,7668,6913,12637,276,353,896,1679,1151,2772,1462,4255,2113,3623,1326,1491,4769,7006,3775,7787,53526,42823,2819,1913,18060,0,0,5,0
2021-02-27T23:59:59+01:00,2,2,1655,1737,2460,3871,2284,5793,2666,7891,3340,6468,1868,1842,5257,7624,6743,12418,276,353,886,1674,1141,2765,1452,4246,2097,3614,1325,1488,4769,7005,3775,7787,53064,42819,2819,1836,18033,0,0,5,0
2021-02-26T23:59:59+01:00,2,1,1465,1581,2335,3628,2206,5388,2574,7388,3253,6010,1853,1816,5232,7591,6484,12029,275,351,879,1667,1133,2745,1446,4225,2087,3601,1318,1479,4761,6993,3771,7774,52320,42740,2798,1767,15713,0,0,5,0
2021-02-25T23:59:59+01:00,2,1,1248,1304,2115,3194,2033,4631,2377,6443,3012,5112,1764,1744,5181,7512,5916,11189,273,343,873,1607,1099,2650,1413,4114,2031,3527,1281,1458,4721,6952,3753,7723,50453,42279,2784,1541,11537,0,0,4,0
2021-02-24T23:59:59+01:00,2,1,1195,1094,2008,2925,1928,4292,2244,6037,2842,4843,1689,1689,5123,7422,5162,10015,271,337,835,1560,1049,2559,1353,3998,1941,3399,1241,1431,4706,6926,3743,7706,48129,42022,2772,1035,9606,0,0,4,0
2021-02-23T23:59:59+01:00,2,1,1180,1045,1974,2861,1902,4194,2218,5952,2809,4781,1681,1674,5088,7373,4532,8995,271,336,808,1532,1002,2507,1300,3920,1835,3326,1189,1406,4684,6901,3732,7672,46360,41825,2745,598,9153,0,0,4,0
2021-02-22T23:59:59+01:00,2,1,1172,1004,1923,2718,1858,4048,2163,5756,2755,4675,1670,1663,5054,7325,3929,8111,269,326,765,1493,948,2424,1212,3814,1695,3231,1100,1349,4643,6831,3707,7569,44755,41370,2725,8,8344,0,0,3,0
2021-02-21T23:59:59+01:00,2,1,1170,990,1892,2656,1832,3951,2136,5652,2735,4612,1662,1657,5051,7316,3929,8107,267,324,761,1487,940,2392,1210,3778,1682,3191,1091,1334,4627,6806,3685,7528,44702,41097,2714,8,7932,0,0,3,0
2021-02-20T23:59:59+01:00,2,1,1170,990,1892,2655,1831,3951,2136,5652,2733,4607,1653,1649,5047,7310,3927,8104,267,324,761,1486,939,2388,1209,3774,1681,3189,1091,1334,4574,6745,3639,7469,44688,40865,2689,7,7930,0,0,3,0
2021-02-19T23:59:59+01:00,2,1,1170,987,1889,2650,1830,3942,2135,5643,2730,4604,1634,1641,5034,7293,3924,8098,266,323,757,1477,931,2364,1202,3732,1654,3136,1064,1296,4385,6492,3462,7178,44608,39714,2670,7,7926,0,0,3,0
2021-02-18T23:59:59+01:00,2,1,1138,904,1850,2531,1791,3804,2082,5437,2669,4429,1618,1625,5018,7259,3919,8072,238,294,712,1353,882,2159,1117,3397,1538,2841,955,1109,3902,5721,3070,6329,44453,35612,2637,7,7056,0,0,3,0
2021-02-17T23:59:59+01:00,2,1,1089,775,1769,2298,1714,3505,1973,5077,2594,4180,1595,1616,4997,7245,3911,8068,233,291,702,1335,873,2137,1105,3362,1519,2820,948,1106,3522,5202,2778,5908,44412,33836,2581,7,5413,0,0,3,0
2021-02-16T23:59:59+01:00,2,1,1048,739,1711,2194,1646,3334,1902,4871,2516,4074,1560,1602,4970,7224,3902,8056,227,285,688,1301,852,2083,1074,3245,1480,2735,925,1083,3171,4657,2440,5419,44359,31662,2419,5,4571,0,0,3,0
2021-02-15T23:59:59+01:00,2,1,1041,723,1692,2118,1627,3234,1883,4762,2502,3996,1532,1588,4941,7207,3870,8000,215,275,673,1266,833,2033,1054,3179,1438,2670,894,1052,2753,4108,2114,4858,44230,29413,2336,4,4150,0,0,3,0
2021-02-14T23:59:59+01:00,2,1,945,689,1614,2084,1566,3215,1839,4740,2467,3983,1525,1585,4932,7195,3867,7995,208,263,664,1248,814,1993,1038,3113,1408,2602,864,1007,2664,3968,2042,4675,44188,28570,2300,3,3755,0,0,1,0
2021-02-13T23:59:59+01:00,2,1,892,665,1584,2061,1551,3207,1823,4733,2459,3982,1524,1584,4932,7195,3866,7994,206,262,662,1248,814,1989,1038,3111,1407,2600,863,1007,2562,3843,1978,4575,44182,28164,2300,3,3572,0,0,1,0
2021-02-12T23:59:59+01:00,2,1,558,517,1234,1945,1379,3104,1683,4651,2352,3912,1505,1575,4923,7184,3860,7988,194,256,650,1222,800,1945,1012,3026,1351,2501,801,933,2339,3532,1836,4274,44069,26672,2300,2,2003,0,0,1,0
2021-02-11T23:59:59+01:00,2,1,392,440,1044,1832,1277,2985,1584,4537,2264,3823,1398,1531,4861,7135,3839,7941,156,192,550,979,664,1500,812,2357,1073,1911,566,685,1741,2660,1355,3087,43717,20289,2102,1,1066,0,0,1,0
2021-02-10T23:59:59+01:00,2,1,279,368,918,1727,1177,2862,1489,4352,2151,3700,1361,1518,4842,7124,3834,7939,134,130,379,618,492,1011,642,1746,905,1577,545,670,1335,2099,1040,2592,43641,15917,1998,0,4,0,0,1,0
2021-02-09T23:59:59+01:00,2,1,279,367,917,1721,1174,2853,1489,4347,2150,3695,1354,1515,4840,7122,3833,7937,131,128,370,588,473,984,621,1717,880,1546,543,667,956,1634,763,2188,43617,14191,1975,0,3,0,0,1,0
2021-02-08T23:59:59+01:00,2,1,279,365,916,1719,1171,2843,1482,4342,2148,3691,1349,1511,4838,7122,3832,7934,126,122,359,577,465,967,610,1684,862,1520,535,662,565,1147,460,1764,43589,12427,1952,0,3,0,0,1,0
2021-02-07T23:59:59+01:00,2,1,279,365,914,1719,1170,2843,1480,4340,2148,3691,1349,1511,4838,7121,3832,7934,122,119,355,571,464,960,607,1672,853,1504,527,658,564,1137,455,1749,43585,12319,1951,0,0,0,0,1,0
2021-02-06T23:59:59+01:00,2,1,279,365,914,1719,1170,2843,1480,4340,2148,3691,1349,1511,4838,7121,3832,7934,119,116,353,567,463,959,607,1670,853,1503,526,657,564,1137,455,1749,43585,12300,1951,0,0,0,0,1,0
2021-02-05T23:59:59+01:00,2,1,279,364,913,1719,1170,2842,1478,4339,2147,3691,1349,1511,4837,7119,3832,7931,118,108,350,563,455,946,603,1660,839,1480,521,647,558,1121,445,1727,43572,12143,1951,0,0,0,0,1,0
2021-02-04T23:59:59+01:00,2,1,276,359,906,1681,1163,2796,1477,4287,2134,3648,1341,1504,4809,7088,3821,7901,89,71,233,390,331,687,474,1270,628,1111,391,514,468,913,388,1485,43243,9444,1950,0,0,0,0,1,0
2021-02-03T23:59:59+01:00,2,1,274,350,901,1656,1159,2761,1466,4237,2125,3612,1333,1488,4787,7059,3809,7875,55,33,81,166,152,341,232,596,303,541,210,278,273,575,226,944,42944,5007,1950,0,0,0,0,1,0
2021-02-02T23:59:59+01:00,2,1,273,348,900,1644,1155,2742,1463,4205,2118,3586,1325,1482,4780,7046,3802,7853,16,10,26,49,60,97,73,164,97,121,45,74,67,126,50,193,42774,1269,1950,0,0,0,0,1,0
2021-02-01T23:59:59+01:00,2,1,273,343,900,1642,1154,2741,1462,4201,2117,3580,1324,1481,4778,7045,3802,7853,14,9,22,43,51,88,60,136,74,102,39,65,57,116,49,180,42748,1106,1950,0,0,0,0,1,0
2021-01-31T23:59:59+01:00,2,1,273,342,900,1638,1153,2737,1462,4196,2117,3577,1323,1481,4778,7044,3802,7853,13,8,21,38,44,80,54,125,64,96,34,54,47,108,46,174,42728,1007,1950,0,0,0,0,1,0
2021-01-30T23:59:59+01:00,2,1,273,342,895,1635,1145,2729,1454,4190,2113,3574,1323,1481,4725,6984,3756,7794,13,8,21,37,44,80,53,124,64,96,34,54,47,108,46,174,42499,1004,1916,0,0,0,0,1,0
2021-01-29T23:59:59+01:00,2,1,272,341,880,1627,1133,2708,1442,4160,2091,3547,1314,1475,4563,6781,3592,7590,11,8,21,37,41,80,52,122,61,95,32,49,46,108,46,174,41713,984,1805,0,0,0,0,1,0
2021-01-28T23:59:59+01:00,2,1,268,328,861,1540,1093,2598,1405,4060,2021,3472,1287,1463,4229,6312,3329,7237,7,4,10,17,22,39,21,56,36,63,20,31,31,70,36,117,39945,581,1560,0,0,0,0,1,0
2021-01-27T23:59:59+01:00,2,1,262,325,819,1485,1046,2504,1342,3963,1947,3365,1248,1436,3818,5749,3012,6778,3,4,10,8,12,21,8,22,14,29,11,13,15,39,14,56,37993,280,1108,0,0,0,0,1,0
2021-01-26T23:59:59+01:00,2,1,256,316,785,1439,981,2419,1281,3836,1830,3260,1190,1385,3474,5195,2664,6268,1,1,6,3,5,7,4,2,3,8,6,5,3,7,3,8,35919,73,662,0,0,0,0,1,0
2021-01-25T23:59:59+01:00,2,1,246,307,733,1378,920,2300,1180,3691,1670,3141,1111,1355,3081,4684,2355,5802,1,1,6,2,3,7,2,2,3,8,6,5,3,7,3,8,33897,68,60,0,0,0,0,0,0
2021-01-24T23:59:59+01:00,2,1,243,307,727,1374,909,2284,1175,3675,1643,3111,1105,1353,3055,4648,2338,5780,1,1,4,2,3,7,2,2,3,8,6,5,3,7,3,8,33723,66,7,0,0,0,0,0,0
2021-01-23T23:59:59+01:00,2,1,242,306,726,1374,909,2280,1174,3673,1640,3109,1104,1353,2950,4522,2272,5679,1,1,4,2,2,7,2,2,3,8,6,5,3,7,3,8,33310,65,6,0,0,0,0,0,0
2021-01-22T23:59:59+01:00,2,1,241,303,724,1358,907,2267,1168,3659,1636,3105,1102,1352,2791,4328,2170,5537,1,1,4,2,2,7,2,2,3,8,6,5,3,7,3,8,32645,65,6,0,0,0,0,0,0
2021-01-21T23:59:59+01:00,2,1,237,274,661,1202,839,2055,1087,3374,1539,2899,1060,1310,2448,3862,1881,5102,1,0,4,1,2,7,2,2,3,8,6,4,3,7,3,8,29827,62,6,0,0,0,0,0,0
2021-01-20T23:59:59+01:00,2,1,213,210,501,851,664,1565,887,2673,1302,2431,965,1176,1919,3116,1472,4338,1,0,4,1,2,7,2,2,3,6,5,4,3,7,3,8,24280,59,6,0,0,0,0,0,0
2021-01-19T23:59:59+01:00,2,1,186,191,454,744,610,1409,800,2373,1128,2124,798,920,1277,2191,1015,3274,0,0,3,1,0,0,0,0,2,1,1,0,0,0,0,0,19494,8,3,0,0,0,0,0,0
2021-01-18T23:59:59+01:00,1,1,138,136,378,619,487,1055,646,1828,937,1634,592,711,635,1271,513,1969,0,0,1,0,0,0,0,0,1,0,0,0,0,0,0,0,13549,2,2,0,0,0,0,0,0
2021-01-17T23:59:59+01:00,1,1,127,122,364,582,472,990,617,1711,878,1535,543,671,588,1174,471,1826,0,0,0,0,0,0,0,0,0,0,0,0,0,0,0,0,12673,0,0,0,0,0,0,0,0
2021-01-16T23:59:59+01:00,1,1,120,118,361,578,470,979,611,1698,872,1528,542,670,587,1169,467,1814,0,0,0,0,0,0,0,0,0,0,0,0,0,0,0,0,12586,0,0,0,0,0,0,0,0
2021-01-15T23:59:59+01:00,1,1,118,111,358,573,462,963,607,1687,857,1504,536,658,580,1153,459,1792,0,0,0,0,0,0,0,0,0,0,0,0,0,0,0,0,12420,0,0,0,0,0,0,0,0
2021-01-14T23:59:59+01:00,1,1,97,89,275,464,391,784,504,1416,700,1214,418,529,500,959,403,1607,0,0,0,0,0,0,0,0,0,0,0,0,0,0,0,0,10352,0,0,0,0,0,0,0,0
2021-01-13T23:59:59+01:00,1,1,67,49,163,282,255,519,352,923,478,780,258,324,311,634,258,1030,0,0,0,0,0,0,0,0,0,0,0,0,0,0,0,0,6685,0,0,0,0,0,0,0,0
2021-01-12T23:59:59+01:00,1,1,31,21,49,101,113,212,150,382,200,334,135,175,162,351,146,566,0,0,0,0,0,0,0,0,0,0,0,0,0,0,0,0,3130,0,0,0,0,0,0,0,0
2021-01-11T23:59:59+01:00,1,0,18,11,33,64,60,110,76,168,92,125,39,65,60,121,50,181,0,0,0,0,0,0,0,0,0,0,0,0,0,0,0,0,1274,0,0,0,0,0,0,0,0
2021-01-10T23:59:59+01:00,1,0,15,7,27,53,53,98,66,153,76,111,33,55,50,112,46,172,0,0,0,0,0,0,0,0,0,0,0,0,0,0,0,0,1128,0,0,0,0,0,0,0,0
2021-01-09T23:59:59+01:00,1,0,14,7,26,51,52,97,63,152,76,109,33,55,50,112,46,172,0,0,0,0,0,0,0,0,0,0,0,0,0,0,0,0,1116,0,0,0,0,0,0,0,0
2021-01-08T23:59:59+01:00,1,0,11,7,24,48,47,92,59,139,70,105,31,50,49,112,46,172,0,0,0,0,0,0,0,0,0,0,0,0,0,0,0,0,1063,0,0,0,0,0,0,0,0
2021-01-07T23:59:59+01:00,1,0,7,4,9,18,21,40,22,56,38,65,19,33,36,75,36,116,0,0,0,0,0,0,0,0,0,0,0,0,0,0,0,0,596,0,0,0,0,0,0,0,0
2021-01-06T23:59:59+01:00,1,0,7,4,9,15,14,30,14,39,25,53,15,25,30,67,34,101,0,0,0,0,0,0,0,0,0,0,0,0,0,0,0,0,483,0,0,0,0,0,0,0,0
2021-01-05T23:59:59+01:00,1,0,7,4,9,15,14,30,14,39,25,53,15,25,29,67,34,101,0,0,0,0,0,0,0,0,0,0,0,0,0,0,0,0,482,0,0,0,0,0,0,0,0
2021-01-04T23:59:59+01:00,1,0,2,4,8,5,4,14,3,7,6,16,6,5,6,16,4,13,0,0,0,0,0,0,0,0,0,0,0,0,0,0,0,0,120,0,0,0,0,0,0,0,0
2021-01-03T23:59:59+01:00,1,0,1,1,3,2,2,7,2,3,3,9,4,4,3,8,3,8,0,0,0,0,0,0,0,0,0,0,0,0,0,0,0,0,64,0,0,0,0,0,0,0,0
2021-01-02T23:59:59+01:00,1,0,1,1,3,2,2,7,2,3,3,9,4,4,3,8,3,8,0,0,0,0,0,0,0,0,0,0,0,0,0,0,0,0,64,0,0,0,0,0,0,0,0
2021-01-01T23:59:59+01:00,1,0,1,1,3,2,2,7,2,3,3,9,4,4,3,8,3,8,0,0,0,0,0,0,0,0,0,0,0,0,0,0,0,0,64,0,0,0,0,0,0,0,0
2020-12-31T23:59:59+01:00,1,0,1,1,3,1,2,7,2,2,3,8,4,4,3,8,3,8,0,0,0,0,0,0,0,0,0,0,0,0,0,0,0,0,61,0,0,0,0,0,0,0,0
2020-12-30T23:59:59+01:00,1,0,1,1,3,1,2,7,2,2,3,6,4,4,3,8,3,8,0,0,0,0,0,0,0,0,0,0,0,0,0,0,0,0,59,0,0,0,0,0,0,0,0
2020-12-29T23:59:59+01:00,1,0,1,1,2,1,2,6,2,2,3,6,2,2,2,8,2,7,0,0,0,0,0,0,0,0,0,0,0,0,0,0,0,0,50,0,0,0,0,0,0,0,0
2020-12-28T23:59:59+01:00,1,0,0,0,2,1,0,2,1,0,1,3,0,1,0,1,1,4,0,0,0,0,0,0,0,0,0,0,0,0,0,0,0,0,18,0,0,0,0,0,0,0,0
2020-12-27T23:59:59+01:00,0,0,0,0,0,0,0,1,1,0,1,2,0,1,0,1,1,4,0,0,0,0,0,0,0,0,0,0,0,0,0,0,0,0,12,0,0,0,0,0,0,0,0
