Datum,<15_m,<15_w,15-24_1_m,15-24_1_w,25-34_1_m,25-34_1_w,35-44_1_m,35-44_1_w,45-54_1_m,45-54_1_w,55-64_1_m,55-64_1_w,65-74_1_m,65-74_1_w,75-84_1_m,75-84_1_w,>84_1_m,>84_1_w,<24_2_m,<24_2_w,25-34_2_m,25-34_2_w,35-44_2_m,35-44_2_w,45-54_2_m,45-54_2_w,55-64_2_m,55-64_2_w,65-74_2_m,65-74_2_w,75-84_2_m,75-84_2_w,>84_2_m,>84_2_w,bp_1,bp_2,mo_1,mo_2,az_1,az_2,ja,unb_1,unb_2
2021-08-10T23:59:59+02:00,3432,3217,37187,35700,51586,44327,56675,53039,69001,67680,84273,82802,59048,63138,38623,49790,11950,21340,30058,28770,45482,38513,51085,47104,63640,61878,79059,77612,56358,60073,37124,47730,11517,20525,618420,556832,78899,74934,109429,102838,26023,37,43
2021-08-09T23:59:59+02:00,3401,3191,37103,35606,51528,44266,56627,53005,68978,67644,84249,82776,59037,63126,38612,49773,11949,21339,29441,28126,44898,37996,50567,46596,63306,61550,78810,77385,56251,59986,37086,47679,11512,20513,617885,553319,78897,73501,109429,102813,25962,37,43
2021-08-08T23:59:59+02:00,3392,3178,37077,35590,51504,44242,56609,52995,68960,67626,84229,82761,59034,63121,38607,49766,11948,21338,29313,27985,44752,37901,50473,46516,63253,61493,78762,77346,56215,59968,37076,47668,11512,20510,617714,552401,78896,73493,109428,102782,25902,37,43
2021-08-07T23:59:59+02:00,3392,3178,37073,35584,51494,44241,56607,52995,68956,67623,84228,82759,59033,63121,38607,49766,11948,21338,29302,27980,44740,37896,50472,46512,63250,61488,78759,77343,56214,59967,37076,47668,11512,20510,617704,552373,78895,73489,109428,102782,25879,37,43
2021-08-06T23:59:59+02:00,3381,3165,37009,35528,51418,44179,56544,52953,68916,67592,84196,82730,59020,63102,38596,49760,11945,21336,29066,27756,44539,37713,50293,46373,63118,61375,78661,77275,56189,59942,37061,47658,11509,20507,617435,550947,78892,73483,109428,102781,25578,37,43
2021-08-05T23:59:59+02:00,3348,3126,36858,35397,51304,44048,56430,52840,68806,67480,84072,82661,58981,63050,38573,49741,11936,21326,28376,27142,43958,37238,49748,45924,62765,61080,78377,77060,56086,59849,37023,47609,11502,20493,616671,546704,78890,73474,109428,102605,24951,37,43
2021-08-04T23:59:59+02:00,3289,3063,36660,35228,51159,43903,56291,52728,68685,67357,83960,82552,58915,62992,38556,49712,11932,21316,27234,26026,43007,36367,48791,45034,62177,60478,77883,76625,55877,59672,36965,47520,11489,20473,615610,538415,78880,73435,109428,102552,24343,37,43
2021-08-03T23:59:59+02:00,3215,3005,36444,35030,51012,43767,56171,52608,68557,67244,83874,82483,58873,62952,38538,49682,11924,21302,26160,24920,42089,35477,47895,44153,61642,59952,77438,76219,55711,59485,36906,47434,11471,20442,614281,530135,78872,73390,109426,102526,24065,37,43
2021-08-02T23:59:59+02:00,3171,2951,36300,34881,50905,43659,56079,52511,68473,67156,83791,82409,58835,62905,38524,49663,11916,21290,25262,23920,41249,34743,47166,43416,61160,59487,77056,75876,55549,59337,36856,47357,11454,20421,613327,523198,78871,73336,109425,102385,23759,37,43
2021-08-01T23:59:59+02:00,3166,2946,36285,34859,50882,43641,56063,52487,68444,67143,83777,82397,58829,62900,38523,49659,11916,21290,25003,23672,41008,34543,46939,43222,61019,59351,76940,75781,55514,59308,36842,47345,11450,20417,613191,521349,78867,73295,109424,102319,23688,37,43
2021-07-31T23:59:59+02:00,3165,2945,36279,34858,50881,43640,56061,52486,68442,67142,83777,82396,58829,62900,38523,49659,11916,21290,24996,23659,40998,34536,46933,43216,61010,59349,76938,75780,55514,59305,36842,47345,11450,20416,613177,521284,78866,73294,109424,102319,23685,37,43
2021-07-30T23:59:59+02:00,3149,2931,36221,34794,50810,43589,56002,52428,68387,67101,83740,82356,58817,62886,38519,49652,11913,21287,24678,23349,40725,34324,46679,43023,60825,59219,76790,75666,55484,59266,36828,47333,11450,20416,612890,519363,78862,73292,109421,102212,23372,37,43
2021-07-29T23:59:59+02:00,3126,2903,36083,34672,50683,43467,55912,52331,68318,67037,83670,82305,58791,62868,38508,49643,11913,21286,23724,22363,39852,33580,45783,42245,60285,58781,76433,75365,55364,59128,36791,47280,11443,20405,612027,512342,78842,73167,109421,102046,23189,37,43
2021-07-28T23:59:59+02:00,3077,2848,35846,34438,50464,43298,55719,52185,68180,66901,83555,82207,58738,62821,38486,49607,11903,21278,22514,21117,38538,32486,44477,41078,59493,58124,75931,74909,55170,58942,36723,47177,11429,20380,610674,502585,78838,73002,109421,101889,22581,37,43
2021-07-27T23:59:59+02:00,3053,2829,35740,34322,50384,43215,55645,52133,68118,66833,83494,82136,58699,62780,38474,49592,11902,21269,21277,19729,37123,31153,43115,39783,58872,57532,75513,74500,55008,58768,36665,47123,11417,20357,609957,492209,78823,72826,109421,101775,22380,37,43
2021-07-26T23:59:59+02:00,3034,2810,35678,34229,50328,43163,55604,52085,68073,66797,83459,82111,58685,62765,38462,49580,11901,21267,20256,18630,35872,30040,41852,38636,58376,57134,75229,74249,54911,58668,36644,47088,11411,20343,609443,483981,78818,72500,109421,101614,22312,37,43
2021-07-25T23:59:59+02:00,3023,2805,35627,34189,50288,43120,55579,52063,68050,66774,83430,82088,58672,62758,38459,49577,11898,21261,19858,18272,35462,29717,41450,38335,58183,56983,75073,74147,54868,58630,36623,47068,11407,20339,609162,481291,78813,72240,109421,101586,22228,37,43
2021-07-24T23:59:59+02:00,3023,2805,35623,34185,50286,43117,55577,52062,68048,66774,83428,82087,58672,62758,38458,49577,11898,21261,19853,18262,35454,29709,41444,38334,58180,56981,75069,74145,54868,58630,36622,47068,11407,20339,609153,481255,78812,72240,109421,101584,22216,37,43
2021-07-23T23:59:59+02:00,2998,2780,35473,34069,50139,43019,55461,51958,67952,66682,83338,82037,58641,62729,38448,49572,11893,21258,19617,18042,35195,29536,41174,38153,58016,56853,74935,74069,54830,58607,36610,47058,11401,20333,608534,480141,78812,71951,109421,101582,21643,37,43
2021-07-22T23:59:59+02:00,2948,2695,35039,33703,49833,42782,55200,51733,67724,66504,83164,81887,58557,62636,38413,49528,11882,21240,18835,17382,34103,28804,40057,37329,57284,56389,74385,73700,54653,58429,36546,46975,11380,20307,606408,474652,78797,70527,109417,101366,20809,37,43
2021-07-21T23:59:59+02:00,2893,2637,34730,33375,49597,42575,55013,51548,67534,66320,83038,81762,58492,62585,38382,49489,11871,21230,18013,16550,32798,27813,38797,36373,56597,55831,73940,73338,54507,58254,36481,46891,11368,20274,604601,468765,78747,68351,109416,101155,20270,37,43
2021-07-20T23:59:59+02:00,2818,2574,34374,32996,49319,42346,54842,51355,67355,66165,82901,81644,58430,62532,38355,49444,11870,21215,16864,15432,31088,26415,37075,34922,55799,55188,73401,72895,54341,58065,36431,46807,11351,20236,602537,459625,78711,66612,109415,100819,19835,37,43
2021-07-19T23:59:59+02:00,2734,2504,33817,32434,49007,42038,54569,51091,67160,65952,82731,81478,58363,62451,38311,49392,11863,21200,16215,14862,30153,25739,36224,34210,55362,54769,73075,72660,54256,57980,36394,46757,11346,20215,599344,455972,78653,64449,109414,100650,19647,37,43
2021-07-18T23:59:59+02:00,2706,2486,33718,32321,48918,41982,54513,51034,67101,65902,82689,81436,58335,62425,38300,49380,11861,21193,15899,14598,29582,25360,35731,33863,55107,54607,72930,72559,54214,57942,36386,46742,11345,20211,598744,454536,78639,62915,109413,100622,19467,37,43
2021-07-17T23:59:59+02:00,2706,2486,33716,32319,48914,41981,54512,51032,67101,65901,82689,81436,58335,62424,38300,49380,11861,21193,15894,14592,29573,25345,35726,33859,55103,54606,72930,72559,54214,57942,36386,46742,11345,20211,598734,454492,78636,62911,109413,100622,19466,37,43
2021-07-16T23:59:59+02:00,2648,2421,33109,31798,48423,41635,54120,50697,66722,65582,82377,81204,58216,62312,38250,49331,11857,21186,15481,14271,29087,24978,35283,33529,54768,54355,72671,72367,54102,57855,36351,46704,11342,20207,596523,453120,78632,62782,109412,100613,17284,37,43
2021-07-15T23:59:59+02:00,2515,2289,32248,31021,47799,41066,53548,50220,66299,65240,82126,80965,58126,62217,38216,49289,11849,21167,14648,13606,27776,24154,33985,32723,54097,53959,72263,72147,54009,57762,36322,46670,11335,20192,591524,448975,78621,60427,109412,100033,16606,37,43
2021-07-14T23:59:59+02:00,2409,2203,31702,30496,47315,40634,53131,49825,65976,64963,81892,80719,58023,62122,38185,49239,11839,21154,13410,12468,25786,22709,32084,31205,53352,53376,71759,71809,53873,57637,36281,46609,11325,20177,587696,439886,78604,58503,109411,99700,16079,37,42
2021-07-13T23:59:59+02:00,2352,2133,31433,30229,47046,40410,52885,49601,65776,64777,81726,80570,57959,62047,38159,49204,11829,21142,12426,11625,24065,21403,30148,29624,52164,52211,70944,71023,53628,57361,36195,46494,11308,20150,585558,433202,78589,55586,109403,96553,15691,37,41
2021-07-12T23:59:59+02:00,2126,1926,30571,29301,46395,39877,52316,49032,65387,64388,81452,80299,57828,61922,38117,49146,11819,21121,11679,11001,22682,20426,28414,28251,51211,51355,70205,70406,53372,57083,36131,46378,11295,20119,579339,425121,78572,53040,109403,96400,15672,37,41
2021-07-11T23:59:59+02:00,2081,1888,30450,29192,46330,39806,52264,48971,65332,64334,81392,80256,57808,61903,38111,49129,11814,21116,11513,10854,22410,20243,28054,27981,51009,51210,70035,70263,53319,57002,36109,46361,11286,20112,578523,423068,78569,52998,109402,96266,15646,37,40
2021-07-10T23:59:59+02:00,2081,1886,30445,29185,46328,39801,52260,48970,65329,64333,81391,80254,57808,61901,38110,49129,11814,21116,11501,10836,22398,20230,28039,27969,51003,51206,70032,70260,53319,57002,36108,46361,11286,20112,578493,422987,78569,52996,109402,96256,15640,37,40
2021-07-09T23:59:59+02:00,2036,1848,30213,28949,46111,39622,52077,48799,65168,64222,81287,80175,57778,61872,38094,49114,11809,21114,11120,10565,21758,19794,27374,27419,50294,50640,69452,69852,53219,56914,36085,46327,11281,20101,577294,421916,78564,52682,109397,92811,14996,37,40
2021-07-08T23:59:59+02:00,1899,1721,29549,28416,45512,39118,51522,48333,64768,63914,80990,79941,57686,61783,38063,49064,11804,21100,9937,9457,19812,18162,24918,25440,49261,49843,68828,69316,52995,56701,36010,46241,11266,20075,573058,411402,78544,50253,109380,92585,14164,37,40
2021-07-07T23:59:59+02:00,1686,1525,28443,27208,44477,38159,50425,47342,64112,63278,80453,79459,57483,61554,37997,48980,11790,21062,9406,8981,18729,17330,23526,24241,48439,49197,68286,68829,52794,56462,35934,46143,11250,20036,563810,405070,78528,48643,109379,92298,13679,37,40
2021-07-06T23:59:59+02:00,1487,1367,27358,26161,43454,37242,49489,46407,63508,62716,80020,79053,57302,61373,37942,48886,11767,21034,8688,8236,17393,16327,21920,22960,47835,48746,67910,68564,52677,56347,35885,46106,11243,20020,555555,397619,78517,48216,109376,92002,13081,37,40
2021-07-05T23:59:59+02:00,1330,1244,26211,24909,42372,36243,48438,45343,62842,62140,79587,78651,57128,61183,37890,48811,11758,21012,8437,8013,16898,16015,21363,22577,47530,48522,67716,68417,52625,56274,35860,46087,11240,20015,546247,395057,78509,47903,109375,91745,12924,37,40
2021-07-04T23:59:59+02:00,1265,1180,25889,24581,42068,35984,48187,45159,62698,62005,79473,78558,57092,61144,37880,48792,11755,21009,8183,7859,16632,15822,21084,22381,47405,48424,67639,68343,52601,56249,35845,46082,11238,20014,543939,394045,78483,47242,109373,91660,12887,37,40
2021-07-03T23:59:59+02:00,1265,1179,25883,24571,42054,35977,48185,45159,62695,62004,79472,78557,57091,61144,37880,48792,11755,21009,8178,7851,16619,15812,21077,22374,47400,48423,67635,68342,52600,56249,35845,46082,11238,20014,543910,394010,78481,47241,109373,91650,12871,37,40
2021-07-02T23:59:59+02:00,1197,1122,25564,24216,41733,35696,47928,44905,62552,61859,79399,78487,57074,61122,37873,48780,11751,21004,8000,7699,16251,15545,20636,22067,46432,47645,67140,67993,52517,56157,35830,46064,11237,20011,541523,391526,78480,47238,109368,89635,12854,37,40
2021-07-01T23:59:59+02:00,1142,1072,25188,23854,41352,35346,47533,44556,62300,61623,79208,78316,57012,61060,37842,48739,11745,20994,7611,7365,15437,14766,19470,21038,44895,46160,65928,66917,52213,55854,35733,45945,11213,19984,538379,385713,78378,46414,109359,85691,12729,37,40
2021-06-30T23:59:59+02:00,1069,1008,24765,23405,40922,34972,47124,44181,62073,61421,79040,78167,56934,60983,37815,48689,11737,20974,7238,7009,14497,13962,18043,19836,41690,43432,64235,65476,51750,55357,35585,45752,11187,19935,534942,373712,78346,45722,109357,82958,12597,37,39
2021-06-29T23:59:59+02:00,977,900,24263,22870,40408,34553,46692,43766,61811,61142,78828,77988,56858,60919,37787,48646,11731,20955,6960,6704,13833,13469,16883,18917,37371,39744,62885,64224,51264,54858,35453,45574,11156,19892,530874,358431,78337,45512,109357,82749,12489,37,39
2021-06-28T23:59:59+02:00,948,867,23924,22477,39950,34172,46270,43397,61574,60887,78639,77833,56787,60851,37758,48616,11729,20940,6650,6384,13173,12969,15872,18081,33727,36699,61762,63193,50910,54464,35359,45426,11132,19854,529123,349763,76648,40824,109357,82598,12454,37,39
2021-06-27T23:59:59+02:00,934,854,23831,22385,39877,34109,46212,43338,61543,60850,78605,77804,56772,60839,37752,48609,11728,20935,6560,6309,12940,12828,15451,17844,32895,36054,61506,62994,50821,54394,35341,45403,11130,19850,528512,346864,76644,40563,109351,82442,12433,37,39
2021-06-26T23:59:59+02:00,933,854,23825,22379,39870,34106,46211,43337,61542,60849,78605,77804,56772,60839,37752,48609,11728,20935,6557,6302,12934,12815,15444,17837,32891,36053,61499,62992,50819,54388,35341,45403,11130,19849,528485,346800,76644,40562,109351,82441,12433,37,39
2021-06-25T23:59:59+02:00,910,828,23710,22266,39785,34020,46128,43266,61498,60802,78557,77783,56761,60825,37749,48606,11727,20933,6459,6189,12824,12683,15306,17676,32173,35396,61111,62670,50741,54304,35333,45382,11127,19848,527693,343795,76644,40550,109348,82425,12432,37,39
2021-06-24T23:59:59+02:00,843,770,23321,21841,39434,33711,45776,42963,61294,60607,78397,77646,56707,60770,37727,48576,11723,20924,6120,5892,12262,12219,14600,16994,28876,32680,58832,60822,50157,53709,35199,45175,11109,19800,524737,330008,76595,40288,109346,81811,12315,37,39
2021-06-23T23:59:59+02:00,738,676,22680,21179,38858,33124,45125,42259,60928,60218,78149,77396,56604,60637,37682,48524,11713,20905,5965,5701,11894,11873,14094,16466,25511,29925,57192,59301,49633,53172,35081,45001,11088,19757,519169,320593,76541,37353,109344,81378,12304,37,39
2021-06-22T23:59:59+02:00,677,612,22255,20737,38455,32708,44693,41796,60656,59933,77946,77157,56508,60529,37645,48452,11700,20883,5774,5565,11572,11612,13671,16093,21178,26400,55121,57603,49036,52571,34904,44786,11068,19713,515381,306262,76414,37299,109339,80906,12171,37,39
2021-06-21T23:59:59+02:00,641,571,22004,20501,38205,32480,44449,41521,60470,59723,77815,77018,56455,60448,37621,48412,11691,20867,5644,5455,11264,11416,13335,15833,19631,25170,54205,56837,46814,50119,34305,44068,11045,19654,513352,300955,76211,37232,109324,74609,11968,37,39
2021-06-20T23:59:59+02:00,612,551,21714,20205,37910,32205,44165,41266,60318,59554,77678,76871,56406,60406,37601,48395,11688,20860,5588,5411,11133,11329,13182,15706,19237,24847,53939,56657,45161,48137,33738,43435,11025,19634,510961,300335,76132,36482,109313,69350,11962,37,38
2021-06-19T23:59:59+02:00,610,551,21709,20193,37895,32201,44162,41262,60312,59551,77676,76868,56403,60405,37601,48394,11688,20860,5582,5402,11129,11326,13173,15700,19230,24839,53925,56645,45152,48127,33737,43435,11025,19634,510902,300252,76127,36479,109313,69338,11962,37,38
2021-06-18T23:59:59+02:00,596,537,21612,20082,37828,32147,44088,41177,60257,59506,77632,76826,56380,60384,37596,48381,11687,20859,5487,5237,10834,10790,12801,15119,18689,23822,53073,55345,44948,47964,33709,43387,11019,19622,510148,298683,76121,36478,109308,64694,11961,37,38
2021-06-17T23:59:59+02:00,510,444,20895,19363,37071,31512,43293,40423,59850,59141,77338,76573,56267,60257,37548,48313,11674,20835,5294,5024,10450,10235,12278,14346,17763,22463,51501,53403,43800,46615,33391,42991,10972,19539,504162,291374,76029,36351,109302,60533,11777,37,38
2021-06-16T23:59:59+02:00,403,366,20095,18407,36079,30579,42280,39454,59311,58660,76948,76262,56126,60105,37492,48226,11664,20812,5106,4870,9944,9915,11543,13850,16218,21166,47637,49863,42047,44613,32927,42422,10909,19413,496802,275254,75487,36153,109287,59351,11656,37,37
2021-06-15T23:59:59+02:00,293,263,19279,17550,35157,29723,41353,38570,58872,58220,76615,75939,55984,59940,37437,48157,11649,20779,4903,4745,9420,9656,10840,13381,14709,19979,43384,45788,40499,42773,32449,41802,10842,19285,489594,258127,75372,36118,109280,58684,11497,37,36
2021-06-14T23:59:59+02:00,189,173,18159,16310,33905,28448,39890,37160,58285,57657,76221,75599,55857,59799,37392,48086,11640,20764,4776,4651,9076,9447,10364,13063,13537,18973,40751,43243,39427,41628,32159,41401,10810,19200,479840,246980,74934,36092,109276,57957,11448,36,36
2021-06-13T23:59:59+02:00,148,134,17655,15905,33423,28043,39398,36777,58072,57474,76074,75497,55830,59760,37370,48064,11637,20755,4690,4602,8931,9374,10201,12995,12932,18519,40282,42849,39192,41406,32098,41316,10804,19186,476760,246018,74632,34668,109268,57342,11320,36,36
2021-06-12T23:59:59+02:00,148,134,17651,15887,33411,28034,39391,36773,58067,57471,76070,75495,55829,59758,37369,48064,11637,20755,4683,4597,8920,9369,10189,12988,12920,18506,40099,42702,39169,41391,32094,41314,10804,19185,476693,245583,74628,34668,109268,57331,11319,36,36
2021-06-11T23:59:59+02:00,146,134,17567,15828,33266,27965,39218,36719,57947,57434,76000,75471,55817,59753,37367,48062,11637,20754,4600,4404,8759,8807,9995,12268,12684,17434,39611,41406,39015,41260,32076,41280,10802,19184,476359,245091,74217,34666,109162,52488,11311,36,36
2021-06-10T23:59:59+02:00,132,114,16721,15109,31846,27049,37974,35806,57266,56975,75592,75201,55727,59661,37328,48018,11626,20736,4345,4210,8201,8313,9314,11511,11950,16373,36771,38373,38215,40460,31910,41098,10786,19154,472471,238053,71242,34534,108881,48117,10251,36,36
2021-06-09T23:59:59+02:00,110,88,15942,14402,30566,26144,36755,34919,56692,56587,75251,74974,55646,59556,37301,47974,11613,20715,4164,4057,7841,8124,8852,11293,11333,15996,31705,33525,36723,38936,31666,40830,10765,19105,467815,224191,68798,34412,108839,46536,9747,36,36
2021-06-08T23:59:59+02:00,83,70,15021,13529,29186,25051,35387,33908,56076,56183,74957,74763,55573,59484,37279,47944,11609,20705,4084,3993,7687,8009,8699,11179,11042,15792,28899,30724,35771,38008,31506,40635,10741,19072,463238,216761,65352,34355,108799,45313,9383,36,36
2021-06-07T23:59:59+02:00,75,57,14388,12940,27815,24242,34235,33128,55601,55928,74715,74660,55537,59447,37263,47934,11609,20701,3992,3920,7493,7884,8399,11047,10675,15548,24585,26360,34313,36480,31284,40368,10713,19044,460119,205026,62323,34291,108768,43731,9029,36,35
2021-06-06T23:59:59+02:00,74,54,14066,12749,27031,23823,33586,32709,55294,55765,74560,74593,55518,59425,37249,47925,11607,20700,3925,3884,7343,7839,8244,10964,10358,15347,21779,23507,33316,35411,31145,40214,10706,19029,458985,202247,60271,29100,108744,42945,8692,36,34
2021-06-05T23:59:59+02:00,74,52,14037,12723,26988,23781,33558,32690,55289,55756,74555,74588,55514,59420,37244,47923,11607,20700,3903,3869,7308,7818,8197,10947,10297,15306,20354,21958,32524,34534,31075,40132,10702,19022,458868,197286,60166,29097,108738,42845,8691,36,34
2021-06-04T23:59:59+02:00,68,48,13807,12461,26678,23466,33221,32379,55229,55675,74516,74568,55505,59415,37243,47921,11607,20699,3872,3841,7230,7739,8140,10869,10217,15184,20247,21840,32451,34480,31043,40095,10699,19019,456970,197205,60104,29085,108705,41958,8691,36,34
2021-06-03T23:59:59+02:00,50,43,13240,11972,25641,22779,32085,31628,54738,55343,74201,74375,55434,59338,37209,47891,11601,20683,3744,3749,6958,7569,7860,10697,9891,14947,18367,19984,30484,32188,30770,39765,10676,18971,452637,188652,58604,29066,108692,40596,8282,36,31
2021-06-02T23:59:59+02:00,37,31,12550,11217,24645,21877,30944,30674,54474,55080,74010,74236,55383,59260,37193,47870,11593,20676,3709,3729,6901,7514,7804,10649,9807,14856,17848,19436,28556,30019,30671,39621,10669,18960,446326,183127,58426,29065,108691,40261,8272,35,31
2021-06-01T23:59:59+02:00,23,16,11420,10329,22510,20440,28407,28781,53063,54016,73007,73457,55082,58943,37073,47700,11559,20617,3480,3556,6404,7208,7201,10229,8955,14256,15911,17631,24791,25786,29992,38744,10593,18807,436831,169204,53954,28928,108654,38421,6969,35,29
2021-05-31T23:59:59+02:00,18,12,10555,9662,20674,19269,26358,27274,51955,53167,72304,72911,54866,58685,37000,47600,11545,20581,3339,3405,6071,6963,6801,9930,8415,13900,14850,16656,23603,24420,29605,38256,10533,18713,430040,163475,49584,28892,108637,36932,6140,35,28
2021-05-30T23:59:59+02:00,16,9,10203,9314,19951,18772,25652,26694,51615,52885,72072,72715,54790,58606,36975,47573,11537,20573,3156,3213,5721,6697,6512,9687,8198,13696,14590,16385,23310,24104,29495,38149,10518,18685,427457,162651,49176,28835,108604,35929,4680,35,28
2021-05-29T23:59:59+02:00,16,9,10187,9302,19933,18745,25634,26668,51603,52881,72067,72705,54788,58601,36974,47573,11536,20573,3154,3205,5718,6693,6507,9685,8190,13688,14580,16381,23299,24096,29491,38144,10517,18684,427300,162582,49176,28833,108604,35916,4680,35,28
2021-05-28T23:59:59+02:00,16,9,10122,9206,19796,18576,25372,26439,51444,52705,71921,72575,54751,58551,36961,47553,11533,20560,3107,3129,5626,6554,6406,9486,8077,13415,14387,16105,23147,23942,29438,38081,10510,18675,425651,162197,49139,28832,108587,34357,4679,34,27
2021-05-27T23:59:59+02:00,16,9,8858,8004,17388,16758,22589,24289,50352,51891,71255,72084,54554,58334,36870,47459,11520,20532,2810,2795,4782,5932,5513,8706,7284,12430,13264,14915,22162,22910,29055,37630,10455,18588,413719,158390,48185,28568,108452,29881,2372,34,27
2021-05-26T23:59:59+02:00,15,9,8455,7587,16510,15954,21399,23278,49747,51345,70841,71700,54403,58171,36804,47384,11509,20502,2623,2622,4415,5600,5037,8199,6807,11782,12295,13937,21265,21880,28744,37187,10409,18503,408123,154549,47453,28480,108380,26633,1624,33,26
2021-05-25T23:59:59+02:00,15,9,7880,6987,15266,15069,19949,22105,49268,50946,70595,71517,54335,58089,36782,47359,11505,20493,2547,2519,4225,5470,4791,7972,6532,11473,11741,13407,19130,19730,28376,36656,10374,18454,401357,148917,47212,28467,108336,24763,1231,33,26
2021-05-24T23:59:59+02:00,15,9,7794,6886,15043,14942,19663,21926,49167,50827,70552,71478,54334,58084,36781,47358,11503,20490,2503,2457,4141,5305,4696,7727,6408,11189,11601,13167,19016,19618,28325,36609,10367,18443,400218,148767,47134,28425,108251,23146,1216,33,25
2021-05-23T23:59:59+02:00,14,9,7778,6873,15007,14926,19609,21898,49158,50825,70548,71472,54333,58082,36781,47357,11503,20490,2501,2453,4134,5300,4687,7723,6404,11176,11580,13145,18876,19423,28294,36570,10365,18441,400035,148285,47134,28423,108251,23137,1210,33,24
2021-05-22T23:59:59+02:00,14,9,7775,6865,14997,14914,19599,21891,49158,50823,70545,71472,54333,58081,36781,47357,11503,20490,2499,2446,4127,5294,4685,7723,6401,11173,11571,13142,18864,19417,28293,36570,10365,18441,399981,148249,47134,28423,108251,23113,1208,33,24
2021-05-21T23:59:59+02:00,14,8,7701,6768,14867,14780,19394,21731,48917,50589,70403,71366,54306,58055,36774,47350,11498,20484,2428,2361,4041,5153,4582,7509,6278,10876,11402,12853,18798,19353,28277,36540,10362,18439,398411,147999,47131,28423,108226,21607,1205,32,24
2021-05-20T23:59:59+02:00,14,8,7427,6474,14283,14257,18455,20859,46234,48237,69252,70394,53954,57694,36666,47210,11467,20455,2166,2198,3679,4787,4140,6958,5724,10045,10315,11757,17524,18071,27772,35941,10289,18292,387434,142763,46969,28134,107921,17755,988,28,24
2021-05-19T23:59:59+02:00,13,7,7188,6250,13620,13774,17186,19859,42254,44748,67764,69090,53499,57173,36504,46986,11431,20403,2090,1999,3515,4446,3893,6434,5279,9363,9327,10645,16050,16423,27079,35028,10163,18083,372661,135611,46399,27991,107692,15238,969,28,14
2021-05-18T23:59:59+02:00,13,5,6989,6073,13076,13344,16088,19002,37536,40729,66313,67768,52944,56634,36357,46764,11389,20346,2043,1871,3377,4256,3708,6120,4947,8882,8462,9774,14470,14689,26371,34178,10073,17911,356565,128991,46338,27428,107535,13801,904,28,14
2021-05-17T23:59:59+02:00,13,5,6854,5977,12753,13095,15593,18612,35354,38861,65475,66987,52673,56321,36278,46656,11375,20309,1974,1810,3189,4076,3489,5893,4625,8511,7685,9074,11213,10676,25460,33029,9990,17742,352838,123781,42068,21346,107456,12500,801,28,14
2021-05-16T23:59:59+02:00,13,5,6791,5893,12628,12941,15420,18443,34865,38391,65290,66819,52617,56261,36268,46631,11370,20304,1916,1713,3086,3953,3409,5791,4519,8367,7504,8888,9021,8082,24979,32348,9956,17685,351367,122644,41564,16002,107420,11991,572,27,14
2021-05-15T23:59:59+02:00,13,5,6786,5884,12622,12935,15416,18439,34860,38388,65288,66817,52617,56260,36268,46631,11370,20304,1915,1712,3083,3947,3404,5788,4514,8364,7502,8885,9019,8080,24978,32348,9956,17685,351325,122613,41564,16002,107418,11988,569,27,14
2021-05-14T23:59:59+02:00,13,5,6589,5787,12379,12873,15184,18347,33886,37599,64752,66409,52521,56173,36251,46598,11368,20299,1799,1624,2972,3877,3347,5680,4464,8217,7456,8757,9012,8075,24977,32348,9956,17684,347961,122559,41532,15998,106957,11123,558,25,13
2021-05-13T23:59:59+02:00,13,5,6339,5600,11970,12619,14617,17897,30358,34812,62276,64334,51891,55499,36114,46379,11356,20251,1756,1586,2915,3800,3315,5588,4421,8113,7374,8638,8974,8017,24957,32307,9951,17680,333974,122312,41309,15974,106527,10603,495,25,13
2021-05-12T23:59:59+02:00,13,5,6322,5576,11898,12556,14509,17790,29723,34236,61770,63882,51719,55326,36078,46334,11349,20238,1756,1583,2914,3800,3310,5588,4419,8112,7372,8632,8967,8014,24957,32305,9951,17679,330983,122290,41299,15964,106522,10602,495,25,13
2021-05-11T23:59:59+02:00,12,5,5997,5442,11456,12279,13963,17407,25461,30749,59388,61877,51059,54646,35889,46088,11328,20175,1714,1467,2811,3539,3189,5212,4280,7667,7218,8307,8883,7933,24928,32265,9948,17668,316049,122052,41246,15775,105533,8824,371,22,12
2021-05-10T23:59:59+02:00,12,5,5870,5369,11293,12164,13744,17239,21993,27990,58141,60761,50697,54295,35797,45965,11313,20144,1676,1371,2726,3309,3087,4881,4170,7177,7096,7869,8842,7873,24916,32244,9946,17664,306137,121908,41085,15626,105241,6999,307,22,12
2021-05-09T23:59:59+02:00,12,5,5793,5337,11205,12102,13644,17158,20392,26809,57676,60377,50595,54197,35771,45924,11306,20139,1659,1349,2669,3184,3036,4740,4125,7057,7037,7771,8830,7859,24909,32238,9945,17664,305571,121848,37515,15581,105040,6342,294,22,12
2021-05-08T23:59:59+02:00,12,5,5789,5334,11193,12098,13634,17149,20384,26803,57667,60371,50592,54189,35767,45921,11304,20136,1658,1349,2669,3182,3036,4740,4122,7054,7036,7770,8829,7859,24908,32236,9945,17664,305479,121833,37514,15581,105039,6342,294,22,12
2021-05-07T23:59:59+02:00,12,5,5749,5299,11128,12048,13527,17071,19928,26445,56668,59562,50462,54058,35738,45891,11301,20122,1554,1305,2589,3138,2996,4712,4088,7030,7013,7738,8822,7851,24906,32235,9945,17663,302312,121800,37498,15574,104894,5915,289,21,12
2021-05-06T23:59:59+02:00,12,5,5494,5186,10614,11739,12821,16618,18631,25457,52408,55907,49266,52678,35407,45491,11249,20019,1329,1173,2353,2965,2826,4546,3936,6831,6861,7586,8747,7773,24885,32199,9942,17656,287172,121528,37312,15435,104339,4478,160,19,12
2021-05-05T23:59:59+02:00,12,5,5234,5087,10121,11504,12066,16167,17299,24476,48038,51764,47596,50759,34970,44922,11174,19899,1283,1078,2291,2838,2743,4366,3842,6593,6753,7387,8634,7679,24824,32125,9936,17640,269991,121052,37086,15390,103951,3517,46,19,12
2021-05-04T23:59:59+02:00,12,5,5151,5002,9803,11292,11613,15777,16324,23608,46166,49733,46529,49451,34597,44434,11108,19790,1271,1059,2262,2797,2702,4280,3790,6486,6680,7311,8592,7639,24804,32109,9935,17635,259621,120833,37062,15329,103670,3160,23,19,12
2021-05-03T23:59:59+02:00,12,5,5048,4915,9454,11124,11150,15514,15261,22743,44592,48113,45648,48497,34377,44096,11080,19701,1256,1033,2230,2766,2660,4216,3742,6432,6605,7257,8023,6951,23065,29785,9797,17398,250599,115028,37053,15247,103644,2919,15,19,12
2021-05-02T23:59:59+02:00,12,5,4986,4896,9339,11088,11006,15453,14649,22254,44073,47703,45507,48331,34330,44035,11074,19690,1252,1028,2213,2763,2647,4208,3714,6419,6585,7243,7834,6708,21099,27381,9751,17310,249391,115008,35422,10252,103589,2878,10,19,12
2021-05-01T23:59:59+02:00,12,5,4986,4894,9334,11084,11003,15451,14645,22250,44071,47699,45506,48331,34330,44035,11074,19690,1251,1028,2213,2763,2647,4208,3713,6419,6583,7243,7834,6707,21099,27381,9751,17310,249361,115004,35422,10252,103588,2877,10,19,12
2021-04-30T23:59:59+02:00,12,5,4939,4872,9267,11069,10948,15426,14570,22224,42587,46285,45171,47999,34293,43983,11069,19680,1042,933,2015,2673,2547,4147,3627,6359,6520,7185,7827,6690,21098,27379,9751,17310,245372,114995,35422,10250,103576,1843,10,19,10
2021-04-29T23:59:59+02:00,12,4,4696,4790,8797,10918,10342,15255,13885,22016,37655,41970,44161,46971,34172,43865,11065,19650,862,856,1842,2594,2461,4081,3519,6288,6447,7135,7805,6671,21093,27373,9751,17310,231640,114956,35319,10147,103236,970,10,19,10
2021-04-28T23:59:59+02:00,12,4,4521,4755,8547,10833,9990,15165,13528,21862,33017,37467,42915,45717,34046,43718,11051,19632,820,826,1804,2548,2428,4005,3483,6179,6397,7044,7786,6652,21081,27360,9746,17303,218427,114871,35301,10099,103026,478,9,17,10
2021-04-27T23:59:59+02:00,11,3,4290,4540,8204,10384,9606,14583,13060,21213,31887,36340,42636,45435,34030,43690,11047,19629,792,812,1770,2524,2410,3987,3465,6160,6362,7017,7774,6643,21076,27355,9743,17297,215702,114811,35291,10068,99569,294,9,17,10
2021-04-26T23:59:59+02:00,11,3,4268,4512,8129,10347,9498,14527,12911,21154,27478,31954,41420,44212,33950,43590,11034,19619,759,801,1740,2505,2380,3966,3441,6139,6310,6971,7727,6594,21046,27325,9743,17290,203823,114609,35282,10024,99487,90,9,16,10
2021-04-25T23:59:59+02:00,11,3,4245,4499,8097,10320,9435,14495,12818,21108,25510,29912,40718,43451,33904,43532,11030,19614,747,793,1728,2491,2362,3951,3415,6118,6278,6942,7705,6574,21029,27304,9742,17286,203156,114583,30170,9783,99352,86,8,16,10
2021-04-24T23:59:59+02:00,11,3,4226,4488,8067,10291,9394,14479,12767,21086,24008,28247,39961,42612,33839,43456,11027,19608,746,792,1725,2489,2361,3948,3415,6114,6278,6939,7703,6572,21028,27304,9742,17286,198093,114563,30170,9782,99283,84,8,16,10
2021-04-23T23:59:59+02:00,10,3,3961,4336,7597,9994,8964,14123,12205,20683,23529,27947,39875,42551,33818,43422,11021,19601,732,782,1708,2476,2341,3932,3392,6092,6256,6920,7689,6554,21023,27293,9742,17285,197746,114548,30155,9584,95716,72,8,15,10
2021-04-22T23:59:59+02:00,10,3,3868,4279,7406,9877,8686,13929,11761,20356,21203,25590,37122,39309,33291,42753,10950,19482,719,773,1680,2446,2283,3875,3320,6020,6146,6824,7610,6468,20970,27249,9739,17270,184730,114427,29966,8883,95156,70,8,15,9
2021-04-21T23:59:59+02:00,10,3,3840,4247,7279,9799,8505,13758,11427,20067,19941,24387,33912,35596,32807,42050,10888,19356,695,755,1646,2418,2239,3850,3287,5987,6104,6784,7582,6441,20952,27225,9736,17266,172978,114319,29793,8570,95078,66,8,15,9
2021-04-20T23:59:59+02:00,10,3,3806,4221,7174,9730,8291,13602,11060,19769,18846,23240,30602,31947,32334,41451,10829,19247,687,745,1631,2406,2206,3828,3244,5942,6063,6741,7542,6395,20927,27201,9730,17263,161348,114161,29771,8314,95020,64,8,15,9
2021-04-19T23:59:59+02:00,10,3,3787,4204,7100,9692,8173,13493,10805,19583,18181,22576,29729,30818,32042,41085,10787,19172,679,740,1609,2392,2182,3798,3209,5909,6029,6710,7497,6362,20896,27173,9728,17259,156509,114028,29754,8070,94954,62,8,15,9
2021-04-18T23:59:59+02:00,10,3,3784,4198,7084,9678,8158,13474,10770,19558,18093,22494,29607,30693,32014,41063,10784,19164,677,736,1594,2380,2165,3783,3184,5883,6000,6687,7475,6349,20877,27151,9725,17256,156017,113969,29686,7880,94904,61,8,14,9
2021-04-17T23:59:59+02:00,10,3,3783,4196,7082,9676,8155,13474,10764,19551,18080,22483,29585,30680,32012,41061,10784,19164,676,736,1593,2379,2164,3782,3181,5882,5998,6685,7475,6349,20877,27151,9725,17256,155938,113956,29685,7880,94898,61,8,14,9
2021-04-16T23:59:59+02:00,10,3,3616,4158,6737,9547,7788,13287,10366,19305,17629,22208,29384,30521,31930,40972,10769,19145,664,718,1581,2364,2137,3767,3127,5845,5955,6635,7382,6260,20465,26586,9695,17195,155188,112632,29677,7674,92488,58,8,14,9
2021-04-15T23:59:59+02:00,10,3,3515,4079,6385,9175,7211,12787,9590,18469,16303,20977,28187,29228,31410,40330,10689,18970,634,695,1529,2326,2055,3680,3019,5725,5627,6397,6886,5875,19734,25677,9599,17027,149443,109285,29384,7135,88469,53,8,14,9
2021-04-14T23:59:59+02:00,9,3,3460,4029,6149,8937,6881,12410,8968,17918,15185,19946,26777,27722,30778,39454,10581,18775,600,669,1483,2288,1981,3602,2877,5602,5316,6161,6343,5362,18721,24391,9514,16854,142637,105025,29185,6680,86139,47,8,13,9
2021-04-13T23:59:59+02:00,9,3,3428,3998,6057,8860,6732,12281,8666,17671,14383,19254,23424,24166,29846,38273,10477,18603,595,660,1470,2266,1953,3569,2781,5531,5100,5978,5982,5023,18423,24047,9475,16788,131006,102934,29174,6650,85930,46,8,13,8
2021-04-12T23:59:59+02:00,9,3,3406,3977,6007,8803,6644,12197,8448,17476,13766,18725,22422,23014,29422,37715,10408,18481,585,652,1460,2258,1930,3548,2725,5480,4952,5873,5665,4742,18130,23745,9437,16728,125926,101349,29155,6504,85821,46,8,13,8
2021-04-11T23:59:59+02:00,9,3,3400,3971,5989,8779,6616,12180,8408,17453,13677,18664,22292,22865,29371,37650,10399,18456,582,647,1447,2248,1917,3540,2708,5464,4914,5836,5606,4684,17957,23511,9416,16699,125384,100687,29088,6432,85689,46,8,13,8
2021-04-10T23:59:59+02:00,9,3,3392,3970,5966,8778,6594,12179,8387,17452,13652,18662,22287,22862,29367,37649,10399,18456,581,645,1441,2242,1912,3537,2702,5456,4898,5826,5594,4667,17796,23258,9402,16675,125362,100177,28997,6399,85685,46,7,13,8
2021-04-09T23:59:59+02:00,8,3,3354,3958,5918,8766,6536,12163,8348,17425,13601,18616,20334,20454,28886,37034,10369,18407,568,632,1415,2220,1885,3514,2660,5420,4827,5764,5479,4563,17219,22526,9364,16604,124673,98411,23885,6201,85604,38,7,11,8
2021-04-08T23:59:59+02:00,8,3,3330,3939,5848,8734,6461,12124,8258,17361,13457,18498,17743,17392,28362,36370,10332,18357,526,602,1327,2138,1791,3417,2480,5235,4331,5399,4676,3956,15443,20302,9179,16303,123807,91439,18026,5630,84727,27,6,11,8
2021-04-07T23:59:59+02:00,6,3,3252,3911,5638,8684,6254,12064,8049,17286,13195,18403,15081,14326,27685,35573,10302,18304,503,574,1274,2083,1697,3337,2328,5095,3919,5067,3960,3392,14591,19439,9067,16122,123600,87134,16491,5283,77909,23,5,11,8
2021-04-06T23:59:59+02:00,5,3,3224,3901,5592,8666,6184,12041,7962,17249,13121,18332,13098,11963,27053,34860,10289,18274,472,552,1205,2028,1612,3256,2166,4976,3546,4790,3434,2983,13750,18440,8993,16006,123471,83500,16289,4683,72041,19,5,11,7
2021-04-05T23:59:59+02:00,5,3,3222,3898,5556,8653,6147,12029,7917,17233,13049,18296,13052,11917,27042,34844,10288,18271,440,522,1153,1991,1560,3215,2098,4922,3458,4714,3377,2931,13607,18270,8984,15988,123448,83009,16081,4196,71878,19,4,11,7
2021-04-04T23:59:59+02:00,5,3,3221,3896,5556,8651,6145,12028,7916,17230,13049,18296,13049,11917,27041,34844,10288,18271,439,521,1152,1991,1560,3215,2097,4922,3458,4714,3377,2931,13606,18270,8984,15988,123437,83004,16081,4196,71873,19,4,11,7
2021-04-03T23:59:59+02:00,5,3,3220,3896,5556,8650,6145,12028,7916,17230,13049,18296,13049,11916,27040,34841,10288,18271,439,520,1152,1991,1559,3215,2097,4921,3452,4711,3371,2920,13519,18134,8975,15972,123432,82727,16081,4196,71871,19,4,11,7
2021-04-02T23:59:59+02:00,5,3,3220,3893,5553,8645,6141,12019,7907,17218,13024,18265,13002,11864,27012,34823,10285,18267,436,513,1150,1987,1547,3206,2087,4899,3422,4678,3340,2891,12590,16889,8910,15864,123266,80271,16078,4115,71787,19,4,11,5
2021-04-01T23:59:59+02:00,5,3,3205,3879,5514,8625,6074,11986,7836,17183,12910,18194,12886,11738,26953,34747,10276,18252,389,470,1053,1920,1448,3119,1938,4787,3224,4545,3110,2692,10571,14304,8800,15689,122948,74710,15955,3327,71349,19,3,11,5
2021-03-31T23:59:59+02:00,5,3,3204,3866,5497,8591,6041,11950,7794,17138,12830,18125,12773,11613,26902,34687,10268,18243,351,448,1017,1878,1377,3079,1834,4684,2968,4351,2699,2376,8004,11077,8625,15451,122640,67210,15916,2987,70960,18,3,11,5
2021-03-30T23:59:59+02:00,5,3,3196,3856,5472,8563,6009,11919,7755,17098,12753,18059,12687,11475,26865,34640,10263,18233,330,429,994,1846,1317,3044,1710,4604,2721,4179,2327,2128,7118,9991,8559,15325,122510,63890,15885,2712,70443,17,2,11,5
2021-03-29T23:59:59+02:00,5,3,3184,3852,5443,8544,5974,11886,7711,17065,12679,17981,12043,10718,25000,32146,10115,17977,324,427,987,1831,1296,3019,1675,4564,2575,4093,2041,1979,6468,9281,8515,15247,116521,61595,15715,2709,70077,15,2,11,5
2021-03-28T23:59:59+02:00,5,3,3154,3836,5396,8506,5925,11844,7630,17010,12569,17912,11779,10415,23014,29683,10060,17878,323,425,984,1830,1288,3015,1671,4562,2563,4085,2016,1959,6446,9268,8513,15242,116461,61467,10534,2707,69611,15,2,11,3
2021-03-27T23:59:59+01:00,5,3,3142,3832,5357,8495,5889,11829,7583,16995,12523,17865,11745,10372,23010,29675,10060,17878,323,425,984,1830,1288,3015,1670,4560,2561,4083,2014,1957,6397,9193,8480,15193,116393,61250,10533,2707,69319,15,2,11,3
2021-03-26T23:59:59+01:00,5,3,3006,3507,4908,7337,5393,10509,6971,14948,11714,15591,11526,10191,22527,28949,10015,17807,322,421,980,1827,1283,3011,1667,4558,2556,4076,2006,1951,6267,9006,8337,15008,114847,60575,10279,2695,59768,5,2,11,3
2021-03-25T23:59:59+01:00,5,3,2880,3238,4748,6570,5167,9358,6647,13228,10990,13790,10669,9386,21813,28111,9942,17652,317,412,974,1817,1268,2992,1647,4523,2519,4027,1940,1892,5977,8578,8064,14561,111947,58812,9592,2691,52645,4,2,11,3
2021-03-24T23:59:59+01:00,5,3,2832,3194,4672,6509,5033,9252,6441,13058,10479,13385,9837,8565,20804,26856,9846,17471,315,407,966,1811,1251,2981,1632,4499,2472,3970,1871,1816,5614,8106,7653,13895,107946,56579,9245,2677,51041,4,0,10,3
2021-03-23T23:59:59+01:00,5,3,2803,3161,4604,6443,4922,9158,6230,12897,10023,12963,9127,7898,20294,26253,9794,17366,303,394,948,1802,1236,2961,1604,4477,2417,3921,1791,1751,5337,7728,7265,13280,105573,54537,8913,2676,49449,3,0,9,3
2021-03-22T23:59:59+01:00,5,3,2787,3123,4544,6405,4846,9090,6091,12760,9662,12689,8523,7333,19878,25816,9734,17272,301,390,936,1796,1221,2946,1591,4463,2390,3895,1765,1730,5200,7553,6823,12468,104097,52794,8654,2671,47801,3,0,9,2
2021-03-21T23:59:59+01:00,5,3,2780,3108,4499,6383,4795,9054,5999,12692,9474,12501,8219,7075,19710,25649,9722,17247,301,390,935,1796,1219,2946,1590,4462,2387,3895,1758,1724,5191,7548,6793,12411,103897,52689,8424,2654,46585,3,0,9,2
2021-03-20T23:59:59+01:00,5,3,2780,3103,4491,6378,4789,9051,5995,12684,9454,12487,8186,7044,19536,25372,9706,17221,301,390,935,1795,1218,2946,1589,4461,2383,3887,1746,1711,5178,7499,6617,12175,103340,52198,8412,2630,46524,3,0,9,2
2021-03-19T23:59:59+01:00,5,3,2745,3080,4417,6335,4680,9001,5855,12627,9188,12299,7881,6819,19052,24781,9674,17162,301,390,934,1794,1218,2943,1586,4460,2377,3882,1730,1702,5142,7456,6215,11559,102040,51076,8170,2610,45385,3,0,9,2
2021-03-18T23:59:59+01:00,5,3,2679,3007,4254,6199,4431,8795,5497,12318,8282,11629,6618,5807,17802,23423,9526,16937,298,386,929,1784,1204,2930,1547,4445,2310,3836,1652,1660,5070,7350,5486,10451,97153,48769,7628,2568,42422,2,0,9,1
2021-03-17T23:59:59+01:00,5,3,2641,2968,4174,6101,4294,8687,5242,12043,7606,11060,5632,4912,16456,21892,9361,16683,294,385,925,1775,1200,2922,1530,4423,2243,3810,1586,1615,5025,7286,4914,9573,91749,46992,7125,2513,40877,2,0,9,1
2021-03-16T23:59:59+01:00,5,3,2621,2940,4111,6034,4202,8591,5066,11887,7156,10671,4871,4294,15605,20915,9259,16514,290,383,922,1770,1197,2915,1522,4413,2221,3791,1556,1598,4988,7243,4412,8768,88120,45554,7089,2434,39527,2,0,9,1
2021-03-15T23:59:59+01:00,5,3,2618,2929,4095,6016,4171,8565,5016,11840,7039,10557,4726,4134,15287,20505,9230,16455,288,379,921,1764,1190,2908,1508,4404,2199,3768,1515,1581,4928,7169,3835,7909,87354,43971,6993,2295,38835,1,0,9,1
2021-03-14T23:59:59+01:00,5,2,2613,2920,4074,5997,4141,8546,4973,11807,6946,10468,4622,4023,15156,20335,9214,16419,286,378,921,1762,1184,2901,1503,4393,2188,3761,1505,1574,4920,7161,3830,7896,87050,43910,6975,2253,38228,1,0,8,1
2021-03-13T23:59:59+01:00,5,2,2609,2912,4070,5985,4133,8540,4965,11798,6926,10454,4600,3997,14840,19898,9194,16383,286,378,921,1762,1184,2901,1503,4393,2188,3761,1505,1574,4920,7160,3830,7896,86166,43909,6952,2253,38185,1,0,8,1
2021-03-12T23:59:59+01:00,5,2,2546,2836,3959,5815,4014,8319,4827,11499,6748,10184,4447,3859,13918,18642,9133,16281,286,377,919,1759,1184,2898,1501,4388,2187,3754,1497,1572,4912,7141,3828,7881,83705,43832,6890,2252,36433,1,0,6,1
2021-03-11T23:59:59+01:00,4,2,2421,2610,3734,5485,3758,7881,4502,10734,6120,9370,3927,3358,12323,16655,9035,16134,286,376,915,1755,1181,2884,1492,4376,2175,3727,1455,1543,4871,7106,3816,7854,79394,43683,6728,2129,31926,1,0,5,1
2021-03-10T23:59:59+01:00,4,2,2298,2477,3581,5252,3564,7558,4236,10247,5566,8802,3356,2914,10056,13939,8890,15907,283,372,911,1746,1174,2873,1487,4360,2151,3711,1426,1535,4840,7091,3807,7846,73099,43614,6557,2000,28988,0,0,5,1
2021-03-09T23:59:59+01:00,4,2,2271,2424,3515,5166,3450,7469,4065,10052,5173,8451,2879,2556,8547,11926,8788,15758,282,371,911,1740,1167,2864,1483,4352,2143,3700,1412,1530,4832,7086,3804,7844,68243,43573,6407,1949,27841,0,0,5,1
2021-03-08T23:59:59+01:00,4,2,2247,2353,3457,5100,3376,7384,3941,9940,4881,8261,2432,2295,6628,9528,8669,15584,282,368,910,1730,1161,2848,1477,4341,2139,3693,1401,1523,4815,7064,3797,7835,62563,43462,6072,1923,27442,0,0,5,1
2021-03-07T23:59:59+01:00,4,2,2184,2297,3360,4992,3280,7295,3844,9853,4746,8166,2381,2244,6606,9507,8669,15576,282,367,909,1730,1161,2848,1476,4341,2139,3693,1401,1523,4815,7064,3797,7835,62435,43460,5391,1923,27175,0,0,5,0
2021-03-06T23:59:59+01:00,4,2,2176,2284,3348,4983,3276,7290,3835,9844,4735,8163,2379,2242,6560,9437,8637,15527,282,367,908,1726,1160,2847,1476,4338,2135,3688,1400,1518,4809,7059,3795,7826,62226,43413,5331,1923,27160,0,0,5,0
2021-03-05T23:59:59+01:00,4,2,2046,2200,3124,4794,3038,6979,3558,9448,4407,7826,2292,2181,6353,9120,8446,15266,282,365,906,1723,1160,2846,1475,4332,2132,3682,1394,1516,4803,7052,3794,7820,61250,43361,4493,1923,25336,0,0,5,0
2021-03-04T23:59:59+01:00,4,2,1792,1980,2714,4360,2581,6340,2992,8544,3722,7012,2077,2021,6062,8754,8172,14812,279,364,905,1715,1158,2829,1474,4316,2123,3670,1383,1514,4791,7038,3787,7809,59612,43237,3220,1920,21104,0,0,5,0
2021-03-03T23:59:59+01:00,4,2,1720,1893,2607,4178,2448,6113,2853,8259,3538,6749,1995,1944,5724,8281,7819,14233,278,360,905,1705,1156,2806,1470,4292,2118,3655,1359,1503,4786,7032,3783,7802,57612,43092,3077,1920,19666,0,0,5,0
2021-03-02T23:59:59+01:00,4,2,1683,1812,2539,4060,2367,5963,2748,8078,3423,6598,1923,1877,5416,7844,7420,13565,276,355,902,1686,1153,2785,1467,4273,2117,3644,1334,1497,4776,7016,3777,7795,55528,42935,2835,1920,18954,0,0,5,0
2021-03-01T23:59:59+01:00,2,2,1674,1785,2500,3952,2319,5848,2711,7976,3370,6520,1883,1857,5277,7679,6949,12701,276,353,898,1680,1151,2773,1465,4260,2115,3629,1329,1492,4773,7014,3776,7789,53672,42855,2823,1920,18505,0,0,5,0
2021-02-28T23:59:59+01:00,2,2,1657,1748,2465,3881,2289,5793,2668,7896,3343,6473,1877,1853,5269,7674,6914,12642,276,353,897,1680,1151,2773,1465,4259,2115,3628,1329,1492,4773,7013,3776,7789,53550,42852,2821,1919,18070,0,0,5,0
2021-02-27T23:59:59+01:00,2,2,1655,1742,2461,3873,2285,5793,2667,7895,3341,6470,1871,1843,5260,7630,6744,12423,276,353,887,1675,1141,2766,1455,4250,2098,3619,1328,1489,4773,7012,3776,7789,53088,42848,2821,1841,18043,0,0,5,0
2021-02-26T23:59:59+01:00,2,1,1465,1586,2336,3630,2207,5388,2575,7391,3254,6012,1856,1818,5235,7597,6485,12034,275,351,880,1668,1133,2746,1449,4229,2088,3606,1321,1480,4765,7000,3772,7776,52345,42769,2800,1772,15722,0,0,5,0
2021-02-25T23:59:59+01:00,2,1,1248,1309,2116,3195,2033,4631,2378,6445,3013,5113,1767,1746,5184,7518,5917,11194,273,343,874,1608,1099,2651,1416,4118,2032,3532,1284,1459,4725,6959,3754,7725,50478,42308,2786,1546,11542,0,0,4,0
2021-02-24T23:59:59+01:00,2,1,1195,1099,2009,2926,1928,4292,2246,6039,2843,4844,1692,1691,5126,7427,5162,10017,271,337,836,1561,1049,2560,1355,4002,1942,3403,1244,1432,4710,6933,3744,7708,48150,42051,2775,1038,9610,0,0,4,0
2021-02-23T23:59:59+01:00,2,1,1180,1049,1975,2862,1902,4194,2220,5954,2810,4783,1684,1676,5091,7378,4532,8996,271,336,809,1533,1002,2508,1302,3924,1836,3328,1192,1407,4687,6908,3733,7674,46380,41854,2749,598,9156,0,0,4,0
2021-02-22T23:59:59+01:00,2,1,1172,1007,1924,2719,1858,4048,2165,5758,2756,4677,1672,1665,5057,7330,3929,8112,269,326,766,1494,948,2425,1214,3818,1696,3233,1103,1350,4646,6838,3708,7571,44773,41399,2729,8,8347,0,0,3,0
2021-02-21T23:59:59+01:00,2,1,1170,993,1893,2657,1832,3951,2138,5654,2736,4614,1664,1659,5054,7321,3929,8108,267,324,762,1488,940,2393,1212,3782,1683,3193,1094,1335,4630,6813,3686,7530,44720,41126,2718,8,7935,0,0,3,0
2021-02-20T23:59:59+01:00,2,1,1170,993,1893,2656,1831,3951,2138,5654,2734,4609,1655,1650,5050,7315,3927,8105,267,324,762,1487,939,2389,1211,3778,1682,3191,1094,1335,4577,6752,3640,7471,44705,40894,2693,7,7933,0,0,3,0
2021-02-19T23:59:59+01:00,2,1,1170,990,1890,2651,1830,3942,2137,5645,2731,4606,1636,1642,5037,7298,3924,8099,266,323,758,1478,931,2365,1204,3736,1655,3138,1067,1297,4387,6499,3463,7180,44625,39742,2674,7,7929,0,0,3,0
2021-02-18T23:59:59+01:00,2,1,1138,907,1851,2532,1791,3804,2084,5439,2670,4432,1620,1626,5021,7264,3919,8073,238,294,713,1354,882,2160,1118,3401,1539,2843,958,1110,3904,5727,3071,6331,44471,35638,2641,7,7059,0,0,3,0
2021-02-17T23:59:59+01:00,2,1,1089,778,1770,2299,1714,3505,1975,5079,2595,4183,1597,1617,5000,7250,3911,8069,233,291,703,1336,873,2138,1106,3366,1520,2822,951,1107,3524,5205,2779,5910,44430,33859,2585,7,5416,0,0,3,0
2021-02-16T23:59:59+01:00,2,1,1048,742,1712,2195,1646,3334,1904,4873,2517,4077,1562,1603,4973,7229,3902,8057,227,285,689,1302,852,2084,1075,3249,1481,2737,928,1084,3173,4660,2440,5421,44377,31684,2423,5,4574,0,0,3,0
2021-02-15T23:59:59+01:00,2,1,1041,723,1693,2119,1627,3234,1885,4764,2503,3999,1534,1589,4944,7212,3870,8001,215,275,674,1267,833,2034,1055,3183,1439,2672,897,1053,2755,4111,2114,4860,44248,29435,2340,4,4150,0,0,3,0
2021-02-14T23:59:59+01:00,2,1,945,689,1615,2085,1566,3215,1841,4742,2468,3986,1527,1586,4935,7200,3867,7996,208,263,665,1249,814,1994,1039,3117,1409,2604,867,1008,2666,3971,2042,4677,44206,28592,2304,3,3755,0,0,1,0
2021-02-13T23:59:59+01:00,2,1,892,665,1585,2062,1551,3207,1825,4735,2460,3985,1526,1585,4935,7200,3866,7995,206,262,663,1249,814,1990,1039,3115,1408,2602,866,1008,2564,3846,1978,4577,44200,28186,2304,3,3572,0,0,1,0
2021-02-12T23:59:59+01:00,2,1,558,517,1235,1946,1379,3104,1685,4653,2353,3915,1507,1576,4926,7189,3860,7989,194,256,650,1223,800,1946,1013,3030,1352,2503,804,934,2341,3535,1836,4275,44087,26692,2304,2,2003,0,0,1,0
2021-02-11T23:59:59+01:00,2,1,392,440,1045,1833,1277,2985,1586,4539,2265,3826,1400,1532,4864,7140,3839,7942,156,192,550,979,664,1500,813,2359,1074,1913,567,685,1743,2662,1355,3088,43735,20301,2106,1,1066,0,0,1,0
2021-02-10T23:59:59+01:00,2,1,279,368,919,1728,1177,2862,1491,4354,2152,3703,1363,1519,4845,7129,3834,7940,134,130,379,618,492,1011,643,1747,906,1579,546,670,1337,2101,1040,2593,43659,15928,2002,0,4,0,0,1,0
2021-02-09T23:59:59+01:00,2,1,279,367,918,1722,1174,2853,1491,4348,2151,3698,1356,1516,4843,7127,3833,7938,131,128,370,588,473,984,622,1718,881,1548,544,667,957,1636,763,2189,43634,14201,1979,0,3,0,0,1,0
2021-02-08T23:59:59+01:00,2,1,279,365,917,1720,1171,2843,1484,4343,2149,3694,1351,1512,4841,7127,3832,7935,126,122,359,577,465,967,611,1685,863,1522,536,662,566,1149,460,1764,43606,12436,1956,0,3,0,0,1,0
2021-02-07T23:59:59+01:00,2,1,279,365,915,1720,1170,2843,1482,4341,2149,3694,1351,1512,4841,7126,3832,7935,122,119,355,571,464,960,608,1673,853,1506,528,658,565,1139,455,1749,43602,12327,1955,0,0,0,0,1,0
2021-02-06T23:59:59+01:00,2,1,279,365,915,1720,1170,2843,1482,4341,2149,3694,1351,1512,4841,7126,3832,7935,119,116,353,567,463,959,608,1671,853,1505,527,657,565,1139,455,1749,43602,12308,1955,0,0,0,0,1,0
2021-02-05T23:59:59+01:00,2,1,279,364,914,1720,1170,2842,1480,4340,2148,3694,1351,1512,4840,7124,3832,7932,118,108,350,563,455,946,604,1661,839,1482,522,647,559,1123,445,1727,43589,12151,1955,0,0,0,0,1,0
2021-02-04T23:59:59+01:00,2,1,276,359,907,1682,1163,2796,1479,4288,2135,3651,1343,1505,4812,7093,3821,7902,89,71,233,390,331,687,475,1271,628,1113,392,514,469,915,388,1485,43260,9452,1954,0,0,0,0,1,0
2021-02-03T23:59:59+01:00,2,1,274,350,902,1657,1159,2761,1468,4238,2126,3615,1335,1489,4790,7064,3809,7876,55,33,81,166,152,341,232,597,303,543,211,278,273,576,226,944,42961,5012,1954,0,0,0,0,1,0
2021-02-02T23:59:59+01:00,2,1,273,348,901,1645,1155,2742,1465,4206,2119,3589,1327,1483,4783,7051,3802,7854,16,10,26,49,60,97,73,164,97,122,45,74,67,127,50,193,42791,1271,1954,0,0,0,0,1,0
2021-02-01T23:59:59+01:00,2,1,273,343,901,1643,1154,2741,1464,4202,2118,3583,1326,1482,4781,7050,3802,7854,14,9,22,43,51,88,60,136,74,103,39,65,57,117,49,180,42765,1108,1954,0,0,0,0,1,0
2021-01-31T23:59:59+01:00,2,1,273,342,901,1639,1153,2737,1464,4197,2118,3580,1325,1482,4781,7049,3802,7854,13,8,21,38,44,80,54,125,64,97,34,54,47,108,46,174,42745,1008,1954,0,0,0,0,1,0
2021-01-30T23:59:59+01:00,2,1,273,342,896,1636,1145,2729,1456,4191,2114,3577,1325,1482,4728,6989,3756,7795,13,8,21,37,44,80,53,124,64,97,34,54,47,108,46,174,42516,1005,1920,0,0,0,0,1,0
2021-01-29T23:59:59+01:00,2,1,272,341,881,1628,1133,2708,1444,4161,2091,3550,1316,1476,4565,6786,3592,7591,11,8,21,37,41,80,52,122,61,96,32,49,46,108,46,174,41729,985,1808,0,0,0,0,1,0
2021-01-28T23:59:59+01:00,2,1,268,328,862,1541,1093,2598,1407,4061,2021,3475,1289,1464,4231,6316,3329,7238,7,4,10,17,22,39,21,56,36,63,20,31,31,70,36,117,39960,581,1563,0,0,0,0,1,0
2021-01-27T23:59:59+01:00,2,1,262,325,820,1486,1046,2504,1343,3964,1947,3368,1250,1437,3820,5750,3012,6779,3,4,10,8,12,21,8,22,14,29,11,13,15,39,14,56,38005,280,1110,0,0,0,0,1,0
2021-01-26T23:59:59+01:00,2,1,256,316,786,1440,981,2419,1282,3837,1830,3261,1192,1386,3476,5196,2664,6269,1,1,6,3,5,7,4,2,3,8,6,5,3,7,3,8,35931,73,662,0,0,0,0,1,0
2021-01-25T23:59:59+01:00,2,1,246,307,734,1379,920,2300,1181,3692,1670,3142,1113,1356,3083,4685,2355,5803,1,1,6,2,3,7,2,2,3,8,6,5,3,7,3,8,33909,68,60,0,0,0,0,0,0
2021-01-24T23:59:59+01:00,2,1,243,307,728,1375,909,2284,1176,3676,1643,3112,1107,1354,3057,4649,2338,5781,1,1,4,2,3,7,2,2,3,8,6,5,3,7,3,8,33735,66,7,0,0,0,0,0,0
2021-01-23T23:59:59+01:00,2,1,242,306,727,1375,909,2280,1175,3674,1640,3110,1106,1354,2952,4523,2272,5680,1,1,4,2,2,7,2,2,3,8,6,5,3,7,3,8,33322,65,6,0,0,0,0,0,0
2021-01-22T23:59:59+01:00,2,1,241,303,725,1359,907,2267,1169,3660,1636,3106,1104,1353,2793,4329,2170,5538,1,1,4,2,2,7,2,2,3,8,6,5,3,7,3,8,32657,65,6,0,0,0,0,0,0
2021-01-21T23:59:59+01:00,2,1,237,274,662,1203,839,2055,1088,3375,1539,2900,1061,1311,2450,3863,1881,5103,1,0,4,1,2,7,2,2,3,8,6,4,3,7,3,8,29838,62,6,0,0,0,0,0,0
2021-01-20T23:59:59+01:00,2,1,213,210,502,851,664,1565,888,2674,1302,2432,966,1177,1921,3117,1472,4339,1,0,4,1,2,7,2,2,3,6,5,4,3,7,3,8,24290,59,6,0,0,0,0,0,0
2021-01-19T23:59:59+01:00,2,1,186,191,455,744,610,1409,801,2374,1128,2125,799,920,1278,2192,1015,3275,0,0,3,1,0,0,0,0,2,1,1,0,0,0,0,0,19502,8,3,0,0,0,0,0,0
2021-01-18T23:59:59+01:00,1,1,138,136,378,619,487,1055,647,1829,937,1635,592,711,636,1272,513,1969,0,0,1,0,0,0,0,0,1,0,0,0,0,0,0,0,13554,2,2,0,0,0,0,0,0
2021-01-17T23:59:59+01:00,1,1,127,122,364,582,472,990,618,1712,878,1536,543,671,589,1175,471,1826,0,0,0,0,0,0,0,0,0,0,0,0,0,0,0,0,12678,0,0,0,0,0,0,0,0
2021-01-16T23:59:59+01:00,1,1,120,118,361,578,470,979,612,1699,872,1529,542,670,588,1170,467,1814,0,0,0,0,0,0,0,0,0,0,0,0,0,0,0,0,12591,0,0,0,0,0,0,0,0
2021-01-15T23:59:59+01:00,1,1,118,111,358,573,462,963,608,1688,857,1505,536,658,581,1154,459,1792,0,0,0,0,0,0,0,0,0,0,0,0,0,0,0,0,12425,0,0,0,0,0,0,0,0
2021-01-14T23:59:59+01:00,1,1,97,89,275,464,391,784,505,1417,700,1215,418,529,501,960,403,1607,0,0,0,0,0,0,0,0,0,0,0,0,0,0,0,0,10357,0,0,0,0,0,0,0,0
2021-01-13T23:59:59+01:00,1,1,67,49,163,282,255,519,353,924,478,781,258,324,311,635,258,1030,0,0,0,0,0,0,0,0,0,0,0,0,0,0,0,0,6689,0,0,0,0,0,0,0,0
2021-01-12T23:59:59+01:00,1,1,31,21,49,101,113,212,151,383,200,334,135,175,162,352,146,566,0,0,0,0,0,0,0,0,0,0,0,0,0,0,0,0,3133,0,0,0,0,0,0,0,0
2021-01-11T23:59:59+01:00,1,0,18,11,33,64,60,110,77,168,92,125,39,65,60,122,50,181,0,0,0,0,0,0,0,0,0,0,0,0,0,0,0,0,1276,0,0,0,0,0,0,0,0
2021-01-10T23:59:59+01:00,1,0,15,7,27,53,53,98,67,153,76,111,33,55,50,112,46,172,0,0,0,0,0,0,0,0,0,0,0,0,0,0,0,0,1129,0,0,0,0,0,0,0,0
2021-01-09T23:59:59+01:00,1,0,14,7,26,51,52,97,64,152,76,109,33,55,50,112,46,172,0,0,0,0,0,0,0,0,0,0,0,0,0,0,0,0,1117,0,0,0,0,0,0,0,0
2021-01-08T23:59:59+01:00,1,0,11,7,24,48,47,92,60,139,70,105,31,50,49,112,46,172,0,0,0,0,0,0,0,0,0,0,0,0,0,0,0,0,1064,0,0,0,0,0,0,0,0
2021-01-07T23:59:59+01:00,1,0,7,4,9,18,21,40,23,56,38,65,19,33,36,75,36,116,0,0,0,0,0,0,0,0,0,0,0,0,0,0,0,0,597,0,0,0,0,0,0,0,0
2021-01-06T23:59:59+01:00,1,0,7,4,9,15,14,30,15,39,25,53,15,25,30,67,34,101,0,0,0,0,0,0,0,0,0,0,0,0,0,0,0,0,484,0,0,0,0,0,0,0,0
2021-01-05T23:59:59+01:00,1,0,7,4,9,15,14,30,15,39,25,53,15,25,29,67,34,101,0,0,0,0,0,0,0,0,0,0,0,0,0,0,0,0,483,0,0,0,0,0,0,0,0
2021-01-04T23:59:59+01:00,1,0,2,4,8,5,4,14,4,7,6,16,6,5,6,16,4,13,0,0,0,0,0,0,0,0,0,0,0,0,0,0,0,0,121,0,0,0,0,0,0,0,0
2021-01-03T23:59:59+01:00,1,0,1,1,3,2,2,7,3,3,3,9,4,4,3,8,3,8,0,0,0,0,0,0,0,0,0,0,0,0,0,0,0,0,65,0,0,0,0,0,0,0,0
2021-01-02T23:59:59+01:00,1,0,1,1,3,2,2,7,3,3,3,9,4,4,3,8,3,8,0,0,0,0,0,0,0,0,0,0,0,0,0,0,0,0,65,0,0,0,0,0,0,0,0
2021-01-01T23:59:59+01:00,1,0,1,1,3,2,2,7,2,3,3,9,4,4,3,8,3,8,0,0,0,0,0,0,0,0,0,0,0,0,0,0,0,0,64,0,0,0,0,0,0,0,0
2020-12-31T23:59:59+01:00,1,0,1,1,3,1,2,7,2,2,3,8,4,4,3,8,3,8,0,0,0,0,0,0,0,0,0,0,0,0,0,0,0,0,61,0,0,0,0,0,0,0,0
2020-12-30T23:59:59+01:00,1,0,1,1,3,1,2,7,2,2,3,6,4,4,3,8,3,8,0,0,0,0,0,0,0,0,0,0,0,0,0,0,0,0,59,0,0,0,0,0,0,0,0
2020-12-29T23:59:59+01:00,1,0,1,1,2,1,2,6,2,2,3,6,2,2,2,8,2,7,0,0,0,0,0,0,0,0,0,0,0,0,0,0,0,0,50,0,0,0,0,0,0,0,0
2020-12-28T23:59:59+01:00,1,0,0,0,2,1,0,2,1,0,1,3,0,1,0,1,1,4,0,0,0,0,0,0,0,0,0,0,0,0,0,0,0,0,18,0,0,0,0,0,0,0,0
2020-12-27T23:59:59+01:00,0,0,0,0,0,0,0,1,1,0,1,2,0,1,0,1,1,4,0,0,0,0,0,0,0,0,0,0,0,0,0,0,0,0,12,0,0,0,0,0,0,0,0
