Datum,<24_1_m,<24_1_w,25-34_1_m,25-34_1_w,35-44_1_m,35-44_1_w,45-54_1_m,45-54_1_w,55-64_1_m,55-64_1_w,65-74_1_m,65-74_1_w,75-84_1_m,75-84_1_w,>84_1_m,>84_1_w,<24_2_m,<24_2_w,25-34_2_m,25-34_2_w,35-44_2_m,35-44_2_w,45-54_2_m,45-54_2_w,55-64_2_m,55-64_2_w,65-74_2_m,65-74_2_w,75-84_2_m,75-84_2_w,>84_2_m,>84_2_w,bp_1,bp_2,mo_1,mo_2,az_1,az_2,ja
2021-07-09T23:59:59+02:00,32041,30570,45839,39418,51805,48611,64960,64045,81068,79975,57654,61705,38042,49042,11803,21095,11057,10464,21405,19487,26944,27072,49985,50380,69119,69550,52947,56599,35964,46186,11271,20073,575686,419669,78375,52156,109089,92155,14523
2021-07-08T23:59:59+02:00,31315,29978,45323,38976,51323,48211,64610,63778,80825,79781,57580,61633,38014,48998,11798,21081,9974,9451,19682,18038,24744,25292,49065,49659,68568,69072,52749,56414,35895,46108,11256,20048,571731,410043,78355,49949,109076,91961,14062
2021-07-07T23:59:59+02:00,30001,28580,44291,38021,50230,47225,63954,63146,80294,79305,57379,61407,37950,48915,11784,21045,9433,8982,18626,17232,23388,24125,48259,49034,68031,68597,52550,56176,35819,46010,11240,20010,562527,403801,78343,48448,109075,91681,13582
2021-07-06T23:59:59+02:00,28718,27376,43268,37105,49296,46290,63354,62586,79863,78900,57200,61227,37895,48821,11761,21017,8698,8219,17304,16240,21796,22851,47666,48590,67658,68336,52435,56063,35770,45973,11233,19994,554286,396423,78332,48029,109072,91387,12987
2021-07-05T23:59:59+02:00,27419,26004,42191,36110,48251,45228,62691,62015,79431,78500,57026,61038,37843,48746,11752,20995,8438,7989,16812,15929,21245,22472,47363,48370,67466,68192,52383,55991,35745,45954,11230,19989,545005,393880,78324,47717,109071,91131,12840
2021-07-04T23:59:59+02:00,27032,25613,41887,35851,48002,45045,62548,61881,79317,78409,56991,60999,37833,48728,11749,20992,8178,7836,16546,15737,20966,22276,47238,48272,67389,68119,52359,55966,35730,45949,11228,19988,542707,392870,78298,47056,109069,91048,12803
2021-07-03T23:59:59+02:00,27026,25602,41873,35844,48000,45045,62545,61880,79316,78408,56990,60999,37833,48728,11749,20992,8173,7828,16533,15727,20959,22269,47234,48271,67385,68118,52358,55966,35730,45949,11228,19988,542678,392836,78296,47055,109069,91038,12787
2021-07-02T23:59:59+02:00,26641,25192,41552,35563,47746,44793,62404,61737,79243,78338,56973,60977,37826,48716,11745,20987,7995,7674,16171,15462,20521,21963,46267,47497,66895,67770,52276,55876,35715,45931,11227,19985,540303,390368,78295,47052,109065,89035,12770
2021-07-01T23:59:59+02:00,26213,24780,41171,35215,47352,44445,62154,61503,79054,78168,56911,60916,37795,48675,11739,20977,7601,7339,15357,14685,19359,20940,44730,46024,65687,66701,51975,55577,35618,45813,11203,19958,537169,384578,78195,46236,109056,85105,12648
2021-06-30T23:59:59+02:00,25718,24267,40743,34843,46944,44072,61927,61301,78887,78019,56833,60839,37768,48626,11731,20957,7222,6987,14425,13892,17944,19746,41541,43310,63999,65266,51513,55080,35472,45621,11177,19909,533741,372610,78164,45602,109054,82376,12516
2021-06-29T23:59:59+02:00,25130,23629,40245,34427,46533,43658,61669,61024,78679,77841,56757,60775,37740,48583,11725,20938,6941,6681,13780,13399,16811,18834,37235,39634,62657,64017,51028,54582,35340,45443,11146,19866,529686,357376,78156,45393,109054,82168,12457
2021-06-28T23:59:59+02:00,24763,23205,39791,34046,46113,43290,61432,60770,78492,77687,56686,60707,37711,48554,11723,20923,6630,6354,13120,12902,15803,18001,33595,36593,61538,62987,50675,54190,35246,45295,11122,19828,527948,348723,76468,40715,109054,82018,12423
2021-06-27T23:59:59+02:00,24656,23102,39718,33983,46055,43231,61402,60733,78459,77658,56671,60696,37705,48547,11722,20918,6539,6279,12887,12762,15382,17766,32765,35949,61284,62788,50586,54121,35228,45272,11120,19824,527342,345833,76464,40454,109048,81863,12402
2021-06-26T23:59:59+02:00,24649,23097,39712,33980,46054,43230,61401,60732,78459,77658,56671,60696,37705,48547,11722,20918,6536,6272,12881,12749,15376,17759,32761,35948,61277,62786,50584,54115,35228,45272,11120,19823,527317,345769,76464,40454,109048,81862,12402
2021-06-25T23:59:59+02:00,24511,22959,39627,33894,45972,43159,61357,60685,78411,77636,56660,60682,37702,48544,11721,20916,6438,6160,12772,12619,15240,17600,32047,35296,60893,62467,50506,54032,35220,45251,11117,19822,526526,342790,76464,40442,109045,81847,12401
2021-06-24T23:59:59+02:00,24059,22478,39277,33586,45620,42856,61156,60490,78251,77501,56606,60627,37680,48514,11717,20907,6101,5861,12210,12157,14535,16919,28756,32585,58618,60628,49933,53441,35087,45047,11099,19774,523582,329035,76416,40177,109043,81255,12284
2021-06-23T23:59:59+02:00,23330,21746,38717,33007,44981,42160,60796,60107,78005,77253,56504,60497,37636,48463,11707,20888,5946,5670,11843,11813,14032,16399,25397,29834,56984,59113,49414,52911,34970,44873,11078,19731,518121,319665,76362,37248,109041,80822,12273
2021-06-22T23:59:59+02:00,22851,21247,38317,32593,44550,41698,60524,59824,77803,77018,56409,60390,37599,48391,11694,20866,5753,5534,11523,11552,13610,16027,21081,26317,54918,57424,48820,52311,34793,44660,11058,19687,514360,305369,76236,37195,109036,80362,12142
2021-06-21T23:59:59+02:00,22566,20972,38070,32366,44309,41423,60339,59616,77672,76881,56356,60309,37576,48352,11685,20851,5622,5425,11216,11357,13274,15771,19538,25089,54002,56659,46605,49861,34194,43941,11035,19628,512346,300073,76033,37125,109021,74076,11943
2021-06-20T23:59:59+02:00,22249,20661,37777,32099,44027,41170,60190,59449,77538,76736,56309,60270,37556,48336,11682,20844,5569,5381,11086,11272,13122,15647,19149,24768,53738,56480,45034,47969,33667,43346,11015,19611,509990,299456,75956,36382,109010,69079,11937
2021-06-19T23:59:59+02:00,22242,20649,37762,32095,44024,41166,60184,59446,77536,76733,56306,60270,37556,48335,11682,20844,5563,5372,11082,11269,13113,15641,19142,24760,53724,56468,45025,47959,33666,43346,11015,19611,509932,299373,75951,36379,109010,69067,11937
2021-06-18T23:59:59+02:00,22131,20527,37695,32042,43950,41081,60129,59402,77494,76691,56284,60249,37551,48322,11681,20843,5468,5207,10787,10733,12742,15060,18602,23748,52875,55174,44821,47797,33638,43299,11009,19599,509186,297808,75945,36378,109005,64437,11936
2021-06-17T23:59:59+02:00,21332,19720,36944,31409,43157,40326,59725,59037,77202,76439,56172,60122,37503,48254,11668,20819,5277,4995,10406,10183,12224,14291,17680,22393,51315,53247,43679,46454,33322,42903,10962,19516,503226,290550,75852,36252,108999,60293,11752
2021-06-16T23:59:59+02:00,20432,18694,35955,30477,42151,39359,59187,58556,76810,76128,56032,59970,37447,48167,11658,20796,5091,4842,9901,9865,11497,13802,16140,21106,47473,49719,41937,44456,32861,42337,10899,19390,495891,274493,75312,36054,108985,59138,11631
2021-06-15T23:59:59+02:00,19508,17736,35040,29624,41225,38477,58751,58120,76479,75807,55892,59806,37392,48099,11643,20763,4887,4717,9381,9610,10796,13336,14640,19921,43230,45660,40392,42616,32384,41718,10832,19262,488715,257416,75197,36020,108978,58474,11472
2021-06-14T23:59:59+02:00,18287,16413,33792,28353,39767,37071,58168,57561,76090,75467,55765,59668,37347,48028,11634,20748,4761,4623,9040,9405,10324,13020,13474,18917,40606,43119,39321,41475,32094,41317,10800,19177,479003,246300,74760,35997,108973,57753,11423
2021-06-13T23:59:59+02:00,17744,15970,33313,27948,39276,36690,57955,57379,75944,75365,55738,59629,37325,48006,11631,20739,4675,4574,8896,9333,10162,12952,12869,18463,40137,42727,39087,41253,32034,41232,10794,19163,475933,245342,74458,34574,108966,57140,11295
2021-06-12T23:59:59+02:00,17741,15952,33301,27939,39269,36686,57951,57376,75940,75363,55737,59627,37324,48006,11631,20739,4668,4569,8886,9328,10150,12945,12857,18450,39955,42581,39064,41238,32030,41230,10794,19162,475868,244910,74454,34574,108966,57129,11294
2021-06-11T23:59:59+02:00,17655,15895,33156,27872,39096,36633,57831,57339,75870,75339,55725,59622,37322,48004,11631,20738,4585,4375,8725,8769,9957,12227,12622,17380,39468,41290,38910,41107,32012,41196,10792,19161,475538,244421,74043,34572,108860,52296,11287
2021-06-10T23:59:59+02:00,16803,15160,31740,26960,37854,35724,57150,56882,75463,75071,55635,59531,37283,47960,11620,20720,4330,4182,8173,8279,9277,11472,11892,16322,36633,38269,38111,40311,31846,41014,10776,19131,471665,237409,71083,34443,108580,47938,10228
2021-06-09T23:59:59+02:00,16001,14431,30466,26061,36637,34844,56577,56497,75124,74844,55554,59426,37256,47916,11607,20700,4149,4029,7815,8091,8817,11255,11280,15949,31594,33448,36625,38792,31603,40746,10755,19082,467028,223617,68648,34321,108538,46365,9727
2021-06-08T23:59:59+02:00,15056,13549,29093,24972,35274,33836,55964,56095,74833,74635,55481,59354,37234,47886,11603,20690,4069,3965,7662,7976,8664,11142,10989,15746,28799,30655,35678,37867,31443,40551,10731,19049,462474,216208,65218,34264,108498,45149,9365
2021-06-07T23:59:59+02:00,14419,12949,27734,24166,34126,33060,55490,55841,74591,74532,55446,59317,37218,47876,11603,20686,3977,3893,7468,7852,8364,11011,10624,15503,24491,26298,34224,36345,31221,40284,10703,19021,459362,204496,62218,34200,108462,43571,9012
2021-06-06T23:59:59+02:00,14096,12755,26952,23749,33480,32644,55184,55679,74438,74467,55427,59294,37204,47867,11601,20685,3911,3857,7320,7807,8209,10928,10311,15303,21698,23454,33230,35278,31083,40132,10696,19006,458235,201723,60173,29033,108439,42792,8675
2021-06-05T23:59:59+02:00,14067,12725,26910,23708,33452,32626,55179,55670,74434,74462,55423,59289,37199,47865,11601,20685,3889,3844,7285,7786,8162,10911,10251,15262,20277,21908,32439,34405,31013,40050,10692,18999,458121,196774,60068,29030,108431,42694,8675
2021-06-04T23:59:59+02:00,13832,12464,26600,23395,33116,32316,55120,55589,74395,74442,55414,59284,37198,47863,11601,20684,3858,3816,7207,7707,8105,10834,10172,15141,20170,21790,32366,34351,30981,40013,10689,18996,456233,196694,60006,29018,108399,41809,8675
2021-06-03T23:59:59+02:00,13249,11976,25564,22711,31984,31572,54634,55257,74082,74250,55346,59207,37164,47833,11595,20668,3730,3725,6936,7539,7825,10662,9847,14906,18301,19937,30401,32065,30708,39683,10666,18948,451932,188164,58508,28999,108385,40449,8267
2021-06-02T23:59:59+02:00,12552,11212,24576,21815,30851,30622,54372,54995,73891,74111,55295,59129,37148,47812,11587,20661,3696,3705,6880,7484,7770,10615,9763,14815,17782,19392,28476,29902,30609,39539,10659,18937,445659,182654,58330,28998,108383,40115,8257
2021-06-01T23:59:59+02:00,11414,10315,22449,20384,28325,28736,52965,53932,72889,73337,54995,58809,37029,47641,11553,20602,3470,3534,6386,7179,7169,10201,8914,14215,15857,17594,24715,25687,29932,38664,10583,18785,436196,168790,53878,28863,108345,38276,6956
2021-05-31T23:59:59+02:00,10548,9646,20614,19215,26283,27233,51862,53085,72188,72791,54779,58553,36956,47542,11539,20566,3330,3386,6054,6934,6771,9903,8378,13862,14800,16622,23527,24324,29546,38179,10523,18691,429428,163076,49517,28829,108327,36797,6128
2021-05-30T23:59:59+02:00,10197,9297,19892,18719,25582,26654,51527,52804,71961,72599,54704,58477,36932,47515,11531,20558,3150,3196,5704,6668,6482,9661,8161,13658,14540,16352,23234,24010,29436,38072,10508,18663,426869,162253,49110,28772,108296,35796,4674
2021-05-29T23:59:59+02:00,10181,9285,19874,18692,25564,26628,51515,52800,71956,72589,54702,58472,36931,47515,11530,20558,3148,3188,5701,6664,6477,9659,8153,13650,14530,16348,23223,24002,29432,38067,10507,18662,426712,162184,49110,28770,108296,35783,4674
2021-05-28T23:59:59+02:00,10116,9189,19738,18523,25303,26399,51357,52624,71810,72459,54665,58422,36918,47496,11527,20545,3104,3112,5610,6526,6378,9463,8042,13381,14338,16072,23072,23850,29379,38004,10500,18653,425066,161803,49073,28769,108279,34239,4673
2021-05-27T23:59:59+02:00,8855,7988,17333,16708,22526,24252,50267,51811,71143,71972,54468,58206,36827,47402,11514,20517,2807,2779,4770,5906,5486,8686,7253,12401,13220,14885,22097,22830,29003,37565,10445,18566,413154,158016,48121,28506,108145,29808,2369
2021-05-26T23:59:59+02:00,8451,7571,16457,15905,21339,23241,49663,51265,70730,71590,54317,58044,36761,47328,11503,20487,2622,2606,4404,5576,5013,8181,6778,11755,12256,13911,21202,21803,28692,37122,10399,18481,407564,154186,47391,28420,108075,26573,1622
2021-05-25T23:59:59+02:00,7877,6972,15220,15024,19890,22070,49186,50866,70484,71407,54249,57962,36739,47303,11499,20478,2547,2503,4213,5446,4769,7954,6503,11450,11702,13383,19081,19667,28325,36592,10364,18432,400816,148590,47150,28407,108031,24705,1229
2021-05-24T23:59:59+02:00,7791,6870,14996,14900,19604,21892,49085,50747,70441,71368,54248,57956,36738,47302,11497,20475,2503,2442,4129,5282,4675,7710,6379,11167,11563,13143,18968,19557,28274,36546,10357,18421,399678,148443,47073,28365,107945,23094,1214
2021-05-23T23:59:59+02:00,7774,6857,14961,14885,19550,21864,49076,50745,70437,71362,54247,57954,36738,47301,11497,20475,2501,2438,4122,5277,4666,7706,6375,11155,11542,13121,18831,19365,28243,36507,10355,18419,399497,147967,47073,28363,107945,23085,1208
2021-05-22T23:59:59+02:00,7771,6849,14951,14873,19540,21857,49076,50743,70434,71362,54247,57953,36738,47301,11497,20475,2498,2431,4115,5271,4664,7706,6372,11152,11533,13118,18819,19359,28242,36507,10355,18419,399443,147931,47073,28363,107945,23061,1206
2021-05-21T23:59:59+02:00,7697,6751,14822,14740,19335,21697,48835,50509,70292,71256,54220,57927,36731,47294,11492,20469,2427,2347,4029,5131,4561,7493,6249,10855,11364,12830,18754,19295,28226,36477,10352,18417,397874,147682,47070,28363,107920,21559,1203
2021-05-20T23:59:59+02:00,7423,6457,14239,14215,18399,20824,46153,48163,69142,70287,53869,57566,36623,47155,11461,20440,2165,2184,3668,4768,4122,6945,5699,10024,10280,11738,17487,18019,27722,35881,10280,18269,386907,142468,46908,28074,107614,17722,987
2021-05-19T23:59:59+02:00,7183,6232,13577,13733,17132,19825,42177,44677,67656,68985,53416,57045,36461,46931,11425,20388,2089,1985,3504,4429,3876,6423,5257,9346,9296,10627,16014,16384,27030,34971,10156,18061,372151,135336,46339,27931,107385,15213,968
2021-05-18T23:59:59+02:00,6986,6053,13035,13304,16038,18968,37460,40662,66205,67665,52861,56504,36314,46709,11383,20331,2043,1856,3366,4240,3691,6109,4925,8868,8433,9758,14437,14655,26322,34122,10066,17889,356067,128728,46279,27368,107229,13781,903
2021-05-17T23:59:59+02:00,6851,5957,12712,13057,15547,18578,35282,38800,65368,66884,52591,56192,36235,46601,11369,20294,1974,1796,3178,4061,3472,5882,4603,8499,7658,9059,11188,10650,25413,32975,9983,17720,352351,123531,42016,21299,107151,12481,800
2021-05-16T23:59:59+02:00,6789,5874,12588,12903,15374,18409,34793,38331,65183,66716,52536,56133,36225,46576,11364,20289,1917,1699,3076,3938,3393,5780,4498,8355,7477,8873,9005,8063,24933,32294,9949,17663,350883,122401,41512,15968,107116,11972,572
2021-05-15T23:59:59+02:00,6784,5865,12582,12897,15370,18405,34788,38329,65181,66714,52536,56132,36225,46576,11364,20289,1916,1698,3073,3932,3388,5777,4493,8352,7475,8870,9003,8061,24932,32294,9949,17663,350842,122370,41512,15968,107114,11969,569
2021-05-14T23:59:59+02:00,6588,5768,12339,12835,15140,18314,33815,37546,64649,66308,52441,56045,36208,46543,11362,20284,1800,1610,2962,3862,3331,5670,4443,8206,7429,8744,8996,8056,24931,32294,9949,17662,347492,122316,41480,15964,106655,11107,558
2021-05-13T23:59:59+02:00,6338,5581,11932,12584,14574,17865,30293,34760,62176,64235,51812,55371,36071,46324,11350,20236,1756,1572,2905,3786,3299,5578,4401,8102,7348,8625,8959,7998,24911,32253,9944,17658,333523,122072,41257,15941,106227,10587,495
2021-05-12T23:59:59+02:00,6322,5559,11860,12521,14466,17758,29660,34184,61670,63784,51640,55198,36035,46279,11343,20223,1756,1569,2904,3786,3296,5578,4399,8100,7346,8619,8952,7995,24911,32251,9944,17657,330538,122051,41247,15931,106222,10586,495
2021-05-11T23:59:59+02:00,5997,5425,11419,12246,13924,17375,25402,30701,59295,61783,50986,54523,35848,46033,11322,20160,1714,1453,2800,3525,3176,5202,4260,7655,7191,8294,8869,7914,24882,32211,9941,17646,315632,121812,41194,15742,105242,8808,371
2021-05-10T23:59:59+02:00,5869,5352,11257,12130,13706,17207,21945,27946,58053,60669,50624,54174,35756,45911,11307,20129,1676,1358,2716,3296,3075,4871,4152,7164,7070,7856,8828,7854,24870,32190,9939,17642,305744,121669,41033,15594,104952,6988,306
2021-05-09T23:59:59+02:00,5792,5320,11173,12068,13606,17126,20345,26767,57588,60286,50522,54076,35730,45870,11300,20124,1659,1338,2659,3171,3024,4730,4107,7044,7009,7757,8816,7840,24863,32184,9938,17642,305179,121607,37468,15550,104753,6331,293
2021-05-08T23:59:59+02:00,5788,5317,11161,12064,13597,17117,20337,26761,57579,60281,50519,54068,35726,45867,11298,20121,1658,1338,2659,3169,3024,4730,4104,7041,7008,7756,8815,7840,24862,32182,9938,17642,305088,121592,37467,15550,104753,6331,293
2021-05-07T23:59:59+02:00,5748,5282,11096,12014,13491,17040,19881,26404,56583,59472,50391,53937,35698,45837,11295,20107,1554,1294,2580,3125,2984,4702,4070,7017,6986,7724,8808,7832,24860,32181,9938,17641,301928,121560,37451,15543,104609,5905,288
2021-05-06T23:59:59+02:00,5494,5170,10586,11707,12787,16587,18591,25417,52337,55826,49198,52562,35367,45438,11243,20004,1329,1163,2345,2952,2815,4537,3919,6818,6835,7571,8734,7754,24839,32145,9935,17634,286831,121291,37265,15405,104059,4470,159
2021-05-05T23:59:59+02:00,5234,5071,10093,11472,12033,16138,17261,24441,47970,51689,47529,50643,34930,44869,11168,19884,1284,1068,2283,2825,2732,4357,3824,6579,6726,7372,8621,7662,24780,32071,9929,17618,269669,120817,37039,15360,103672,3509,45
2021-05-04T23:59:59+02:00,5151,4986,9778,11260,11581,15749,16286,23573,46100,49661,46462,49335,34558,44381,11102,19775,1272,1049,2255,2784,2691,4271,3772,6472,6653,7296,8579,7623,24760,32055,9928,17613,259308,120599,37015,15299,103393,3153,22
2021-05-03T23:59:59+02:00,5048,4900,9430,11093,11118,15488,15225,22709,44526,48041,45582,48383,34337,44041,11074,19686,1257,1025,2223,2753,2649,4207,3724,6418,6579,7243,8011,6935,23028,29737,9790,17377,250293,114813,37007,15217,103367,2912,14
2021-05-02T23:59:59+02:00,4986,4880,9315,11057,10974,15427,14613,22220,44007,47632,45441,48217,34289,43979,11068,19675,1253,1020,2206,2751,2636,4199,3696,6406,6559,7230,7822,6692,21069,27338,9744,17289,249085,114794,35374,10236,103312,2871,9
2021-05-01T23:59:59+02:00,4986,4878,9310,11053,10971,15425,14609,22216,44005,47628,45440,48217,34289,43979,11068,19675,1252,1020,2206,2751,2636,4199,3695,6406,6557,7230,7822,6691,21069,27338,9744,17289,249055,114790,35374,10236,103311,2870,9
2021-04-30T23:59:59+02:00,4939,4856,9243,11038,10916,15400,14534,22190,42522,46217,45105,47885,34252,43927,11063,19665,1043,926,2008,2662,2537,4138,3611,6346,6495,7172,7815,6674,21068,27336,9744,17289,245070,114782,35374,10234,103299,1839,9
2021-04-29T23:59:59+02:00,4696,4773,8776,10887,10310,15229,13849,21984,37600,41906,44095,46860,34131,43809,11059,19635,864,849,1836,2583,2451,4072,3502,6276,6423,7122,7793,6655,21063,27330,9744,17289,231357,114742,35271,10132,102962,969,9
2021-04-28T23:59:59+02:00,4521,4738,8525,10802,9961,15140,13494,21830,32964,37408,42850,45608,34005,43662,11045,19617,822,820,1799,2537,2418,3996,3466,6167,6373,7030,7774,6637,21051,27317,9740,17282,218155,114659,35254,10084,102753,478,8
2021-04-27T23:59:59+02:00,4291,4524,8182,10353,9578,14560,13028,21186,31837,36280,42571,45326,33989,43634,11041,19614,795,806,1765,2514,2400,3978,3449,6148,6339,7004,7762,6628,21046,27312,9737,17276,215431,114602,35244,10054,99311,295,8
2021-04-26T23:59:59+02:00,4270,4496,8107,10317,9472,14504,12880,21128,27429,31899,41355,44104,33910,43534,11028,19604,762,795,1735,2495,2370,3957,3425,6128,6287,6959,7715,6579,21016,27282,9737,17269,203563,114402,35235,10010,99231,91,8
2021-04-25T23:59:59+02:00,4247,4483,8075,10290,9409,14472,12787,21082,25462,29858,40655,43344,33864,43476,11024,19599,750,788,1723,2481,2354,3943,3399,6107,6254,6930,7693,6559,20999,27261,9736,17265,202896,114378,30128,9768,99096,89,7
2021-04-24T23:59:59+02:00,4228,4472,8045,10261,9368,14456,12737,21060,23960,28197,39898,42508,33799,43400,11021,19593,749,787,1720,2479,2353,3940,3399,6103,6254,6927,7691,6557,20998,27261,9736,17265,197841,114358,30128,9767,99027,87,7
2021-04-23T23:59:59+02:00,3962,4321,7578,9964,8938,14100,12175,20658,23482,27900,39812,42447,33778,43366,11015,19586,735,777,1703,2466,2333,3924,3376,6081,6232,6908,7677,6539,20993,27250,9736,17264,197495,114343,30113,9569,95467,75,7
2021-04-22T23:59:59+02:00,3869,4264,7388,9849,8660,13907,11732,20330,21158,25545,37060,39210,33251,42697,10944,19467,722,768,1675,2437,2275,3867,3303,6010,6121,6812,7598,6453,20940,27206,9733,17249,184493,114222,29924,8868,94907,72,7
2021-04-21T23:59:59+02:00,3841,4232,7261,9771,8479,13736,11399,20041,19898,24344,33850,35502,32767,41994,10882,19341,698,750,1641,2409,2231,3843,3270,5977,6079,6773,7570,6426,20922,27182,9730,17245,172750,114116,29752,8555,94829,68,7
2021-04-20T23:59:59+02:00,3807,4206,7157,9702,8268,13581,11034,19743,18805,23197,30541,31864,32294,41395,10823,19232,691,740,1626,2397,2198,3821,3229,5932,6038,6730,7531,6380,20897,27158,9724,17242,161140,113960,29730,8301,94772,66,7
2021-04-19T23:59:59+02:00,3788,4189,7083,9664,8150,13472,10779,19557,18140,22535,29668,30737,32003,41029,10781,19157,683,735,1604,2383,2174,3791,3194,5899,6004,6699,7486,6347,20866,27130,9722,17238,156306,113827,29713,8057,94706,64,7
2021-04-18T23:59:59+02:00,3785,4183,7067,9650,8135,13453,10744,19533,18052,22453,29546,30612,31975,41007,10778,19149,681,731,1589,2371,2157,3776,3170,5873,5975,6676,7464,6334,20847,27108,9719,17235,155814,113768,29645,7868,94656,63,7
2021-04-17T23:59:59+02:00,3784,4181,7065,9648,8132,13453,10738,19526,18039,22443,29524,30599,31973,41005,10778,19149,680,731,1588,2370,2156,3775,3167,5872,5973,6674,7464,6334,20847,27108,9719,17235,155736,113755,29644,7868,94650,63,7
2021-04-16T23:59:59+02:00,3617,4143,6722,9519,7766,13266,10341,19280,17590,22169,29325,30440,31891,40916,10763,19130,668,714,1576,2355,2129,3760,3113,5835,5930,6624,7371,6245,20435,26544,9689,17174,154988,112433,29636,7662,92247,60,7
2021-04-15T23:59:59+02:00,3516,4064,6371,9149,7191,12766,9565,18444,16264,20939,28128,29148,31371,40276,10684,18955,638,691,1524,2316,2047,3673,3006,5715,5604,6387,6876,5860,19709,25638,9593,17006,149247,109096,29341,7125,88236,55,7
2021-04-14T23:59:59+02:00,3460,4014,6136,8911,6861,12389,8944,17893,15153,19909,26718,27650,30740,39401,10577,18761,603,666,1477,2279,1973,3595,2864,5591,5295,6151,6330,5346,18697,24354,9508,16833,142457,104835,29142,6671,85911,49,7
2021-04-13T23:59:59+02:00,3428,3983,6044,8834,6712,12262,8642,17649,14352,19217,23371,24100,29808,38221,10473,18589,598,657,1464,2257,1946,3562,2768,5520,5079,5968,5969,5010,18399,24011,9469,16767,130844,102748,29131,6641,85703,48,7
2021-04-12T23:59:59+02:00,3406,3963,5994,8779,6624,12179,8425,17454,13738,18689,22369,22950,29386,37663,10404,18467,589,649,1454,2249,1923,3541,2712,5469,4931,5864,5653,4730,18106,23709,9431,16707,125773,101167,29115,6495,85595,48,7
2021-04-11T23:59:59+02:00,3400,3957,5976,8755,6596,12162,8385,17431,13649,18628,22239,22802,29335,37598,10395,18441,586,644,1441,2239,1910,3533,2695,5453,4894,5827,5594,4672,17933,23475,9410,16678,125231,100506,29048,6423,85463,48,7
2021-04-10T23:59:59+02:00,3392,3956,5953,8755,6574,12161,8365,17430,13624,18626,22234,22799,29331,37597,10395,18441,585,642,1435,2234,1905,3530,2689,5445,4878,5817,5582,4655,17772,23223,9396,16654,125209,99997,28958,6390,85459,48,7
2021-04-09T23:59:59+02:00,3353,3944,5905,8743,6517,12145,8327,17403,13573,18581,20282,20394,28850,36982,10365,18392,572,629,1410,2212,1879,3507,2647,5409,4807,5755,5467,4552,17195,22491,9358,16583,124521,98234,23850,6192,85378,40,7
2021-04-08T23:59:59+02:00,3329,3926,5836,8711,6443,12106,8238,17340,13428,18463,17695,17334,28327,36318,10328,18342,530,599,1322,2131,1785,3411,2469,5224,4313,5390,4667,3946,15421,20270,9173,16282,123658,91279,17999,5619,84501,29,6
2021-04-07T23:59:59+02:00,3249,3898,5626,8661,6236,12047,8030,17265,13166,18369,15038,14273,27649,35524,10298,18289,507,571,1269,2076,1691,3331,2317,5084,3903,5058,3951,3383,14570,19409,9061,16101,123451,86979,16468,5273,77694,25,5
2021-04-06T23:59:59+02:00,3221,3888,5581,8643,6166,12024,7943,17227,13092,18298,13057,11916,27017,34811,10285,18259,476,549,1201,2021,1606,3250,2155,4967,3532,4782,3427,2975,13731,18412,8987,15986,123323,83358,16266,4673,71834,21,5
2021-04-05T23:59:59+02:00,3219,3885,5545,8630,6129,12012,7898,17212,13020,18262,13011,11870,27006,34795,10284,18256,444,519,1149,1984,1554,3209,2087,4913,3444,4706,3370,2924,13588,18242,8978,15968,123301,82868,16058,4186,71671,21,4
2021-04-04T23:59:59+02:00,3218,3884,5545,8629,6128,12012,7897,17209,13020,18262,13008,11870,27005,34795,10284,18256,443,518,1148,1984,1554,3209,2087,4913,3444,4706,3370,2924,13587,18242,8978,15968,123294,82864,16058,4186,71666,21,4
2021-04-03T23:59:59+02:00,3217,3884,5545,8628,6128,12012,7897,17209,13020,18262,13007,11869,27004,34792,10284,18256,443,517,1148,1984,1553,3209,2087,4912,3438,4703,3365,2913,13500,18106,8969,15952,123288,82588,16058,4186,71664,21,4
2021-04-02T23:59:59+02:00,3217,3881,5542,8623,6124,12003,7888,17197,12995,18231,12961,11818,26977,34774,10281,18252,440,510,1146,1980,1542,3201,2077,4890,3408,4670,3334,2884,12573,16862,8904,15844,123125,80135,16055,4105,71580,21,4
2021-04-01T23:59:59+02:00,3202,3867,5504,8603,6057,11970,7817,17162,12881,18160,12844,11693,26918,34698,10272,18237,393,467,1049,1913,1443,3114,1928,4778,3212,4537,3105,2685,10559,14280,8794,15669,122807,74585,15932,3317,71143,21,3
2021-03-31T23:59:59+02:00,3201,3853,5487,8569,6025,11934,7775,17117,12801,18091,12731,11568,26867,34638,10264,18228,354,446,1013,1871,1373,3074,1824,4675,2957,4343,2694,2371,7994,11058,8620,15431,122498,67098,15893,2977,70755,20,3
2021-03-30T23:59:59+02:00,3193,3843,5462,8541,5993,11903,7737,17077,12724,18025,12646,11430,26830,34591,10259,18218,333,427,991,1839,1313,3039,1701,4595,2711,4171,2324,2123,7109,9972,8554,15305,122368,63783,15863,2703,70239,19,2
2021-03-29T23:59:59+02:00,3181,3839,5433,8523,5957,11870,7695,17045,12652,17950,12006,10673,24970,32100,10111,17963,327,425,984,1824,1292,3015,1666,4555,2565,4085,2038,1974,6459,9262,8510,15227,116391,61489,15693,2700,69882,17,2
2021-03-28T23:59:59+02:00,3151,3823,5386,8486,5908,11829,7614,16990,12542,17883,11743,10372,22988,29641,10056,17864,326,423,982,1823,1285,3012,1662,4553,2553,4077,2013,1954,6437,9248,8508,15222,116331,61362,10523,2697,69420,17,2
2021-03-27T23:59:59+01:00,3139,3819,5347,8476,5872,11816,7567,16975,12496,17836,11709,10329,22984,29633,10056,17864,326,423,982,1823,1285,3012,1661,4551,2551,4075,2011,1952,6388,9173,8475,15173,116263,61145,10522,2697,69131,17,2
2021-03-26T23:59:59+01:00,3003,3494,4899,7318,5377,10497,6955,14929,11688,15569,11490,10148,22501,28908,10011,17793,325,419,977,1820,1280,3008,1658,4549,2546,4068,2003,1946,6258,8986,8332,14988,114718,60470,10268,2685,59592,6,2
2021-03-25T23:59:59+01:00,2876,3225,4739,6552,5151,9347,6631,13212,10964,13771,10635,9348,21788,28070,9938,17638,320,410,971,1810,1266,2989,1638,4514,2509,4019,1937,1887,5968,8558,8059,14542,111820,58709,9581,2681,52482,5,2
2021-03-24T23:59:59+01:00,2829,3183,4664,6493,5018,9241,6428,13042,10461,13369,9810,8530,20781,26817,9842,17458,318,405,963,1804,1249,2978,1623,4490,2463,3962,1869,1811,5605,8086,7648,13876,107824,56478,9234,2667,50908,5,0
2021-03-23T23:59:59+01:00,2800,3150,4596,6427,4910,9147,6217,12881,10005,12947,9101,7866,20273,26216,9790,17353,306,392,945,1795,1234,2958,1595,4468,2409,3913,1789,1746,5329,7708,7260,13261,105454,54438,8903,2666,49322,4,0
2021-03-22T23:59:59+01:00,2785,3114,4537,6389,4834,9079,6078,12744,9644,12675,8504,7311,19860,25785,9730,17259,302,388,933,1789,1220,2943,1582,4454,2382,3887,1764,1725,5193,7534,6818,12451,103979,52700,8644,2661,47705,4,0
2021-03-21T23:59:59+01:00,2778,3099,4492,6367,4783,9043,5987,12676,9456,12487,8201,7054,19692,25618,9718,17234,302,388,932,1789,1219,2943,1581,4453,2379,3887,1757,1719,5184,7529,6788,12394,103779,52596,8415,2644,46491,4,0
2021-03-20T23:59:59+01:00,2778,3094,4484,6362,4777,9040,5983,12668,9436,12473,8168,7023,19518,25342,9702,17208,302,388,932,1788,1218,2943,1580,4452,2375,3879,1745,1706,5171,7480,6612,12158,103223,52105,8403,2620,46430,4,0
2021-03-19T23:59:59+01:00,2743,3071,4410,6319,4668,8990,5843,12611,9170,12285,7864,6799,19034,24751,9670,17149,302,388,931,1787,1218,2940,1577,4451,2369,3874,1729,1698,5135,7437,6210,11542,101924,50984,8161,2600,45292,4,0
2021-03-18T23:59:59+01:00,2677,2998,4248,6183,4419,8784,5486,12302,8266,11618,6603,5792,17784,23394,9522,16924,299,384,926,1777,1204,2927,1539,4436,2302,3829,1651,1655,5063,7331,5482,10437,97044,48682,7619,2558,42337,2,0
2021-03-17T23:59:59+01:00,2639,2959,4168,6086,4282,8676,5231,12027,7592,11050,5618,4899,16439,21864,9357,16670,295,383,922,1768,1200,2919,1522,4414,2235,3803,1585,1610,5018,7268,4910,9559,91649,46906,7116,2503,40792,2,0
2021-03-16T23:59:59+01:00,2619,2931,4105,6020,4190,8580,5056,11872,7143,10662,4859,4284,15590,20888,9255,16501,291,381,919,1763,1197,2912,1514,4403,2213,3784,1555,1593,4981,7225,4408,8756,88030,45469,7080,2424,39445,2,0
2021-03-15T23:59:59+01:00,2616,2920,4089,6002,4159,8554,5006,11825,7026,10548,4714,4125,15272,20478,9226,16442,289,378,918,1757,1190,2905,1500,4394,2191,3761,1514,1576,4921,7151,3832,7897,87264,43888,6985,2285,38753,1,0
2021-03-14T23:59:59+01:00,2611,2910,4068,5983,4129,8536,4963,11792,6933,10459,4610,4015,15142,20310,9210,16406,287,377,918,1755,1184,2898,1495,4383,2180,3754,1504,1569,4913,7143,3827,7884,86960,43827,6967,2243,38150,1,0
2021-03-13T23:59:59+01:00,2607,2904,4064,5971,4121,8530,4955,11783,6913,10445,4589,3989,14826,19873,9190,16370,287,377,918,1755,1184,2898,1495,4383,2180,3754,1504,1569,4913,7142,3827,7884,86077,43826,6944,2243,38109,1,0
2021-03-12T23:59:59+01:00,2545,2828,3953,5802,4004,8310,4818,11484,6735,10175,4436,3851,13905,18619,9129,16268,287,376,916,1752,1184,2895,1493,4378,2179,3747,1496,1567,4905,7123,3825,7869,83619,43749,6882,2242,36361,1,0
2021-03-11T23:59:59+01:00,2419,2602,3729,5473,3748,7872,4494,10719,6108,9361,3917,3352,12315,16633,9031,16121,287,376,912,1749,1181,2881,1484,4366,2167,3719,1453,1538,4864,7088,3813,7842,79317,43599,6720,2120,31857,1,0
2021-03-10T23:59:59+01:00,2297,2469,3576,5240,3554,7550,4229,10232,5555,8794,3349,2911,10050,13919,8886,15894,284,372,908,1740,1174,2870,1479,4350,2143,3703,1424,1530,4833,7073,3804,7834,73027,43530,6550,1991,28928,0,0
2021-03-09T23:59:59+01:00,2270,2416,3511,5154,3441,7461,4058,10037,5162,8443,2873,2553,8542,11907,8784,15745,283,371,908,1734,1167,2861,1475,4342,2135,3692,1410,1525,4825,7068,3801,7832,68175,43489,6400,1940,27782,0,0
2021-03-08T23:59:59+01:00,2246,2346,3454,5089,3367,7376,3934,9925,4870,8253,2426,2292,6624,9510,8665,15571,283,368,907,1724,1161,2845,1469,4331,2131,3685,1399,1518,4808,7046,3794,7823,62498,43378,6065,1914,27385,0,0
2021-03-07T23:59:59+01:00,2183,2290,3357,4981,3271,7287,3837,9838,4735,8158,2375,2241,6602,9489,8665,15563,283,367,906,1724,1161,2845,1469,4331,2131,3685,1399,1518,4808,7046,3794,7823,62370,43376,5384,1914,27118,0,0
2021-03-06T23:59:59+01:00,2175,2277,3345,4972,3267,7282,3828,9829,4724,8155,2373,2239,6556,9419,8633,15514,283,367,905,1720,1160,2844,1469,4328,2127,3680,1398,1513,4802,7041,3792,7814,62161,43329,5324,1914,27103,0,0
2021-03-05T23:59:59+01:00,2045,2193,3121,4783,3029,6971,3551,9434,4396,7818,2286,2178,6349,9102,8442,15253,283,365,903,1717,1160,2843,1468,4322,2124,3674,1392,1511,4796,7034,3791,7808,61185,43277,4486,1914,25280,0,0
2021-03-04T23:59:59+01:00,1791,1973,2711,4350,2573,6332,2985,8530,3712,7004,2071,2018,6058,8736,8168,14799,280,364,902,1709,1158,2826,1467,4306,2115,3662,1381,1509,4784,7020,3784,7797,59548,43153,3213,1911,21050,0,0
2021-03-03T23:59:59+01:00,1722,1887,2604,4171,2443,6111,2849,8251,3531,6744,1989,1941,5720,8263,7815,14220,279,360,902,1699,1156,2803,1463,4282,2110,3647,1357,1498,4779,7014,3780,7790,57548,43008,3070,1911,19643,0,0
2021-03-02T23:59:59+01:00,1685,1806,2537,4054,2362,5962,2744,8070,3416,6593,1917,1874,5412,7826,7417,13552,277,355,899,1680,1153,2782,1460,4264,2109,3636,1332,1492,4769,6998,3774,7783,55465,42852,2829,1911,18933,0,0
2021-03-01T23:59:59+01:00,1674,1780,2498,3946,2314,5847,2707,7968,3363,6515,1877,1854,5273,7662,6946,12688,277,353,895,1674,1151,2770,1458,4251,2107,3621,1327,1487,4766,6996,3773,7777,53610,42772,2817,1911,18485,0,0
2021-02-28T23:59:59+01:00,1657,1743,2463,3875,2285,5792,2664,7888,3336,6469,1871,1850,5265,7657,6911,12629,277,353,894,1674,1151,2770,1458,4250,2107,3620,1327,1487,4766,6995,3773,7777,53489,42769,2815,1910,18051,0,0
2021-02-27T23:59:59+01:00,1655,1737,2459,3867,2281,5792,2663,7887,3334,6466,1865,1840,5256,7613,6741,12410,277,353,884,1669,1141,2763,1448,4241,2092,3611,1326,1484,4766,6994,3773,7777,53027,42765,2815,1834,18024,0,0
2021-02-26T23:59:59+01:00,1466,1580,2334,3624,2203,5387,2571,7385,3247,6008,1850,1814,5231,7580,6482,12021,276,351,877,1662,1133,2743,1442,4220,2082,3599,1319,1475,4758,6982,3769,7764,52283,42687,2794,1765,15706,0,0
2021-02-25T23:59:59+01:00,1249,1304,2114,3191,2030,4630,2374,6440,3006,5111,1761,1742,5180,7501,5914,11181,274,343,871,1602,1099,2648,1409,4110,2026,3525,1282,1454,4718,6941,3751,7713,50416,42227,2781,1539,11531,0,0
2021-02-24T23:59:59+01:00,1196,1094,2007,2923,1925,4291,2241,6034,2837,4841,1686,1687,5122,7412,5160,10007,272,337,833,1555,1049,2557,1350,3994,1937,3397,1242,1427,4703,6915,3741,7696,48093,41970,2769,1035,9601,0,0
2021-02-23T23:59:59+01:00,1181,1045,1973,2859,1899,4193,2215,5949,2804,4779,1678,1672,5087,7363,4530,8987,272,336,806,1527,1002,2505,1297,3916,1831,3324,1190,1402,4681,6890,3730,7662,46324,41773,2742,598,9148,0,0
2021-02-22T23:59:59+01:00,1173,1004,1922,2716,1855,4047,2160,5753,2750,4672,1668,1661,5053,7315,3927,8103,270,326,763,1488,948,2422,1209,3810,1691,3229,1101,1346,4640,6820,3705,7559,44719,41319,2721,8,8339,0,0
2021-02-21T23:59:59+01:00,1171,990,1891,2654,1829,3950,2133,5649,2730,4609,1660,1655,5050,7306,3927,8099,268,324,759,1482,940,2390,1207,3774,1678,3189,1092,1331,4624,6795,3683,7518,44666,41046,2710,8,7927,0,0
2021-02-20T23:59:59+01:00,1171,990,1891,2653,1828,3950,2133,5649,2728,4604,1651,1647,5046,7300,3925,8096,268,324,759,1481,939,2386,1206,3770,1677,3187,1092,1331,4572,6735,3638,7460,44652,40818,2685,7,7925,0,0
2021-02-19T23:59:59+01:00,1171,987,1888,2648,1827,3941,2132,5640,2725,4601,1632,1639,5033,7283,3922,8090,267,323,755,1472,931,2362,1199,3728,1650,3134,1065,1293,4383,6482,3461,7169,44572,39667,2666,7,7921,0,0
2021-02-18T23:59:59+01:00,1139,904,1849,2529,1788,3803,2079,5434,2664,4426,1617,1623,5017,7249,3917,8064,239,294,710,1349,882,2157,1114,3393,1535,2840,955,1106,3900,5711,3069,6320,44418,35567,2633,7,7051,0,0
2021-02-17T23:59:59+01:00,1090,775,1768,2296,1711,3504,1970,5074,2589,4177,1595,1614,4996,7235,3909,8060,234,291,700,1331,873,2135,1102,3358,1516,2819,948,1103,3521,5193,2777,5899,44377,33793,2577,7,5409,0,0
2021-02-16T23:59:59+01:00,1049,739,1710,2192,1645,3333,1899,4868,2511,4071,1560,1600,4969,7214,3900,8048,228,285,686,1297,852,2081,1071,3241,1477,2734,925,1080,3170,4648,2439,5411,44324,31620,2415,5,4569,0,0
2021-02-15T23:59:59+01:00,1042,723,1691,2116,1626,3233,1880,4759,2497,3993,1532,1586,4940,7197,3868,7992,216,275,671,1262,833,2031,1051,3175,1435,2669,894,1049,2752,4099,2113,4850,44195,29371,2332,4,4148,0,0
2021-02-14T23:59:59+01:00,947,689,1613,2082,1566,3214,1837,4737,2462,3980,1525,1583,4931,7185,3865,7987,209,263,662,1244,814,1991,1035,3109,1405,2601,864,1004,2663,3959,2041,4667,44153,28528,2296,3,3754,0,0
2021-02-13T23:59:59+01:00,894,665,1583,2059,1551,3206,1821,4730,2454,3979,1524,1582,4931,7185,3864,7986,207,262,660,1244,814,1987,1035,3108,1404,2599,863,1004,2561,3835,1977,4567,44147,28124,2296,3,3571,0,0
2021-02-12T23:59:59+01:00,560,517,1233,1943,1379,3103,1681,4648,2347,3909,1505,1573,4922,7174,3858,7980,195,256,648,1219,800,1943,1009,3023,1350,2501,801,931,2338,3524,1835,4266,44034,26637,2296,2,2002,0,0
2021-02-11T23:59:59+01:00,394,441,1043,1830,1277,2984,1583,4534,2259,3820,1398,1529,4860,7125,3837,7933,157,192,548,977,664,1499,810,2354,1071,1911,566,683,1740,2652,1354,3079,43682,20256,2099,1,1066,0,0
2021-02-10T23:59:59+01:00,281,369,917,1725,1177,2861,1488,4349,2146,3697,1361,1516,4841,7114,3832,7931,135,131,377,616,492,1010,640,1743,903,1577,545,668,1334,2091,1039,2584,43606,15885,1995,0,4,0,0
2021-02-09T23:59:59+01:00,281,368,916,1719,1174,2852,1488,4344,2145,3692,1354,1513,4839,7112,3831,7929,132,129,368,587,473,983,619,1714,878,1546,543,665,956,1627,762,2181,43582,14163,1972,0,3,0,0
2021-02-08T23:59:59+01:00,281,366,915,1717,1171,2842,1481,4338,2143,3688,1349,1509,4836,7112,3830,7926,127,123,357,576,465,966,608,1682,860,1520,535,660,565,1140,459,1757,43552,12400,1949,0,3,0,0
2021-02-07T23:59:59+01:00,281,366,913,1717,1170,2842,1479,4336,2143,3688,1349,1509,4836,7111,3830,7926,123,120,353,570,464,959,605,1670,851,1504,527,656,564,1130,454,1742,43548,12292,1948,0,0,0,0
2021-02-06T23:59:59+01:00,281,366,913,1717,1170,2842,1479,4336,2143,3688,1349,1509,4836,7111,3830,7926,120,117,351,567,463,958,605,1668,851,1503,526,655,564,1130,454,1742,43548,12274,1948,0,0,0,0
2021-02-05T23:59:59+01:00,281,365,912,1717,1170,2841,1477,4335,2142,3688,1349,1509,4835,7109,3830,7923,119,109,348,563,455,945,601,1658,837,1480,521,645,558,1114,444,1720,43535,12117,1948,0,0,0,0
2021-02-04T23:59:59+01:00,278,360,905,1679,1163,2795,1476,4283,2129,3645,1341,1502,4807,7078,3819,7893,90,71,232,390,331,687,473,1269,627,1111,391,512,468,912,388,1485,43206,9437,1947,0,0,0,0
2021-02-03T23:59:59+01:00,276,351,900,1654,1159,2760,1465,4234,2120,3609,1333,1486,4785,7049,3807,7867,56,33,80,167,152,341,232,596,302,541,210,278,273,575,226,944,42908,5006,1947,0,0,0,0
2021-02-02T23:59:59+01:00,275,349,899,1642,1155,2741,1462,4202,2113,3583,1325,1480,4778,7036,3800,7845,17,10,25,50,60,97,73,164,96,121,45,74,67,126,50,193,42738,1268,1947,0,0,0,0
2021-02-01T23:59:59+01:00,275,344,899,1640,1154,2740,1461,4198,2112,3577,1324,1479,4776,7035,3800,7845,15,9,21,44,51,88,60,136,73,102,39,65,57,116,49,180,42712,1105,1947,0,0,0,0
2021-01-31T23:59:59+01:00,275,343,899,1636,1153,2736,1461,4193,2112,3574,1323,1479,4776,7034,3800,7845,14,8,20,38,44,80,54,125,63,96,34,54,47,108,46,174,42692,1005,1947,0,0,0,0
2021-01-30T23:59:59+01:00,275,343,894,1633,1145,2728,1453,4187,2108,3571,1323,1479,4724,6975,3755,7787,14,8,20,37,44,80,53,124,63,96,34,54,47,108,46,174,42467,1002,1913,0,0,0,0
2021-01-29T23:59:59+01:00,274,342,879,1625,1133,2707,1441,4157,2087,3544,1314,1473,4562,6772,3591,7583,12,8,20,37,41,80,52,122,60,95,32,49,46,108,46,174,41681,982,1803,0,0,0,0
2021-01-28T23:59:59+01:00,270,329,860,1538,1093,2597,1404,4057,2017,3469,1287,1461,4228,6303,3328,7230,8,4,9,17,22,39,21,56,35,63,20,31,31,70,36,117,39913,579,1558,0,0,0,0
2021-01-27T23:59:59+01:00,264,326,818,1483,1046,2503,1341,3960,1944,3362,1248,1434,3817,5741,3011,6771,4,4,9,8,12,21,8,22,13,29,11,13,15,39,14,56,37962,278,1107,0,0,0,0
2021-01-26T23:59:59+01:00,258,317,784,1437,981,2418,1280,3833,1827,3257,1190,1383,3473,5187,2663,6261,2,1,5,3,5,7,4,2,2,8,6,5,3,7,3,8,35888,71,661,0,0,0,0
2021-01-25T23:59:59+01:00,248,308,732,1376,920,2299,1179,3688,1668,3139,1111,1353,3080,4676,2354,5795,2,1,5,2,3,7,2,2,2,8,6,5,3,7,3,8,33866,66,60,0,0,0,0
2021-01-24T23:59:59+01:00,245,308,726,1372,909,2283,1174,3672,1641,3109,1105,1351,3054,4640,2337,5773,2,1,3,2,3,7,2,2,2,8,6,5,3,7,3,8,33692,64,7,0,0,0,0
2021-01-23T23:59:59+01:00,244,307,725,1372,909,2279,1173,3671,1638,3107,1104,1351,2949,4515,2271,5672,2,1,3,2,2,7,2,2,2,8,6,5,3,7,3,8,33281,63,6,0,0,0,0
2021-01-22T23:59:59+01:00,243,304,723,1357,907,2266,1167,3657,1634,3103,1102,1350,2790,4321,2169,5530,2,1,3,2,2,7,2,2,2,8,6,5,3,7,3,8,32617,63,6,0,0,0,0
2021-01-21T23:59:59+01:00,239,275,660,1201,839,2054,1086,3372,1537,2897,1060,1308,2447,3855,1880,5095,2,0,3,1,2,7,2,2,2,8,6,4,3,7,3,8,29799,60,6,0,0,0,0
2021-01-20T23:59:59+01:00,215,211,500,850,664,1563,886,2671,1300,2429,965,1174,1918,3109,1471,4331,2,0,3,1,2,7,2,2,2,6,5,4,3,7,3,8,24251,57,6,0,0,0,0
2021-01-19T23:59:59+01:00,188,192,453,743,610,1407,799,2371,1127,2122,798,918,1276,2185,1014,3267,0,0,2,1,0,0,0,0,1,1,1,0,0,0,0,0,19467,6,3,0,0,0,0
2021-01-18T23:59:59+01:00,139,137,376,618,487,1053,646,1827,937,1634,592,710,635,1265,512,1962,0,0,1,0,0,0,0,0,0,0,0,0,0,0,0,0,13528,1,2,0,0,0,0
2021-01-17T23:59:59+01:00,128,123,362,581,472,988,617,1710,878,1535,543,670,588,1168,470,1819,0,0,0,0,0,0,0,0,0,0,0,0,0,0,0,0,12652,0,0,0,0,0,0
2021-01-16T23:59:59+01:00,121,119,359,578,470,977,611,1697,872,1528,542,669,587,1163,466,1807,0,0,0,0,0,0,0,0,0,0,0,0,0,0,0,0,12566,0,0,0,0,0,0
2021-01-15T23:59:59+01:00,119,112,356,573,462,961,607,1686,857,1504,536,657,580,1147,458,1785,0,0,0,0,0,0,0,0,0,0,0,0,0,0,0,0,12400,0,0,0,0,0,0
2021-01-14T23:59:59+01:00,98,90,273,464,391,783,504,1415,699,1214,418,529,500,959,403,1607,0,0,0,0,0,0,0,0,0,0,0,0,0,0,0,0,10347,0,0,0,0,0,0
2021-01-13T23:59:59+01:00,68,50,162,282,255,519,352,923,477,780,258,324,311,634,258,1030,0,0,0,0,0,0,0,0,0,0,0,0,0,0,0,0,6683,0,0,0,0,0,0
2021-01-12T23:59:59+01:00,32,22,48,101,113,212,150,382,199,334,135,175,162,351,146,566,0,0,0,0,0,0,0,0,0,0,0,0,0,0,0,0,3128,0,0,0,0,0,0
2021-01-11T23:59:59+01:00,19,11,32,64,60,110,76,168,91,125,39,65,60,121,50,181,0,0,0,0,0,0,0,0,0,0,0,0,0,0,0,0,1272,0,0,0,0,0,0
2021-01-10T23:59:59+01:00,16,7,26,53,53,98,66,153,75,111,33,55,50,112,46,172,0,0,0,0,0,0,0,0,0,0,0,0,0,0,0,0,1126,0,0,0,0,0,0
2021-01-09T23:59:59+01:00,15,7,25,51,52,97,63,152,75,109,33,55,50,112,46,172,0,0,0,0,0,0,0,0,0,0,0,0,0,0,0,0,1114,0,0,0,0,0,0
2021-01-08T23:59:59+01:00,12,7,23,48,47,92,59,139,69,105,31,50,49,112,46,172,0,0,0,0,0,0,0,0,0,0,0,0,0,0,0,0,1061,0,0,0,0,0,0
2021-01-07T23:59:59+01:00,8,4,8,18,21,40,22,56,37,65,19,33,36,75,36,116,0,0,0,0,0,0,0,0,0,0,0,0,0,0,0,0,594,0,0,0,0,0,0
2021-01-06T23:59:59+01:00,8,4,8,15,14,30,14,39,24,53,15,25,30,67,34,101,0,0,0,0,0,0,0,0,0,0,0,0,0,0,0,0,481,0,0,0,0,0,0
2021-01-05T23:59:59+01:00,8,4,8,15,14,30,14,39,24,53,15,25,29,67,34,101,0,0,0,0,0,0,0,0,0,0,0,0,0,0,0,0,480,0,0,0,0,0,0
2021-01-04T23:59:59+01:00,3,4,7,5,4,14,3,7,5,16,6,5,6,16,4,13,0,0,0,0,0,0,0,0,0,0,0,0,0,0,0,0,118,0,0,0,0,0,0
2021-01-03T23:59:59+01:00,2,1,2,2,2,7,2,3,2,9,4,4,3,8,3,8,0,0,0,0,0,0,0,0,0,0,0,0,0,0,0,0,62,0,0,0,0,0,0
2021-01-02T23:59:59+01:00,2,1,2,2,2,7,2,3,2,9,4,4,3,8,3,8,0,0,0,0,0,0,0,0,0,0,0,0,0,0,0,0,62,0,0,0,0,0,0
2021-01-01T23:59:59+01:00,2,1,2,2,2,7,2,3,2,9,4,4,3,8,3,8,0,0,0,0,0,0,0,0,0,0,0,0,0,0,0,0,62,0,0,0,0,0,0
2020-12-31T23:59:59+01:00,2,1,2,1,2,7,2,2,2,8,4,4,3,8,3,8,0,0,0,0,0,0,0,0,0,0,0,0,0,0,0,0,59,0,0,0,0,0,0
2020-12-30T23:59:59+01:00,2,1,2,1,2,7,2,2,2,6,4,4,3,8,3,8,0,0,0,0,0,0,0,0,0,0,0,0,0,0,0,0,57,0,0,0,0,0,0
2020-12-29T23:59:59+01:00,2,1,1,1,2,6,2,2,2,6,2,2,2,8,2,7,0,0,0,0,0,0,0,0,0,0,0,0,0,0,0,0,48,0,0,0,0,0,0
2020-12-28T23:59:59+01:00,1,0,1,1,0,2,1,0,0,3,0,1,0,1,1,4,0,0,0,0,0,0,0,0,0,0,0,0,0,0,0,0,16,0,0,0,0,0,0
2020-12-27T23:59:59+01:00,0,0,0,0,0,1,1,0,0,2,0,1,0,1,1,4,0,0,0,0,0,0,0,0,0,0,0,0,0,0,0,0,11,0,0,0,0,0,0
