Datum,<24_1_m,<24_1_w,25-34_1_m,25-34_1_w,35-44_1_m,35-44_1_w,45-54_1_m,45-54_1_w,55-64_1_m,55-64_1_w,65-74_1_m,65-74_1_w,75-84_1_m,75-84_1_w,>84_1_m,>84_1_w,<24_2_m,<24_2_w,25-34_2_m,25-34_2_w,35-44_2_m,35-44_2_w,45-54_2_m,45-54_2_w,55-64_2_m,55-64_2_w,65-74_2_m,65-74_2_w,75-84_2_m,75-84_2_w,>84_2_m,>84_2_w,bp_1,bp_2,mo_1,mo_2,az_1,az_2,ja
2021-04-27T23:59:59+02:00,4836,5430,8144,10216,9430,14835,13629,22079,33325,36882,40962,43759,31381,41422,9165,16833,880,975,1815,2545,2388,4057,3549,6301,6322,6532,7502,6454,21244,28484,8071,14801,210917,111761,34518,9910,96893,249,0
2021-04-26T23:59:59+02:00,4810,5402,8075,10178,9334,14788,13404,21958,28566,32089,40245,43084,31321,41341,9157,16826,849,964,1787,2533,2364,4038,3527,6286,6283,6498,7465,6413,21226,28463,8071,14800,199245,111610,34513,9894,96820,63,0
2021-04-25T23:59:59+02:00,4786,5386,8042,10156,9269,14758,13321,21917,26344,29757,39822,42644,31280,41304,9156,16821,836,957,1777,2521,2350,4023,3501,6268,6254,6470,7445,6398,21221,28454,8071,14798,198621,111608,29444,9674,96698,62,0
2021-04-24T23:59:59+02:00,4764,5371,8016,10130,9224,14743,13273,21892,24639,27883,39286,42030,31230,41248,9153,16816,835,957,1774,2519,2350,4020,3501,6266,6254,6466,7443,6398,21220,28454,8071,14798,193625,111592,29444,9674,96629,60,0
2021-04-23T23:59:59+02:00,4447,5183,7556,9836,8795,14385,12700,21490,24219,27616,39216,41978,31216,41226,9148,16812,821,947,1754,2505,2331,4004,3479,6246,6234,6447,7428,6379,21216,28445,8071,14798,193315,111577,29429,9480,93079,48,0
2021-04-22T23:59:59+02:00,4342,5114,7370,9736,8527,14199,12239,21149,21630,24898,36886,39211,30799,40692,9089,16704,807,936,1727,2478,2273,3947,3407,6184,6130,6360,7353,6300,21168,28403,8069,14788,180749,111484,29301,8801,92535,45,0
2021-04-21T23:59:59+02:00,4314,5081,7235,9656,8348,14030,11866,20836,20126,23380,34021,35911,30429,40136,9035,16599,782,918,1690,2452,2233,3925,3378,6159,6097,6321,7320,6271,21151,28385,8066,14783,169403,111396,29130,8490,92470,45,0
2021-04-20T23:59:59+02:00,4280,5046,7117,9588,8141,13869,11465,20529,18848,22010,30997,32559,30047,39652,8992,16508,775,907,1671,2441,2201,3900,3334,6107,6056,6291,7287,6230,21127,28366,8062,14779,158124,111259,29110,8232,92414,43,0
2021-04-19T23:59:59+02:00,4254,5027,7043,9547,8027,13765,11194,20332,18141,21277,30192,31554,29831,39363,8957,16447,765,901,1649,2426,2174,3870,3298,6075,6025,6259,7236,6197,21108,28344,8060,14775,153506,111133,29094,7988,92351,41,0
2021-04-18T23:59:59+02:00,4248,5022,7031,9533,8009,13749,11158,20295,18061,21200,30085,31450,29812,39346,8955,16445,763,897,1632,2415,2160,3853,3273,6047,5995,6240,7212,6185,21091,28323,8057,14773,153062,111074,29029,7801,92308,41,0
2021-04-17T23:59:59+02:00,4247,5020,7027,9532,8007,13749,11155,20287,18046,21192,30065,31438,29809,39345,8955,16445,763,896,1632,2415,2159,3852,3271,6045,5993,6239,7211,6185,21091,28323,8057,14773,152989,111064,29029,7801,92301,40,0
2021-04-16T23:59:59+02:00,4054,4971,6686,9395,7643,13563,10751,20029,17604,20937,29887,31289,29744,39264,8945,16429,749,877,1619,2401,2133,3839,3212,6006,5955,6187,7121,6092,20706,27790,8030,14716,152250,109793,29023,7603,89918,37,0
2021-04-15T23:59:59+02:00,3937,4874,6313,9016,7069,13046,9939,19132,16281,19740,28766,30064,29313,38726,8885,16278,716,853,1566,2361,2054,3754,3092,5875,5627,5947,6627,5707,20062,26942,7959,14582,146694,106617,28779,7075,85906,32,0
2021-04-14T23:59:59+02:00,3873,4815,6107,8809,6750,12682,9338,18580,15207,18710,27425,28662,28784,37967,8793,16118,681,824,1519,2321,1980,3679,2952,5749,5319,5699,6106,5230,19141,25725,7892,14436,140190,102604,28588,6621,83842,28,0
2021-04-13T23:59:59+02:00,3839,4780,6012,8729,6600,12561,9039,18327,14294,17908,24196,25216,28017,36985,8712,15974,675,815,1507,2295,1955,3646,2852,5684,5103,5508,5758,4905,18889,25443,7861,14377,128971,100652,28580,6594,83638,27,0
2021-04-12T23:59:59+02:00,3817,4753,5962,8677,6519,12485,8799,18104,13666,17333,23231,24141,27687,36531,8656,15867,665,807,1498,2287,1932,3627,2791,5632,4941,5394,5448,4630,18641,25165,7827,14329,124135,99137,28566,6450,83527,27,0
2021-04-11T23:59:59+02:00,3810,4746,5943,8653,6490,12466,8757,18078,13568,17264,23114,24018,27641,36466,8648,15847,661,803,1486,2276,1919,3619,2773,5617,4902,5351,5389,4572,18476,24942,7810,14302,123616,98489,28501,6382,83392,27,0
2021-04-10T23:59:59+02:00,3798,4745,5924,8653,6467,12465,8740,18077,13553,17262,23107,24015,27638,36466,8648,15847,658,801,1481,2271,1914,3615,2767,5609,4886,5343,5376,4555,18320,24698,7797,14280,123596,97993,28419,6351,83390,27,0
2021-04-09T23:59:59+02:00,3752,4730,5880,8643,6412,12446,8698,18051,13502,17209,21090,21526,27289,36008,8622,15810,643,784,1458,2247,1888,3596,2717,5565,4815,5292,5268,4457,17777,23991,7771,14224,122918,96319,23442,6155,83308,19,0
2021-04-08T23:59:59+02:00,3722,4713,5814,8617,6340,12402,8613,17991,13353,17091,18433,18375,26938,35542,8591,15772,594,750,1381,2166,1795,3509,2520,5387,4339,4948,4528,3864,16127,21915,7622,13961,122093,89797,17759,5590,82455,19,0
2021-04-07T23:59:59+02:00,3625,4681,5610,8572,6136,12340,8389,17924,13106,16986,15630,15143,26571,35102,8566,15729,571,716,1329,2116,1698,3426,2363,5233,3908,4637,3840,3316,15395,21137,7528,13815,121897,85775,16262,5245,75951,8,0
2021-04-06T23:59:59+02:00,3594,4671,5565,8552,6068,12314,8300,17887,13033,16909,13412,12513,26254,34765,8554,15704,535,692,1259,2060,1615,3344,2186,5098,3524,4380,3325,2888,14641,20214,7465,13716,121778,82296,16062,4643,70255,3,0
2021-04-05T23:59:59+02:00,3589,4666,5527,8540,6032,12304,8247,17867,12962,16873,13365,12465,26245,34746,8553,15702,501,655,1200,2027,1564,3305,2123,5041,3443,4307,3271,2847,14510,20049,7456,13702,121757,81842,15857,4156,70069,3,0
2021-04-04T23:59:59+02:00,3588,4665,5527,8539,6032,12304,8246,17865,12962,16873,13363,12465,26245,34746,8553,15702,501,654,1200,2027,1564,3305,2123,5041,3443,4307,3271,2847,14509,20049,7456,13702,121753,81840,15857,4156,70065,3,0
2021-04-03T23:59:59+02:00,3588,4665,5527,8538,6032,12304,8246,17865,12962,16873,13362,12463,26244,34744,8553,15702,501,653,1200,2027,1563,3305,2123,5039,3436,4304,3266,2839,14426,19915,7447,13688,121747,81573,15857,4156,70064,3,0
2021-04-02T23:59:59+02:00,3587,4662,5525,8533,6027,12296,8237,17852,12932,16842,13318,12410,26223,34733,8550,15698,497,645,1198,2023,1551,3298,2112,5015,3405,4268,3237,2810,13513,18664,7399,13608,121589,79164,15854,4076,69982,3,0
2021-04-01T23:59:59+02:00,3570,4647,5490,8515,5967,12263,8155,17818,12830,16769,13222,12298,26170,34667,8543,15686,437,596,1108,1955,1450,3217,1964,4901,3204,4126,3015,2618,11568,16115,7309,13467,121298,73755,15753,3292,69559,3,0
2021-03-31T23:59:59+02:00,3566,4633,5469,8483,5934,12227,8113,17775,12755,16690,13103,12182,26129,34619,8537,15678,398,572,1066,1911,1378,3176,1849,4787,2954,3921,2575,2320,9085,12939,7156,13269,121006,66406,15713,2947,69174,3,0
2021-03-30T23:59:59+02:00,3558,4623,5445,8458,5907,12199,8075,17734,12676,16617,13019,12060,26101,34576,8534,15669,377,551,1042,1880,1318,3139,1715,4704,2721,3747,2209,2082,8286,11899,7108,13171,120889,63269,15686,2677,68676,3,0
2021-03-29T23:59:59+02:00,3545,4619,5420,8440,5877,12169,8032,17703,12595,16537,12106,10910,24569,32546,8416,15454,370,549,1037,1862,1295,3115,1672,4658,2569,3659,1915,1925,7676,11206,7070,13104,115067,61007,15520,2674,68351,1,0
2021-03-28T23:59:59+02:00,3513,4595,5370,8410,5828,12125,7949,17650,12490,16462,11398,10103,23089,30680,8370,15377,369,547,1035,1861,1288,3111,1665,4656,2557,3651,1894,1905,7656,11194,7068,13100,115006,60884,10493,2672,67910,1,0
2021-03-27T23:59:59+01:00,3500,4590,5332,8401,5791,12111,7899,17635,12450,16411,11369,10067,23086,30674,8370,15377,369,547,1035,1861,1288,3111,1664,4653,2555,3649,1892,1904,7599,11113,7041,13060,114941,60668,10493,2672,67629,1,0
2021-03-26T23:59:59+01:00,3346,4157,4857,7251,5297,10753,7276,15464,11671,14413,11184,9899,22630,29986,8332,15314,368,544,1033,1857,1282,3109,1663,4652,2549,3644,1883,1899,7442,10902,6929,12901,113452,59997,10239,2659,58139,1,0
2021-03-25T23:59:59+01:00,3216,3809,4692,6491,5071,9564,6932,13672,10937,12772,10338,9139,22010,29222,8275,15178,363,536,1024,1846,1271,3091,1641,4615,2510,3594,1814,1839,7124,10401,6693,12543,110605,58251,9541,2654,51172,0,0
2021-03-24T23:59:59+01:00,3161,3769,4624,6422,4936,9462,6712,13496,10406,12328,9511,8330,21088,28035,8197,15029,361,530,1015,1840,1253,3080,1628,4586,2461,3545,1749,1764,6700,9860,6354,11987,106650,56073,9191,2640,49665,0,0
2021-03-23T23:59:59+01:00,3131,3731,4541,6350,4831,9368,6481,13315,9944,11893,8825,7688,20644,27520,8152,14931,348,516,996,1831,1239,3060,1596,4561,2407,3492,1671,1703,6358,9378,6042,11491,104354,54050,8854,2639,48137,0,0
2021-03-22T23:59:59+01:00,3111,3695,4486,6309,4750,9298,6335,13168,9568,11592,8231,7146,20289,27139,8103,14850,342,512,985,1825,1225,3043,1582,4547,2381,3463,1646,1680,6133,9077,5694,10813,102905,52314,8596,2634,46569,0,0
2021-03-21T23:59:59+01:00,3102,3679,4440,6287,4703,9261,6239,13094,9374,11398,7925,6900,20160,27007,8094,14827,342,512,984,1825,1224,3043,1581,4546,2378,3463,1638,1675,6119,9067,5669,10761,102707,52210,8369,2617,45414,0,0
2021-03-20T23:59:59+01:00,3101,3674,4432,6283,4697,9259,6235,13087,9350,11383,7900,6872,19994,26738,8079,14803,342,512,984,1824,1223,3043,1580,4545,2375,3454,1625,1661,6072,8984,5526,10562,102163,51719,8357,2593,45367,0,0
2021-03-19T23:59:59+01:00,3057,3643,4355,6246,4594,9213,6074,13021,9097,11195,7626,6668,19549,26190,8057,14753,342,512,983,1822,1223,3041,1578,4543,2367,3449,1610,1652,5965,8853,5196,10045,100921,50611,8121,2570,44296,0,0
2021-03-18T23:59:59+01:00,2981,3562,4179,6107,4353,9008,5668,12691,8147,10494,6399,5645,18420,24974,7940,14553,338,508,979,1812,1207,3027,1537,4523,2300,3407,1539,1610,5770,8557,4598,9148,96120,48328,7583,2532,41418,0,0
2021-03-17T23:59:59+01:00,2945,3514,4090,6008,4214,8885,5387,12391,7441,9923,5417,4750,17200,23533,7799,14340,334,507,975,1803,1202,3017,1521,4502,2225,3379,1477,1566,5639,8331,4125,8435,90858,46563,7081,2475,39898,0,0
2021-03-16T23:59:59+01:00,2921,3482,4025,5938,4119,8791,5195,12223,6963,9534,4654,4119,16426,22615,7714,14194,330,505,972,1798,1198,3009,1514,4493,2201,3359,1449,1548,5505,8153,3721,7773,87258,45131,7050,2397,38605,0,0
2021-03-15T23:59:59+01:00,2917,3468,4009,5922,4087,8767,5142,12174,6834,9414,4507,3948,16133,22241,7692,14143,328,501,971,1792,1192,3001,1497,4481,2177,3337,1407,1535,5326,7922,3275,7077,86512,43568,6955,2251,37931,0,0
2021-03-14T23:59:59+01:00,2912,3460,3992,5906,4055,8753,5094,12138,6743,9319,4411,3847,16019,22077,7675,14111,326,500,970,1790,1186,2995,1491,4471,2165,3330,1397,1529,5319,7913,3271,7064,86201,43508,6939,2209,37372,0,0
2021-03-13T23:59:59+01:00,2908,3453,3990,5899,4047,8747,5086,12126,6722,9306,4388,3822,15712,21649,7657,14079,326,500,970,1790,1186,2995,1491,4471,2165,3330,1396,1529,5319,7912,3271,7064,85336,43507,6916,2208,37339,0,0
2021-03-12T23:59:59+01:00,2834,3363,3889,5731,3923,8519,4947,11816,6546,9064,4249,3689,14817,20409,7606,13999,326,498,968,1788,1186,2992,1488,4465,2165,3324,1389,1527,5311,7889,3269,7052,82933,43430,6853,2207,35615,0,0
2021-03-11T23:59:59+01:00,2688,3109,3669,5406,3671,8054,4590,11027,5929,8297,3752,3236,13306,18477,7526,13875,326,498,963,1784,1185,2979,1478,4449,2152,3304,1345,1498,5274,7854,3259,7026,78717,43289,6693,2085,31202,0,0
2021-03-10T23:59:59+01:00,2548,2951,3523,5173,3482,7724,4293,10520,5371,7743,3184,2799,11145,15826,7402,13679,323,494,957,1772,1180,2970,1472,4434,2128,3287,1315,1492,5245,7840,3251,7019,72530,43222,6524,1957,28309,0,0
2021-03-09T23:59:59+01:00,2517,2881,3457,5097,3370,7624,4103,10311,4963,7401,2701,2438,9719,13882,7324,13561,322,492,957,1765,1173,2963,1468,4426,2122,3277,1301,1488,5238,7837,3248,7018,67783,43188,6375,1907,27191,0,0
2021-03-08T23:59:59+01:00,2487,2808,3403,5030,3297,7543,3970,10187,4660,7202,2241,2177,7857,11502,7219,13421,322,489,956,1755,1167,2946,1461,4415,2118,3272,1292,1477,5220,7816,3243,7009,62158,43077,6039,1881,26807,0,0
2021-03-07T23:59:59+01:00,2420,2742,3308,4924,3199,7460,3865,10092,4539,7118,2190,2128,7838,11483,7219,13414,322,488,955,1755,1167,2946,1461,4415,2118,3272,1292,1477,5220,7816,3243,7009,62031,43075,5362,1881,26546,0,0
2021-03-06T23:59:59+01:00,2412,2727,3296,4918,3195,7454,3856,10082,4528,7114,2188,2127,7784,11408,7193,13373,322,488,954,1751,1166,2944,1461,4412,2114,3268,1289,1472,5216,7809,3241,7001,61823,43027,5302,1881,26530,0,0
2021-03-05T23:59:59+01:00,2265,2622,3070,4730,2961,7131,3572,9673,4212,6813,2122,2071,7549,11070,7034,13145,322,486,953,1748,1166,2943,1461,4406,2110,3261,1284,1471,5210,7801,3241,6996,60857,42978,4462,1881,24721,0,0
2021-03-04T23:59:59+01:00,1999,2365,2663,4288,2520,6488,2978,8722,3593,6107,1928,1928,7241,10628,6797,12786,320,485,952,1739,1162,2925,1460,4392,2098,3252,1276,1470,5198,7788,3235,6987,59243,42861,3188,1878,20600,0,0
2021-03-03T23:59:59+01:00,1925,2262,2557,4126,2403,6268,2839,8436,3434,5888,1850,1856,6847,10076,6501,12301,319,481,952,1728,1160,2901,1453,4364,2095,3242,1252,1458,5194,7783,3231,6979,57248,42714,3045,1878,19276,0,0
2021-03-02T23:59:59+01:00,1885,2166,2488,4013,2320,6119,2735,8256,3327,5755,1775,1791,6471,9523,6185,11760,315,474,950,1709,1157,2881,1449,4346,2093,3231,1232,1453,5187,7764,3226,6973,55171,42562,2807,1878,18591,0,0
2021-03-01T23:59:59+01:00,1870,2135,2447,3902,2274,6008,2698,8157,3278,5681,1733,1767,6242,9230,5812,11038,314,470,947,1705,1155,2870,1448,4331,2091,3216,1226,1450,5185,7762,3225,6968,53327,42485,2795,1878,18150,0,0
2021-02-28T23:59:59+01:00,1852,2096,2412,3834,2247,5948,2655,8081,3254,5640,1728,1765,6227,9218,5784,10986,314,470,946,1705,1155,2870,1448,4330,2091,3215,1226,1450,5185,7762,3225,6968,53208,42483,2793,1877,17726,0,0
2021-02-27T23:59:59+01:00,1848,2087,2410,3832,2243,5948,2654,8080,3251,5636,1723,1753,6187,9145,5646,10800,314,470,935,1701,1144,2860,1439,4324,2077,3206,1225,1447,5185,7761,3225,6968,52749,42479,2793,1802,17701,0,0
2021-02-26T23:59:59+01:00,1650,1911,2295,3589,2163,5522,2558,7561,3169,5237,1714,1737,6116,9057,5432,10470,313,467,928,1693,1136,2839,1432,4303,2065,3196,1220,1438,5178,7745,3221,6959,52009,42401,2771,1732,15401,0,0
2021-02-25T23:59:59+01:00,1413,1597,2085,3154,1992,4737,2348,6551,2953,4460,1635,1681,5972,8830,4962,9792,310,455,920,1631,1102,2738,1394,4195,2012,3130,1190,1420,5135,7696,3203,6915,50152,41937,2759,1509,11251,0,0
2021-02-24T23:59:59+01:00,1349,1355,1982,2889,1889,4395,2217,6142,2781,4223,1570,1641,5794,8535,4338,8831,307,445,878,1584,1051,2647,1337,4076,1922,3010,1157,1397,5118,7672,3196,6898,47848,41681,2750,1014,9333,0,0
2021-02-23T23:59:59+01:00,1333,1301,1948,2829,1863,4296,2193,6054,2751,4173,1563,1628,5637,8314,3829,7987,307,444,847,1550,1002,2590,1284,4003,1810,2944,1116,1378,5100,7645,3185,6862,46082,41483,2724,584,8893,0,0
2021-02-22T23:59:59+01:00,1320,1250,1898,2691,1818,4152,2135,5849,2709,4089,1552,1619,5479,8099,3358,7274,305,433,805,1510,946,2503,1191,3897,1664,2852,1041,1323,5057,7573,3160,6765,44490,41021,2705,4,8097,0,0
2021-02-21T23:59:59+01:00,1315,1228,1868,2631,1792,4057,2110,5738,2689,4044,1547,1615,5476,8089,3358,7272,302,430,801,1499,938,2475,1189,3859,1653,2816,1031,1312,5039,7546,3139,6728,44441,40753,2694,4,7694,0,0
2021-02-20T23:59:59+01:00,1315,1228,1868,2631,1791,4057,2110,5738,2688,4038,1538,1609,5472,8083,3356,7269,302,430,801,1497,937,2472,1188,3854,1652,2815,1031,1312,4981,7474,3101,6682,44429,40526,2669,3,7693,0,0
2021-02-19T23:59:59+01:00,1315,1225,1865,2624,1790,4050,2109,5728,2684,4034,1518,1600,5458,8068,3354,7263,300,428,797,1488,928,2444,1183,3812,1621,2765,1002,1274,4768,7180,2953,6426,44350,39366,2647,3,7688,0,0
2021-02-18T23:59:59+01:00,1282,1129,1826,2505,1751,3912,2046,5509,2630,3891,1508,1587,5446,8033,3351,7240,271,388,751,1362,879,2234,1099,3464,1502,2495,893,1082,4251,6348,2609,5661,44203,35286,2618,3,6825,0,0
2021-02-17T23:59:59+01:00,1230,970,1752,2293,1679,3609,1947,5146,2560,3699,1490,1578,5423,8020,3342,7236,265,380,742,1349,868,2210,1086,3430,1486,2477,886,1079,3837,5759,2368,5317,44161,33536,2559,3,5254,0,0
2021-02-16T23:59:59+01:00,1187,928,1700,2188,1618,3441,1883,4961,2488,3614,1453,1562,5399,7999,3335,7225,258,372,724,1312,850,2157,1050,3310,1454,2404,864,1058,3436,5145,2091,4911,44108,31393,2395,3,4478,0,0
2021-02-15T23:59:59+01:00,1179,905,1682,2112,1602,3345,1861,4848,2469,3545,1430,1552,5362,7975,3314,7180,245,359,707,1277,832,2109,1029,3242,1416,2342,833,1029,2976,4524,1810,4430,43987,29158,2308,2,4066,0,0
2021-02-14T23:59:59+01:00,1079,864,1611,2087,1542,3326,1818,4827,2435,3533,1422,1548,5356,7964,3311,7175,238,346,695,1257,816,2075,1012,3169,1381,2279,803,980,2880,4381,1752,4252,43946,28314,2272,2,3680,0,0
2021-02-13T23:59:59+01:00,1017,836,1590,2066,1525,3319,1805,4821,2427,3532,1421,1547,5356,7964,3310,7174,235,346,694,1257,816,2071,1012,3168,1379,2277,803,980,2771,4246,1700,4169,43940,27922,2272,2,3498,0,0
2021-02-12T23:59:59+01:00,636,672,1267,1953,1370,3220,1667,4735,2322,3472,1407,1541,5346,7952,3305,7168,222,337,682,1232,801,2024,988,3081,1318,2181,748,910,2528,3902,1584,3904,43826,26441,2272,1,1935,0,0
2021-02-11T23:59:59+01:00,444,577,1100,1850,1270,3101,1575,4622,2227,3390,1306,1498,5287,7905,3286,7122,178,263,580,973,660,1568,784,2382,1031,1645,529,672,1877,2915,1160,2803,43475,20020,2076,0,1009,0,0
2021-02-10T23:59:59+01:00,323,488,974,1759,1186,2968,1482,4447,2130,3293,1272,1486,5268,7898,3282,7121,153,175,399,617,494,1056,623,1779,888,1381,514,658,1429,2300,905,2380,43403,15751,1970,0,4,0,0
2021-02-09T23:59:59+01:00,323,485,973,1754,1183,2960,1482,4442,2129,3288,1265,1483,5266,7896,3281,7120,150,169,389,591,475,1028,604,1749,866,1354,512,655,1012,1775,680,2044,43380,14053,1947,0,3,0,0
2021-02-08T23:59:59+01:00,323,484,972,1751,1180,2951,1478,4436,2127,3283,1260,1480,5264,7896,3281,7118,143,162,381,578,466,1011,593,1716,847,1333,505,650,572,1207,440,1700,43357,12304,1924,0,3,0,0
2021-02-07T23:59:59+01:00,323,484,970,1751,1179,2951,1476,4434,2127,3283,1260,1480,5264,7895,3281,7118,139,157,377,572,466,1004,589,1703,837,1318,499,647,571,1194,436,1688,43353,12197,1923,0,0,0,0
2021-02-06T23:59:59+01:00,323,484,970,1751,1179,2951,1476,4434,2127,3283,1260,1480,5264,7895,3281,7118,135,154,375,570,466,1003,589,1701,837,1317,499,647,571,1194,436,1688,43353,12182,1923,0,0,0,0
2021-02-05T23:59:59+01:00,323,483,969,1751,1179,2951,1474,4433,2126,3283,1260,1480,5263,7892,3281,7116,133,145,373,565,459,991,585,1687,821,1298,495,637,564,1178,429,1665,43341,12025,1923,0,0,0,0
2021-02-04T23:59:59+01:00,318,474,962,1712,1174,2906,1471,4376,2114,3248,1254,1475,5234,7859,3270,7089,101,97,247,381,341,740,454,1280,615,983,380,516,479,980,373,1433,43014,9400,1922,0,0,0,0
2021-02-03T23:59:59+01:00,315,464,956,1689,1171,2867,1461,4327,2106,3214,1244,1461,5208,7827,3261,7064,56,46,85,159,155,368,214,593,296,490,209,283,279,629,228,901,42713,4991,1922,0,0,0,0
2021-02-02T23:59:59+01:00,314,462,954,1675,1168,2846,1457,4296,2099,3190,1235,1455,5201,7813,3253,7043,18,15,27,45,59,109,75,161,94,112,46,72,66,146,49,180,42539,1274,1922,0,0,0,0
2021-02-01T23:59:59+01:00,314,459,954,1673,1167,2845,1456,4290,2098,3186,1234,1454,5201,7813,3253,7043,16,14,24,40,49,98,61,133,72,94,41,62,57,138,47,167,42518,1113,1922,0,0,0,0
2021-01-31T23:59:59+01:00,314,456,954,1671,1166,2841,1456,4283,2098,3184,1233,1453,5201,7812,3253,7043,15,12,23,38,42,88,53,124,62,90,39,51,47,131,45,160,42496,1020,1922,0,0,0,0
2021-01-30T23:59:59+01:00,314,456,948,1668,1157,2833,1449,4277,2094,3182,1233,1453,5143,7740,3215,6997,15,12,23,37,42,88,52,123,62,90,39,51,47,131,45,160,42271,1017,1888,0,0,0,0
2021-01-29T23:59:59+01:00,312,455,934,1657,1144,2812,1437,4246,2072,3158,1226,1447,4953,7498,3078,6831,13,12,23,37,39,88,51,121,60,90,37,47,46,131,45,160,41482,1000,1778,0,0,0,0
2021-01-28T23:59:59+01:00,307,431,913,1578,1102,2696,1397,4151,2004,3085,1203,1440,4589,6979,2858,6544,9,6,10,16,22,42,20,60,36,58,21,32,36,87,34,106,39742,595,1535,0,0,0,0
2021-01-27T23:59:59+01:00,300,420,868,1524,1050,2599,1337,4058,1929,2984,1168,1414,4142,6345,2595,6168,4,5,9,7,14,24,6,24,15,24,12,15,17,46,14,54,37814,290,1087,0,0,0,0
2021-01-26T23:59:59+01:00,293,409,828,1471,988,2511,1272,3928,1808,2889,1120,1368,3748,5726,2306,5734,2,2,4,2,6,6,4,6,2,5,8,5,4,8,4,9,35757,77,642,0,0,0,0
2021-01-25T23:59:59+01:00,282,399,777,1409,926,2392,1166,3780,1648,2782,1058,1340,3319,5144,2039,5352,2,2,4,1,4,6,1,6,2,5,8,5,4,8,4,9,33762,71,51,0,0,0,0
2021-01-24T23:59:59+01:00,279,399,769,1403,916,2377,1162,3764,1619,2754,1056,1339,3288,5109,2026,5331,2,2,2,1,4,6,1,6,2,5,8,5,4,8,4,9,33588,69,3,0,0,0,0
2021-01-23T23:59:59+01:00,277,399,769,1403,916,2373,1161,3763,1615,2752,1056,1339,3176,4973,1972,5246,2,2,2,1,3,6,1,6,2,5,8,5,4,8,4,9,33188,68,2,0,0,0,0
2021-01-22T23:59:59+01:00,275,394,767,1390,915,2360,1155,3749,1611,2749,1054,1338,2996,4758,1893,5131,2,2,2,1,3,6,1,6,2,5,8,5,4,8,4,9,32533,68,2,0,0,0,0
2021-01-21T23:59:59+01:00,266,355,703,1226,847,2147,1075,3460,1515,2566,1016,1303,2611,4225,1660,4769,2,1,2,0,3,6,1,6,2,5,8,4,4,8,4,9,29742,65,2,0,0,0,0
2021-01-20T23:59:59+01:00,240,266,534,871,674,1639,875,2760,1304,2168,929,1168,2029,3411,1322,4091,2,1,2,0,3,6,1,5,2,5,8,4,4,8,4,9,24279,64,2,0,0,0,0
2021-01-19T23:59:59+01:00,210,240,485,763,618,1471,785,2438,1125,1881,764,915,1342,2383,930,3131,0,1,1,0,0,0,0,1,1,1,3,0,0,1,0,0,19479,9,2,0,0,0,0
2021-01-18T23:59:59+01:00,158,176,400,628,494,1100,637,1867,922,1443,563,702,639,1341,493,1907,0,0,0,0,0,0,0,0,0,0,0,0,0,1,0,0,13469,1,1,0,0,0,0
2021-01-17T23:59:59+01:00,146,159,386,590,479,1030,606,1745,861,1348,516,664,593,1241,453,1762,0,0,0,0,0,0,0,0,0,0,0,0,0,0,0,0,12579,0,0,0,0,0,0
2021-01-16T23:59:59+01:00,138,155,384,585,477,1020,600,1733,855,1342,516,664,592,1236,449,1748,0,0,0,0,0,0,0,0,0,0,0,0,0,0,0,0,12494,0,0,0,0,0,0
2021-01-15T23:59:59+01:00,135,147,382,578,470,1006,596,1718,838,1322,511,652,584,1219,444,1725,0,0,0,0,0,0,0,0,0,0,0,0,0,0,0,0,12327,0,0,0,0,0,0
2021-01-14T23:59:59+01:00,114,117,292,462,400,837,496,1430,684,1071,407,534,509,1039,393,1552,0,0,0,0,0,0,0,0,0,0,0,0,0,0,0,0,10337,0,0,0,0,0,0
2021-01-13T23:59:59+01:00,74,71,177,280,260,545,344,931,453,695,251,331,321,696,260,980,0,0,0,0,0,0,0,0,0,0,0,0,0,0,0,0,6669,0,0,0,0,0,0
2021-01-12T23:59:59+01:00,37,29,53,97,116,233,146,389,194,299,138,181,167,403,148,538,0,0,0,0,0,0,0,0,0,0,0,0,0,0,0,0,3168,0,0,0,0,0,0
2021-01-11T23:59:59+01:00,24,17,35,59,58,120,74,163,89,114,40,61,60,142,48,167,0,0,0,0,0,0,0,0,0,0,0,0,0,0,0,0,1271,0,0,0,0,0,0
2021-01-10T23:59:59+01:00,19,12,30,49,50,108,63,146,71,104,37,51,51,133,44,158,0,0,0,0,0,0,0,0,0,0,0,0,0,0,0,0,1126,0,0,0,0,0,0
2021-01-09T23:59:59+01:00,18,12,29,47,49,106,60,145,71,103,37,51,51,133,44,158,0,0,0,0,0,0,0,0,0,0,0,0,0,0,0,0,1114,0,0,0,0,0,0
2021-01-08T23:59:59+01:00,15,12,27,45,44,98,55,135,67,100,35,47,50,133,44,158,0,0,0,0,0,0,0,0,0,0,0,0,0,0,0,0,1065,0,0,0,0,0,0
2021-01-07T23:59:59+01:00,9,6,9,18,21,41,19,58,37,60,20,33,39,92,34,105,0,0,0,0,0,0,0,0,0,0,0,0,0,0,0,0,601,0,0,0,0,0,0
2021-01-06T23:59:59+01:00,9,6,8,14,16,30,13,43,25,47,15,23,33,81,32,94,0,0,0,0,0,0,0,0,0,0,0,0,0,0,0,0,489,0,0,0,0,0,0
2021-01-05T23:59:59+01:00,9,6,8,14,16,30,13,43,25,47,15,23,32,81,32,94,0,0,0,0,0,0,0,0,0,0,0,0,0,0,0,0,488,0,0,0,0,0,0
2021-01-04T23:59:59+01:00,3,5,6,4,6,13,1,8,6,13,6,6,7,16,5,14,0,0,0,0,0,0,0,0,0,0,0,0,0,0,0,0,119,0,0,0,0,0,0
2021-01-03T23:59:59+01:00,2,2,1,1,3,6,1,4,2,6,5,4,4,9,4,9,0,0,0,0,0,0,0,0,0,0,0,0,0,0,0,0,63,0,0,0,0,0,0
2021-01-02T23:59:59+01:00,2,2,1,1,3,6,1,4,2,6,5,4,4,9,4,9,0,0,0,0,0,0,0,0,0,0,0,0,0,0,0,0,63,0,0,0,0,0,0
2021-01-01T23:59:59+01:00,2,2,1,1,3,6,1,4,2,6,5,4,4,9,4,9,0,0,0,0,0,0,0,0,0,0,0,0,0,0,0,0,63,0,0,0,0,0,0
2020-12-31T23:59:59+01:00,2,2,1,0,3,6,1,3,2,5,5,4,4,9,4,9,0,0,0,0,0,0,0,0,0,0,0,0,0,0,0,0,60,0,0,0,0,0,0
2020-12-30T23:59:59+01:00,2,2,1,0,3,6,1,3,2,5,5,4,4,9,4,9,0,0,0,0,0,0,0,0,0,0,0,0,0,0,0,0,60,0,0,0,0,0,0
2020-12-29T23:59:59+01:00,2,2,0,0,3,5,1,3,2,5,3,2,3,9,3,8,0,0,0,0,0,0,0,0,0,0,0,0,0,0,0,0,51,0,0,0,0,0,0
2020-12-28T23:59:59+01:00,1,1,0,0,1,1,0,0,0,3,0,1,0,2,1,4,0,0,0,0,0,0,0,0,0,0,0,0,0,0,0,0,15,0,0,0,0,0,0
2020-12-27T23:59:59+01:00,0,0,0,0,1,1,0,0,0,2,0,1,0,1,1,4,0,0,0,0,0,0,0,0,0,0,0,0,0,0,0,0,11,0,0,0,0,0,0
