Datum,<15_m,<15_w,15-24_1_m,15-24_1_w,25-34_1_m,25-34_1_w,35-44_1_m,35-44_1_w,45-54_1_m,45-54_1_w,55-64_1_m,55-64_1_w,65-74_1_m,65-74_1_w,75-84_1_m,75-84_1_w,>84_1_m,>84_1_w,<24_2_m,<24_2_w,25-34_2_m,25-34_2_w,35-44_2_m,35-44_2_w,45-54_2_m,45-54_2_w,55-64_2_m,55-64_2_w,65-74_2_m,65-74_2_w,75-84_2_m,75-84_2_w,>84_2_m,>84_2_w,bp_1,bp_2,mo_1,mo_2,az_1,az_2,ja,unb_1,unb_2
2021-08-29T23:59:59+02:00,4071,3792,39176,37548,53204,45900,58015,54437,70319,68843,85373,83742,59526,63646,38845,50050,12004,21448,35265,33957,49688,42260,54832,50708,66621,64532,81443,79704,57385,61186,37564,48284,11612,20689,630038,591692,78975,75480,109550,103296,31334,42,49
2021-08-28T23:59:59+02:00,4071,3792,39175,37548,53203,45898,58015,54437,70318,68842,85373,83742,59526,63646,38845,50050,12004,21448,35265,33956,49688,42260,54830,50708,66619,64531,81443,79704,57385,61186,37564,48284,11612,20689,630034,591689,78975,75479,109550,103296,31332,42,49
2021-08-27T23:59:59+02:00,4036,3754,39055,37450,53107,45796,57936,54347,70231,68766,85313,83686,59500,63623,38833,50041,12004,21446,35168,33900,49591,42201,54759,50638,66532,64470,81391,79668,57360,61167,37554,48277,11611,20688,629422,591312,78974,75477,109545,103296,30941,42,49
2021-08-26T23:59:59+02:00,3959,3695,38880,37274,52966,45650,57812,54210,70120,68657,85201,83603,59461,63581,38813,50023,11997,21436,35005,33734,49453,42053,54608,50492,66422,64349,81261,79566,57317,61112,37530,48254,11607,20680,628309,590205,78972,75465,109545,103291,30470,42,49
2021-08-25T23:59:59+02:00,3869,3629,38713,37078,52816,45465,57701,54071,70020,68557,85107,83511,59425,63541,38795,50004,11995,21429,34620,33322,49186,41740,54375,50230,66229,64148,81082,79398,57232,61033,37508,48217,11595,20669,627089,587491,78971,75462,109545,103291,30079,42,49
2021-08-24T23:59:59+02:00,3851,3614,38629,37008,52738,45396,57647,54020,69969,68512,85063,83471,59394,63516,38787,49987,11992,21419,34472,33202,49068,41652,54289,50150,66130,64057,80993,79322,57187,60991,37500,48201,11591,20660,626662,586588,78968,75458,109543,103286,29798,42,49
2021-08-23T23:59:59+02:00,3825,3580,38536,36914,52658,45332,57591,53953,69912,68461,85012,83433,59377,63490,38777,49973,11990,21411,34335,33065,48948,41577,54192,50065,66039,63963,80910,79260,57153,60942,37480,48182,11590,20649,626136,585722,78966,75431,109540,103273,29541,42,49
2021-08-22T23:59:59+02:00,3818,3580,38507,36903,52643,45313,57572,53941,69887,68445,84995,83420,59368,63479,38775,49964,11985,21409,34288,33026,48923,41539,54157,50038,65998,63940,80875,79235,57138,60927,37477,48173,11585,20646,626037,585440,78964,75421,109538,103272,29423,42,49
2021-08-21T23:59:59+02:00,3816,3577,38488,36896,52635,45302,57559,53935,69873,68434,84990,83411,59362,63477,38774,49964,11985,21409,34274,33020,48914,41530,54144,50033,65986,63929,80870,79229,57134,60926,37477,48173,11585,20646,626000,585424,78963,75420,109537,103272,29345,42,49
2021-08-20T23:59:59+02:00,3795,3545,38416,36826,52551,45231,57485,53873,69799,68381,84929,83364,59346,63458,38771,49960,11985,21403,34173,32915,48802,41462,54058,49960,65893,63864,80801,79176,57115,60903,37471,48168,11584,20642,625632,584915,78961,75417,109537,103269,28946,42,49
2021-08-19T23:59:59+02:00,3767,3512,38250,36684,52391,45095,57365,53774,69672,68264,84831,83287,59317,63416,38756,49944,11981,21391,33826,32659,48517,41222,53842,49767,65686,63682,80627,79042,57060,60830,37426,48133,11579,20631,624758,583021,78959,75323,109536,103256,28402,42,49
2021-08-18T23:59:59+02:00,3716,3462,38064,36528,52273,44975,57271,53668,69563,68170,84756,83225,59278,63373,38741,49924,11979,21384,33444,32249,48219,40966,53590,49490,65469,63475,80446,78882,56978,60744,37390,48091,11576,20621,623771,580469,78956,75197,109534,103249,28047,42,49
2021-08-17T23:59:59+02:00,3657,3414,37905,36373,52160,44854,57191,53572,69469,68085,84684,83163,59243,63342,38728,49901,11975,21376,33052,31809,47896,40658,53298,49202,65220,63236,80247,78676,56871,60634,37349,48042,11564,20610,622834,577379,78956,75181,109529,103228,27731,42,49
2021-08-16T23:59:59+02:00,3603,3364,37761,36229,52067,44757,57117,53502,69401,68018,84633,83117,59221,63313,38714,49885,11969,21368,32490,31252,47505,40244,52915,48820,64916,62973,80030,78482,56795,60522,37317,47989,11556,20589,621942,573383,78952,75146,109529,103208,27574,42,49
2021-08-15T23:59:59+02:00,3593,3355,37729,36204,52035,44738,57091,53469,69384,68002,84622,83106,59210,63309,38711,49876,11969,21366,32414,31154,47436,40180,52852,48760,64872,62932,79989,78455,56777,60502,37309,47976,11555,20585,621755,572832,78952,75115,109528,103197,27492,42,49
2021-08-14T23:59:59+02:00,3588,3351,37721,36197,52030,44734,57084,53463,69380,67999,84615,83102,59203,63304,38710,49874,11969,21366,32407,31148,47430,40177,52842,48752,64869,62930,79983,78453,56772,60497,37308,47974,11555,20585,621723,572809,78949,75115,109528,103197,27448,42,49
2021-08-13T23:59:59+02:00,3571,3338,37653,36156,51971,44685,57020,53414,69310,67958,84551,83066,59181,63292,38699,49860,11966,21360,32269,31035,47302,40078,52725,48653,64767,62850,79894,78403,56749,60476,37295,47964,11553,20580,621423,572010,78949,75113,109528,103197,27109,42,49
2021-08-12T23:59:59+02:00,3532,3311,37527,36035,51880,44595,56952,53330,69214,67885,84478,83001,59153,63268,38685,49848,11966,21357,31743,30550,46915,39731,52342,48307,64441,62620,79680,78195,56660,60389,37251,47922,11548,20564,620706,568559,78949,75084,109526,103090,26794,42,49
2021-08-11T23:59:59+02:00,3490,3269,37379,35892,51771,44491,56836,53212,69119,67797,84395,82924,59113,63230,38664,49832,11962,21353,31104,29936,46407,39345,51915,47871,64139,62343,79469,77993,56566,60283,37215,47850,11535,20546,619828,564534,78944,75060,109524,103002,26391,42,49
2021-08-10T23:59:59+02:00,3443,3223,37221,35743,51657,44370,56733,53103,69054,67728,84331,82867,59089,63194,38646,49819,11955,21348,30213,28958,45679,38643,51255,47267,63753,61985,79222,77752,56461,60179,37170,47781,11527,20534,618891,558348,78942,75058,109521,102999,26129,41,49
2021-08-09T23:59:59+02:00,3407,3194,37127,35635,51584,44301,56675,53062,69023,67685,84301,82836,59074,63180,38634,49800,11954,21346,29505,28214,45015,38070,50683,46690,63383,61629,78944,77505,56341,60083,37127,47726,11520,20520,618310,554266,78940,73609,109521,102974,26006,41,49
2021-08-08T23:59:59+02:00,3398,3181,37101,35619,51560,44277,56657,53052,69005,67667,84281,82821,59071,63175,38629,49793,11953,21345,29377,28072,44868,37974,50588,46610,63329,61572,78896,77466,56305,60065,37117,47715,11520,20517,618139,553343,78939,73601,109520,102942,25946,41,49
2021-08-07T23:59:59+02:00,3398,3181,37097,35613,51550,44276,56655,53052,69001,67664,84280,82819,59070,63175,38629,49793,11953,21345,29366,28066,44856,37968,50587,46606,63326,61567,78893,77463,56304,60064,37117,47715,11520,20517,618129,553313,78938,73597,109520,102942,25923,41,49
2021-08-06T23:59:59+02:00,3387,3168,37032,35557,51474,44214,56591,53010,68959,67633,84248,82790,59057,63156,38618,49787,11950,21343,29128,27840,44652,37783,50406,46466,63191,61453,78795,77395,56279,60039,37102,47705,11517,20514,617858,551872,78935,73591,109520,102941,25620,41,49
2021-08-05T23:59:59+02:00,3354,3128,36880,35423,51359,44083,56475,52893,68847,67520,84122,82717,59016,63103,38595,49767,11941,21333,28432,27223,44070,37302,49854,46013,62834,61157,78502,77175,56170,59944,37064,47653,11509,20499,617071,547573,78933,73581,109520,102765,24991,41,49
2021-08-04T23:59:59+02:00,3295,3065,36682,35254,51213,43938,56336,52780,68726,67397,84009,82608,58950,63045,38578,49738,11937,21323,27286,26101,43112,36426,48891,45111,62244,60553,78008,76738,55961,59765,37006,47564,11496,20479,616007,539236,78923,73542,109520,102711,24383,41,49
2021-08-03T23:59:59+02:00,3221,3007,36465,35056,51065,43803,56215,52660,68598,67283,83922,82539,58908,63002,38560,49708,11929,21308,26211,24989,42187,35535,47992,44228,61709,60025,77562,76332,55795,59578,36947,47478,11478,20448,614674,530937,78915,73495,109518,102685,24101,41,49
2021-08-02T23:59:59+02:00,3177,2953,36321,34907,50958,43695,56123,52563,68513,67195,83839,82465,58870,62954,38545,49689,11921,21296,25312,23988,41346,34799,47262,43491,61227,59559,77180,75988,55633,59430,36897,47401,11461,20427,613717,523992,78914,73441,109517,102543,23795,41,49
2021-08-01T23:59:59+02:00,3172,2948,36306,34885,50933,43677,56105,52539,68484,67182,83825,82453,58864,62949,38543,49685,11921,21296,25052,23740,41103,34599,47032,43295,61086,59423,77064,75892,55597,59401,36882,47388,11457,20423,613581,522135,78910,73400,109516,102478,23719,41,49
2021-07-31T23:59:59+02:00,3171,2947,36300,34884,50932,43676,56103,52538,68482,67181,83825,82452,58864,62949,38543,49685,11921,21296,25045,23727,41093,34592,47026,43289,61077,59421,77062,75891,55597,59398,36882,47388,11457,20422,613567,522069,78909,73399,109516,102478,23716,41,49
2021-07-30T23:59:59+02:00,3155,2933,36242,34820,50861,43625,56044,52480,68427,67140,83787,82412,58852,62935,38539,49678,11918,21293,24727,23416,40818,34379,46771,43094,60892,59291,76914,75777,55567,59359,36868,47376,11457,20422,613279,520141,78905,73397,109513,102371,23403,41,49
2021-07-29T23:59:59+02:00,3132,2905,36104,34698,50734,43503,55953,52381,68357,67076,83717,82361,58826,62917,38528,49669,11918,21292,23772,22427,39944,33635,45874,42313,60349,58853,76557,75476,55447,59221,36829,47322,11450,20411,612413,513107,78885,73272,109513,102204,23219,41,49
2021-07-28T23:59:59+02:00,3082,2850,35867,34464,50515,43333,55760,52235,68219,66938,83602,82263,58773,62870,38506,49633,11908,21284,22558,21178,38624,32538,44567,41144,59555,58194,76053,75020,55253,59034,36761,47219,11436,20386,611057,503325,78881,73107,109513,102047,22610,41,49
2021-07-27T23:59:59+02:00,3057,2831,35760,34348,50434,43250,55685,52183,68157,66870,83541,82192,58733,62827,38494,49618,11907,21275,21319,19786,37200,31203,43199,39845,58932,57602,75633,74611,55090,58858,36703,47165,11424,20363,610338,492919,78866,72931,109513,101934,22404,41,49
2021-07-26T23:59:59+02:00,3038,2812,35698,34255,50378,43197,55644,52135,68112,66833,83506,82167,58719,62812,38482,49606,11906,21273,20297,18685,35948,30089,41933,38696,58434,57203,75349,74360,54993,58758,36682,47130,11418,20349,609822,484681,78861,72602,109513,101773,22336,41,49
2021-07-25T23:59:59+02:00,3027,2807,35646,34214,50337,43153,55617,52112,68089,66808,83477,82144,58706,62805,38479,49603,11903,21267,19895,18319,35530,29759,41527,38391,58241,57049,75192,74257,54950,58720,36661,47110,11414,20345,609532,481951,78856,72340,109513,101745,22252,41,49
2021-07-24T23:59:59+02:00,3027,2807,35642,34210,50335,43150,55615,52111,68087,66808,83475,82143,58706,62805,38478,49603,11903,21267,19890,18309,35522,29751,41521,38390,58238,57047,75188,74255,54950,58720,36660,47110,11414,20345,609523,481915,78855,72340,109513,101743,22240,41,49
2021-07-23T23:59:59+02:00,3002,2782,35491,34094,50188,43050,55499,52007,67991,66716,83385,82092,58675,62776,38468,49598,11898,21264,19653,18089,35262,29576,41250,38209,58073,56919,75052,74179,54911,58697,36648,47100,11408,20339,608902,480797,78855,72048,109513,101741,21665,41,49
2021-07-22T23:59:59+02:00,2952,2697,35056,33728,49880,42812,55238,51782,67764,66537,83210,81941,58590,62683,38433,49552,11887,21246,18867,17427,34167,28844,40130,37382,57340,56454,74501,73809,54734,58519,36584,47016,11387,20313,606768,475289,78840,70624,109509,101524,20830,41,49
2021-07-21T23:59:59+02:00,2897,2639,34747,33400,49641,42603,55051,51597,67574,66353,83083,81816,58525,62631,38402,49513,11876,21236,18043,16595,32860,27853,38869,36424,56651,55894,74056,73447,54588,58344,36519,46932,11375,20280,604955,469398,78789,68441,109508,101312,20291,41,49
2021-07-20T23:59:59+02:00,2821,2576,34391,33021,49362,42372,54880,51403,67395,66198,82946,81698,58463,62578,38374,49468,11875,21221,16893,15474,31149,26452,37143,34972,55853,55249,73515,73003,54422,58155,36469,46848,11358,20242,602886,460240,78753,66702,109507,100976,19855,41,49
2021-07-19T23:59:59+02:00,2737,2506,33833,32460,49050,42063,54606,51139,67200,65985,82775,81532,58396,62496,38329,49416,11868,21206,16243,14901,30211,25773,36287,34259,55416,54826,73189,72766,54335,58069,36432,46798,11352,20220,599692,456566,78694,64537,109506,100806,19664,41,49
2021-07-18T23:59:59+02:00,2709,2488,33734,32347,48959,42007,54550,51082,67141,65935,82732,81490,58368,62470,38318,49403,11866,21199,15925,14637,29640,25394,35794,33912,55161,54664,73044,72665,54293,58031,36424,46783,11351,20216,599089,455128,78679,63003,109505,100778,19484,41,49
2021-07-17T23:59:59+02:00,2709,2488,33732,32345,48955,42006,54549,51080,67141,65934,82732,81490,58368,62469,38318,49403,11866,21199,15920,14631,29631,25379,35789,33908,55157,54663,73044,72665,54293,58031,36424,46783,11351,20216,599079,455084,78676,62999,109505,100778,19483,41,49
2021-07-16T23:59:59+02:00,2651,2423,33123,31824,48463,41660,54157,50745,66761,65614,82420,81258,58249,62357,38268,49354,11862,21192,15504,14307,29142,25010,35346,33577,54821,54411,72785,72473,54181,57944,36389,46745,11348,20212,596867,453701,78672,62870,109504,100769,17297,41,49
2021-07-15T23:59:59+02:00,2518,2291,32262,31046,47839,41090,53585,50267,66337,65270,82168,81019,58160,62261,38234,49311,11854,21173,14670,13640,27825,24184,34046,32769,54146,54013,72376,72251,54088,57850,36360,46711,11341,20197,591863,449541,78661,60507,109503,100189,16617,41,49
2021-07-14T23:59:59+02:00,2412,2205,31716,30521,47353,40657,53168,49872,66013,64993,81934,80772,58057,62165,38202,49261,11844,21160,13427,12501,25830,22736,32145,31248,53399,53427,71871,71912,53952,57725,36319,46650,11331,20182,588029,440431,78644,58583,109502,99854,16089,41,48
2021-07-13T23:59:59+02:00,2355,2135,31447,30253,47083,40433,52921,49647,65811,64806,81768,80623,57993,62089,38177,49224,11834,21147,12441,11655,24104,21429,30203,29666,52210,52261,71056,71124,53707,57449,36232,46536,11314,20155,585882,433733,78629,55663,109494,96703,15700,41,47
2021-07-12T23:59:59+02:00,2129,1928,30585,29324,46432,39900,52352,49080,65422,64417,81494,80352,57861,61963,38135,49166,11824,21126,11694,11030,22717,20449,28466,28289,51255,51405,70317,70507,53451,57171,36167,46420,11301,20124,579662,425644,78613,53108,109494,96550,15680,41,47
2021-07-11T23:59:59+02:00,2084,1890,30464,29214,46367,39829,52301,49018,65364,64362,81433,80309,57841,61943,38129,49149,11819,21121,11528,10882,22442,20265,28104,28018,51054,51260,70146,70363,53398,57090,36145,46403,11292,20117,578843,423580,78607,53066,109492,96417,15654,41,46
2021-07-10T23:59:59+02:00,2084,1888,30459,29207,46365,39824,52297,49017,65361,64361,81432,80307,57841,61941,38128,49149,11819,21121,11516,10864,22430,20252,28089,28006,51048,51256,70143,70360,53398,57090,36144,46403,11292,20117,578813,423499,78607,53064,109492,96407,15648,41,46
2021-07-09T23:59:59+02:00,2039,1850,30227,28971,46148,39645,52114,48846,65200,64249,81328,80228,57811,61912,38112,49134,11814,21119,11135,10592,21789,19816,27424,27456,50339,50689,69562,69951,53297,57002,36121,46369,11287,20106,577614,422427,78601,52750,109487,92957,15004,41,46
2021-07-08T23:59:59+02:00,1902,1722,29563,28438,45549,39141,51558,48379,64800,63941,81031,79994,57719,61822,38081,49084,11809,21105,9953,9483,19843,18183,24966,25475,49305,49891,68937,69415,53072,56789,36046,46283,11272,20080,573374,411908,78581,50319,109470,92731,14172,41,46
2021-07-07T23:59:59+02:00,1689,1526,28457,27228,44513,38181,50460,47387,64144,63305,80494,79511,57516,61592,38015,49000,11795,21065,9422,9006,18760,17351,23574,24275,48483,49246,68394,68928,52871,56549,35970,46185,11256,20041,564116,405574,78565,48708,109469,92444,13687,41,46
2021-07-06T23:59:59+02:00,1488,1368,27371,26181,43487,37263,49524,46451,63540,62742,80059,79104,57335,61410,37960,48906,11771,21037,8703,8259,17420,16348,21963,22993,47878,48796,68017,68662,52754,56434,35921,46148,11249,20025,555850,398110,78554,48282,109466,92148,13086,41,46
2021-07-05T23:59:59+02:00,1331,1244,26224,24928,42404,36264,48472,45385,62874,62165,79625,78702,57161,61220,37908,48831,11762,21015,8451,8034,16924,16035,21403,22610,47573,48571,67822,68513,52702,56361,35896,46129,11246,20020,546534,395538,78546,47968,109465,91891,12929,41,44
2021-07-04T23:59:59+02:00,1266,1180,25902,24599,42100,36005,48220,45201,62729,62030,79510,78608,57125,61180,37898,48812,11759,21012,8196,7879,16658,15842,21124,22413,47448,48473,67745,68439,52678,56336,35881,46124,11244,20019,544220,394523,78520,47307,109463,91806,12892,41,44
2021-07-03T23:59:59+02:00,1266,1179,25895,24589,42086,35998,48218,45201,62726,62029,79509,78607,57124,61180,37898,48812,11759,21012,8191,7871,16646,15832,21117,22406,47443,48472,67741,68438,52677,56336,35881,46124,11244,20019,544190,394489,78518,47306,109463,91796,12876,41,44
2021-07-02T23:59:59+02:00,1198,1122,25577,24234,41764,35717,47961,44947,62583,61884,79435,78537,57107,61158,37891,48800,11755,21007,8013,7719,16277,15564,20674,22099,46475,47694,67244,68089,52594,56244,35866,46106,11243,20016,541802,392002,78517,47302,109458,89779,12859,41,44
2021-07-01T23:59:59+02:00,1143,1072,25199,23871,41383,35368,47566,44596,62331,61648,79244,78365,57044,61096,37860,48759,11748,20997,7622,7383,15462,14785,19507,21067,44938,46209,66031,67011,52290,55940,35769,45987,11219,19989,538651,386182,78415,46477,109449,85830,12734,41,44
2021-06-30T23:59:59+02:00,1070,1008,24776,23422,40953,34995,47157,44221,62104,61446,79074,78216,56966,61019,37833,48709,11740,20977,7249,7024,14517,13980,18075,19860,41729,43478,64334,65568,51826,55442,35621,45794,11192,19940,535212,374167,78383,45784,109447,83076,12603,41,43
2021-06-29T23:59:59+02:00,978,900,24273,22887,40438,34576,46725,43806,61842,61167,78861,78037,56889,60955,37805,48666,11734,20958,6971,6717,13853,13487,16914,18940,37408,39788,62983,64315,51339,54942,35489,45616,11161,19897,531140,358874,78374,45574,109447,82867,12495,41,43
2021-06-28T23:59:59+02:00,949,867,23934,22494,39979,34193,46303,43437,61605,60912,78672,77882,56818,60887,37776,48636,11731,20943,6661,6397,13193,12985,15902,18104,33759,36741,61860,63283,50985,54548,35395,45468,11137,19859,529386,350198,76684,40883,109447,82716,12460,41,43
2021-06-27T23:59:59+02:00,935,854,23841,22402,39906,34130,46245,43378,61574,60875,78638,77852,56803,60875,37770,48629,11730,20938,6571,6322,12960,12843,15478,17866,32926,36096,61604,63084,50895,54478,35377,45446,11135,19855,528774,347297,76680,40619,109441,82559,12439,41,43
2021-06-26T23:59:59+02:00,934,854,23835,22396,39899,34127,46244,43377,61573,60874,78638,77852,56803,60875,37770,48629,11730,20938,6568,6315,12954,12830,15470,17859,32922,36095,61597,63082,50893,54472,35377,45446,11135,19854,528747,347232,76680,40618,109441,82558,12439,41,43
2021-06-25T23:59:59+02:00,911,828,23720,22283,39813,34041,46161,43306,61529,60827,78590,77831,56792,60861,37767,48626,11729,20936,6470,6202,12844,12696,15332,17698,32204,35436,61209,62759,50815,54388,35369,45425,11132,19853,527954,344222,76680,40606,109438,82542,12438,41,43
2021-06-24T23:59:59+02:00,844,770,23330,21858,39462,33731,45809,43003,61325,60632,78430,77694,56738,60806,37745,48596,11725,20926,6131,5904,12280,12232,14626,17014,28905,32720,58927,60907,50231,53791,35235,45218,11114,19805,524995,330421,76631,40342,109436,81928,12321,41,43
2021-06-23T23:59:59+02:00,739,676,22689,21196,38885,33143,45157,42295,60959,60242,78182,77444,56635,60673,37700,48544,11715,20907,5976,5713,11911,11886,14120,16486,25539,29960,57286,59384,49707,53254,35117,45044,11093,19762,519419,320998,76577,37405,109434,81495,12310,41,43
2021-06-22T23:59:59+02:00,678,612,22264,20754,38482,32727,44723,41830,60687,59957,77979,77205,56539,60565,37663,48472,11702,20885,5785,5577,11588,11625,13697,16111,21202,26434,55212,57685,49109,52652,34940,44829,11073,19718,515627,306652,76450,37351,109429,81024,12177,41,43
2021-06-21T23:59:59+02:00,641,571,22012,20517,38232,32498,44479,41555,60500,59748,77848,77065,56486,60484,37639,48432,11693,20869,5655,5467,11280,11429,13360,15851,19654,25204,54294,56918,46884,50197,34341,44110,11050,19659,513594,301339,76246,37284,109414,74721,11974,41,43
2021-06-20T23:59:59+02:00,612,551,21722,20221,37936,32223,44195,41300,60348,59579,77711,76918,56437,60441,37619,48415,11690,20862,5599,5423,11148,11342,13206,15724,19260,24880,54027,56737,45226,48214,33774,43476,11030,19639,511201,300718,76167,36533,109403,69453,11968,41,41
2021-06-19T23:59:59+02:00,610,551,21717,20209,37920,32219,44192,41296,60342,59575,77709,76915,56434,60440,37619,48414,11690,20862,5593,5414,11144,11339,13197,15718,19253,24872,54013,56725,45217,48204,33773,43476,11030,19639,511140,300635,76162,36530,109403,69441,11968,41,41
2021-06-18T23:59:59+02:00,596,537,21620,20098,37853,32165,44118,41211,60287,59529,77665,76873,56411,60419,37614,48401,11689,20861,5498,5248,10847,10803,12825,15137,18712,23855,53159,55422,45013,48041,33745,43428,11024,19627,510385,299064,76156,36529,109398,64791,11967,41,41
2021-06-17T23:59:59+02:00,510,445,20902,19379,37096,31530,43323,40456,59880,59164,77370,76620,56298,60292,37566,48333,11676,20837,5305,5035,10463,10248,12302,14364,17782,22495,51586,53480,43861,46691,33427,43032,10977,19544,504397,291749,76064,36401,109392,60626,11783,41,41
2021-06-16T23:59:59+02:00,403,367,20101,18423,36104,30596,42310,39485,59339,58683,76982,76308,56157,60141,37509,48246,11666,20814,5115,4880,9955,9927,11567,13868,16234,21196,47712,49936,42107,44684,32963,42462,10914,19418,497032,275600,75522,36201,109377,59443,11662,41,40
2021-06-15T23:59:59+02:00,293,264,19286,17567,35181,29739,41382,38599,58900,58243,76649,75985,56015,59976,37454,48177,11651,20781,4911,4755,9430,9667,10862,13397,14725,20008,43450,45855,40555,42842,32483,41842,10847,19290,489822,258444,75406,36166,109370,58774,11503,41,39
2021-06-14T23:59:59+02:00,189,173,18166,16326,33928,28464,39918,37189,58312,57680,76255,75645,55888,59835,37409,48107,11642,20766,4784,4661,9085,9458,10384,13079,13552,19001,40817,43306,39480,41693,32190,41441,10815,19205,480065,247285,74968,36140,109366,58041,11453,40,39
2021-06-13T23:59:59+02:00,148,134,17660,15921,33446,28059,39426,36805,58098,57497,76108,75544,55861,59796,37387,48085,11639,20757,4698,4612,8939,9385,10221,13011,12947,18547,40347,42912,39243,41471,32129,41356,10809,19191,476981,246320,74666,34716,109359,57425,11325,40,39
2021-06-12T23:59:59+02:00,148,134,17656,15903,33434,28050,39419,36801,58093,57494,76104,75542,55860,59794,37386,48085,11639,20757,4691,4607,8928,9380,10209,13004,12935,18534,40164,42765,39220,41456,32125,41354,10809,19190,476914,245885,74662,34716,109359,57414,11324,40,39
2021-06-11T23:59:59+02:00,146,134,17572,15844,33289,27981,39245,36747,57973,57457,76034,75517,55848,59789,37384,48083,11639,20756,4608,4414,8767,8817,10015,12284,12699,17461,39675,41465,39065,41325,32107,41319,10807,19189,476580,245393,74250,34714,109253,52563,11315,40,39
2021-06-10T23:59:59+02:00,132,114,16726,15125,31869,27065,38000,35834,57292,56999,75626,75247,55758,59697,37345,48039,11628,20738,4353,4220,8210,8323,9334,11526,11965,16397,36828,38427,38264,40524,31941,41137,10791,19159,472692,238342,71275,34583,108972,48187,10255,40,39
2021-06-09T23:59:59+02:00,110,88,15946,14418,30589,26161,36780,34947,56717,56611,75285,75020,55677,59592,37318,47995,11615,20717,4171,4067,7850,8134,8870,11307,11348,16019,31752,33574,36770,39000,31696,40869,10770,19110,468034,224459,68830,34460,108930,46605,9752,40,38
2021-06-08T23:59:59+02:00,83,70,15024,13544,29209,25068,35411,33936,56101,56206,74990,74809,55604,59520,37296,47965,11611,20707,4091,4003,7695,8018,8717,11193,11056,15813,28938,30767,35817,38068,31536,40673,10746,19077,463453,217007,65382,34403,108891,45379,9388,40,38
2021-06-07T23:59:59+02:00,75,57,14390,12955,27836,24256,34256,33156,55626,55950,74748,74705,55568,59483,37280,47955,11611,20703,3999,3930,7501,7893,8416,11061,10689,15569,24614,26396,34356,36538,31314,40406,10718,19049,460324,205253,62352,34338,108860,43794,9034,40,37
2021-06-06T23:59:59+02:00,74,54,14068,12764,27052,23836,33606,32737,55318,55787,74594,74641,55549,59460,37266,47946,11609,20702,3932,3894,7350,7849,8261,10977,10370,15368,21800,23535,33359,35469,31175,40252,10711,19034,459189,202468,60302,29135,108836,43008,8696,40,36
2021-06-05T23:59:59+02:00,74,52,14039,12737,27010,23794,33578,32718,55313,55778,74589,74636,55545,59455,37261,47944,11609,20702,3909,3879,7314,7828,8214,10960,10308,15325,20373,21985,32566,34592,31105,40170,10707,19027,459071,197503,60197,29130,108831,42905,8695,40,36
2021-06-04T23:59:59+02:00,68,48,13809,12474,26700,23479,33241,32407,55253,55697,74550,74616,55536,59450,37260,47942,11609,20701,3878,3851,7236,7749,8157,10881,10228,15203,20266,21867,32493,34537,31073,40133,10704,19024,457172,197422,60135,29118,108798,42016,8695,40,36
2021-06-03T23:59:59+02:00,50,43,13242,11985,25663,22792,32105,31656,54762,55365,74235,74423,55465,59373,37226,47912,11603,20685,3750,3759,6963,7579,7876,10709,9901,14966,18384,20009,30520,32238,30800,39802,10681,18976,452840,188849,58635,29099,108785,40654,8285,40,33
2021-06-02T23:59:59+02:00,37,31,12552,11230,24665,21890,30964,30700,54498,55101,74044,74284,55414,59295,37210,47891,11595,20678,3715,3739,6906,7524,7819,10661,9817,14875,17865,19461,28591,30068,30701,39658,10674,18965,446524,183321,58457,29098,108784,40319,8275,39,33
2021-06-01T23:59:59+02:00,23,16,11422,10341,22529,20452,28427,28806,53087,54037,73041,73504,55113,58978,37089,47722,11561,20619,3486,3565,6407,7218,7216,10239,8964,14274,15924,17651,24818,25826,30022,38780,10598,18811,437025,169364,53984,28961,108747,38478,6972,39,31
2021-05-31T23:59:59+02:00,18,12,10557,9674,20692,19281,26377,27299,51979,53188,72338,72957,54898,58720,37016,47622,11547,20583,3345,3413,6074,6973,6815,9940,8423,13918,14862,16673,23629,24456,29635,38292,10538,18717,430235,163628,49611,28924,108730,36985,6143,39,30
2021-05-30T23:59:59+02:00,16,9,10205,9326,19969,18783,25670,26718,51639,52906,72105,72760,54822,58641,36991,47595,11539,20575,3162,3221,5724,6706,6526,9697,8206,13713,14602,16402,23336,24139,29525,38185,10523,18689,427648,162803,49203,28867,108697,35981,4682,39,30
2021-05-29T23:59:59+02:00,16,9,10189,9314,19951,18756,25652,26692,51627,52902,72100,72750,54820,58636,36990,47595,11538,20575,3160,3213,5721,6702,6521,9695,8198,13705,14592,16397,23325,24131,29521,38180,10522,18688,427491,162733,49203,28865,108697,35968,4682,39,30
2021-05-28T23:59:59+02:00,16,9,10124,9218,19813,18587,25390,26462,51468,52726,71954,72620,54783,58586,36977,47575,11535,20562,3113,3137,5629,6562,6419,9494,8085,13432,14399,16120,23173,23977,29468,38117,10515,18679,425841,162348,49166,28864,108679,34404,4681,38,29
2021-05-27T23:59:59+02:00,16,9,8859,8015,17405,16769,22607,24310,50376,51912,71288,72129,54586,58369,36886,47481,11522,20534,2814,2803,4785,5939,5526,8713,7292,12446,13273,14928,22185,22944,29084,37666,10460,18592,413906,158536,48211,28600,108544,29918,2374,38,29
2021-05-26T23:59:59+02:00,15,9,8457,7597,16527,15965,21417,23299,49771,51366,70874,71745,54435,58206,36820,47406,11511,20504,2627,2630,4417,5604,5049,8206,6815,11797,12303,13949,21287,21913,28773,37223,10414,18507,408310,154693,47479,28512,108472,26662,1626,37,28
2021-05-25T23:59:59+02:00,15,9,7882,6996,15283,15080,19967,22126,49292,50967,70628,71562,54367,58124,36799,47381,11507,20495,2549,2527,4227,5474,4803,7979,6539,11488,11746,13419,19141,19756,28403,36690,10379,18458,401544,149036,47238,28499,108428,24789,1233,37,28
2021-05-24T23:59:59+02:00,15,9,7796,6895,15060,14953,19681,21946,49191,50848,70585,71523,54366,58119,36798,47380,11505,20492,2505,2465,4143,5308,4708,7735,6415,11204,11605,13178,19027,19643,28352,36643,10372,18447,400405,148884,47159,28456,108343,23172,1218,37,27
2021-05-23T23:59:59+02:00,14,9,7780,6882,15024,14937,19627,21918,49182,50846,70581,71517,54365,58117,36798,47379,11505,20492,2503,2461,4136,5303,4698,7731,6411,11191,11584,13156,18885,19445,28321,36604,10370,18445,400222,148396,47159,28454,108343,23163,1212,37,26
2021-05-22T23:59:59+02:00,14,9,7777,6874,15014,14925,19616,21911,49182,50844,70578,71517,54365,58116,36798,47379,11505,20492,2501,2454,4129,5297,4696,7731,6408,11188,11575,13153,18872,19439,28320,36604,10370,18445,400167,148359,47159,28454,108343,23139,1210,37,26
2021-05-21T23:59:59+02:00,14,8,7703,6777,14884,14790,19411,21751,48941,50610,70436,71411,54338,58090,36791,47372,11500,20486,2430,2369,4043,5156,4593,7517,6285,10891,11406,12864,18806,19374,28304,36574,10367,18443,398596,148109,47156,28454,108318,21632,1207,36,26
2021-05-20T23:59:59+02:00,14,8,7429,6482,14300,14267,18472,20879,46257,48258,69284,70438,53986,57729,36683,47232,11469,20457,2168,2206,3681,4790,4150,6965,5731,10060,10318,11764,17531,18085,27799,35975,10294,18296,387615,142864,46994,28165,108013,17774,990,32,26
2021-05-19T23:59:59+02:00,13,7,7189,6258,13637,13784,17202,19878,42272,44769,67795,69134,53531,57208,36521,47008,11433,20405,2092,2007,3517,4449,3903,6441,5285,9374,9328,10649,16057,16435,27106,35061,10168,18087,372835,135705,46423,28022,107783,15251,971,32,16
2021-05-18T23:59:59+02:00,13,5,6990,6081,13091,13354,16104,19018,37551,40746,66344,67811,52976,56669,36374,46786,11391,20348,2045,1878,3379,4260,3717,6126,4952,8892,8463,9778,14476,14701,26398,34211,10078,17915,356728,129082,46360,27459,107626,13812,906,32,16
2021-05-17T23:59:59+02:00,13,5,6855,5986,12768,13104,15608,18626,35368,38878,65506,67029,52705,56355,36295,46678,11377,20311,1975,1816,3191,4079,3497,5898,4629,8521,7684,9078,11219,10686,25487,33062,9995,17746,352997,123869,42090,21374,107545,12507,803,32,16
2021-05-16T23:59:59+02:00,13,5,6792,5902,12643,12950,15435,18457,34879,38408,65321,66861,52649,56295,36285,46653,11372,20306,1917,1719,3088,3956,3417,5796,4523,8377,7502,8891,9026,8089,25006,32380,9961,17689,351526,122730,41586,16025,107509,11998,574,31,16
2021-05-15T23:59:59+02:00,13,5,6787,5893,12637,12944,15431,18453,34874,38405,65319,66859,52649,56294,36285,46653,11372,20306,1916,1718,3085,3950,3412,5793,4518,8374,7500,8888,9024,8087,25005,32380,9961,17689,351484,122699,41586,16025,107507,11995,571,31,16
2021-05-14T23:59:59+02:00,13,5,6590,5795,12394,12882,15199,18361,33900,37614,64782,66450,52553,56207,36268,46620,11370,20301,1800,1630,2974,3880,3355,5685,4468,8227,7454,8760,9017,8082,25004,32380,9961,17688,348114,122645,41554,16021,107046,11130,560,30,15
2021-05-13T23:59:59+02:00,13,5,6340,5608,11984,12628,14632,17911,30370,34826,62305,64372,51923,55533,36131,46401,11358,20253,1757,1592,2917,3803,3323,5593,4425,8123,7372,8641,8979,8023,24984,32339,9956,17684,334120,122397,41330,15997,106616,10610,497,30,15
2021-05-12T23:59:59+02:00,13,5,6323,5584,11911,12565,14523,17803,29734,34250,61799,63920,51751,55360,36095,46356,11351,20240,1757,1589,2916,3802,3318,5593,4423,8122,7370,8635,8972,8020,24984,32337,9956,17683,331128,122375,41318,15986,106611,10609,497,29,15
2021-05-11T23:59:59+02:00,12,5,5998,5449,11466,12287,13976,17420,25470,30761,59415,61914,51090,54679,35906,46110,11330,20177,1715,1473,2813,3540,3196,5217,4284,7678,7216,8309,8888,7937,24955,32297,9953,17672,316180,122134,41265,15797,105622,8831,372,26,14
2021-05-10T23:59:59+02:00,12,5,5871,5376,11301,12172,13757,17252,22000,28002,58168,60798,50728,54326,35814,45987,11315,20146,1677,1377,2728,3310,3094,4885,4173,7188,7094,7871,8847,7877,24943,32276,9951,17668,306262,121988,41104,15648,105330,7006,308,26,14
2021-05-09T23:59:59+02:00,12,5,5794,5344,11213,12108,13657,17171,20399,26820,57703,60413,50626,54228,35788,45946,11308,20141,1660,1355,2671,3185,3043,4744,4128,7068,7039,7776,8835,7864,24936,32270,9950,17668,305696,121936,37532,15603,105127,6349,295,26,14
2021-05-08T23:59:59+02:00,12,5,5791,5341,11201,12104,13647,17162,20391,26814,57694,60407,50623,54220,35784,45943,11306,20138,1659,1355,2671,3183,3043,4744,4125,7065,7038,7775,8834,7864,24935,32268,9950,17668,305605,121921,37531,15603,105126,6349,295,26,14
2021-05-07T23:59:59+02:00,12,5,5751,5306,11135,12055,13540,17084,19935,26456,56695,59598,50493,54089,35754,45913,11303,20124,1555,1311,2591,3138,3002,4716,4091,7041,7015,7743,8826,7856,24933,32267,9950,17667,302437,121888,37515,15595,104981,5920,290,25,14
2021-05-06T23:59:59+02:00,12,5,5496,5193,10620,11746,12833,16631,18636,25468,52432,55938,49296,52709,35423,45512,11251,20021,1330,1179,2354,2966,2832,4550,3939,6841,6863,7592,8751,7777,24912,32231,9947,17660,287287,121617,37329,15456,104424,4481,161,21,14
2021-05-05T23:59:59+02:00,12,5,5236,5094,10127,11511,12077,16179,17303,24487,48062,51794,47626,50788,34986,44943,11176,19901,1284,1084,2292,2839,2748,4370,3845,6602,6755,7393,8638,7684,24851,32157,9941,17644,270100,121140,37103,15411,104036,3520,47,21,14
2021-05-04T23:59:59+02:00,12,5,5153,5009,9810,11298,11624,15789,16327,23619,46189,49760,46558,49480,34613,44455,11110,19792,1272,1065,2263,2798,2707,4284,3793,6494,6683,7317,8595,7644,24831,32141,9940,17639,259724,120921,37079,15350,103755,3162,24,21,14
2021-05-03T23:59:59+02:00,12,5,5050,4922,9461,11130,11161,15526,15264,22754,44616,48139,45677,48525,34394,44117,11082,19703,1257,1039,2231,2767,2665,4220,3745,6440,6608,7263,8026,6954,23089,29813,9802,17402,250702,115107,37070,15268,103729,2921,16,21,14
2021-05-02T23:59:59+02:00,12,5,4988,4903,9347,11094,11016,15465,14652,22265,44096,47729,45536,48359,34347,44056,11076,19692,1253,1034,2214,2764,2652,4212,3717,6427,6588,7249,7837,6710,21118,27404,9755,17314,249493,115087,35438,10262,103675,2879,11,21,14
2021-05-01T23:59:59+02:00,12,5,4988,4901,9342,11090,11013,15462,14648,22261,44094,47725,45535,48359,34347,44056,11076,19692,1252,1034,2214,2764,2652,4212,3716,6427,6586,7249,7837,6709,21118,27404,9755,17314,249463,115083,35438,10262,103673,2878,11,21,14
2021-04-30T23:59:59+02:00,12,5,4941,4879,9275,11075,10958,15437,14573,22235,42609,46310,45200,48027,34310,44004,11071,19682,1043,939,2016,2674,2552,4151,3630,6367,6523,7190,7830,6692,21117,27402,9755,17314,245472,115074,35438,10259,103661,1844,11,21,12
2021-04-29T23:59:59+02:00,12,4,4698,4797,8805,10924,10352,15266,13888,22027,37672,41992,44189,46998,34189,43886,11067,19652,863,861,1843,2595,2465,4085,3522,6296,6449,7140,7808,6673,21112,27396,9755,17314,231730,115034,35335,10155,103321,970,11,21,12
2021-04-28T23:59:59+02:00,12,4,4522,4762,8555,10839,10000,15176,13531,21873,33032,37489,42943,45744,34063,43738,11053,19634,821,831,1805,2549,2432,4009,3486,6187,6399,7049,7788,6654,21100,27383,9750,17307,218513,114949,35317,10107,103111,478,10,19,11
2021-04-27T23:59:59+02:00,11,3,4291,4547,8209,10391,9615,14593,13063,21224,31901,36362,42664,45461,34047,43710,11049,19631,793,817,1771,2525,2414,3991,3468,6168,6364,7022,7777,6646,21095,27378,9747,17301,215786,114891,35307,10076,99650,294,10,19,11
2021-04-26T23:59:59+02:00,11,3,4269,4519,8134,10354,9507,14537,12914,21165,27492,31973,41448,44238,33967,43610,11036,19621,760,806,1741,2506,2385,3970,3444,6147,6312,6975,7730,6597,21065,27347,9747,17294,203904,114689,35298,10032,99568,89,10,18,11
2021-04-25T23:59:59+02:00,11,3,4246,4506,8102,10327,9444,14505,12821,21119,25523,29929,40746,43477,33921,43552,11032,19616,748,798,1729,2492,2367,3955,3418,6125,6280,6946,7708,6577,21048,27326,9746,17290,203236,114663,30184,9790,99433,85,9,18,11
2021-04-24T23:59:59+02:00,11,3,4227,4495,8072,10298,9403,14489,12770,21097,24020,28264,39988,42638,33856,43476,11029,19610,747,797,1726,2490,2366,3952,3418,6121,6280,6943,7706,6575,21047,27326,9746,17290,198171,114643,30184,9789,99364,83,9,18,11
2021-04-23T23:59:59+02:00,10,3,3962,4343,7601,10001,8973,14133,12208,20694,23540,27964,39902,42577,33835,43442,11023,19603,733,787,1709,2477,2346,3936,3395,6099,6258,6924,7692,6557,21042,27315,9746,17289,197824,114628,30169,9591,95796,71,9,16,11
2021-04-22T23:59:59+02:00,10,3,3869,4286,7410,9884,8695,13939,11764,20367,21214,25606,37149,39331,33308,42773,10952,19482,720,778,1681,2447,2288,3879,3323,6027,6149,6828,7613,6471,20989,27271,9743,17274,184801,114507,29980,8891,95236,69,9,16,10
2021-04-21T23:59:59+02:00,10,3,3841,4254,7283,9806,8513,13768,11430,20078,19950,24403,33938,35617,32824,42070,10890,19356,696,760,1647,2419,2244,3854,3290,5994,6107,6788,7585,6444,20970,27247,9740,17270,173045,114398,29806,8578,95158,65,9,16,10
2021-04-20T23:59:59+02:00,10,3,3807,4227,7178,9737,8299,13611,11063,19780,18855,23254,30626,31965,32351,41471,10831,19247,688,750,1632,2407,2211,3832,3247,5949,6066,6746,7545,6398,20945,27223,9734,17267,161408,114241,29784,8322,95098,63,9,16,10
2021-04-19T23:59:59+02:00,10,3,3788,4210,7104,9699,8181,13501,10807,19594,18190,22590,29753,30835,32059,41105,10789,19172,680,745,1610,2393,2187,3802,3212,5916,6032,6715,7500,6365,20914,27195,9732,17263,156566,114108,29767,8078,95032,61,9,16,10
2021-04-18T23:59:59+02:00,10,3,3785,4204,7088,9685,8166,13483,10772,19569,18102,22508,29631,30710,32031,41083,10786,19164,678,741,1595,2381,2170,3787,3187,5890,6003,6692,7478,6352,20895,27173,9729,17260,156074,114049,29700,7888,94982,60,9,15,10
2021-04-17T23:59:59+02:00,10,3,3784,4202,7086,9683,8163,13483,10766,19562,18089,22497,29608,30697,32029,41081,10786,19164,677,741,1594,2380,2168,3786,3184,5889,6001,6690,7478,6352,20895,27173,9729,17260,155994,114036,29699,7888,94976,59,9,15,10
2021-04-16T23:59:59+02:00,10,3,3617,4164,6741,9554,7795,13296,10368,19316,17637,22222,29407,30538,31947,40992,10771,19145,665,723,1582,2365,2141,3771,3130,5852,5958,6640,7385,6263,20483,26608,9699,17199,155244,112712,29691,7682,92564,56,9,15,10
2021-04-15T23:59:59+02:00,10,3,3516,4085,6388,9182,7218,12795,9592,18480,16311,20991,28210,29244,31427,40350,10691,18970,635,700,1530,2327,2059,3684,3021,5732,5630,6402,6887,5877,19750,25695,9603,17031,149498,109357,29398,7141,88543,51,9,15,10
2021-04-14T23:59:59+02:00,9,3,3462,4035,6152,8943,6887,12418,8970,17929,15193,19958,26800,27737,30796,39474,10583,18775,601,674,1484,2289,1984,3606,2878,5609,5320,6166,6344,5366,18736,24409,9518,16858,142693,105099,29198,6684,86210,45,9,14,10
2021-04-13T23:59:59+02:00,9,3,3430,4003,6060,8866,6738,12289,8667,17682,14391,19266,23447,24178,29863,38293,10479,18603,596,665,1471,2267,1956,3572,2782,5538,5104,5983,5983,5027,18437,24065,9479,16792,131056,103006,29187,6654,86001,44,9,14,9
2021-04-12T23:59:59+02:00,9,3,3408,3982,6010,8809,6650,12205,8449,17487,13774,18737,22445,23026,29439,37735,10410,18481,586,657,1461,2259,1933,3551,2726,5487,4956,5878,5665,4746,18144,23763,9441,16732,125976,101420,29168,6508,85892,44,9,14,9
2021-04-11T23:59:59+02:00,9,3,3402,3976,5992,8785,6622,12188,8409,17464,13685,18676,22315,22877,29388,37670,10401,18456,583,652,1448,2249,1920,3543,2709,5471,4918,5841,5605,4688,17971,23529,9420,16703,125434,100757,29101,6436,85760,44,9,14,9
2021-04-10T23:59:59+02:00,9,3,3394,3975,5969,8784,6600,12187,8388,17463,13660,18674,22310,22874,29384,37669,10401,18456,582,650,1442,2242,1915,3540,2703,5463,4902,5831,5593,4671,17808,23276,9406,16679,125412,100244,29010,6403,85756,44,8,14,9
2021-04-09T23:59:59+02:00,8,3,3356,3963,5921,8772,6541,12170,8349,17436,13609,18628,20356,20465,28903,37054,10371,18407,569,637,1416,2220,1888,3516,2661,5427,4831,5769,5477,4567,17231,22543,9368,16608,124720,98477,23898,6204,85675,36,7,12,9
2021-04-08T23:59:59+02:00,8,3,3332,3944,5851,8740,6466,12131,8259,17372,13465,18509,17763,17400,28379,36390,10334,18357,527,607,1327,2138,1794,3419,2481,5241,4335,5404,4673,3959,15453,20315,9182,16307,123852,91494,18035,5633,84798,25,6,12,9
2021-04-07T23:59:59+02:00,6,3,3254,3916,5641,8690,6259,12071,8050,17297,13204,18414,15098,14333,27702,35592,10304,18304,504,579,1274,2083,1700,3339,2329,5100,3922,5072,3957,3394,14599,19452,9070,16126,123646,87183,16500,5286,77975,22,5,12,9
2021-04-06T23:59:59+02:00,5,3,3226,3906,5595,8672,6189,12048,7963,17260,13130,18343,13109,11970,27070,34878,10291,18274,473,556,1205,2028,1615,3258,2167,4981,3549,4794,3431,2984,13758,18453,8996,16010,123517,83547,16298,4686,72100,18,5,12,7
2021-04-05T23:59:59+02:00,5,3,3224,3903,5559,8658,6152,12036,7918,17244,13058,18307,13063,11924,27059,34862,10290,18271,441,526,1153,1991,1563,3217,2099,4927,3461,4718,3374,2932,13615,18283,8987,15992,123493,83056,16090,4199,71937,18,4,12,7
2021-04-04T23:59:59+02:00,5,3,3223,3901,5559,8656,6150,12035,7917,17241,13058,18307,13060,11924,27058,34862,10290,18271,440,525,1152,1991,1563,3217,2098,4927,3461,4718,3374,2932,13614,18283,8987,15992,123482,83051,16090,4199,71932,18,4,12,7
2021-04-03T23:59:59+02:00,5,3,3222,3901,5559,8655,6150,12035,7917,17241,13058,18307,13060,11923,27057,34859,10290,18271,440,523,1152,1991,1562,3217,2098,4926,3455,4715,3368,2921,13527,18147,8978,15976,123477,82773,16090,4199,71930,18,4,12,7
2021-04-02T23:59:59+02:00,5,3,3222,3898,5556,8650,6146,12026,7908,17229,13033,18276,13013,11871,27029,34841,10287,18267,437,516,1150,1987,1550,3208,2088,4904,3425,4682,3337,2892,12598,16902,8913,15868,123311,80317,16087,4118,71846,18,4,12,5
2021-04-01T23:59:59+02:00,5,3,3207,3884,5517,8630,6079,11993,7837,17194,12921,18205,12898,11745,26971,34765,10278,18252,390,472,1053,1920,1451,3120,1938,4791,3224,4549,3106,2693,10573,14314,8803,15693,122997,74740,15964,3329,71408,18,3,12,5
2021-03-31T23:59:59+02:00,5,3,3206,3871,5500,8596,6046,11957,7795,17149,12841,18136,12784,11620,26920,34705,10270,18243,352,450,1017,1878,1380,3080,1834,4688,2968,4355,2694,2377,8004,11084,8628,15455,122689,67234,15925,2989,71019,17,3,11,5
2021-03-30T23:59:59+02:00,5,3,3198,3860,5475,8568,6014,11926,7756,17109,12764,18070,12698,11482,26883,34658,10265,18233,331,431,994,1846,1320,3045,1710,4608,2722,4183,2325,2129,7122,9999,8562,15328,122559,63923,15893,2713,70502,16,2,11,5
2021-03-29T23:59:59+02:00,5,3,3186,3855,5446,8549,5979,11893,7712,17076,12690,17992,12054,10724,25016,32163,10117,17977,325,429,987,1831,1299,3020,1675,4568,2576,4097,2039,1980,6472,9289,8518,15250,116565,61628,15723,2710,70136,14,2,11,5
2021-03-28T23:59:59+02:00,5,3,3156,3839,5399,8511,5929,11851,7631,17021,12580,17923,11790,10421,23030,29698,10062,17878,324,427,984,1830,1291,3016,1671,4566,2564,4089,2014,1960,6450,9275,8516,15245,116507,61499,10538,2708,69669,14,2,11,3
2021-03-27T23:59:59+01:00,5,3,3144,3835,5360,8500,5893,11836,7584,17006,12534,17876,11756,10378,23026,29690,10062,17878,324,427,984,1830,1291,3016,1670,4564,2562,4087,2012,1958,6401,9200,8483,15196,116439,61282,10537,2708,69377,14,2,11,3
2021-03-26T23:59:59+01:00,5,3,3008,3510,4909,7342,5398,10516,6971,14959,11724,15600,11536,10197,22543,28964,10017,17807,323,423,980,1827,1285,3012,1667,4562,2557,4080,2004,1952,6271,9012,8340,15011,114894,60605,10283,2696,59819,4,2,11,3
2021-03-25T23:59:59+01:00,5,3,2882,3242,4749,6575,5172,9365,6647,13238,10999,13797,10679,9392,21827,28124,9944,17652,318,414,974,1817,1270,2993,1647,4527,2520,4031,1938,1893,5981,8584,8067,14564,111991,58842,9596,2692,52692,3,2,11,3
2021-03-24T23:59:59+01:00,5,3,2834,3198,4673,6514,5038,9259,6441,13067,10488,13392,9847,8571,20816,26869,9848,17471,316,409,966,1811,1253,2982,1632,4503,2473,3974,1869,1817,5618,8112,7656,13898,107988,56609,9249,2678,51087,3,0,10,3
2021-03-23T23:59:59+01:00,5,3,2805,3165,4605,6448,4927,9165,6230,12906,10032,12970,9136,7904,20305,26266,9796,17366,304,396,948,1802,1238,2962,1604,4481,2418,3925,1789,1752,5341,7734,7268,13283,105614,54567,8917,2677,49494,2,0,9,3
2021-03-22T23:59:59+01:00,5,3,2788,3126,4545,6410,4851,9097,6091,12769,9671,12696,8531,7338,19887,25829,9736,17272,302,392,936,1796,1223,2947,1591,4467,2391,3899,1763,1731,5204,7559,6826,12471,104138,52824,8658,2672,47840,2,0,9,2
2021-03-21T23:59:59+01:00,5,3,2781,3111,4500,6388,4800,9060,5999,12701,9483,12508,8225,7080,19719,25662,9724,17247,302,392,935,1796,1221,2947,1590,4466,2388,3899,1756,1725,5195,7554,6796,12414,103938,52719,8428,2655,46621,2,0,9,2
2021-03-20T23:59:59+01:00,5,3,2781,3106,4492,6383,4793,9057,5995,12693,9463,12494,8192,7049,19545,25385,9708,17221,302,392,935,1795,1220,2947,1589,4465,2384,3891,1744,1712,5182,7505,6620,12178,103381,52228,8416,2631,46559,2,0,9,2
2021-03-19T23:59:59+01:00,5,3,2746,3083,4418,6339,4684,9007,5855,12636,9197,12306,7887,6824,19061,24793,9676,17162,302,392,934,1794,1220,2944,1586,4464,2378,3886,1728,1703,5146,7462,6218,11562,102079,51106,8174,2611,45420,2,0,9,2
2021-03-18T23:59:59+01:00,5,3,2680,3010,4255,6203,4435,8801,5497,12327,8291,11636,6623,5810,17811,23434,9528,16937,299,388,929,1784,1206,2931,1547,4448,2311,3839,1650,1661,5074,7355,5488,10454,97190,48795,7631,2569,42456,1,0,9,1
2021-03-17T23:59:59+01:00,5,3,2642,2971,4175,6105,4298,8693,5242,12052,7615,11067,5637,4914,16465,21902,9363,16683,295,387,925,1775,1202,2923,1530,4426,2244,3813,1584,1616,5029,7291,4916,9576,91784,47018,7128,2514,40911,1,0,9,1
2021-03-16T23:59:59+01:00,5,3,2622,2942,4112,6038,4206,8596,5066,11896,7165,10678,4875,4295,15614,20925,9261,16515,291,385,922,1770,1199,2916,1522,4416,2222,3794,1554,1599,4992,7248,4414,8771,88155,45580,7092,2435,39559,1,0,8,1
2021-03-15T23:59:59+01:00,5,3,2619,2931,4096,6020,4175,8570,5016,11849,7048,10564,4729,4135,15296,20515,9232,16456,289,381,921,1764,1192,2909,1508,4407,2200,3771,1514,1582,4932,7174,3837,7911,87389,43996,6996,2296,38866,1,0,8,1
2021-03-14T23:59:59+01:00,5,2,2614,2922,4075,6001,4145,8551,4974,11816,6954,10475,4625,4024,15165,20345,9216,16420,287,380,921,1762,1186,2902,1503,4396,2189,3764,1504,1575,4924,7166,3832,7898,87084,43935,6978,2254,38260,1,0,7,1
2021-03-13T23:59:59+01:00,5,2,2610,2914,4070,5989,4137,8545,4966,11807,6934,10461,4603,3998,14849,19908,9196,16384,287,380,921,1762,1186,2902,1503,4396,2189,3764,1504,1575,4924,7165,3832,7898,86200,43934,6955,2254,38216,1,0,7,1
2021-03-12T23:59:59+01:00,5,2,2547,2838,3959,5819,4018,8323,4828,11507,6756,10191,4450,3860,13927,18652,9135,16282,287,379,919,1759,1186,2899,1501,4391,2188,3757,1496,1573,4916,7146,3830,7883,83737,43857,6893,2253,36464,1,0,5,1
2021-03-11T23:59:59+01:00,4,2,2422,2612,3734,5489,3762,7885,4503,10742,6128,9377,3930,3357,12327,16662,9037,16135,287,378,915,1755,1183,2885,1492,4379,2176,3730,1454,1544,4875,7111,3818,7856,79418,43708,6731,2130,31954,1,0,5,1
2021-03-10T23:59:59+01:00,4,2,2299,2479,3582,5256,3568,7562,4236,10254,5572,8808,3359,2913,10059,13946,8892,15908,284,374,911,1746,1176,2874,1487,4363,2154,3714,1425,1536,4845,7096,3809,7848,73120,43642,6560,2001,29014,0,0,5,1
2021-03-09T23:59:59+01:00,4,2,2272,2426,3516,5170,3454,7473,4065,10059,5180,8457,2880,2556,8550,11931,8790,15759,283,373,911,1740,1169,2865,1483,4355,2146,3703,1411,1531,4837,7091,3806,7846,68263,43601,6410,1950,27866,0,0,5,1
2021-03-08T23:59:59+01:00,4,2,2248,2355,3458,5103,3380,7388,3941,9947,4888,8267,2433,2295,6631,9532,8671,15585,283,369,910,1730,1163,2849,1477,4344,2142,3696,1400,1524,4820,7070,3799,7837,62582,43490,6075,1924,27466,0,0,5,1
2021-03-07T23:59:59+01:00,4,2,2185,2299,3361,4995,3284,7299,3844,9860,4753,8172,2382,2244,6609,9511,8671,15577,283,368,909,1730,1163,2849,1476,4344,2142,3696,1400,1524,4820,7070,3799,7837,62454,43488,5394,1924,27199,0,0,5,0
2021-03-06T23:59:59+01:00,4,2,2177,2286,3349,4986,3280,7294,3835,9851,4742,8169,2380,2242,6563,9441,8639,15528,283,368,908,1726,1162,2848,1476,4341,2138,3691,1399,1519,4814,7065,3797,7828,62245,43441,5334,1924,27184,0,0,5,0
2021-03-05T23:59:59+01:00,4,2,2046,2201,3125,4797,3041,6983,3558,9455,4413,7832,2293,2181,6356,9123,8448,15267,283,366,906,1723,1162,2847,1475,4335,2135,3685,1393,1517,4808,7058,3796,7822,61267,43389,4495,1924,25358,0,0,5,0
2021-03-04T23:59:59+01:00,4,2,1792,1981,2715,4363,2583,6343,2992,8551,3728,7018,2078,2021,6065,8757,8174,14813,280,365,905,1715,1160,2830,1474,4319,2126,3673,1382,1515,4796,7044,3789,7811,59629,43265,3222,1921,21124,0,0,5,0
2021-03-03T23:59:59+01:00,4,2,1720,1893,2608,4179,2450,6115,2853,8265,3542,6753,1996,1944,5727,8284,7821,14234,279,361,905,1705,1158,2807,1470,4295,2121,3658,1358,1504,4791,7038,3785,7804,57628,43120,3079,1921,19678,0,0,5,0
2021-03-02T23:59:59+01:00,4,2,1684,1812,2540,4061,2369,5965,2748,8084,3427,6601,1924,1877,5419,7847,7422,13566,277,356,902,1686,1155,2786,1467,4276,2120,3647,1333,1498,4781,7022,3779,7797,55545,42963,2837,1921,18965,0,0,5,0
2021-03-01T23:59:59+01:00,2,2,1674,1785,2501,3953,2321,5850,2711,7982,3374,6523,1884,1857,5280,7682,6951,12702,277,354,898,1680,1153,2774,1465,4263,2118,3632,1328,1493,4778,7020,3778,7791,53688,42883,2825,1921,18516,0,0,5,0
2021-02-28T23:59:59+01:00,2,2,1657,1748,2466,3882,2291,5795,2668,7902,3347,6475,1878,1853,5272,7677,6916,12643,277,354,897,1680,1153,2774,1465,4262,2118,3631,1328,1493,4778,7019,3778,7791,53566,42880,2823,1920,18080,0,0,5,0
2021-02-27T23:59:59+01:00,2,2,1655,1742,2462,3874,2287,5795,2667,7901,3344,6472,1872,1843,5263,7633,6746,12424,277,354,887,1675,1143,2767,1455,4253,2101,3622,1327,1490,4778,7018,3778,7791,53103,42876,2823,1842,18053,0,0,5,0
2021-02-26T23:59:59+01:00,2,1,1465,1586,2337,3631,2209,5389,2575,7395,3257,6014,1857,1818,5238,7600,6487,12035,276,352,880,1668,1135,2747,1449,4232,2091,3609,1320,1481,4770,7006,3774,7779,52360,42798,2802,1773,15729,0,0,5,0
2021-02-25T23:59:59+01:00,2,1,1248,1309,2117,3196,2035,4632,2378,6449,3016,5114,1768,1746,5187,7521,5918,11195,274,344,874,1608,1101,2652,1416,4121,2035,3534,1283,1461,4730,6965,3756,7727,50492,42336,2788,1547,11548,0,0,4,0
2021-02-24T23:59:59+01:00,2,1,1195,1099,2010,2927,1930,4293,2246,6042,2845,4845,1693,1691,5129,7430,5163,10018,272,338,836,1561,1051,2561,1355,4005,1946,3405,1243,1434,4715,6939,3746,7710,48164,42079,2776,1040,9615,0,0,4,0
2021-02-23T23:59:59+01:00,2,1,1180,1049,1976,2863,1904,4195,2220,5957,2812,4784,1685,1676,5094,7381,4533,8996,272,337,809,1533,1003,2509,1302,3927,1839,3330,1191,1409,4692,6914,3735,7676,46393,41881,2750,599,9161,0,0,4,0
2021-02-22T23:59:59+01:00,2,1,1172,1007,1925,2720,1860,4049,2165,5761,2758,4678,1673,1665,5060,7333,3930,8112,270,327,766,1494,949,2426,1214,3820,1699,3235,1102,1352,4651,6844,3709,7573,44786,41424,2730,9,8352,0,0,3,0
2021-02-21T23:59:59+01:00,2,1,1170,993,1894,2658,1834,3952,2138,5657,2738,4615,1665,1659,5057,7324,3930,8108,268,325,761,1488,941,2394,1212,3784,1686,3195,1093,1337,4635,6819,3687,7532,44733,41150,2719,9,7940,0,0,3,0
2021-02-20T23:59:59+01:00,2,1,1170,993,1894,2657,1833,3952,2138,5657,2736,4610,1656,1650,5053,7318,3928,8105,268,325,761,1487,940,2390,1211,3780,1685,3193,1093,1337,4582,6758,3641,7473,44718,40918,2694,8,7938,0,0,3,0
2021-02-19T23:59:59+01:00,2,1,1170,990,1891,2652,1832,3943,2137,5648,2733,4607,1637,1642,5040,7301,3925,8099,267,324,757,1478,932,2366,1204,3738,1658,3140,1066,1299,4392,6505,3464,7182,44638,39766,2675,8,7934,0,0,3,0
2021-02-18T23:59:59+01:00,2,1,1138,907,1852,2533,1793,3805,2084,5442,2672,4433,1621,1626,5024,7267,3920,8073,239,295,712,1354,883,2161,1118,3401,1541,2845,957,1112,3909,5733,3072,6333,44484,35659,2642,8,7064,0,0,3,0
2021-02-17T23:59:59+01:00,2,1,1089,778,1771,2300,1716,3506,1975,5082,2597,4184,1597,1617,5003,7253,3912,8069,234,292,702,1336,874,2139,1106,3366,1522,2824,951,1109,3529,5210,2780,5912,44442,33880,2586,8,5421,0,0,3,0
2021-02-16T23:59:59+01:00,2,1,1048,742,1713,2196,1648,3335,1904,4875,2519,4078,1562,1603,4976,7232,3903,8057,228,286,688,1302,853,2085,1075,3249,1483,2739,928,1086,3177,4663,2441,5423,44390,31703,2424,5,4577,0,0,3,0
2021-02-15T23:59:59+01:00,2,1,1041,723,1694,2120,1629,3235,1885,4766,2505,4000,1534,1589,4947,7215,3871,8001,216,276,673,1267,834,2035,1055,3183,1441,2674,897,1055,2758,4112,2115,4861,44261,29450,2341,4,4153,0,0,3,0
2021-02-14T23:59:59+01:00,2,1,945,689,1616,2086,1567,3216,1841,4744,2470,3987,1527,1586,4938,7203,3868,7996,209,264,664,1249,815,1995,1039,3117,1411,2606,867,1010,2669,3972,2043,4678,44219,28607,2305,3,3757,0,0,1,0
2021-02-13T23:59:59+01:00,2,1,892,665,1586,2063,1552,3208,1825,4737,2462,3986,1526,1585,4938,7203,3867,7995,207,263,662,1249,815,1991,1039,3115,1410,2604,866,1010,2567,3846,1979,4578,44213,28200,2305,3,3574,0,0,1,0
2021-02-12T23:59:59+01:00,2,1,558,517,1236,1946,1380,3105,1685,4655,2355,3916,1507,1576,4929,7192,3861,7989,195,257,649,1223,801,1947,1013,3030,1354,2505,804,936,2344,3535,1837,4276,44100,26706,2305,2,2004,0,0,1,0
2021-02-11T23:59:59+01:00,2,1,392,440,1046,1833,1278,2986,1586,4541,2267,3827,1400,1532,4867,7143,3840,7942,157,193,549,979,665,1501,813,2359,1074,1915,567,687,1745,2662,1356,3089,43748,20312,2107,1,1067,0,0,1,0
2021-02-10T23:59:59+01:00,2,1,279,368,920,1728,1178,2863,1491,4356,2154,3704,1363,1519,4848,7132,3835,7940,135,131,378,618,492,1012,643,1747,906,1581,546,672,1338,2101,1041,2593,43672,15936,2003,0,5,0,0,1,0
2021-02-09T23:59:59+01:00,2,1,279,367,919,1722,1175,2854,1491,4350,2153,3699,1356,1516,4846,7130,3834,7938,132,129,369,588,473,985,622,1718,881,1550,544,669,958,1636,764,2189,43647,14209,1980,0,4,0,0,1,0
2021-02-08T23:59:59+01:00,2,1,279,365,918,1720,1172,2844,1484,4345,2151,3695,1351,1512,4844,7130,3833,7935,127,123,358,577,465,968,611,1685,863,1524,536,664,566,1149,461,1764,43619,12443,1957,0,4,0,0,1,0
2021-02-07T23:59:59+01:00,2,1,279,365,916,1720,1171,2844,1482,4343,2151,3695,1351,1512,4844,7129,3832,7935,123,120,354,571,464,961,608,1673,853,1508,528,660,565,1139,456,1749,43615,12334,1956,0,0,0,0,1,0
2021-02-06T23:59:59+01:00,2,1,279,365,916,1720,1171,2844,1482,4343,2151,3695,1351,1512,4844,7129,3832,7935,120,117,352,567,463,960,608,1671,853,1507,527,659,565,1139,456,1749,43615,12315,1956,0,0,0,0,1,0
2021-02-05T23:59:59+01:00,2,1,279,364,915,1720,1171,2843,1480,4342,2150,3695,1351,1512,4843,7127,3832,7932,119,109,349,563,455,947,604,1661,839,1484,522,649,559,1123,446,1727,43602,12158,1956,0,0,0,0,1,0
2021-02-04T23:59:59+01:00,2,1,276,359,908,1682,1164,2797,1479,4290,2137,3652,1343,1505,4815,7096,3821,7902,89,72,232,390,331,688,475,1271,628,1114,392,516,469,915,389,1485,43273,9457,1955,0,0,0,0,1,0
2021-02-03T23:59:59+01:00,2,1,274,350,903,1657,1160,2762,1468,4240,2128,3616,1335,1489,4793,7067,3809,7876,55,34,80,166,152,342,232,597,303,543,211,279,273,576,227,944,42974,5015,1955,0,0,0,0,1,0
2021-02-02T23:59:59+01:00,2,1,273,348,902,1645,1156,2743,1465,4208,2121,3590,1327,1483,4786,7054,3802,7854,16,10,25,49,60,97,73,164,97,122,45,75,67,127,51,193,42804,1272,1955,0,0,0,0,1,0
2021-02-01T23:59:59+01:00,2,1,273,343,902,1643,1155,2742,1464,4204,2120,3584,1326,1482,4784,7053,3802,7854,14,9,21,43,51,88,60,136,74,103,39,66,57,117,50,180,42778,1109,1955,0,0,0,0,1,0
2021-01-31T23:59:59+01:00,2,1,273,342,902,1639,1154,2738,1464,4199,2120,3581,1325,1482,4784,7052,3802,7854,13,8,20,38,44,80,54,125,64,97,34,55,47,108,47,174,42758,1009,1955,0,0,0,0,1,0
2021-01-30T23:59:59+01:00,2,1,273,342,897,1636,1146,2730,1456,4193,2116,3578,1325,1482,4731,6992,3756,7795,13,8,20,37,44,80,53,124,64,97,34,55,47,108,47,174,42529,1006,1921,0,0,0,0,1,0
2021-01-29T23:59:59+01:00,2,1,272,341,882,1628,1134,2709,1444,4163,2093,3551,1316,1476,4568,6789,3592,7591,11,8,20,37,41,80,52,122,61,96,32,50,46,108,47,174,41742,986,1809,0,0,0,0,1,0
2021-01-28T23:59:59+01:00,2,1,268,328,863,1541,1094,2599,1407,4063,2023,3476,1289,1464,4234,6319,3329,7238,7,4,9,17,22,39,21,56,36,63,20,32,31,70,37,117,39973,582,1564,0,0,0,0,1,0
2021-01-27T23:59:59+01:00,2,1,262,325,821,1486,1047,2505,1343,3965,1949,3369,1250,1437,3823,5753,3012,6779,3,4,9,8,12,21,8,22,14,29,11,14,15,39,15,56,38017,281,1111,0,0,0,0,1,0
2021-01-26T23:59:59+01:00,2,1,256,316,787,1440,982,2420,1282,3838,1832,3262,1192,1386,3479,5198,2664,6269,1,1,5,3,5,7,4,2,3,8,6,5,3,7,3,8,35942,72,663,0,0,0,0,1,0
2021-01-25T23:59:59+01:00,2,1,246,307,735,1379,921,2301,1181,3693,1672,3143,1113,1356,3086,4686,2355,5803,1,1,5,2,3,7,2,2,3,8,6,5,3,7,3,8,33919,67,61,0,0,0,0,0,0
2021-01-24T23:59:59+01:00,2,1,243,307,729,1375,910,2285,1176,3677,1644,3113,1107,1354,3060,4650,2338,5781,1,1,3,2,3,7,2,2,3,8,6,5,3,7,3,8,33745,65,7,0,0,0,0,0,0
2021-01-23T23:59:59+01:00,2,1,242,306,728,1375,910,2281,1175,3675,1641,3111,1106,1354,2955,4523,2272,5680,1,1,3,2,2,7,2,2,3,8,6,5,3,7,3,8,33331,64,6,0,0,0,0,0,0
2021-01-22T23:59:59+01:00,2,1,241,303,726,1359,908,2268,1169,3661,1637,3107,1104,1353,2796,4329,2170,5538,1,1,3,2,2,7,2,2,3,8,6,5,3,7,3,8,32666,64,6,0,0,0,0,0,0
2021-01-21T23:59:59+01:00,2,1,237,274,663,1203,840,2056,1088,3375,1540,2901,1061,1311,2453,3863,1881,5103,1,0,3,1,2,7,2,2,3,8,6,4,3,7,3,8,29846,61,6,0,0,0,0,0,0
2021-01-20T23:59:59+01:00,2,1,213,210,502,851,664,1566,888,2674,1303,2433,966,1177,1922,3117,1472,4339,1,0,3,1,2,7,2,2,3,6,5,4,3,7,3,8,24294,58,6,0,0,0,0,0,0
2021-01-19T23:59:59+01:00,2,1,186,191,455,744,610,1410,801,2374,1129,2126,799,920,1279,2192,1015,3275,0,0,2,1,0,0,0,0,2,1,1,0,0,0,0,0,19506,7,3,0,0,0,0,0,0
2021-01-18T23:59:59+01:00,1,1,138,136,378,619,487,1056,647,1829,937,1636,592,711,636,1272,513,1969,0,0,1,0,0,0,0,0,1,0,0,0,0,0,0,0,13556,2,2,0,0,0,0,0,0
2021-01-17T23:59:59+01:00,1,1,127,122,364,582,472,991,618,1712,878,1537,543,671,589,1175,471,1826,0,0,0,0,0,0,0,0,0,0,0,0,0,0,0,0,12680,0,0,0,0,0,0,0,0
2021-01-16T23:59:59+01:00,1,1,120,118,361,578,470,980,612,1699,872,1530,542,670,588,1170,467,1814,0,0,0,0,0,0,0,0,0,0,0,0,0,0,0,0,12593,0,0,0,0,0,0,0,0
2021-01-15T23:59:59+01:00,1,1,118,111,358,573,462,964,608,1688,857,1506,536,658,581,1154,459,1792,0,0,0,0,0,0,0,0,0,0,0,0,0,0,0,0,12427,0,0,0,0,0,0,0,0
2021-01-14T23:59:59+01:00,1,1,97,89,275,464,391,785,505,1417,700,1215,418,529,501,960,403,1607,0,0,0,0,0,0,0,0,0,0,0,0,0,0,0,0,10358,0,0,0,0,0,0,0,0
2021-01-13T23:59:59+01:00,1,1,67,49,163,282,255,520,353,924,478,781,258,324,311,635,258,1030,0,0,0,0,0,0,0,0,0,0,0,0,0,0,0,0,6690,0,0,0,0,0,0,0,0
2021-01-12T23:59:59+01:00,1,1,31,21,49,101,113,212,151,383,200,334,135,175,162,352,146,566,0,0,0,0,0,0,0,0,0,0,0,0,0,0,0,0,3133,0,0,0,0,0,0,0,0
2021-01-11T23:59:59+01:00,1,0,18,11,33,64,60,110,77,168,92,125,39,65,60,122,50,181,0,0,0,0,0,0,0,0,0,0,0,0,0,0,0,0,1276,0,0,0,0,0,0,0,0
2021-01-10T23:59:59+01:00,1,0,15,7,27,53,53,98,67,153,76,111,33,55,50,112,46,172,0,0,0,0,0,0,0,0,0,0,0,0,0,0,0,0,1129,0,0,0,0,0,0,0,0
2021-01-09T23:59:59+01:00,1,0,14,7,26,51,52,97,64,152,76,109,33,55,50,112,46,172,0,0,0,0,0,0,0,0,0,0,0,0,0,0,0,0,1117,0,0,0,0,0,0,0,0
2021-01-08T23:59:59+01:00,1,0,11,7,24,48,47,92,60,139,70,105,31,50,49,112,46,172,0,0,0,0,0,0,0,0,0,0,0,0,0,0,0,0,1064,0,0,0,0,0,0,0,0
2021-01-07T23:59:59+01:00,1,0,7,4,9,18,21,40,23,56,38,65,19,33,36,75,36,116,0,0,0,0,0,0,0,0,0,0,0,0,0,0,0,0,597,0,0,0,0,0,0,0,0
2021-01-06T23:59:59+01:00,1,0,7,4,9,15,14,30,15,39,25,53,15,25,30,67,34,101,0,0,0,0,0,0,0,0,0,0,0,0,0,0,0,0,484,0,0,0,0,0,0,0,0
2021-01-05T23:59:59+01:00,1,0,7,4,9,15,14,30,15,39,25,53,15,25,29,67,34,101,0,0,0,0,0,0,0,0,0,0,0,0,0,0,0,0,483,0,0,0,0,0,0,0,0
2021-01-04T23:59:59+01:00,1,0,2,4,8,5,4,14,4,7,6,16,6,5,6,16,4,13,0,0,0,0,0,0,0,0,0,0,0,0,0,0,0,0,121,0,0,0,0,0,0,0,0
2021-01-03T23:59:59+01:00,1,0,1,1,3,2,2,7,3,3,3,9,4,4,3,8,3,8,0,0,0,0,0,0,0,0,0,0,0,0,0,0,0,0,65,0,0,0,0,0,0,0,0
2021-01-02T23:59:59+01:00,1,0,1,1,3,2,2,7,3,3,3,9,4,4,3,8,3,8,0,0,0,0,0,0,0,0,0,0,0,0,0,0,0,0,65,0,0,0,0,0,0,0,0
2021-01-01T23:59:59+01:00,1,0,1,1,3,2,2,7,2,3,3,9,4,4,3,8,3,8,0,0,0,0,0,0,0,0,0,0,0,0,0,0,0,0,64,0,0,0,0,0,0,0,0
2020-12-31T23:59:59+01:00,1,0,1,1,3,1,2,7,2,2,3,8,4,4,3,8,3,8,0,0,0,0,0,0,0,0,0,0,0,0,0,0,0,0,61,0,0,0,0,0,0,0,0
2020-12-30T23:59:59+01:00,1,0,1,1,3,1,2,7,2,2,3,6,4,4,3,8,3,8,0,0,0,0,0,0,0,0,0,0,0,0,0,0,0,0,59,0,0,0,0,0,0,0,0
2020-12-29T23:59:59+01:00,1,0,1,1,2,1,2,6,2,2,3,6,2,2,2,8,2,7,0,0,0,0,0,0,0,0,0,0,0,0,0,0,0,0,50,0,0,0,0,0,0,0,0
2020-12-28T23:59:59+01:00,1,0,0,0,2,1,0,2,1,0,1,3,0,1,0,1,1,4,0,0,0,0,0,0,0,0,0,0,0,0,0,0,0,0,18,0,0,0,0,0,0,0,0
2020-12-27T23:59:59+01:00,0,0,0,0,0,0,0,1,1,0,1,2,0,1,0,1,1,4,0,0,0,0,0,0,0,0,0,0,0,0,0,0,0,0,12,0,0,0,0,0,0,0,0
