Datum,<15_1_m,<15_1_w,15-24_1_m,15-24_1_w,25-34_1_m,25-34_1_w,35-44_1_m,35-44_1_w,45-54_1_m,45-54_1_w,55-64_1_m,55-64_1_w,65-74_1_m,65-74_1_w,75-84_1_m,75-84_1_w,>84_1_m,>84_1_w,<15_2_m,<15_2_w,15-24_2_m,15-24_2_w,25-34_2_m,25-34_2_w,35-44_2_m,35-44_2_w,45-54_2_m,45-54_2_w,55-64_2_m,55-64_2_w,65-74_2_m,65-74_2_w,75-84_2_m,75-84_2_w,>84_2_m,>84_2_w,bp_1,bp_2,mo_1,mo_2,az_1,az_2,ja,unb_1,unb_2
2021-10-28T23:59:59+02:00,6138,5935,45690,43758,59636,51910,63189,59484,74614,72784,88575,86397,60836,65016,39798,51143,12632,22712,5170,4949,41653,39997,55473,47766,59581,55557,70542,68338,84657,82582,58914,62810,38568,49456,12117,21739,677736,636484,79523,76249,109714,103814,43259,49,63
2021-10-27T23:59:59+02:00,6067,5868,45473,43562,59371,51705,63018,59322,74464,72662,88483,86322,60819,64994,39796,51131,12628,22707,5132,4904,41486,39849,55324,47619,59481,55443,70446,68258,84607,82510,58890,62787,38546,49431,12112,21729,676048,635328,79503,76236,109713,103814,43113,49,63
2021-10-26T23:59:59+02:00,5966,5774,45178,43303,59034,51476,62802,59131,74273,72512,88386,86236,60801,64961,39788,51116,12620,22702,5057,4826,41295,39638,55159,47444,59357,55328,70365,68146,84526,82440,58859,62750,38525,49401,12112,21716,673893,633891,79489,76226,109712,103814,42950,49,63
2021-10-25T23:59:59+02:00,5960,5768,45151,43286,58998,51454,62780,59119,74249,72502,88371,86224,60800,64959,39786,51116,12620,22702,5053,4826,41284,39637,55142,47437,59342,55326,70357,68138,84521,82432,58859,62747,38524,49401,12112,21716,673727,633848,79488,76226,109712,103814,42903,49,63
2021-10-24T23:59:59+02:00,5933,5745,45058,43221,58879,51365,62689,59052,74163,72448,88325,86194,60792,64948,39783,51109,12618,22699,5044,4815,41230,39592,55073,47385,59295,55286,70324,68107,84496,82411,58847,62734,38518,49395,12111,21715,673055,633527,79481,76217,109712,103814,42757,49,63
2021-10-23T23:59:59+02:00,5933,5745,45057,43221,58879,51364,62689,59051,74163,72448,88325,86194,60792,64948,39783,51109,12618,22699,5044,4815,41230,39592,55072,47385,59295,55286,70324,68107,84496,82411,58847,62734,38518,49395,12111,21715,673052,633526,79481,76217,109712,103814,42757,49,63
2021-10-22T23:59:59+02:00,5909,5714,44968,43152,58775,51278,62578,58972,74087,72384,88275,86166,60792,64944,39781,51107,12616,22699,5026,4796,41160,39538,55017,47333,59234,55241,70294,68072,84458,82399,58840,62729,38513,49388,12110,21715,672409,633183,79469,76215,109712,103812,42590,49,63
2021-10-21T23:59:59+02:00,5848,5672,44820,43028,58619,51142,62425,58854,73966,72293,88187,86113,60774,64930,39770,51090,12612,22693,4979,4759,41035,39404,54907,47219,59132,55117,70209,68001,84398,82352,58819,62696,38497,49370,12105,21706,671206,632177,79451,76203,109712,103812,42450,49,63
2021-10-20T23:59:59+02:00,5812,5620,44681,42898,58447,50989,62301,58758,73866,72219,88139,86067,60765,64913,39752,51074,12607,22681,4929,4688,40889,39247,54746,47060,59012,54975,70119,67903,84326,82289,58782,62659,38479,49348,12102,21695,670078,630835,79428,76184,109711,103812,42354,49,63
2021-10-19T23:59:59+02:00,5784,5581,44556,42793,58312,50886,62232,58688,73823,72151,88097,86037,60741,64896,39736,51059,12600,22669,4865,4631,40687,39062,54580,46895,58910,54832,70034,67807,84260,82229,58743,62616,38463,49326,12100,21675,669205,629379,79418,76173,109711,103811,42289,49,63
2021-10-18T23:59:59+02:00,5765,5567,44500,42732,58253,50833,62200,58650,73794,72118,88075,86024,60723,64881,39733,51050,12598,22664,4850,4617,40632,39013,54527,46833,58877,54781,69997,67765,84224,82200,58725,62601,38456,49310,12098,21665,668789,628909,79416,76164,109711,103809,42226,49,63
2021-10-17T23:59:59+02:00,5753,5549,44464,42711,58222,50803,62169,58626,73776,72099,88053,86008,60716,64877,39727,51041,12596,22655,4832,4594,40592,38983,54505,46797,58853,54754,69980,67749,84204,82181,58715,62592,38454,49306,12097,21660,668508,628617,79408,76159,109711,103809,42200,49,63
2021-10-16T23:59:59+02:00,5751,5547,44464,42711,58222,50801,62169,58626,73776,72099,88053,86008,60716,64877,39727,51041,12596,22655,4832,4593,40591,38981,54505,46795,58853,54754,69980,67749,84204,82181,58715,62592,38454,49306,12097,21660,668502,628612,79408,76158,109711,103809,42200,49,63
2021-10-15T23:59:59+02:00,5736,5526,44407,42661,58167,50754,62125,58596,73739,72061,88023,85983,60703,64874,39722,51036,12593,22652,4810,4572,40537,38930,54462,46762,58813,54712,69946,67719,84176,82163,58710,62587,38445,49303,12096,21656,668108,628252,79406,76158,109709,103809,42117,49,63
2021-10-14T23:59:59+02:00,5690,5495,44331,42573,58095,50662,62054,58527,73679,71998,87962,85947,60690,64855,39710,51018,12587,22638,4763,4513,40432,38794,54398,46685,58731,54617,69875,67641,84138,82123,58676,62565,38438,49286,12093,21647,667378,627395,79397,76141,109709,103807,42009,49,63
2021-10-13T23:59:59+02:00,5649,5432,44231,42458,57987,50562,61978,58441,73623,71929,87914,85908,60673,64828,39702,51007,12584,22629,4675,4443,40249,38559,54249,46457,58605,54445,69789,67513,84051,82046,58646,62527,38418,49246,12088,21633,666470,625697,79384,76118,109709,103807,41954,49,63
2021-10-12T23:59:59+02:00,5612,5402,44108,42334,57874,50446,61894,58357,73536,71864,87852,85862,60649,64796,39696,50990,12580,22616,4623,4377,40007,38330,54038,46260,58456,54295,69696,67400,83971,81975,58612,62483,38397,49216,12079,21619,665487,623972,79379,76116,109708,103807,41876,49,63
2021-10-11T23:59:59+02:00,5594,5389,44063,42279,57824,50384,61855,58315,73497,71832,87822,85838,60634,64783,39689,50976,12574,22604,4605,4362,39960,38283,53983,46211,58410,54251,69666,67363,83948,81942,58591,62459,38384,49189,12071,21597,665016,623457,79372,76111,109708,103806,41838,49,63
2021-10-10T23:59:59+02:00,5580,5376,44036,42249,57789,50359,61822,58287,73477,71812,87807,85826,60625,64778,39688,50972,12573,22601,4596,4352,39927,38259,53945,46177,58376,54229,69642,67346,83934,81930,58586,62452,38378,49183,12069,21595,664772,623210,79367,76106,109708,103805,41792,49,63
2021-10-09T23:59:59+02:00,5579,5375,44035,42245,57789,50359,61820,58287,73477,71812,87807,85826,60625,64778,39688,50972,12573,22601,4595,4352,39925,38257,53944,46177,58374,54229,69642,67346,83934,81930,58585,62452,38378,49183,12069,21595,664765,623205,79367,76106,109708,103803,41790,49,63
2021-10-08T23:59:59+02:00,5555,5354,43988,42198,57736,50302,61770,58254,73429,71785,87782,85814,60617,64769,39682,50963,12571,22598,4583,4330,39890,38217,53915,46143,58338,54187,69608,67325,83917,81917,58581,62440,38375,49179,12068,21593,664369,622930,79365,76103,109708,103803,41707,49,63
2021-10-07T23:59:59+02:00,5491,5277,43843,42062,57622,50175,61681,58167,73353,71710,87728,85776,60604,64746,39672,50953,12568,22590,4492,4237,39700,37988,53777,45950,58213,54025,69503,67216,83862,81855,58552,62396,38354,49163,12061,21585,663325,621357,79350,76089,109708,103803,41617,49,63
2021-10-06T23:59:59+02:00,5465,5236,43704,41946,57508,50087,61602,58077,73288,71644,87669,85733,60587,64721,39658,50928,12565,22573,4431,4183,39537,37809,53646,45798,58110,53888,69412,67107,83797,81781,58518,62356,38339,49137,12059,21567,662404,619992,79330,76087,109707,103803,41530,49,63
2021-10-05T23:59:59+02:00,5424,5199,43575,41807,57395,49952,61484,57999,73218,71580,87617,85675,60568,64701,39647,50910,12561,22555,4385,4135,39405,37662,53529,45670,58015,53766,69312,67029,83738,81721,58493,62324,38321,49112,12053,21563,661365,618838,79324,76079,109707,103802,41451,49,63
2021-10-04T23:59:59+02:00,5395,5186,43497,41736,57326,49878,61437,57958,73165,71535,87583,85650,60549,64682,39642,50902,12557,22543,4366,4117,39332,37610,53461,45609,57977,53718,69275,66976,83708,81694,58467,62304,38311,49102,12051,21560,660813,618359,79320,76057,109707,103798,41361,49,63
2021-10-03T23:59:59+02:00,5385,5170,43469,41699,57274,49843,61401,57924,73136,71509,87559,85626,60538,64673,39632,50895,12554,22532,4358,4107,39302,37579,53431,45590,57951,53688,69255,66956,83688,81676,58456,62291,38305,49101,12050,21555,660489,618137,79318,76056,109707,103798,41285,49,63
2021-10-02T23:59:59+02:00,5385,5170,43468,41698,57271,49842,61401,57924,73136,71508,87559,85626,60538,64673,39632,50895,12554,22532,4358,4107,39302,37579,53431,45590,57951,53688,69255,66956,83688,81676,58456,62291,38305,49101,12050,21555,660484,618137,79316,76056,109707,103798,41285,49,63
2021-10-01T23:59:59+02:00,5372,5149,43393,41630,57204,49779,61339,57889,73084,71469,87521,85595,60523,64663,39627,50887,12554,22532,4341,4095,39246,37524,53383,45561,57911,53650,69220,66929,83664,81653,58449,62290,38302,49099,12050,21554,660003,617841,79315,76055,109707,103797,41165,49,63
2021-09-30T23:59:59+02:00,5301,5069,43215,41440,57045,49611,61218,57745,72989,71361,87448,85546,60500,64624,39609,50867,12550,22524,4222,3966,39015,37256,53223,45371,57771,53479,69118,66810,83588,81580,58432,62254,38286,49073,12044,21551,658694,616188,79302,76055,109707,103794,40939,49,63
2021-09-29T23:59:59+02:00,5266,5033,43073,41290,56906,49479,61121,57645,72904,71272,87389,85497,60475,64601,39592,50848,12546,22514,4138,3907,38826,37033,53081,45222,57679,53352,69024,66702,83522,81495,58389,62228,38274,49057,12041,21541,657671,614827,79275,76050,109707,103793,40778,49,63
2021-09-28T23:59:59+02:00,5224,4989,42865,41132,56761,49342,61016,57538,72820,71182,87329,85430,60446,64577,39578,50827,12539,22493,4079,3853,38631,36846,52938,45087,57579,53239,68940,66617,83446,81425,58361,62197,38258,49037,12039,21534,656479,613588,79267,76049,109706,103790,40616,49,63
2021-09-27T23:59:59+02:00,5192,4967,42775,41053,56668,49258,60930,57458,72757,71128,87279,85389,60423,64550,39556,50805,12530,22459,4065,3837,38544,36788,52858,45036,57505,53185,68903,66574,83403,81390,58338,62175,38248,49022,12036,21523,655820,613195,79261,76018,109706,103784,40370,49,63
2021-09-26T23:59:59+02:00,5179,4941,42731,41019,56637,49223,60912,57434,72733,71109,87265,85368,60415,64543,39552,50800,12529,22458,4055,3830,38522,36772,52824,45007,57482,53168,68881,66551,83384,81376,58332,62167,38243,49018,12036,21523,655578,613022,79255,76013,109706,103784,40289,49,63
2021-09-25T23:59:59+02:00,5179,4940,42727,41017,56637,49222,60912,57433,72732,71107,87265,85368,60415,64543,39552,50800,12529,22458,4055,3830,38518,36769,52823,45007,57482,53166,68880,66549,83384,81376,58331,62166,38243,49018,12036,21523,655572,613011,79253,76013,109706,103784,40285,49,63
2021-09-24T23:59:59+02:00,5160,4929,42641,40935,56573,49157,60846,57377,72671,71047,87227,85329,60403,64534,39547,50796,12528,22456,4050,3822,38460,36718,52773,44963,57431,53124,68834,66494,83351,81352,58320,62160,38240,49015,12035,21521,655225,612851,79249,76010,109706,103784,39955,49,63
2021-09-23T23:59:59+02:00,5087,4828,42372,40663,56347,48946,60675,57175,72517,70909,87095,85236,60349,64491,39528,50758,12522,22427,3972,3735,38219,36539,52582,44798,57280,52984,68702,66384,83251,81267,58283,62121,38227,48989,12028,21504,653630,611689,79236,75999,109705,103782,39332,49,63
2021-09-22T23:59:59+02:00,5048,4773,42218,40479,56170,48767,60527,57019,72408,70773,87003,85155,60313,64440,39507,50721,12519,22411,3931,3685,38080,36393,52421,44664,57151,52858,68624,66285,83161,81185,58249,62085,38209,48968,12025,21494,652325,610652,79222,75995,109704,103780,38978,49,63
2021-09-21T23:59:59+02:00,5012,4717,42018,40233,55946,48544,60362,56870,72317,70652,86914,85073,60274,64396,39490,50681,12510,22397,3884,3651,37918,36247,52268,44524,57031,52761,68556,66205,83085,81121,58220,62061,38185,48946,12019,21481,650752,609619,79221,75995,109704,103779,38707,49,63
2021-09-20T23:59:59+02:00,4986,4695,41912,40152,55815,48449,60260,56787,72239,70587,86856,85018,60249,64376,39477,50661,12504,22378,3876,3638,37836,36176,52152,44449,56948,52701,68494,66154,83034,81078,58197,62043,38175,48919,12016,21476,650044,609170,79211,75943,109704,103766,38420,49,63
2021-09-19T23:59:59+02:00,4981,4691,41867,40124,55740,48402,60211,56746,72198,70574,86829,85004,60242,64367,39476,50653,12504,22376,3866,3635,37804,36153,52107,44432,56914,52690,68458,66138,83012,81061,58189,62037,38172,48915,12016,21474,649786,609037,79209,75941,109701,103765,38267,49,63
2021-09-18T23:59:59+02:00,4979,4689,41855,40118,55722,48388,60192,56736,72186,70561,86819,85000,60237,64364,39475,50653,12504,22375,3866,3635,37800,36150,52091,44427,56901,52680,68449,66130,83002,81057,58184,62034,38170,48913,12016,21474,649731,609021,79208,75941,109701,103765,38189,49,63
2021-09-17T23:59:59+02:00,4924,4638,41708,39997,55605,48242,60050,56612,72051,70445,86750,84927,60201,64342,39466,50647,12501,22369,3834,3608,37693,36063,51994,44310,56810,52587,68341,66052,82942,80999,58153,62017,38163,48905,12014,21470,648900,608545,79207,75941,109701,103765,37641,49,63
2021-09-16T23:59:59+02:00,4827,4537,41423,39723,55351,47955,59814,56341,71860,70266,86621,84795,60149,64285,39443,50624,12490,22354,3730,3505,37415,35844,51791,44074,56626,52383,68196,65908,82832,80900,58100,61982,38145,48881,12005,21459,646975,607067,79203,75935,109693,103750,36961,49,63
2021-09-15T23:59:59+02:00,4762,4472,41183,39468,55106,47672,59599,56122,71703,70123,86501,84689,60106,64230,39415,50594,12481,22330,3670,3457,37204,35657,51616,43865,56485,52240,68088,65807,82736,80797,58054,61949,38121,48856,12003,21445,645181,605852,79201,75932,109693,103750,36453,49,63
2021-09-14T23:59:59+02:00,4734,4444,41060,39343,54977,47580,59510,56006,71605,70031,86424,84630,60087,64203,39401,50582,12478,22326,3656,3444,37131,35584,51523,43809,56413,52170,68012,65745,82677,80760,58036,61923,38106,48836,11997,21437,644422,605438,79201,75932,109693,103749,36077,49,63
2021-09-13T23:59:59+02:00,4706,4430,40957,39238,54886,47484,59446,55906,71534,69975,86381,84589,60057,64171,39395,50571,12474,22321,3635,3426,37056,35514,51436,43748,56354,52104,67948,65711,82637,80733,58012,61896,38097,48825,11996,21431,643712,604992,79200,75881,109692,103734,35889,49,63
2021-09-12T23:59:59+02:00,4697,4416,40926,39211,54865,47461,59420,55875,71506,69943,86367,84569,60049,64163,39393,50568,12472,22317,3626,3423,37019,35484,51418,43729,56329,52086,67928,65683,82616,80714,58001,61883,38092,48814,11996,21429,643498,604789,79191,75876,109691,103732,35810,49,63
2021-09-11T23:59:59+02:00,4688,4414,40911,39185,54836,47434,59401,55858,71482,69931,86356,84561,60048,64160,39392,50567,12472,22315,3623,3421,37002,35473,51396,43710,56316,52073,67905,65672,82603,80710,57999,61882,38090,48814,11996,21428,643402,604744,79191,75875,109691,103732,35699,49,63
2021-09-10T23:59:59+02:00,4643,4375,40730,39013,54680,47299,59283,55706,71357,69828,86268,84479,60020,64132,39382,50555,12468,22308,3605,3402,36874,35383,51286,43618,56223,51982,67811,65606,82530,80654,57980,61861,38081,48800,11989,21422,642498,604319,79189,75875,109691,103732,35118,49,63
2021-09-09T23:59:59+02:00,4569,4287,40487,38794,54484,47077,59106,55485,71208,69661,86165,84385,59994,64089,39360,50528,12459,22303,3547,3338,36662,35207,51110,43466,56070,51817,67668,65486,82421,80575,57941,61815,38064,48778,11984,21414,641011,603176,79188,75873,109691,103732,34520,49,62
2021-09-08T23:59:59+02:00,4470,4192,40259,38534,54283,46895,58931,55316,71097,69544,86072,84306,59958,64049,39352,50496,12453,22296,3437,3233,36376,34937,50875,43250,55870,51632,67531,65356,82307,80471,57907,61759,38041,48739,11973,21400,639584,601422,79183,75865,109691,103732,34013,49,62
2021-09-07T23:59:59+02:00,4396,4130,40056,38362,54153,46776,58829,55208,71020,69455,86010,84239,59934,64021,39341,50481,12450,22293,3408,3207,36247,34828,50770,43169,55787,51568,67461,65287,82242,80414,57874,61726,38029,48716,11967,21392,638568,600759,79177,75851,109687,103731,33689,49,62
2021-09-06T23:59:59+02:00,4355,4082,39951,38261,54073,46704,58762,55132,70975,69399,85965,84201,59914,64004,39338,50476,12448,22289,3375,3183,36131,34712,50674,43098,55704,51483,67401,65216,82188,80352,57847,61695,38018,48703,11966,21390,637886,599995,79177,75813,109685,103719,33547,49,62
2021-09-05T23:59:59+02:00,4342,4064,39916,38231,54051,46673,58726,55105,70947,69376,85941,84178,59911,64001,39335,50471,12447,22285,3371,3177,36105,34691,50646,43075,55671,51463,67382,65199,82170,80336,57839,61690,38015,48697,11964,21387,637663,599845,79176,75809,109684,103719,33443,49,62
2021-09-04T23:59:59+02:00,4342,4062,39907,38228,54048,46665,58725,55103,70945,69372,85937,84171,59911,63999,39335,50471,12447,22285,3370,3176,36094,34688,50643,43068,55667,51462,67380,65195,82167,80332,57838,61688,38015,48697,11964,21387,637643,599828,79176,75808,109684,103717,33416,49,62
2021-09-03T23:59:59+02:00,4304,4032,39793,38113,53947,46594,58644,55020,70875,69312,85873,84140,59893,63983,39329,50466,12444,22282,3357,3161,36015,34617,50558,43022,55604,51407,67321,65152,82122,80300,57823,61674,38007,48691,11958,21386,637064,599507,79176,75803,109684,103717,33086,49,62
2021-09-02T23:59:59+02:00,4264,3989,39615,37955,53803,46434,58503,54893,70749,69194,85795,84075,59845,63946,39306,50438,12442,22272,3340,3146,35888,34534,50445,42937,55504,51318,67220,65071,82049,80238,57776,61642,37990,48668,11953,21379,636051,598949,79176,75802,109684,103712,32573,49,62
2021-09-01T23:59:59+02:00,4203,3919,39420,37783,53639,46292,58385,54779,70654,69107,85734,83998,59801,63915,39290,50425,12440,22261,3206,3025,35552,34187,50210,42676,55305,51123,67058,64904,81917,80130,57727,61585,37958,48641,11948,21373,634929,596726,79165,75792,109683,103711,32234,49,62
2021-08-31T23:59:59+02:00,4154,3872,39283,37632,53508,46179,58281,54674,70567,69033,85656,83942,59772,63887,39272,50396,12438,22258,3185,3008,35432,34083,50067,42576,55193,51038,66963,64837,81835,80076,57688,61549,37944,48621,11942,21370,633997,596140,79163,75791,109681,103484,31930,48,62
2021-08-30T23:59:59+02:00,4103,3828,39171,37506,53402,46093,58194,54595,70505,68955,85595,83895,59754,63861,39260,50385,12436,22252,3172,2989,35359,34010,49990,42515,55117,50967,66903,64774,81781,80018,57661,61521,37929,48600,11941,21359,633150,595550,79160,75756,109681,103472,31766,48,62
2021-08-29T23:59:59+02:00,4092,3819,39153,37487,53383,46076,58179,54576,70497,68945,85579,83878,59752,63859,39256,50381,12435,22251,3166,2982,35330,33985,49959,42496,55105,50941,66880,64747,81758,80004,57651,61505,37924,48595,11938,21358,633030,595354,79157,75739,109681,103472,31697,48,62
2021-08-28T23:59:59+02:00,4092,3819,39152,37487,53382,46075,58178,54576,70496,68943,85579,83878,59752,63859,39256,50381,12435,22251,3166,2982,35330,33984,49959,42496,55102,50941,66879,64746,81758,80004,57651,61505,37924,48595,11938,21358,633026,595351,79157,75739,109681,103472,31694,48,62
2021-08-27T23:59:59+02:00,4056,3777,39031,37387,53281,45970,58095,54482,70406,68865,85517,83820,59726,63835,39244,50371,12435,22249,3160,2966,35227,33924,49857,42433,55029,50868,66788,64683,81704,79965,57626,61485,37913,48585,11937,21357,632388,594943,79157,75739,109676,103470,31293,48,62
2021-08-26T23:59:59+02:00,3972,3714,38836,37203,53109,45802,57958,54332,70277,68750,85390,83728,59679,63788,39220,50351,12428,22239,3133,2928,35050,33750,49704,42266,54868,50706,66660,64553,81559,79852,57578,61423,37884,48559,11932,21349,631197,593777,79154,75728,109670,103465,30722,48,62
2021-08-25T23:59:59+02:00,3877,3645,38667,37004,52955,45612,57843,54192,70176,68649,85296,83635,59643,63747,39202,50332,12426,22232,3016,2794,34666,33335,49430,41950,54629,50441,66465,64350,81379,79680,57490,61341,37862,48521,11920,21337,629950,591026,79153,75726,109670,103465,30327,48,62
2021-08-24T23:59:59+02:00,3856,3629,38579,36931,52875,45542,57786,54139,70122,68604,85250,83595,59611,63721,39193,50315,12423,22222,2973,2764,34518,33209,49309,41862,54541,50356,66362,64256,81288,79603,57441,61296,37854,48505,11915,21328,629510,590103,79149,75722,109668,103460,30033,48,62
2021-08-23T23:59:59+02:00,3828,3593,38483,36835,52794,45477,57731,54073,70063,68551,85196,83556,59593,63694,39183,50302,12421,22214,2955,2733,34378,33072,49184,41784,54440,50271,66268,64160,81199,79540,57405,61246,37834,48485,11914,21317,628975,589221,79146,75688,109666,103447,29767,48,62
2021-08-22T23:59:59+02:00,3820,3593,38454,36822,52779,45458,57714,54060,70037,68532,85179,83542,59583,63684,39181,50293,12416,22212,2947,2715,34330,33033,49156,41747,54404,50244,66225,64135,81163,79513,57390,61232,37831,48476,11909,21314,628871,588933,79144,75677,109665,103446,29646,48,62
2021-08-21T23:59:59+02:00,3818,3590,38434,36816,52770,45447,57699,54054,70023,68520,85173,83533,59576,63682,39180,50293,12416,22212,2947,2715,34318,33029,49146,41738,54390,50239,66213,64124,81157,79506,57386,61231,37831,48476,11909,21314,628830,588920,79143,75675,109664,103446,29566,48,62
2021-08-20T23:59:59+02:00,3798,3558,38363,36745,52686,45376,57621,53990,69949,68467,85110,83484,59559,63662,39177,50289,12416,22206,2929,2701,34218,32923,49031,41670,54298,50164,66118,64056,81087,79453,57366,61207,37825,48471,11908,21310,628458,588398,79141,75672,109664,103443,29160,48,62
2021-08-19T23:59:59+02:00,3770,3524,38192,36602,52524,45236,57499,53886,69820,68346,85011,83408,59529,63618,39162,50272,12412,22194,2895,2648,33866,32668,48743,41424,54079,49967,65909,63868,80911,79318,57310,61134,37779,48433,11903,21299,627567,586477,79139,75575,109655,103429,28611,48,62
2021-08-18T23:59:59+02:00,3720,3474,38003,36445,52397,45114,57403,53780,69710,68251,84935,83344,59490,63575,39147,50252,12410,22186,2825,2575,33483,32255,48440,41166,53821,49689,65689,63655,80727,79156,57228,61047,37743,48391,11899,21287,626564,583896,79136,75446,109653,103422,28250,48,62
2021-08-17T23:59:59+02:00,3659,3426,37840,36286,52277,44986,57321,53683,69615,68165,84862,83281,59455,63542,39134,50229,12405,22177,2725,2498,33092,31812,48112,40849,53530,49396,65441,63413,80527,78947,57118,60936,37701,48342,11887,21276,625600,580781,79136,75432,109648,103401,27926,48,62
2021-08-16T23:59:59+02:00,3603,3371,37694,36142,52181,44889,57248,53613,69545,68096,84809,83236,59433,63513,39120,50212,12399,22169,2592,2390,32530,31248,47719,40435,53136,49008,65135,63144,80305,78751,57042,60820,37668,48287,11878,21254,624690,576732,79132,75397,109648,103381,27770,48,62
2021-08-15T23:59:59+02:00,3594,3362,37660,36117,52148,44871,57221,53580,69529,68080,84798,83225,59421,63509,39117,50203,12399,22167,2575,2379,32452,31151,47646,40371,53073,48947,65091,63102,80262,78723,57024,60800,37660,48274,11877,21250,624501,576170,79132,75367,109647,103370,27688,48,62
2021-08-14T23:59:59+02:00,3589,3357,37652,36110,52142,44867,57215,53573,69525,68077,84790,83221,59414,63504,39116,50201,12399,22167,2574,2377,32444,31144,47635,40367,53064,48939,65088,63099,80255,78721,57019,60795,37659,48272,11877,21250,624468,576139,79129,75366,109647,103370,27642,48,62
2021-08-13T23:59:59+02:00,3572,3343,37582,36068,52080,44816,57148,53522,69456,68036,84724,83185,59392,63492,39105,50186,12396,22161,2551,2349,32303,31030,47506,40268,52942,48838,64986,63019,80165,78671,56996,60774,37646,48262,11875,21245,624157,575331,79129,75365,109647,103370,27298,48,62
2021-08-12T23:59:59+02:00,3533,3316,37453,35945,51990,44726,57077,53439,69362,67963,84650,83119,59363,63468,39093,50173,12396,22158,2472,2259,31774,30542,47121,39917,52549,48482,64660,62786,79943,78459,56904,60686,37601,48219,11870,21228,623440,571834,79128,75335,109645,103263,26978,48,62
2021-08-11T23:59:59+02:00,3491,3276,37300,35800,51877,44619,56954,53317,69264,67874,84567,83038,59323,63430,39072,50157,12392,22154,2352,2179,31126,29922,46614,39526,52119,48046,64357,62508,79730,78255,56808,60580,37565,48146,11857,21211,622539,567786,79122,75311,109643,103175,26567,48,62
2021-08-10T23:59:59+02:00,3443,3231,37141,35652,51763,44497,56848,53212,69198,67804,84500,82981,59299,63393,39054,50143,12385,22149,2185,2030,30239,28940,45876,38825,51451,47440,63971,62144,79482,78012,56703,60475,37520,48077,11849,21199,621594,561569,79120,75310,109640,103172,26305,48,62
2021-08-09T23:59:59+02:00,3407,3202,37047,35543,51685,44429,56789,53171,69167,67761,84470,82949,59282,63378,39042,50124,12384,22147,2049,1909,29528,28196,45206,38238,50878,46857,63599,61786,79204,77762,56582,60379,37476,48022,11842,21185,621007,557449,79118,73862,109639,103146,26179,48,62
2021-08-08T23:59:59+02:00,3398,3188,37021,35526,51660,44403,56772,53160,69149,67743,84450,82934,59278,63373,39037,50117,12383,22146,2015,1884,29403,28055,45062,38143,50780,46772,63543,61729,79155,77721,56545,60361,37466,48011,11842,21182,620832,556522,79117,73854,109638,103114,26117,48,62
2021-08-07T23:59:59+02:00,3398,3188,37019,35520,51650,44402,56770,53160,69145,67740,84449,82932,59277,63373,39037,50117,12383,22146,2015,1884,29394,28047,45047,38140,50779,46767,63540,61724,79152,77718,56542,60360,37465,48011,11842,21181,620824,556487,79116,73852,109638,103113,26094,48,62
2021-08-06T23:59:59+02:00,3387,3173,36953,35464,51568,44337,56703,53119,69103,67706,84417,82905,59265,63353,39026,50111,12380,22144,1977,1841,29154,27814,44838,37955,50595,46620,63401,61606,79052,77650,56517,60335,37450,48001,11839,21178,620544,555020,79113,73845,109638,103111,25785,48,62
2021-08-05T23:59:59+02:00,3354,3134,36800,35330,51454,44203,56581,53004,68988,67592,84291,82829,59222,63300,39003,50090,12371,22134,1858,1711,28454,27195,44250,37474,50039,46164,63041,61308,78760,77430,56407,60240,37411,47948,11831,21162,619741,550700,79112,73835,109638,102931,25155,48,62
2021-08-04T23:59:59+02:00,3295,3071,36599,35159,51303,44055,56441,52889,68864,67462,84175,82716,59154,63242,38985,50061,12367,22124,1657,1534,27308,26075,43288,36596,49079,45259,62448,60702,78263,76990,56197,60058,37352,47859,11817,21142,618648,542350,79101,73794,109638,102878,24540,48,62
2021-08-03T23:59:59+02:00,3221,3013,36383,34962,51146,43914,56315,52765,68731,67348,84087,82643,59111,63197,38964,50031,12358,22109,1455,1329,26227,24959,42354,35697,48180,44373,61904,60171,77813,76585,56028,59873,37291,47771,11798,21111,617288,534012,79093,73745,109634,102852,24248,48,62
2021-08-02T23:59:59+02:00,3176,2959,36240,34811,51036,43802,56222,52665,68646,67257,84002,82569,59072,63149,38949,50011,12350,22097,1266,1164,25326,23963,41502,34953,47450,43628,61419,59698,77426,76241,55864,59724,37241,47692,11781,21090,616314,527028,79092,73690,109633,102709,23939,48,62
2021-08-01T23:59:59+02:00,3171,2953,36223,34789,51009,43783,56202,52638,68616,67244,83988,82557,59066,63144,38947,50007,12350,22097,1221,1133,25067,23711,41255,34751,47217,43431,61278,59561,77310,76144,55828,59695,37226,47679,11777,21086,616168,525156,79089,73649,109632,102643,23860,48,62
2021-07-31T23:59:59+02:00,3170,2952,36218,34788,51009,43782,56200,52637,68615,67243,83988,82556,59066,63144,38947,50007,12350,22096,1218,1132,25060,23696,41247,34743,47212,43425,61269,59559,77308,76141,55828,59692,37226,47679,11777,21085,616155,525088,79089,73648,109632,102642,23857,48,62
2021-07-30T23:59:59+02:00,3153,2939,36157,34725,50939,43731,56137,52576,68559,67202,83950,82516,59054,63130,38943,50000,12347,22093,1161,1077,24739,23384,40974,34527,46952,43229,61080,59428,77158,76026,55796,59653,37212,47667,11777,21085,615863,523149,79085,73645,109629,102531,23539,48,61
2021-07-29T23:59:59+02:00,3130,2911,36017,34601,50809,43604,56042,52476,68488,67138,83879,82464,59028,63112,38931,49991,12347,22092,1018,960,23784,22395,40090,33779,46049,42447,60532,58983,76797,75722,55676,59515,37172,47612,11770,21074,614985,516088,79066,73519,109629,102362,23345,48,61
2021-07-28T23:59:59+02:00,3080,2856,35775,34363,50587,43432,55841,52325,68342,66995,83765,82365,58976,63065,38909,49953,12337,22084,819,805,22565,21156,38766,32672,44731,41269,59728,58322,76291,75261,55481,59326,37103,47508,11756,21049,613604,506272,79059,73349,109628,102204,22722,48,61
2021-07-27T23:59:59+02:00,3054,2837,35667,34245,50503,43350,55760,52274,68280,66926,83704,82293,58935,63022,38897,49938,12336,22075,665,646,21326,19763,37337,31338,43362,39967,59101,57726,75870,74849,55318,59149,37045,47453,11745,21026,612876,495848,79043,73171,109627,102093,22513,48,61
2021-07-26T23:59:59+02:00,3035,2818,35605,34150,50445,43295,55716,52225,68236,66890,83669,82266,58921,63006,38885,49926,12335,22073,563,561,20307,18662,36088,30222,42092,38816,58604,57322,75583,74594,55221,59049,37024,47418,11739,21012,612352,487600,79036,72844,109627,101928,22444,48,61
2021-07-25T23:59:59+02:00,3025,2813,35558,34108,50400,43247,55689,52203,68213,66865,83640,82243,58905,62999,38882,49923,12332,22067,494,490,19906,18297,35672,29891,41684,38509,58408,57167,75424,74485,55174,59011,37002,47398,11736,21008,612060,484869,79030,72570,109627,101898,22358,48,61
2021-07-24T23:59:59+02:00,3025,2813,35553,34105,50398,43244,55687,52202,68211,66865,83638,82242,58905,62999,38881,49923,12332,22067,494,490,19899,18285,35661,29881,41677,38508,58404,57164,75420,74483,55174,59011,37001,47398,11736,21008,612053,484823,79028,72569,109627,101896,22345,48,61
2021-07-23T23:59:59+02:00,3001,2787,35402,33987,50249,43143,55568,52097,68114,66770,83546,82191,58874,62971,38871,49918,12327,22064,468,474,19660,18061,35399,29704,41405,38326,58238,57034,75283,74405,55135,58987,36989,47388,11730,21002,611425,483694,79028,72276,109627,101894,21763,48,61
2021-07-22T23:59:59+02:00,2950,2703,34962,33615,49941,42908,55303,51869,67884,66586,83370,82041,58788,62878,38835,49871,12316,22046,424,425,18869,17400,34304,28968,40281,37492,57497,56564,74731,74030,54954,58807,36923,47304,11709,20976,609273,478168,79014,70837,109623,101675,20918,48,60
2021-07-21T23:59:59+02:00,2895,2645,34651,33289,49699,42695,55115,51680,67693,66403,83242,81915,58723,62825,38804,49832,12305,22036,382,385,18043,16575,32989,27976,39019,36534,56802,56000,74282,73668,54808,58632,36857,47220,11697,20943,607446,472264,78963,68647,109622,101463,20378,48,60
2021-07-20T23:59:59+02:00,2819,2582,34294,32902,49416,42463,54942,51484,67513,66246,83102,81795,58661,62769,38776,49787,12304,22021,326,306,16893,15456,31273,26579,37286,35078,56005,55350,73734,73220,54639,58443,36806,47134,11679,20905,605353,463084,78928,66909,109620,101122,19937,48,60
2021-07-19T23:59:59+02:00,2735,2510,33732,32338,49108,42153,54668,51219,67317,66033,82932,81626,58594,62687,38731,49735,12297,22006,292,259,16235,14886,30325,25899,36420,34361,55564,54926,73406,72980,54552,58357,36769,47083,11673,20883,602151,459376,78867,64739,109619,100949,19746,48,60
2021-07-18T23:59:59+02:00,2707,2492,33632,32220,49017,42098,54612,51159,67256,65984,82888,81584,58567,62661,38720,49722,12295,21999,276,238,15916,14622,29757,25522,35926,34009,55308,54764,73260,72879,54510,58317,36761,47068,11672,20879,601542,457928,78851,63212,109618,100921,19564,48,59
2021-07-17T23:59:59+02:00,2707,2492,33631,32218,49011,42097,54609,51157,67256,65983,82888,81583,58567,62660,38720,49722,12295,21999,276,238,15911,14615,29745,25507,35921,34004,55303,54763,73260,72879,54510,58317,36761,47068,11672,20879,601532,457881,78849,63208,109613,100918,19563,48,59
2021-07-16T23:59:59+02:00,2648,2427,33022,31696,48517,41748,54215,50822,66874,65660,82575,81351,58448,62547,38670,49673,12291,21992,268,227,15495,14291,29251,25133,35473,33672,54964,54508,73000,72686,54398,58229,36726,47030,11669,20875,599312,456479,78845,63079,109612,100910,17368,48,59
2021-07-15T23:59:59+02:00,2515,2295,32159,30914,47896,41178,53641,50340,66446,65312,82321,81109,58357,62450,38636,49630,12283,21973,239,201,14656,13618,27925,24307,34169,32857,54283,54107,72586,72460,54304,58132,36696,46996,11662,20859,594292,452283,78833,60710,109611,100326,16679,48,59
2021-07-14T23:59:59+02:00,2409,2209,31614,30389,47409,40741,53223,49940,66119,65032,82084,80861,58253,62354,38602,49580,12273,21960,192,162,13413,12481,25924,22846,32265,31336,53531,53511,72074,72121,54165,58006,36654,46935,11652,20843,590441,443127,78816,58793,109610,99989,16144,48,58
2021-07-13T23:59:59+02:00,2352,2139,31349,30119,47141,40514,52972,49711,65915,64844,81917,80713,58186,62278,38577,49543,12263,21948,168,140,12423,11635,24189,21532,30318,29747,52336,52342,71255,71327,53916,57729,36567,46820,11635,20816,588293,436394,78802,55869,109601,96830,15744,48,58
2021-07-12T23:59:59+02:00,2125,1932,30490,29189,46486,39980,52401,49143,65525,64456,81639,80440,58051,62152,38535,49486,12253,21927,147,123,11672,11012,22791,20550,28576,28367,51376,51480,70512,70707,53657,57448,36500,46702,11622,20785,582063,428271,78783,53302,109601,96674,15722,48,58
2021-07-11T23:59:59+02:00,2080,1894,30370,29081,46422,39909,52349,49080,65468,64401,81578,80397,58030,62132,38529,49468,12248,21922,144,115,11510,10864,22518,20362,28210,28094,51171,51334,70339,70563,53604,57368,36478,46685,11613,20778,581244,426199,78777,53260,109599,96539,15697,48,55
2021-07-10T23:59:59+02:00,2080,1892,30367,29073,46419,39903,52347,49078,65465,64400,81577,80394,58030,62130,38528,49468,12248,21922,144,115,11498,10845,22504,20347,28194,28081,51164,51329,70336,70560,53604,57368,36477,46685,11613,20778,581215,426111,78776,53258,109599,96528,15690,48,55
2021-07-09T23:59:59+02:00,2036,1854,30135,28841,46202,39723,52162,48907,65303,64287,81473,80313,58000,62100,38513,49453,12244,21920,143,109,11115,10574,21859,19908,27526,27529,50456,50759,69753,70148,53502,57281,36454,46651,11608,20767,580017,425029,78770,52943,109594,93070,15045,47,55
2021-07-08T23:59:59+02:00,1898,1727,29473,28310,45595,39219,51609,48438,64901,63977,81172,80079,57908,62009,38481,49402,12239,21906,105,81,9932,9474,19914,18280,25059,25546,49421,49956,69125,69609,53276,57067,36378,46564,11593,20741,575762,414496,78748,50516,109578,92839,14215,47,55
2021-07-07T23:59:59+02:00,1685,1530,28358,27106,44544,38253,50510,47442,64242,63337,80629,79595,57705,61780,38414,49317,12226,21865,81,70,9399,8998,18827,17438,23660,24344,48595,49308,68578,69119,53076,56824,36302,46466,11577,20701,566479,408146,78732,48900,109576,92551,13711,47,55
2021-07-06T23:59:59+02:00,1484,1372,27278,26066,43522,37330,49575,46510,63641,62775,80194,79187,57523,61596,38358,49222,12202,21838,60,45,8683,8254,17497,16433,22044,23062,47987,48853,68202,68852,52959,56710,36252,46429,11570,20686,558220,400672,78721,48475,109573,92257,13119,47,55
2021-07-05T23:59:59+02:00,1328,1248,26134,24813,42442,36334,48523,45440,62975,62199,79758,78784,57350,61408,38305,49147,12193,21815,48,35,8429,8027,16994,16111,21480,22674,47678,48625,68006,68704,52906,56637,36226,46409,11567,20681,548913,398071,78713,48159,109573,91998,12956,47,53
2021-07-04T23:59:59+02:00,1263,1184,25812,24488,42133,36074,48271,45254,62829,62063,79644,78687,57314,61368,38294,49128,12191,21812,41,34,8173,7870,16722,15913,21195,22476,47552,48525,67927,68628,52882,56613,36211,46404,11565,20680,546597,397032,78683,47496,109572,91914,12916,47,53
2021-07-03T23:59:59+02:00,1263,1183,25804,24474,42120,36067,48269,45254,62825,62062,79643,78686,57313,61368,38294,49128,12191,21812,41,34,8167,7862,16711,15902,21188,22469,47545,48524,67922,68627,52881,56613,36211,46404,11565,20680,546565,396998,78682,47495,109572,91904,12896,47,53
2021-07-02T23:59:59+02:00,1195,1126,25489,24127,41799,35789,48011,44998,62681,61915,79569,78615,57296,61345,38288,49116,12187,21807,40,31,7988,7714,16342,15635,20744,22162,46579,47744,67425,68277,52797,56521,36196,46386,11564,20677,544184,394513,78681,47492,109567,89884,12880,47,53
2021-07-01T23:59:59+02:00,1140,1076,25114,23762,41415,35440,47614,44648,62431,61674,79379,78444,57233,61282,38257,49075,12180,21797,34,27,7597,7377,15526,14852,19571,21126,45040,46257,66209,67198,52488,56218,36099,46266,11540,20650,541033,388679,78579,46664,109558,85929,12750,47,53
2021-06-30T23:59:59+02:00,1067,1011,24690,23315,40988,35068,47204,44268,62201,61464,79207,78295,57153,61204,38229,49024,12172,21776,27,20,7223,7018,14578,14051,18135,19916,41820,43526,64509,65752,52019,55719,35950,46072,11513,20600,537579,376639,78546,45967,109554,83174,12616,47,52
2021-06-29T23:59:59+02:00,976,902,24187,22780,40467,34646,46772,43852,61942,61183,78994,78116,57074,61140,38200,48980,12166,21757,18,18,6947,6709,13913,13552,16972,18989,37485,39839,63152,64493,51531,55219,35817,45893,11482,20557,533496,361307,78537,45753,109554,82968,12506,47,52
2021-06-28T23:59:59+02:00,947,869,23849,22388,40006,34254,46352,43485,61701,60927,78802,77961,57000,61071,38171,48950,12163,21742,16,10,6635,6394,13258,13050,15954,18150,33839,36790,62025,63457,51176,54823,35722,45743,11457,20519,531726,352629,76850,41056,109552,82812,12469,47,52
2021-06-27T23:59:59+02:00,933,856,23757,22295,39931,34192,46293,43425,61668,60890,78766,77931,56985,61060,38165,48943,12162,21737,15,9,6543,6322,13021,12907,15529,17912,33003,36143,61766,63256,51085,54752,35704,45721,11455,20515,531113,349720,76845,40788,109546,82654,12444,47,52
2021-06-26T23:59:59+02:00,933,856,23751,22289,39921,34188,46291,43423,61666,60889,78766,77931,56985,61060,38165,48942,12162,21737,15,9,6540,6315,13013,12893,15521,17905,32999,36142,61759,63254,51083,54746,35704,45721,11455,20514,531081,349652,76844,40787,109545,82653,12444,47,52
2021-06-25T23:59:59+02:00,910,829,23638,22172,39837,34100,46209,43351,61621,60841,78719,77909,56974,61048,38162,48939,12161,21735,14,8,6443,6200,12905,12762,15382,17742,32282,35481,61367,62928,51005,54662,35696,45700,11452,20513,530284,346638,76843,40775,109544,82634,12443,47,52
2021-06-24T23:59:59+02:00,843,771,23250,21754,39483,33787,45859,43046,61415,60647,78559,77771,56920,60994,38140,48909,12156,21725,13,5,6105,5902,12343,12300,14673,17054,28976,32765,59080,61072,50419,54064,35560,45491,11434,20465,527326,332814,76794,40510,109542,82019,12326,47,52
2021-06-23T23:59:59+02:00,739,677,22606,21093,38909,33198,45201,42338,61047,60253,78309,77520,56816,60859,38093,48856,12146,21705,11,4,5949,5707,11975,11947,14163,16523,25614,30005,57434,59540,49896,53525,35439,45317,11413,20422,521733,323363,76738,37574,109539,81581,12314,47,52
2021-06-22T23:59:59+02:00,678,612,22177,20651,38502,32776,44764,41875,60773,59965,78102,77277,56719,60748,38057,48784,12133,21683,9,3,5760,5571,11647,11680,13732,16149,21270,26471,55355,57837,49295,52920,35262,45100,11392,20378,517913,308978,76611,37522,109534,81102,12177,47,52
2021-06-21T23:59:59+02:00,641,571,21922,20414,38246,32542,44519,41598,60582,59754,77969,77136,56665,60662,38032,48743,12124,21667,7,3,5628,5460,11337,11480,13391,15884,19718,25236,54435,57067,47071,50455,34661,44377,11369,20319,515851,303639,76410,37454,109515,74787,11966,46,52
2021-06-20T23:59:59+02:00,612,552,21631,20118,37947,32263,44235,41342,60430,59586,77831,76989,56616,60618,38012,48726,12121,21660,7,3,5570,5416,11204,11392,13235,15756,19319,24910,54166,56883,45411,48471,34094,43741,11349,20298,513453,303004,76328,36699,109504,69512,11960,45,50
2021-06-19T23:59:59+02:00,610,552,21626,20105,37931,32258,44232,41337,60424,59582,77829,76986,56613,60617,38012,48725,12121,21660,7,3,5564,5407,11199,11388,13225,15750,19311,24902,54152,56871,45402,48461,34093,43741,11349,20298,513389,302918,76323,36696,109504,69499,11960,45,50
2021-06-18T23:59:59+02:00,596,538,21530,19992,37862,32201,44157,41251,60368,59536,77784,76944,56591,60595,38007,48712,12120,21659,7,3,5471,5244,10902,10851,12849,15168,18770,23882,53295,55560,45198,48297,34065,43692,11343,20286,512626,301345,76316,36695,109498,64834,11959,45,50
2021-06-17T23:59:59+02:00,511,446,20810,19274,37104,31570,43363,40499,59959,59170,77485,76691,56474,60466,37957,48644,12107,21635,7,3,5281,5030,10519,10299,12323,14394,17836,22518,51718,53616,44045,46946,33747,43294,11296,20202,506634,294012,76223,36566,109488,60670,11776,45,50
2021-06-16T23:59:59+02:00,405,367,20013,18325,36113,30636,42352,39523,59415,58687,77090,76373,56329,60310,37899,48556,12097,21612,7,3,5093,4873,10005,9974,11587,13896,16289,21212,47834,50068,42287,44933,33279,42722,11233,20075,499245,277818,75686,36365,109472,59483,11655,45,49
2021-06-15T23:59:59+02:00,295,264,19203,17474,35188,29777,41422,38634,58977,58246,76755,76043,56186,60143,37840,48486,12082,21578,6,3,4893,4749,9482,9709,10877,13422,14776,20021,43558,45973,40734,43084,32797,42099,11166,19947,492023,260612,75568,36329,109462,58811,11496,45,48
2021-06-14T23:59:59+02:00,191,173,18090,16243,33939,28500,39955,37221,58386,57679,76362,75701,56057,59998,37797,48416,12073,21563,6,3,4770,4656,9135,9500,10396,13103,13604,19017,40913,43417,39660,41934,32504,41698,11134,19862,482261,249434,75133,36302,109459,58080,11448,44,48
2021-06-13T23:59:59+02:00,150,134,17583,15839,33460,28097,39462,36839,58172,57496,76213,75599,56030,59958,37775,48394,12070,21554,6,3,4683,4607,8985,9427,10232,13034,12998,18563,40443,43023,39423,41711,32444,41613,11128,19848,479180,248467,74830,34875,109452,57461,11320,44,48
2021-06-12T23:59:59+02:00,150,134,17576,15819,33444,28088,39455,36835,58165,57492,76209,75597,56029,59956,37774,48394,12070,21554,6,3,4676,4601,8974,9422,10220,13027,12986,18550,40259,42876,39400,41696,32440,41611,11128,19847,479101,248032,74826,34875,109452,57448,11319,44,48
2021-06-11T23:59:59+02:00,148,134,17492,15759,33296,28015,39283,36778,58045,57456,76138,75573,56016,59951,37772,48391,12070,21553,6,3,4594,4408,8816,8862,10029,12308,12752,17479,39770,41574,39245,41565,32422,41575,11126,19846,478758,247542,74412,34874,109347,52606,11310,44,48
2021-06-10T23:59:59+02:00,133,114,16652,15043,31884,27103,38040,35861,57362,56998,75729,75301,55926,59859,37733,48346,12059,21535,6,3,4342,4214,8257,8359,9346,11544,12015,16408,36913,38532,38443,40759,32256,41394,11110,19816,474871,240461,71442,34742,109071,48215,10251,44,48
2021-06-09T23:59:59+02:00,111,89,15877,14338,30603,26205,36824,34974,56782,56610,75384,75073,55842,59752,37706,48301,12046,21515,6,3,4158,4063,7896,8170,8877,11323,11394,16028,31827,33659,36944,39221,32011,41125,11089,19766,470205,226521,69011,34617,109027,46628,9748,42,46
2021-06-08T23:59:59+02:00,84,71,14962,13476,29221,25116,35460,33965,56166,56202,75086,74858,55767,59677,37683,48269,12042,21505,6,3,4076,4001,7738,8048,8724,11207,11099,15821,28993,30839,35985,38277,31851,40929,11065,19733,465626,219012,65577,34556,108981,45396,9385,42,46
2021-06-07T23:59:59+02:00,76,58,14325,12901,27854,24302,34299,33183,55688,55943,74842,74748,55731,59637,37667,48258,12042,21501,6,3,3983,3928,7543,7920,8424,11075,10731,15575,24652,26456,34517,36735,31629,40662,11037,19703,462494,207207,62538,34490,108949,43804,9032,42,46
2021-06-06T23:59:59+02:00,75,55,14003,12706,27065,23882,33645,32764,55378,55777,74684,74682,55710,59613,37653,48249,12040,21500,6,3,3916,3891,7390,7878,8267,10990,10408,15372,21824,23576,33514,35651,31489,40507,11030,19688,461347,204411,60477,29240,108922,43011,8693,42,45
2021-06-05T23:59:59+02:00,75,53,13973,12677,27021,23842,33616,32745,55373,55767,74678,74677,55705,59608,37648,48247,12040,21500,6,3,3894,3875,7355,7856,8220,10971,10345,15330,20396,22020,32716,34770,31419,40426,11026,19681,461223,199429,60372,29237,108916,42906,8692,42,45
2021-06-04T23:59:59+02:00,69,49,13743,12415,26707,23525,33278,32434,55312,55687,74639,74657,55695,59603,37647,48245,12040,21499,6,3,3865,3847,7276,7777,8165,10893,10266,15207,20289,21903,32642,34715,31387,40389,11023,19678,459319,199348,60309,29224,108882,42022,8692,42,45
2021-06-03T23:59:59+02:00,51,44,13176,11929,25670,22840,32142,31683,54816,55354,74323,74463,55624,59524,37612,48214,12033,21482,6,3,3736,3757,7000,7607,7883,10720,9938,14971,18401,20039,30663,32401,31114,40056,11000,19629,454985,190740,58805,29203,108867,40658,8281,42,42
2021-06-02T23:59:59+02:00,37,32,12486,11184,24670,21937,31004,30728,54550,55089,74131,74323,55571,59443,37595,48192,12025,21475,6,3,3702,3737,6940,7550,7827,10670,9855,14880,17881,19489,28734,30222,31015,39913,10993,19618,448669,185200,58627,29202,108865,40321,8270,41,42
2021-06-01T23:59:59+02:00,23,17,11356,10303,22543,20505,28465,28835,53133,54024,73124,73540,55269,59118,37472,48019,11990,21415,6,2,3473,3563,6441,7240,7226,10244,8995,14278,15931,17674,24943,25960,30326,39028,10916,19462,439156,171169,54163,29065,108827,38470,6964,41,40
2021-05-31T23:59:59+02:00,18,13,10493,9637,20705,19333,26416,27321,52023,53173,72417,72990,55054,58855,37398,47914,11975,21379,6,2,3332,3409,6106,6992,6827,9948,8454,13921,14862,16693,23744,24583,29937,38537,10856,19368,432344,165405,49786,29027,108808,36971,6135,41,39
2021-05-30T23:59:59+02:00,16,10,10145,9293,19981,18838,25710,26742,51684,52891,72180,72793,54977,58777,37373,47886,11967,21370,6,2,3151,3219,5757,6725,6539,9707,8236,13715,14603,16422,23452,24264,29827,38431,10841,19340,429756,164575,49376,28970,108776,35969,4684,41,39
2021-05-29T23:59:59+02:00,16,10,10129,9281,19963,18808,25690,26716,51673,52886,72175,72783,54975,58772,37372,47886,11966,21370,6,2,3149,3211,5753,6720,6533,9705,8228,13707,14593,16416,23441,24256,29823,38425,10840,19339,429594,164502,49376,28968,108776,35954,4684,41,39
2021-05-28T23:59:59+02:00,16,10,10063,9187,19823,18639,25426,26485,51513,52710,72028,72652,54936,58722,37358,47866,11963,21357,6,2,3101,3133,5660,6581,6430,9504,8112,13433,14401,16140,23288,24100,29769,38362,10833,19330,427936,164112,49339,28967,108756,34385,4683,40,38
2021-05-27T23:59:59+02:00,16,10,8804,7998,17421,16832,22645,24335,50420,51895,71362,72161,54737,58497,37263,47771,11949,21327,6,2,2802,2799,4816,5955,5537,8723,7320,12442,13272,14947,22296,23063,29382,37906,10778,19244,416026,160287,48381,28704,108614,29879,2382,40,38
2021-05-26T23:59:59+02:00,15,10,8403,7583,16545,16026,21455,23325,49815,51349,70940,71773,54586,58332,37195,47693,11938,21297,6,2,2618,2627,4447,5617,5059,8216,6842,11794,12302,13966,21394,22029,29070,37463,10731,19159,410424,156424,47648,28617,108533,26628,1636,39,37
2021-05-25T23:59:59+02:00,15,10,7834,6983,15302,15145,20009,22152,49336,50946,70692,71586,54511,58248,37170,47665,11934,21287,6,2,2542,2527,4256,5489,4814,7986,6561,11485,11744,13432,19231,19849,28696,36924,10696,19110,403654,150716,47408,28604,108485,24754,1239,39,37
2021-05-24T23:59:59+02:00,15,10,7746,6883,15078,15017,19724,21973,49235,50827,70648,71547,54508,58242,37167,47662,11933,21284,6,2,2500,2464,4170,5321,4721,7743,6436,11202,11606,13190,19115,19735,28645,36878,10689,19099,402520,150567,47329,28561,108387,23135,1224,39,35
2021-05-23T23:59:59+02:00,14,10,7730,6870,15040,15000,19669,21945,49224,50825,70643,71541,54507,58238,37167,47660,11933,21284,6,2,2497,2459,4164,5317,4710,7739,6430,11189,11583,13167,18973,19537,28614,36839,10687,19097,402331,150076,47329,28559,108386,23126,1215,39,34
2021-05-22T23:59:59+02:00,14,10,7727,6862,15031,14988,19658,21937,49224,50823,70640,71541,54507,58237,37167,47660,11933,21284,5,2,2495,2452,4157,5311,4708,7739,6426,11186,11575,13164,18960,19531,28613,36839,10687,19097,402276,150039,47329,28559,108386,23102,1213,39,34
2021-05-21T23:59:59+02:00,14,10,7652,6762,14905,14853,19453,21779,48985,50589,70497,71433,54480,58210,37159,47653,11927,21278,5,2,2425,2368,4068,5171,4604,7530,6302,10889,11402,12875,18894,19464,28597,36809,10684,19095,400704,149782,47326,28558,108361,21600,1210,38,34
2021-05-20T23:59:59+02:00,14,10,7376,6466,14321,14330,18515,20900,46305,48230,69339,70457,54122,57843,37050,47510,11895,21247,5,2,2162,2200,3709,4808,4162,6981,5747,10057,10313,11774,17613,18166,28090,36209,10608,18947,389685,144516,47159,28264,108056,17746,993,37,34
2021-05-19T23:59:59+02:00,13,9,7136,6245,13654,13843,17247,19899,42314,44749,67848,69147,53666,57317,36886,47279,11858,21196,5,2,2085,1996,3544,4470,3913,6460,5302,9374,9316,10657,16130,16517,27393,35289,10480,18737,374893,137332,46586,28120,107816,15220,974,37,24
2021-05-18T23:59:59+02:00,13,7,6940,6068,13103,13409,16149,19039,37590,40729,66393,67822,53111,56778,36735,47055,11816,21140,5,2,2039,1872,3404,4279,3728,6142,4968,8889,8450,9785,14546,14776,26683,34431,10389,18562,358774,130684,46521,27554,107656,13779,909,37,24
2021-05-17T23:59:59+02:00,13,7,6805,5973,12778,13158,15648,18650,35409,38863,65559,67035,52835,56463,36652,46946,11801,21103,5,2,1968,1809,3217,4096,3508,5909,4646,8517,7668,9085,11281,10744,25773,33279,10308,18391,355042,125454,42244,21449,107571,12475,804,37,24
2021-05-16T23:59:59+02:00,13,7,6741,5887,12653,13004,15476,18482,34917,38392,65373,66865,52779,56401,36639,46919,11796,21098,5,2,1909,1712,3113,3973,3428,5807,4538,8370,7485,8896,9085,8143,25288,32594,10274,18332,353562,124306,41735,16088,107535,11962,574,36,24
2021-05-15T23:59:59+02:00,13,7,6736,5878,12646,12998,15471,18476,34908,38389,65371,66863,52778,56400,36639,46919,11796,21098,5,2,1908,1712,3111,3968,3423,5804,4533,8367,7483,8893,9083,8141,25287,32594,10274,18332,353514,124276,41735,16088,107530,11961,571,36,24
2021-05-14T23:59:59+02:00,13,7,6536,5782,12405,12935,15238,18384,33934,37598,64834,66454,52682,56313,36622,46885,11794,21093,5,2,1791,1624,2999,3896,3366,5696,4483,8221,7435,8764,9076,8135,25286,32594,10274,18331,350141,124217,41704,16084,107068,11093,561,35,23
2021-05-13T23:59:59+02:00,13,7,6289,5597,12000,12680,14667,17936,30404,34807,62353,64375,52050,55640,36483,46664,11782,21045,4,2,1749,1584,2943,3820,3334,5605,4440,8118,7353,8645,9037,8075,25267,32552,10269,18327,336140,123966,41479,16060,106639,10576,499,35,23
2021-05-12T23:59:59+02:00,13,7,6272,5572,11927,12616,14554,17826,29769,34230,61845,63922,51877,55467,36446,46619,11775,21032,4,2,1749,1581,2941,3819,3330,5605,4437,8117,7351,8639,9030,8072,25267,32550,10269,18326,333137,123943,41465,16049,106634,10575,499,34,23
2021-05-11T23:59:59+02:00,12,7,5953,5439,11482,12332,14007,17442,25508,30742,59462,61912,51216,54788,36257,46372,11751,20969,4,2,1708,1466,2838,3557,3209,5231,4297,7675,7198,8317,8945,7989,25238,32510,10265,18315,318185,123701,41412,15859,105646,8805,376,32,23
2021-05-10T23:59:59+02:00,12,7,5826,5365,11322,12215,13786,17270,22031,27980,58208,60795,50855,54434,36165,46248,11736,20938,4,2,1668,1368,2753,3329,3106,4899,4186,7185,7076,7877,8905,7929,25226,32488,10263,18311,308247,123552,41253,15710,105352,6982,309,32,22
2021-05-09T23:59:59+02:00,12,7,5749,5333,11234,12149,13683,17189,20429,26798,57744,60410,50752,54334,36140,46207,11729,20933,4,2,1651,1346,2696,3205,3055,4758,4141,7065,7028,7783,8894,7917,25219,32482,10262,18311,307674,123512,37683,15664,105148,6325,296,31,22
2021-05-08T23:59:59+02:00,12,7,5746,5331,11223,12144,13673,17180,20421,26792,57735,60404,50749,54326,36136,46204,11727,20930,4,2,1650,1346,2695,3202,3055,4758,4138,7062,7027,7782,8892,7917,25218,32480,10262,18311,307584,123495,37682,15664,105147,6324,296,31,22
2021-05-07T23:59:59+02:00,12,7,5706,5295,11157,12096,13566,17100,19968,26434,56738,59594,50620,54196,36106,46173,11724,20916,4,2,1549,1303,2615,3157,3013,4729,4103,7038,7006,7750,8884,7908,25216,32479,10262,18310,304421,123459,37665,15655,105001,5901,291,30,22
2021-05-06T23:59:59+02:00,12,7,5456,5183,10641,11787,12857,16645,18669,25448,52475,55938,49423,52816,35774,45772,11672,20815,4,2,1328,1170,2378,2985,2842,4563,3951,6839,6853,7599,8809,7827,25196,32444,10259,18303,289282,123185,37475,15514,104443,4467,164,26,22
2021-05-05T23:59:59+02:00,12,7,5199,5085,10148,11550,12100,16192,17338,24464,48108,51798,47756,50895,35334,45200,11597,20692,4,2,1282,1077,2315,2857,2757,4384,3857,6599,6746,7400,8694,7730,25134,32369,10253,18287,272096,122700,37249,15469,104056,3508,48,26,22
2021-05-04T23:59:59+02:00,12,7,5116,5000,9832,11333,11647,15801,16358,23596,46232,49765,46686,49587,34958,44713,11528,20583,4,2,1271,1058,2287,2816,2716,4300,3804,6491,6674,7322,8652,7691,25113,32352,10252,18282,261702,122482,37225,15406,103776,3152,25,26,22
2021-05-03T23:59:59+02:00,12,7,5015,4912,9478,11161,11182,15536,15301,22735,44658,48148,45804,48634,34736,44369,11500,20491,4,2,1256,1033,2252,2783,2674,4236,3755,6437,6599,7268,8079,6999,23367,30016,10114,18044,252679,116646,37215,15324,103743,2910,16,26,22
2021-05-02T23:59:59+02:00,12,7,4952,4894,9362,11123,11034,15475,14689,22244,44139,47738,45663,48468,34686,44307,11493,20480,4,1,1252,1027,2234,2780,2661,4228,3726,6422,6579,7254,7889,6757,21389,27601,10067,17956,251466,116624,35575,10305,103688,2865,11,26,22
2021-05-01T23:59:59+02:00,12,7,4952,4892,9358,11118,11031,15473,14685,22240,44137,47734,45662,48468,34686,44307,11493,20480,4,1,1251,1027,2234,2780,2661,4228,3725,6422,6578,7254,7889,6756,21389,27601,10067,17956,251436,116621,35575,10305,103687,2864,11,26,22
2021-04-30T23:59:59+02:00,12,7,4906,4868,9291,11102,10975,15448,14609,22214,42656,46322,45328,48137,34649,44255,11488,20470,4,1,1045,933,2038,2690,2562,4168,3639,6362,6515,7195,7882,6739,21388,27599,10067,17956,247450,116612,35575,10302,103675,1837,11,26,21
2021-04-29T23:59:59+02:00,12,7,4668,4785,8815,10953,10370,15273,13924,22005,37719,42009,44318,47106,34527,44137,11484,20439,4,1,865,855,1864,2610,2477,4102,3529,6291,6446,7147,7859,6719,21383,27592,10067,17956,233708,116578,35472,10197,103334,960,11,26,21
2021-04-28T23:59:59+02:00,12,7,4491,4750,8564,10866,10017,15183,13568,21850,33070,37499,43072,45851,34401,43989,11469,20421,4,1,823,828,1826,2563,2445,4026,3493,6182,6398,7057,7839,6699,21370,27579,10062,17949,220474,116492,35453,10149,103119,473,10,24,20
2021-04-27T23:59:59+02:00,11,6,4261,4537,8218,10417,9628,14600,13097,21203,31938,36371,42790,45564,34385,43961,11465,20418,4,1,795,814,1791,2540,2427,4008,3475,6163,6363,7030,7828,6691,21365,27575,10059,17943,217738,116435,35438,10119,99660,288,10,24,20
2021-04-26T23:59:59+02:00,11,6,4239,4510,8146,10379,9523,14547,12947,21142,27528,31996,41571,44343,34305,43860,11452,20407,4,1,763,803,1762,2521,2398,3988,3450,6142,6311,6984,7780,6642,21334,27544,10059,17936,205873,116234,35429,10074,99576,85,10,24,19
2021-04-25T23:59:59+02:00,11,6,4216,4497,8114,10354,9460,14515,12854,21095,25558,29953,40870,43583,34258,43801,11448,20401,4,1,751,795,1750,2507,2380,3973,3426,6121,6279,6955,7760,6625,21317,27523,10058,17932,205206,116208,30314,9840,99441,81,9,24,19
2021-04-24T23:59:59+02:00,11,6,4197,4486,8083,10325,9418,14499,12802,21074,24055,28288,40111,42740,34193,43725,11445,20395,4,1,750,794,1747,2505,2379,3969,3426,6117,6279,6952,7758,6622,21316,27523,10058,17932,200136,116187,30314,9839,99370,78,9,24,19
2021-04-23T23:59:59+02:00,10,6,3932,4335,7613,10028,8990,14144,12240,20671,23573,27988,40022,42678,34172,43691,11439,20388,4,1,737,784,1730,2492,2359,3953,3403,6094,6257,6933,7744,6603,21311,27512,10058,17931,199786,116172,30299,9639,95804,67,9,22,19
2021-04-22T23:59:59+02:00,10,6,3839,4276,7424,9911,8711,13950,11794,20345,21243,25630,37264,39434,33645,43018,11368,20265,4,1,724,775,1701,2461,2301,3896,3332,6022,6147,6836,7665,6516,21254,27468,10055,17916,186756,116054,30107,8929,95239,65,9,22,17
2021-04-21T23:59:59+02:00,10,4,3812,4243,7293,9832,8529,13778,11457,20054,19984,24425,34051,35714,33162,42318,11303,20136,4,1,700,757,1666,2433,2257,3871,3299,5989,6107,6797,7633,6489,21234,27444,10051,17912,174983,115941,29932,8616,95159,61,9,22,17
2021-04-20T23:59:59+02:00,10,4,3778,4216,7188,9763,8318,13619,11087,19756,18887,23274,30739,32069,32685,41719,11245,20019,4,1,692,747,1651,2421,2223,3849,3256,5943,6066,6755,7591,6444,21208,27421,10045,17909,163339,115783,29909,8358,95097,59,9,22,17
2021-04-19T23:59:59+02:00,10,4,3760,4200,7114,9725,8200,13509,10831,19571,18222,22613,29863,30937,32392,41354,11203,19945,4,1,684,742,1629,2407,2199,3819,3220,5910,6032,6724,7547,6411,21177,27392,10043,17905,158500,115649,29891,8114,95031,57,9,22,17
2021-04-18T23:59:59+02:00,10,4,3757,4193,7098,9712,8186,13492,10794,19545,18134,22530,29741,30811,32364,41331,11200,19937,4,1,682,738,1614,2395,2182,3804,3195,5884,6002,6701,7524,6398,21159,27370,10040,17902,158007,115590,29822,7923,94980,56,9,21,17
2021-04-17T23:59:59+02:00,10,4,3756,4191,7095,9709,8183,13492,10788,19538,18121,22519,29718,30798,32362,41328,11200,19937,4,1,681,738,1613,2394,2180,3803,3191,5883,6000,6699,7524,6398,21159,27370,10040,17902,157924,115576,29821,7923,94974,55,9,21,17
2021-04-16T23:59:59+02:00,10,4,3589,4153,6750,9580,7812,13305,10389,19293,17668,22244,29513,30637,32279,41238,11185,19918,4,1,668,719,1601,2379,2153,3788,3137,5846,5958,6649,7431,6307,20746,26803,10010,17841,157166,114246,29813,7717,92558,52,9,21,17
2021-04-15T23:59:59+02:00,10,4,3488,4074,6398,9208,7233,12805,9611,18460,16345,21016,28314,29343,31760,40596,11104,19742,4,1,638,696,1548,2340,2068,3701,3028,5726,5629,6411,6932,5919,20003,25883,9911,17671,151420,110863,29519,7173,88542,47,9,21,17
2021-04-14T23:59:59+02:00,9,4,3435,4026,6164,8967,6902,12428,8990,17912,15224,19982,26897,27841,31129,39714,10992,19544,4,1,605,670,1502,2301,1993,3623,2886,5603,5320,6177,6387,5410,18980,24590,9824,17491,144601,106582,29319,6718,86211,41,9,20,17
2021-04-13T23:59:59+02:00,9,4,3403,3994,6074,8889,6754,12297,8687,17666,14423,19289,23551,24277,30193,38533,10886,19368,4,1,600,661,1489,2278,1961,3589,2788,5532,5104,5994,6021,5068,18678,24242,9782,17424,132956,104466,29308,6685,86004,40,9,20,16
2021-04-12T23:59:59+02:00,9,4,3381,3973,6024,8829,6666,12211,8469,17472,13807,18761,22544,23127,29769,37974,10817,19241,4,1,590,653,1479,2270,1938,3568,2731,5482,4955,5889,5700,4785,18382,23938,9743,17363,127868,102869,29288,6537,85893,40,9,20,16
2021-04-11T23:59:59+02:00,9,4,3375,3967,6006,8805,6637,12194,8427,17449,13716,18701,22415,22977,29719,37910,10807,19217,4,1,587,648,1466,2260,1925,3560,2714,5465,4918,5852,5641,4725,18209,23704,9722,17332,127327,102204,29222,6464,85757,40,9,20,16
2021-04-10T23:59:59+02:00,9,4,3367,3966,5983,8804,6615,12193,8405,17448,13692,18699,22410,22974,29715,37909,10807,19217,4,1,584,645,1458,2253,1920,3557,2707,5456,4902,5844,5629,4708,18045,23450,9708,17308,127306,101683,29131,6432,85752,40,8,20,16
2021-04-09T23:59:59+02:00,8,4,3329,3954,5935,8790,6556,12174,8366,17421,13642,18653,20454,20557,29229,37290,10777,19167,4,1,571,632,1432,2231,1893,3533,2665,5420,4829,5782,5513,4605,17467,22718,9670,17237,126606,99916,24003,6232,85671,32,7,19,16
2021-04-08T23:59:59+02:00,8,4,3304,3935,5867,8758,6482,12135,8277,17357,13497,18536,17854,17481,28708,36623,10739,19116,4,1,529,603,1344,2149,1798,3436,2484,5236,4329,5419,4709,3999,15674,20480,9480,16928,125739,92896,18125,5661,84792,23,6,19,16
2021-04-07T23:59:59+02:00,6,4,3226,3907,5660,8708,6274,12075,8069,17282,13234,18440,15186,14402,28029,35822,10709,19063,4,1,505,574,1289,2092,1703,3356,2331,5096,3916,5088,3987,3428,14815,19608,9364,16741,125527,88544,16585,5313,77960,20,5,19,16
2021-04-06T23:59:59+02:00,5,4,3197,3897,5615,8688,6203,12051,7984,17245,13161,18369,13195,12032,27393,35105,10696,19033,4,1,475,551,1221,2037,1617,3273,2169,4977,3545,4812,3462,3014,13969,18605,9288,16620,125395,84894,16381,4711,72073,16,5,19,14
2021-04-05T23:59:59+02:00,5,4,3195,3894,5580,8673,6166,12038,7939,17228,13088,18333,13150,11986,27382,35089,10695,19030,4,1,443,521,1169,2000,1566,3232,2101,4923,3456,4736,3405,2962,13825,18433,9279,16602,125370,84399,16172,4225,71910,16,4,19,14
2021-04-04T23:59:59+02:00,5,4,3194,3892,5580,8671,6164,12037,7938,17226,13088,18333,13147,11986,27381,35089,10695,19030,4,1,442,520,1168,2000,1565,3232,2100,4923,3456,4736,3405,2962,13824,18433,9279,16602,125360,84393,16172,4225,71905,16,4,19,14
2021-04-03T23:59:59+02:00,5,4,3193,3892,5580,8670,6164,12037,7938,17226,13088,18333,13147,11985,27380,35086,10695,19030,4,1,442,518,1168,2000,1564,3232,2100,4922,3450,4733,3399,2952,13737,18296,9270,16586,125355,84115,16172,4225,71903,16,4,19,14
2021-04-02T23:59:59+02:00,5,4,3193,3889,5577,8665,6160,12028,7930,17213,13061,18302,13100,11932,27352,35067,10692,19026,4,1,439,511,1166,1996,1552,3223,2089,4900,3420,4700,3367,2923,12800,17045,9203,16477,125186,81641,16169,4143,71818,16,4,19,12
2021-04-01T23:59:59+02:00,5,4,3179,3875,5538,8646,6093,11995,7859,17178,12948,18230,12985,11805,27294,34991,10683,19011,4,1,391,467,1068,1928,1452,3134,1937,4787,3215,4569,3131,2721,10763,14444,9090,16296,124871,76017,16045,3350,71382,16,3,18,12
2021-03-31T23:59:59+02:00,5,4,3178,3861,5521,8612,6058,11960,7815,17133,12867,18161,12871,11683,27243,34928,10675,19001,3,1,353,444,1032,1885,1378,3094,1832,4683,2957,4368,2716,2406,8165,11211,8909,16054,124560,68456,16005,3006,70991,15,3,17,11
2021-03-30T23:59:59+02:00,5,4,3171,3850,5496,8586,6025,11928,7775,17093,12789,18095,12785,11545,27205,34880,10669,18991,3,1,332,426,1010,1853,1319,3059,1707,4602,2710,4197,2348,2158,7275,10126,8842,15925,124427,65134,15973,2731,70473,15,2,17,11
2021-03-29T23:59:59+02:00,5,4,3159,3846,5467,8566,5988,11893,7730,17060,12714,18018,12137,10786,25333,32389,10520,18734,3,1,326,423,1003,1838,1299,3034,1673,4561,2561,4109,2060,2007,6615,9415,8798,15847,118422,62819,15802,2728,70107,13,2,16,11
2021-03-28T23:59:59+02:00,5,4,3129,3830,5419,8528,5937,11848,7649,17005,12604,17948,11872,10483,23348,29923,10465,18635,3,1,325,421,1000,1837,1290,3030,1669,4559,2549,4101,2035,1987,6592,9400,8796,15842,118363,62687,10617,2726,69634,13,2,16,9
2021-03-27T23:59:59+01:00,5,4,3117,3826,5380,8517,5901,11833,7601,16990,12558,17901,11837,10439,23344,29915,10465,18635,3,1,325,421,1000,1837,1290,3030,1668,4557,2547,4098,2033,1985,6544,9325,8763,15793,118294,62470,10616,2726,69340,13,2,16,9
2021-03-26T23:59:59+01:00,5,4,2984,3505,4930,7365,5406,10514,6989,14942,11750,15614,11616,10255,22859,29186,10420,18564,3,1,324,417,995,1834,1284,3025,1665,4555,2542,4091,2025,1979,6414,9136,8619,15604,116740,61785,10359,2714,59791,3,2,16,9
2021-03-25T23:59:59+01:00,5,3,2862,3242,4771,6599,5177,9364,6664,13220,11023,13811,10755,9452,22129,28338,10343,18407,3,1,319,408,988,1825,1269,3006,1646,4521,2506,4041,1957,1921,6122,8707,8338,15151,113815,60006,9656,2710,52676,2,2,16,9
2021-03-24T23:59:59+01:00,5,3,2815,3197,4695,6535,5043,9258,6458,13049,10510,13406,9916,8628,21109,27078,10245,18219,3,1,317,403,980,1819,1252,2995,1631,4497,2459,3985,1890,1846,5756,8233,7922,14476,109781,57756,9309,2698,51064,2,0,15,9
2021-03-23T23:59:59+01:00,5,3,2787,3164,4627,6467,4932,9164,6244,12887,10052,12984,9198,7959,20594,26469,10190,18112,3,1,305,390,963,1809,1237,2973,1601,4475,2409,3936,1811,1780,5472,7850,7517,13850,107379,55675,8974,2697,49470,1,0,15,9
2021-03-22T23:59:59+01:00,5,3,2769,3126,4568,6428,4856,9096,6105,12748,9690,12710,8596,7392,20173,26030,10129,18018,1,1,303,387,951,1803,1223,2959,1588,4462,2382,3908,1784,1758,5333,7676,7066,13025,105890,53909,8715,2692,47822,1,0,15,8
2021-03-21T23:59:59+01:00,5,3,2762,3110,4522,6404,4805,9060,6012,12681,9501,12522,8290,7132,20005,25863,10117,17990,1,1,303,387,950,1803,1221,2959,1587,4461,2379,3908,1777,1752,5324,7671,7035,12967,105688,53802,8482,2675,46599,1,0,15,8
2021-03-20T23:59:59+01:00,5,3,2761,3103,4514,6399,4798,9057,6008,12673,9481,12508,8257,7100,19832,25587,10101,17964,1,1,303,387,950,1802,1220,2959,1586,4460,2375,3900,1765,1739,5309,7622,6857,12727,105133,53304,8469,2650,46534,1,0,15,8
2021-03-19T23:59:59+01:00,5,3,2725,3078,4442,6354,4691,9007,5868,12615,9213,12320,7953,6874,19348,24997,10069,17905,1,1,303,386,949,1801,1220,2956,1584,4459,2368,3895,1750,1728,5272,7579,6445,12107,103831,52167,8226,2628,45395,1,0,15,8
2021-03-18T23:59:59+01:00,5,3,2659,3005,4277,6216,4441,8801,5509,12308,8300,11650,6689,5859,18088,23633,9914,17672,1,1,300,381,944,1791,1206,2943,1545,4443,2303,3849,1671,1686,5197,7472,5702,10988,98904,49830,7682,2586,42428,0,0,15,7
2021-03-17T23:59:59+01:00,5,3,2622,2965,4197,6118,4303,8693,5254,12032,7624,11082,5699,4957,16734,22093,9747,17412,1,1,296,379,940,1783,1202,2934,1528,4422,2237,3824,1607,1641,5152,7406,5121,10095,93457,48033,7181,2529,40887,0,0,15,7
2021-03-16T23:59:59+01:00,5,3,2602,2937,4135,6051,4209,8596,5077,11876,7174,10692,4933,4337,15872,21110,9641,17238,1,1,292,377,937,1778,1199,2927,1520,4412,2215,3805,1575,1624,5114,7363,4610,9274,89796,46568,7142,2450,39536,0,0,14,6
2021-03-15T23:59:59+01:00,5,3,2599,2926,4119,6031,4178,8570,5027,11829,7056,10574,4786,4175,15551,20697,9609,17179,1,1,290,373,936,1772,1193,2920,1506,4403,2194,3783,1531,1607,5054,7289,4026,8411,89021,44976,7043,2308,38836,0,0,14,6
2021-03-14T23:59:59+01:00,5,2,2594,2917,4097,6011,4148,8550,4986,11796,6962,10485,4681,4062,15420,20528,9592,17139,1,1,288,372,936,1770,1187,2913,1501,4392,2183,3776,1521,1601,5046,7281,4020,8397,88714,44913,7024,2267,38224,0,0,13,6
2021-03-13T23:59:59+01:00,5,2,2588,2908,4089,5999,4140,8543,4977,11786,6943,10472,4659,4036,15104,20088,9572,17103,1,1,288,372,936,1770,1187,2913,1501,4392,2183,3776,1520,1601,5046,7280,4020,8397,87820,44912,7003,2266,38178,0,0,13,6
2021-03-12T23:59:59+01:00,5,2,2525,2832,3978,5828,4020,8320,4840,11487,6765,10201,4506,3898,14175,18826,9510,17001,1,1,288,371,934,1767,1187,2909,1499,4387,2182,3769,1513,1599,5039,7261,4018,8380,85341,44834,6942,2265,36425,0,0,11,6
2021-03-11T23:59:59+01:00,4,2,2399,2607,3750,5500,3763,7883,4513,10725,6134,9390,3986,3395,12561,16828,9408,16852,1,1,288,370,930,1763,1184,2895,1490,4375,2169,3742,1472,1571,4998,7224,4006,8353,80985,44685,6778,2141,31926,0,0,11,6
2021-03-10T23:59:59+01:00,4,2,2277,2476,3593,5262,3568,7560,4241,10242,5580,8820,3412,2953,10272,14107,9259,16620,1,1,285,366,925,1753,1177,2884,1486,4359,2147,3727,1443,1564,4967,7209,3997,8343,74643,44620,6606,2008,28988,0,0,11,6
2021-03-09T23:59:59+01:00,4,2,2252,2425,3525,5173,3454,7470,4070,10045,5185,8471,2930,2593,8746,12088,9153,16469,1,1,284,365,925,1747,1170,2875,1482,4351,2139,3716,1428,1558,4959,7204,3994,8341,69756,44579,6457,1956,27831,0,0,11,5
2021-03-08T23:59:59+01:00,4,2,2228,2351,3466,5105,3380,7386,3948,9932,4889,8277,2483,2328,6806,9685,9032,16291,1,1,284,362,924,1737,1164,2859,1476,4340,2135,3709,1417,1551,4943,7184,3987,8331,64036,44470,6121,1930,27425,0,0,11,5
2021-03-07T23:59:59+01:00,4,2,2166,2295,3370,4997,3283,7297,3849,9845,4752,8182,2432,2276,6783,9664,9032,16283,1,1,284,361,923,1737,1164,2857,1476,4340,2135,3709,1417,1551,4942,7184,3987,8331,63907,44467,5438,1928,27156,0,0,11,5
2021-03-06T23:59:59+01:00,4,2,2158,2282,3357,4987,3279,7293,3840,9835,4742,8177,2430,2274,6737,9594,8999,16233,1,1,284,361,922,1733,1163,2856,1476,4337,2131,3704,1416,1546,4936,7179,3985,8321,63695,44419,5378,1928,27139,0,0,11,5
2021-03-05T23:59:59+01:00,4,2,2028,2195,3133,4800,3040,6981,3561,9440,4408,7841,2341,2212,6530,9272,8802,15968,1,1,284,359,920,1730,1163,2855,1475,4331,2128,3698,1410,1544,4930,7173,3984,8314,62703,44367,4530,1928,25314,0,0,11,5
2021-03-04T23:59:59+01:00,4,2,1778,1974,2722,4363,2584,6342,2995,8539,3723,7027,2122,2052,6234,8905,8518,15505,1,1,281,358,919,1722,1161,2838,1474,4315,2119,3686,1399,1542,4918,7159,3977,8303,61042,44243,3251,1925,21085,0,0,11,5
2021-03-03T23:59:59+01:00,4,2,1707,1886,2615,4178,2451,6115,2854,8252,3535,6764,2038,1974,5893,8429,8154,14915,1,1,280,354,919,1712,1158,2815,1470,4291,2114,3671,1374,1530,4913,7153,3973,8295,59015,44095,3107,1925,19633,0,0,11,4
2021-03-02T23:59:59+01:00,4,2,1671,1810,2545,4059,2370,5965,2747,8071,3420,6611,1963,1906,5576,7988,7740,14236,1,1,278,349,916,1693,1155,2795,1467,4272,2113,3660,1349,1524,4903,7136,3968,8287,56883,43938,2865,1925,18925,0,0,11,4
2021-03-01T23:59:59+01:00,2,2,1661,1783,2506,3952,2322,5850,2711,7970,3367,6532,1921,1885,5438,7825,7258,13359,1,1,277,347,912,1687,1153,2783,1465,4259,2111,3645,1344,1519,4900,7134,3966,8280,55001,43855,2854,1925,18478,0,0,11,4
2021-02-28T23:59:59+01:00,2,2,1645,1744,2472,3880,2291,5795,2668,7890,3340,6484,1915,1881,5430,7820,7221,13299,1,1,277,347,911,1687,1153,2783,1465,4258,2111,3644,1344,1519,4900,7133,3966,8280,54875,43852,2852,1924,18041,0,0,11,4
2021-02-27T23:59:59+01:00,2,2,1643,1737,2469,3872,2287,5795,2666,7889,3337,6481,1909,1871,5420,7776,7048,13075,1,1,277,347,901,1682,1143,2776,1455,4249,2094,3635,1343,1516,4900,7132,3966,8280,54403,43848,2852,1846,18013,0,0,11,4
2021-02-26T23:59:59+01:00,2,1,1455,1580,2341,3630,2209,5388,2573,7385,3250,6023,1894,1846,5395,7743,6779,12682,1,1,275,345,893,1675,1135,2756,1449,4227,2084,3621,1336,1507,4893,7120,3962,8267,53646,43767,2832,1777,15687,0,0,11,3
2021-02-25T23:59:59+01:00,2,1,1241,1298,2122,3199,2037,4635,2375,6441,3008,5125,1803,1775,5343,7663,6196,11829,1,1,273,337,886,1614,1101,2660,1416,4117,2028,3546,1298,1486,4849,7078,3942,8212,51743,43293,2820,1549,11520,0,0,10,3
2021-02-24T23:59:59+01:00,2,1,1188,1089,2016,2934,1931,4298,2242,6036,2838,4856,1726,1720,5282,7574,5428,10635,1,1,271,331,850,1566,1051,2569,1355,4001,1939,3417,1258,1458,4831,7051,3932,8191,49383,43028,2808,1042,9595,0,0,10,3
2021-02-23T23:59:59+01:00,2,1,1173,1038,1981,2870,1905,4199,2216,5951,2804,4793,1717,1705,5246,7526,4780,9600,1,1,271,330,823,1539,1001,2517,1302,3923,1833,3342,1206,1431,4807,7025,3919,8152,47580,42821,2781,599,9137,0,0,9,3
2021-02-22T23:59:59+01:00,2,1,1165,996,1932,2726,1861,4053,2160,5756,2750,4688,1706,1694,5212,7478,4165,8709,1,1,269,321,780,1501,948,2434,1213,3815,1693,3244,1116,1372,4764,6953,3891,8042,45954,42345,2763,10,8329,0,0,8,3
2021-02-21T23:59:59+01:00,2,1,1163,982,1903,2664,1834,3956,2133,5651,2730,4625,1699,1688,5209,7469,4165,8705,1,1,267,319,775,1495,940,2402,1211,3779,1680,3204,1107,1357,4746,6928,3866,7998,45901,42063,2753,10,7917,0,0,8,3
2021-02-20T23:59:59+01:00,2,1,1163,982,1903,2663,1833,3956,2133,5651,2728,4619,1690,1679,5202,7462,4163,8702,1,1,267,319,775,1494,939,2398,1210,3775,1679,3202,1107,1357,4694,6868,3819,7941,45886,41834,2725,9,7913,0,0,8,3
2021-02-19T23:59:59+01:00,2,1,1163,979,1900,2658,1833,3946,2132,5642,2724,4616,1672,1670,5187,7444,4160,8697,1,1,266,318,771,1484,930,2373,1203,3733,1650,3149,1079,1318,4501,6615,3640,7641,45806,40661,2704,9,7908,0,0,8,3
2021-02-18T23:59:59+01:00,2,1,1132,897,1860,2539,1794,3809,2079,5436,2662,4443,1655,1653,5171,7411,4155,8668,1,1,238,289,726,1359,882,2167,1117,3395,1534,2852,969,1128,4005,5832,3224,6736,45652,36443,2671,9,7036,0,0,8,3
2021-02-17T23:59:59+01:00,2,1,1084,770,1779,2307,1717,3513,1970,5076,2587,4196,1630,1644,5150,7396,4146,8665,1,1,233,286,716,1341,873,2145,1105,3360,1515,2831,963,1125,3622,5305,2925,6308,45612,34643,2611,9,5402,0,0,8,3
2021-02-16T23:59:59+01:00,2,1,1043,732,1725,2204,1648,3341,1900,4869,2508,4088,1591,1630,5123,7373,4137,8653,1,1,226,280,700,1306,851,2091,1074,3242,1476,2744,939,1102,3264,4755,2581,5809,45558,32433,2444,6,4559,0,0,7,3
2021-02-15T23:59:59+01:00,2,1,1036,713,1705,2127,1630,3241,1881,4760,2494,4009,1561,1616,5093,7357,4104,8597,1,1,214,270,684,1273,832,2041,1053,3176,1434,2679,909,1071,2835,4196,2243,5228,45431,30132,2358,5,4131,0,0,7,3
2021-02-14T23:59:59+01:00,2,1,942,680,1627,2094,1568,3222,1838,4738,2459,3996,1554,1614,5084,7345,4101,8591,1,1,207,259,675,1255,814,2001,1037,3110,1403,2611,879,1025,2743,4054,2164,5029,45387,29262,2323,4,3740,0,0,6,2
2021-02-13T23:59:59+01:00,2,1,889,656,1597,2071,1553,3213,1822,4731,2451,3995,1553,1613,5084,7344,4100,8590,1,1,205,258,673,1254,814,1997,1037,3108,1402,2608,878,1024,2639,3929,2098,4928,45380,28849,2323,3,3556,0,0,6,2
2021-02-12T23:59:59+01:00,2,1,559,509,1249,1954,1382,3111,1682,4649,2344,3925,1535,1605,5074,7333,4090,8580,1,1,193,252,658,1228,800,1953,1010,3022,1347,2508,816,949,2411,3613,1950,4605,45260,27313,2323,2,1995,0,0,6,2
2021-02-11T23:59:59+01:00,2,1,394,433,1060,1840,1279,2993,1585,4536,2255,3835,1426,1560,5011,7281,4067,8530,1,1,156,189,558,984,665,1507,809,2350,1067,1915,574,697,1791,2724,1438,3323,44901,20748,2115,1,1066,0,0,6,0
2021-02-10T23:59:59+01:00,2,1,281,362,934,1734,1177,2871,1490,4351,2141,3713,1387,1547,4990,7270,4063,8528,1,1,134,127,387,623,493,1018,640,1738,899,1581,554,681,1385,2164,1121,2821,44825,16368,2006,0,6,0,0,5,0
2021-02-09T23:59:59+01:00,2,1,281,361,933,1728,1174,2863,1490,4345,2140,3708,1379,1544,4988,7268,4062,8526,1,1,131,125,379,590,474,991,619,1709,874,1551,552,678,1000,1699,840,2414,44800,14628,1983,0,5,0,0,5,0
2021-02-08T23:59:59+01:00,2,1,281,359,932,1726,1171,2853,1483,4340,2138,3704,1374,1540,4986,7268,4061,8523,1,1,126,119,368,577,466,972,608,1677,856,1525,544,673,606,1208,534,1986,44772,12847,1960,0,5,0,0,5,0
2021-02-07T23:59:59+01:00,2,1,281,359,929,1726,1170,2853,1481,4338,2138,3704,1374,1540,4986,7267,4060,8523,1,1,122,116,362,573,465,965,605,1665,846,1509,536,670,605,1198,529,1971,44768,12739,1959,0,0,0,0,5,0
2021-02-06T23:59:59+01:00,2,1,281,359,929,1726,1170,2853,1481,4338,2138,3704,1374,1540,4986,7267,4060,8523,1,1,119,113,360,569,464,963,605,1663,846,1508,535,669,605,1198,529,1971,44768,12719,1959,0,0,0,0,5,0
2021-02-05T23:59:59+01:00,2,1,280,358,927,1726,1170,2852,1479,4337,2137,3704,1374,1540,4985,7265,4060,8520,1,1,118,105,357,564,456,950,601,1653,833,1485,530,659,599,1182,519,1946,44753,12559,1959,0,0,0,0,5,0
2021-02-04T23:59:59+01:00,2,1,276,353,921,1687,1163,2805,1479,4285,2125,3661,1366,1533,4956,7233,4048,8486,1,0,89,70,239,391,331,692,472,1260,624,1117,400,521,504,966,454,1680,44417,9811,1958,0,0,0,0,5,0
2021-02-03T23:59:59+01:00,2,1,274,344,917,1662,1159,2770,1468,4235,2116,3625,1358,1517,4931,7203,4034,8456,1,0,55,34,85,166,152,346,230,593,301,543,211,278,288,602,265,1047,44109,5197,1958,0,0,0,0,5,0
2021-02-02T23:59:59+01:00,2,1,273,342,916,1650,1155,2751,1465,4203,2109,3599,1350,1511,4923,7189,4026,8430,1,0,16,10,29,51,61,101,73,165,96,123,45,75,70,133,57,207,43932,1313,1958,0,0,0,0,5,0
2021-02-01T23:59:59+01:00,2,1,273,337,916,1647,1154,2750,1464,4199,2108,3593,1349,1510,4921,7188,4026,8430,1,0,13,9,25,44,51,92,60,140,74,104,39,67,62,124,55,194,43905,1154,1958,0,0,0,0,5,0
2021-01-31T23:59:59+01:00,2,1,273,336,916,1643,1153,2745,1464,4194,2108,3590,1348,1510,4920,7187,4026,8430,1,0,12,8,22,39,44,84,54,129,64,98,34,56,53,114,52,187,43885,1051,1956,0,0,0,0,5,0
2021-01-30T23:59:59+01:00,2,1,273,336,911,1640,1145,2737,1456,4188,2104,3587,1348,1510,4867,7127,3980,8372,1,0,12,8,22,38,44,84,53,128,64,98,34,56,53,114,52,187,43657,1048,1922,0,0,0,0,5,0
2021-01-29T23:59:59+01:00,2,1,272,335,896,1632,1133,2716,1444,4158,2080,3560,1339,1504,4702,6926,3812,8164,1,0,10,8,22,38,41,84,52,126,61,97,33,52,52,114,52,187,42861,1030,1810,0,0,0,0,5,0
2021-01-28T23:59:59+01:00,2,1,268,322,877,1545,1094,2606,1407,4056,2011,3486,1313,1491,4365,6455,3535,7804,1,0,7,4,10,18,22,42,21,58,36,64,20,34,36,74,40,125,41066,612,1567,0,0,0,0,5,0
2021-01-27T23:59:59+01:00,2,1,262,319,835,1490,1047,2512,1343,3958,1937,3379,1273,1464,3952,5883,3208,7331,1,0,3,4,10,9,11,21,8,23,14,29,12,15,18,42,17,63,39077,300,1114,0,0,0,0,5,0
2021-01-26T23:59:59+01:00,2,1,255,310,799,1443,980,2427,1282,3831,1821,3271,1212,1413,3602,5325,2853,6808,1,0,1,1,6,4,4,7,4,3,3,8,7,5,5,7,4,8,36965,78,666,0,0,0,0,4,0
2021-01-25T23:59:59+01:00,2,1,245,301,747,1383,919,2308,1180,3686,1662,3149,1132,1381,3204,4810,2536,6331,1,0,1,1,6,3,2,7,2,2,3,8,7,5,5,7,4,8,34911,72,63,0,0,0,0,3,0
2021-01-24T23:59:59+01:00,2,1,242,301,741,1379,908,2292,1175,3670,1634,3119,1126,1378,3177,4774,2519,6309,1,0,1,1,4,3,2,7,2,2,3,8,7,5,5,7,4,8,34736,70,9,0,0,0,0,2,0
2021-01-23T23:59:59+01:00,2,1,241,300,740,1378,908,2288,1174,3668,1631,3117,1125,1378,3072,4648,2452,6208,1,0,1,1,4,3,2,7,2,2,3,8,7,5,5,7,4,8,34321,70,8,0,0,0,0,2,0
2021-01-22T23:59:59+01:00,2,1,240,297,737,1362,906,2275,1168,3652,1627,3113,1123,1377,2910,4453,2349,6063,1,0,1,1,4,3,2,7,2,2,3,8,7,5,5,7,4,8,33645,70,8,0,0,0,0,2,0
2021-01-21T23:59:59+01:00,2,1,235,268,672,1206,839,2063,1087,3367,1531,2907,1080,1334,2562,3988,2054,5622,1,0,1,0,3,2,2,7,2,2,3,8,7,4,5,7,4,8,30810,66,8,0,0,0,0,0,0
2021-01-20T23:59:59+01:00,2,1,210,204,511,854,664,1572,887,2666,1294,2440,982,1200,2021,3235,1629,4810,1,0,1,0,3,2,2,7,2,2,3,6,6,4,5,7,4,8,25174,63,8,0,0,0,0,0,0
2021-01-19T23:59:59+01:00,2,1,184,187,465,745,610,1417,801,2369,1120,2132,814,941,1367,2294,1143,3672,0,0,0,0,2,1,0,0,0,0,2,1,1,0,0,0,0,0,20260,7,4,0,0,0,0,0,0
2021-01-18T23:59:59+01:00,1,1,138,132,387,620,488,1061,645,1825,930,1640,604,729,694,1346,600,2243,0,0,0,0,1,0,0,0,0,0,1,0,0,0,0,0,0,0,14081,2,3,0,0,0,0,0,0
2021-01-17T23:59:59+01:00,1,1,127,118,371,585,473,996,616,1708,871,1541,555,688,643,1244,554,2077,0,0,0,0,0,0,0,0,0,0,0,0,0,0,0,0,0,0,13168,0,1,0,0,0,0,0,0
2021-01-16T23:59:59+01:00,1,1,120,114,368,581,471,984,610,1695,865,1534,554,687,642,1238,549,2063,0,0,0,0,0,0,0,0,0,0,0,0,0,0,0,0,0,0,13076,0,1,0,0,0,0,0,0
2021-01-15T23:59:59+01:00,1,1,118,107,365,575,463,968,606,1684,851,1510,548,674,634,1221,541,2038,0,0,0,0,0,0,0,0,0,0,0,0,0,0,0,0,0,0,12905,0,0,0,0,0,0,0,0
2021-01-14T23:59:59+01:00,1,1,97,86,282,466,391,789,502,1413,695,1221,431,541,552,1022,478,1838,0,0,0,0,0,0,0,0,0,0,0,0,0,0,0,0,0,0,10806,0,0,0,0,0,0,0,0
2021-01-13T23:59:59+01:00,1,1,67,47,169,283,256,522,351,923,474,785,264,328,335,672,308,1167,0,0,0,0,0,0,0,0,0,0,0,0,0,0,0,0,0,0,6953,0,0,0,0,0,0,0,0
2021-01-12T23:59:59+01:00,1,1,31,20,54,102,114,215,150,384,196,334,137,180,175,371,177,648,0,0,0,0,0,0,0,0,0,0,0,0,0,0,0,0,0,0,3290,0,0,0,0,0,0,0,0
2021-01-11T23:59:59+01:00,1,0,17,10,38,64,62,114,77,172,91,126,40,67,67,130,55,200,0,0,0,0,0,0,0,0,0,0,0,0,0,0,0,0,0,0,1331,0,0,0,0,0,0,0,0
2021-01-10T23:59:59+01:00,1,0,14,7,31,53,55,102,67,157,75,112,34,57,57,119,50,190,0,0,0,0,0,0,0,0,0,0,0,0,0,0,0,0,0,0,1181,0,0,0,0,0,0,0,0
2021-01-09T23:59:59+01:00,1,0,13,7,30,52,54,101,64,156,75,110,34,57,57,119,50,190,0,0,0,0,0,0,0,0,0,0,0,0,0,0,0,0,0,0,1170,0,0,0,0,0,0,0,0
2021-01-08T23:59:59+01:00,1,0,10,7,28,49,49,96,60,143,69,106,32,52,56,119,50,190,0,0,0,0,0,0,0,0,0,0,0,0,0,0,0,0,0,0,1117,0,0,0,0,0,0,0,0
2021-01-07T23:59:59+01:00,1,0,7,4,10,19,22,43,23,58,38,66,19,35,41,79,39,126,0,0,0,0,0,0,0,0,0,0,0,0,0,0,0,0,0,0,630,0,0,0,0,0,0,0,0
2021-01-06T23:59:59+01:00,1,0,7,4,10,16,14,30,15,40,25,53,16,25,34,69,37,110,0,0,0,0,0,0,0,0,0,0,0,0,0,0,0,0,0,0,506,0,0,0,0,0,0,0,0
2021-01-05T23:59:59+01:00,1,0,7,4,10,16,14,30,15,40,25,53,16,25,33,69,37,110,0,0,0,0,0,0,0,0,0,0,0,0,0,0,0,0,0,0,505,0,0,0,0,0,0,0,0
2021-01-04T23:59:59+01:00,1,0,2,4,9,6,4,14,4,8,6,16,7,5,9,16,5,15,0,0,0,0,0,0,0,0,0,0,0,0,0,0,0,0,0,0,131,0,0,0,0,0,0,0,0
2021-01-03T23:59:59+01:00,1,0,1,1,4,3,2,7,3,3,3,9,5,4,6,8,4,9,0,0,0,0,0,0,0,0,0,0,0,0,0,0,0,0,0,0,73,0,0,0,0,0,0,0,0
2021-01-02T23:59:59+01:00,1,0,1,1,4,3,2,7,3,3,3,9,5,4,6,8,4,9,0,0,0,0,0,0,0,0,0,0,0,0,0,0,0,0,0,0,73,0,0,0,0,0,0,0,0
2021-01-01T23:59:59+01:00,1,0,1,1,4,3,2,7,2,3,3,9,5,4,6,8,4,9,0,0,0,0,0,0,0,0,0,0,0,0,0,0,0,0,0,0,72,0,0,0,0,0,0,0,0
2020-12-31T23:59:59+01:00,1,0,1,1,4,2,2,7,2,2,3,8,5,4,6,8,4,9,0,0,0,0,0,0,0,0,0,0,0,0,0,0,0,0,0,0,69,0,0,0,0,0,0,0,0
2020-12-30T23:59:59+01:00,1,0,1,1,4,2,2,7,2,2,3,6,5,4,6,8,4,9,0,0,0,0,0,0,0,0,0,0,0,0,0,0,0,0,0,0,67,0,0,0,0,0,0,0,0
2020-12-29T23:59:59+01:00,1,0,1,1,3,1,2,6,2,2,3,6,3,2,5,8,3,8,0,0,0,0,0,0,0,0,0,0,0,0,0,0,0,0,0,0,57,0,0,0,0,0,0,0,0
2020-12-28T23:59:59+01:00,1,0,0,0,3,1,0,2,1,0,1,3,0,1,0,1,1,5,0,0,0,0,0,0,0,0,0,0,0,0,0,0,0,0,0,0,20,0,0,0,0,0,0,0,0
2020-12-27T23:59:59+01:00,0,0,0,0,0,0,0,1,1,0,1,2,0,1,0,1,1,5,0,0,0,0,0,0,0,0,0,0,0,0,0,0,0,0,0,0,13,0,0,0,0,0,0,0,0
