Datum,<15_m,<15_w,15-24_1_m,15-24_1_w,25-34_1_m,25-34_1_w,35-44_1_m,35-44_1_w,45-54_1_m,45-54_1_w,55-64_1_m,55-64_1_w,65-74_1_m,65-74_1_w,75-84_1_m,75-84_1_w,>84_1_m,>84_1_w,<24_2_m,<24_2_w,25-34_2_m,25-34_2_w,35-44_2_m,35-44_2_w,45-54_2_m,45-54_2_w,55-64_2_m,55-64_2_w,65-74_2_m,65-74_2_w,75-84_2_m,75-84_2_w,>84_2_m,>84_2_w,bp_1,bp_2,mo_1,mo_2,az_1,az_2,ja,unb_1,unb_2
2021-09-22T23:59:59+02:00,5035,4741,42173,40571,55932,48619,60348,56892,72277,70702,86847,85050,60118,64259,39103,50400,12080,21601,38015,36440,52175,44478,56903,52693,68456,66161,82964,81008,58061,61861,37880,48691,11688,20844,649525,607662,79045,75860,109433,103622,38711,45,52
2021-09-21T23:59:59+02:00,5001,4688,41977,40326,55716,48396,60188,56744,72188,70584,86759,84971,60082,64215,39086,50363,12071,21588,37860,36296,52026,44341,56790,52598,68391,66084,82887,80943,58032,61837,37856,48669,11683,20833,647988,606657,79044,75860,109433,103621,38444,45,52
2021-09-20T23:59:59+02:00,4976,4666,41871,40247,55592,48306,60089,56663,72111,70519,86702,84914,60057,64196,39074,50343,12065,21570,37783,36225,51914,44268,56713,52539,68330,66033,82837,80901,58010,61819,37846,48642,11680,20828,647290,606219,79035,75808,109433,103607,38169,45,52
2021-09-19T23:59:59+02:00,4971,4662,41825,40221,55517,48260,60042,56622,72069,70506,86676,84900,60050,64187,39073,50335,12065,21568,37750,36201,51866,44252,56680,52528,68295,66016,82816,80884,58002,61813,37843,48638,11680,20826,647035,606084,79033,75806,109431,103606,38016,45,52
2021-09-18T23:59:59+02:00,4969,4660,41814,40215,55499,48246,60024,56612,72058,70493,86666,84896,60045,64184,39072,50335,12065,21567,37747,36197,51850,44247,56667,52518,68286,66007,82806,80880,57997,61810,37841,48636,11680,20826,646983,606067,79032,75806,109431,103606,37938,45,52
2021-09-17T23:59:59+02:00,4915,4610,41667,40089,55376,48097,59878,56488,71921,70375,86596,84821,60009,64162,39062,50328,12061,21560,37639,36111,51753,44134,56576,52426,68179,65933,82747,80821,57966,61793,37834,48629,11678,20822,646126,605601,79030,75806,109431,103606,37390,45,52
2021-09-16T23:59:59+02:00,4821,4510,41399,39819,55140,47813,59641,56219,71734,70194,86468,84689,59958,64107,39039,50305,12051,21544,37379,35895,51559,43905,56398,52226,68034,65791,82639,80725,57912,61757,37815,48605,11669,20811,644230,604147,79026,75801,109414,103590,36743,45,52
2021-09-15T23:59:59+02:00,4756,4447,41174,39567,54912,47533,59434,56005,71583,70051,86348,84585,59915,64052,39010,50277,12042,21521,37182,35712,51400,43700,56264,52082,67928,65691,82544,80625,57867,61724,37791,48581,11666,20797,642469,602953,79024,75800,109414,103590,36265,45,52
2021-09-14T23:59:59+02:00,4728,4423,41053,39441,54785,47442,59345,55888,71485,69960,86271,84526,59896,64024,38992,50263,12037,21515,37109,35637,51313,43645,56193,52012,67853,65628,82486,80588,57850,61698,37776,48561,11660,20789,641700,602540,79024,75800,109414,103589,35896,45,52
2021-09-13T23:59:59+02:00,4700,4409,40957,39330,54693,47346,59282,55785,71410,69907,86228,84486,59865,63993,38985,50252,12033,21510,37037,35572,51226,43584,56133,51947,67787,65594,82446,80561,57827,61671,37767,48547,11659,20781,640992,602095,79019,75750,109413,103574,35707,45,52
2021-09-12T23:59:59+02:00,4691,4395,40926,39303,54673,47323,59258,55755,71383,69877,86213,84466,59857,63985,38983,50249,12031,21506,37000,35543,51207,43565,56108,51928,67768,65565,82423,80541,57814,61657,37761,48533,11659,20779,640785,601882,79010,75745,109412,103572,35627,45,52
2021-09-11T23:59:59+02:00,4682,4393,40910,39277,54645,47296,59239,55739,71360,69866,86202,84458,59856,63982,38982,50248,12031,21504,36982,35532,51186,43545,56095,51916,67746,65555,82410,80537,57812,61656,37759,48533,11659,20778,640688,601835,79010,75744,109412,103572,35520,45,52
2021-09-10T23:59:59+02:00,4637,4354,40737,39104,54493,47163,59125,55588,71235,69764,86113,84377,59828,63954,38971,50235,12027,21497,36861,35444,51082,43456,56008,51825,67656,65490,82338,80483,57793,61635,37750,48519,11652,20772,639780,601421,79009,75744,109412,103572,34959,45,52
2021-09-09T23:59:59+02:00,4563,4268,40502,38888,54299,46942,58953,55370,71088,69601,86008,84284,59803,63908,38948,50206,12018,21491,36655,35268,50908,43307,55862,51664,67513,65370,82228,80403,57752,61588,37732,48498,11647,20764,638306,600287,79008,75742,109412,103572,34371,45,51
2021-09-08T23:59:59+02:00,4464,4174,40285,38629,54112,46760,58783,55201,70978,69482,85915,84208,59767,63869,38940,50173,12012,21484,36378,34996,50685,43096,55670,51480,67378,65242,82115,80299,57719,61532,37709,48459,11636,20750,636895,598556,79003,75734,109412,103572,33882,45,51
2021-09-07T23:59:59+02:00,4393,4116,40084,38458,53985,46644,58678,55094,70902,69396,85853,84143,59743,63841,38930,50156,12009,21481,36252,34886,50584,43018,55591,51416,67309,65175,82049,80242,57683,61501,37697,48436,11629,20742,635894,597899,78995,75721,109408,103571,33565,45,51
2021-09-06T23:59:59+02:00,4352,4068,39981,38356,53909,46572,58609,55019,70856,69339,85807,84106,59723,63825,38927,50151,12007,21477,36138,34768,50493,42948,55508,51332,67250,65104,81994,80180,57655,61470,37684,48423,11628,20740,635215,597141,78995,75683,109407,103560,33423,45,51
2021-09-05T23:59:59+02:00,4339,4051,39947,38327,53886,46541,58573,54991,70828,69316,85783,84083,59720,63823,38924,50146,12006,21473,36112,34746,50463,42926,55478,51311,67231,65087,81976,80164,57647,61465,37681,48417,11626,20737,634995,596992,78994,75678,109406,103560,33318,45,51
2021-09-04T23:59:59+02:00,4339,4049,39938,38325,53882,46534,58572,54989,70826,69312,85779,84076,59720,63821,38924,50146,12006,21473,36101,34743,50459,42919,55474,51310,67229,65083,81973,80160,57646,61463,37681,48417,11626,20737,634977,596977,78994,75677,109406,103558,33290,45,51
2021-09-03T23:59:59+02:00,4300,4019,39826,38211,53784,46467,58495,54907,70758,69252,85714,84045,59702,63805,38918,50141,12003,21470,36023,34673,50376,42876,55413,51258,67172,65041,81927,80128,57631,61449,37673,48411,11620,20736,634404,596662,78994,75672,109406,103558,32969,45,51
2021-09-02T23:59:59+02:00,4260,3977,39651,38049,53647,46306,58362,54780,70633,69133,85636,83980,59655,63768,38895,50114,12001,21460,35901,34592,50269,42792,55316,51170,67072,64958,81853,80065,57583,61416,37656,48387,11614,20729,633402,596107,78994,75671,109406,103554,32461,45,51
2021-09-01T23:59:59+02:00,4200,3907,39460,37878,53486,46160,58247,54667,70540,69045,85575,83904,59611,63736,38879,50101,11999,21449,35572,34248,50043,42535,55122,50979,66913,64790,81720,79955,57535,61359,37624,48358,11608,20723,632283,593906,78983,75659,109405,103553,32129,45,51
2021-08-31T23:59:59+02:00,4149,3861,39325,37727,53358,46049,58147,54559,70454,68971,85499,83849,59581,63707,38861,50072,11997,21446,35452,34144,49901,42435,55015,50893,66820,64723,81640,79901,57495,61324,37610,48338,11602,20720,631358,593330,78981,75658,109403,103325,31827,44,51
2021-08-30T23:59:59+02:00,4098,3817,39216,37603,53256,45964,58063,54483,70393,68892,85438,83802,59564,63682,38849,50061,11995,21440,35378,34072,49825,42371,54939,50821,66760,64661,81586,79844,57467,61295,37595,48316,11601,20709,630532,592740,78978,75623,109403,103313,31660,44,51
2021-08-29T23:59:59+02:00,4088,3807,39198,37584,53237,45949,58049,54464,70385,68882,85421,83785,59562,63680,38846,50057,11994,21439,35347,34046,49794,42354,54926,50795,66737,64633,81563,79829,57457,61279,37590,48310,11598,20708,630414,592538,78975,75606,109403,103313,31592,44,51
2021-08-28T23:59:59+02:00,4088,3807,39197,37584,53236,45947,58049,54464,70384,68880,85421,83785,59562,63680,38846,50057,11994,21439,35347,34045,49794,42354,54924,50795,66735,64632,81563,79829,57457,61279,37590,48310,11598,20708,630409,592535,78975,75605,109403,103313,31590,44,51
2021-08-27T23:59:59+02:00,4052,3765,39075,37484,53139,45842,57968,54371,70294,68802,85360,83726,59536,63656,38834,50047,11994,21437,35245,33985,49693,42293,54849,50720,66646,64570,81508,79790,57430,61259,37579,48299,11597,20707,629770,592121,78975,75603,109398,103311,31196,44,51
2021-08-26T23:59:59+02:00,3969,3703,38884,37303,52979,45676,57837,54222,70166,68686,85236,83634,59489,63610,38810,50027,11987,21427,35073,33814,49540,42131,54692,50562,66518,64441,81363,79676,57383,61200,37550,48273,11592,20699,628595,590966,78973,75591,109393,103306,30641,44,51
2021-08-25T23:59:59+02:00,3876,3636,38717,37106,52827,45489,57723,54083,70066,68585,85142,83542,59453,63569,38792,50008,11985,21420,34686,33401,49270,41815,54456,50298,66325,64238,81182,79505,57293,61119,37528,48235,11580,20687,627364,588222,78972,75589,109393,103306,30247,44,51
2021-08-24T23:59:59+02:00,3855,3620,38628,37032,52746,45419,57668,54030,70012,68538,85098,83502,59421,63542,38783,49991,11982,21410,34537,33278,49150,41725,54369,50214,66222,64145,81092,79426,57245,61075,37520,48219,11575,20678,626918,587301,78969,75585,109391,103301,29956,44,51
2021-08-23T23:59:59+02:00,3828,3585,38533,36937,52665,45352,57612,53962,69954,68486,85044,83463,59403,63516,38773,49978,11980,21402,34397,33138,49027,41647,54271,50129,66129,64049,81004,79363,57209,61026,37500,48200,11574,20667,626384,586427,78967,75550,109389,103288,29690,44,51
2021-08-22T23:59:59+02:00,3821,3585,38505,36926,52649,45333,57593,53949,69929,68468,85027,83450,59394,63505,38771,49969,11975,21400,34349,33099,49001,41609,54234,50100,66087,64024,80969,79337,57194,61011,37497,48191,11569,20663,626285,586136,78965,75540,109388,103287,29568,44,51
2021-08-21T23:59:59+02:00,3819,3582,38486,36919,52641,45322,57579,53943,69915,68456,85021,83441,59387,63503,38770,49969,11975,21400,34335,33093,48992,41600,54221,50095,66075,64013,80963,79330,57190,61010,37497,48191,11569,20663,626245,586119,78964,75539,109387,103287,29489,44,51
2021-08-20T23:59:59+02:00,3798,3550,38415,36849,52556,45251,57505,53880,69842,68402,84959,83394,59370,63484,38767,49965,11975,21394,34234,32988,48878,41532,54131,50022,65980,63946,80893,79277,57170,60987,37491,48186,11568,20659,625878,585602,78962,75536,109387,103284,29086,44,51
2021-08-19T23:59:59+02:00,3770,3517,38247,36708,52395,45113,57382,53776,69711,68282,84862,83318,59340,63440,38752,49948,11971,21382,33882,32731,48591,41289,53913,49827,65771,63762,80717,79143,57114,60914,37445,48148,11562,20648,624995,583686,78960,75441,109378,103271,28538,44,51
2021-08-18T23:59:59+02:00,3719,3466,38060,36552,52276,44992,57285,53670,69600,68188,84787,83254,59301,63396,38736,49928,11969,21374,33500,32319,48290,41032,53660,49548,65554,63551,80533,78982,57031,60828,37409,48106,11558,20636,623998,581118,78957,75313,109375,103264,28180,44,51
2021-08-17T23:59:59+02:00,3657,3418,37902,36395,52163,44870,57204,53574,69505,68102,84716,83191,59265,63363,38723,49905,11964,21365,33108,31875,47966,40723,53368,49258,65305,63308,80334,78775,56919,60717,37367,48057,11546,20625,623050,578011,78957,75297,109370,103243,27862,44,51
2021-08-16T23:59:59+02:00,3602,3364,37753,36247,52066,44771,57127,53500,69435,68034,84661,83144,59242,63332,38708,49889,11958,21357,32546,31316,47571,40307,52978,48875,65000,63044,80113,78580,56842,60601,37335,48003,11537,20603,622121,573986,78953,75262,109370,103223,27703,44,51
2021-08-15T23:59:59+02:00,3592,3355,37721,36222,52033,44752,57101,53467,69419,68017,84650,83133,59230,63328,38705,49880,11958,21355,32469,31218,47500,40243,52915,48814,64955,63003,80070,78552,56824,60581,37327,47990,11536,20599,621932,573427,78953,75231,109369,103212,27621,44,51
2021-08-14T23:59:59+02:00,3587,3351,37713,36215,52028,44748,57094,53461,69415,68014,84642,83129,59223,63323,38704,49878,11958,21355,32461,31212,47491,40240,52906,48807,64952,63000,80062,78550,56819,60575,37326,47988,11536,20599,621900,573397,78950,75231,109369,103212,27576,44,51
2021-08-13T23:59:59+02:00,3570,3338,37644,36173,51970,44699,57028,53411,69346,67974,84577,83093,59201,63311,38693,49864,11955,21349,32324,31099,47363,40141,52788,48708,64850,62920,79972,78500,56796,60554,37313,47978,11534,20594,621598,572598,78950,75229,109369,103212,27236,44,51
2021-08-12T23:59:59+02:00,3530,3310,37516,36052,51880,44609,56960,53326,69250,67900,84502,83027,59173,63287,38679,49852,11955,21346,31798,30611,46976,39791,52402,48361,64523,62689,79754,78291,56705,60466,37268,47935,11529,20577,620877,569128,78950,75200,109367,103105,26917,44,51
2021-08-11T23:59:59+02:00,3488,3270,37363,35905,51769,44504,56841,53207,69155,67808,84420,82946,59133,63249,38658,49836,11951,21342,31157,29994,46466,39402,51975,47925,64220,62410,79543,78087,56609,60359,37232,47862,11516,20559,619985,565090,78945,75176,109365,103017,26507,44,51
2021-08-10T23:59:59+02:00,3440,3223,37204,35754,51655,44384,56735,53099,69088,67737,84353,82889,59109,63211,38640,49822,11944,21337,30265,29014,45737,38701,51313,47320,63834,62048,79296,77843,56504,60255,37187,47793,11508,20547,619032,558892,78943,75174,109362,103014,26244,44,51
2021-08-09T23:59:59+02:00,3404,3194,37110,35647,51581,44314,56677,53057,69057,67695,84323,82857,59092,63196,38628,49803,11943,21335,29556,28269,45072,38125,50740,46743,63461,61691,79018,77594,56380,60157,37143,47738,11501,20533,618448,554797,78941,73719,109361,102988,26120,44,51
2021-08-08T23:59:59+02:00,3395,3180,37084,35631,51556,44289,56658,53047,69039,67677,84303,82842,59089,63191,38623,49796,11942,21334,29428,28127,44924,38029,50644,46659,63405,61634,78970,77554,56345,60139,37133,47727,11501,20530,618274,553867,78940,73711,109360,102956,26059,44,51
2021-08-07T23:59:59+02:00,3395,3180,37080,35625,51546,44288,56656,53047,69035,67674,84302,82840,59088,63191,38623,49796,11942,21334,29417,28121,44912,38023,50643,46655,63402,61628,78967,77551,56343,60138,37132,47726,11501,20529,618264,553832,78939,73707,109360,102956,26036,44,51
2021-08-06T23:59:59+02:00,3384,3166,37012,35570,51467,44225,56590,53004,68992,67642,84270,82812,59076,63171,38612,49790,11939,21332,29180,27894,44707,37838,50462,46513,63265,61512,78867,77483,56318,60113,37117,47716,11498,20526,617984,552384,78936,73701,109360,102955,25731,44,51
2021-08-05T23:59:59+02:00,3351,3126,36861,35436,51352,44090,56471,52886,68877,67528,84144,82738,59033,63117,38589,49769,11930,21322,28481,27277,44124,37356,49909,46057,62907,61215,78575,77263,56209,60017,37077,47664,11490,20510,617184,548077,78934,73691,109360,102776,25099,44,51
2021-08-04T23:59:59+02:00,3292,3063,36658,35266,51203,43944,56331,52770,68754,67401,84030,82626,58965,63058,38571,49740,11925,21312,27333,26153,43162,36478,48945,45153,62316,60609,78079,76823,55999,59837,37018,47573,11477,20490,616101,539723,78922,73651,109360,102722,24483,44,51
2021-08-03T23:59:59+02:00,3219,3005,36440,35063,51049,43802,56206,52644,68621,67285,83942,82553,58923,63014,38550,49709,11916,21297,26254,25039,42236,35586,48045,44269,61777,60077,77628,76415,55831,59650,36958,47486,11457,20459,614727,531396,78914,73604,109356,102696,24198,44,51
2021-08-02T23:59:59+02:00,3176,2951,36294,34912,50941,43693,56114,52544,68535,67194,83855,82478,58884,62966,38535,49690,11908,21285,25354,24037,41395,34847,47314,43529,61294,59608,77245,76071,55668,59501,36908,47409,11440,20438,613753,524437,78913,73549,109355,102554,23891,44,51
2021-08-01T23:59:59+02:00,3171,2945,36277,34890,50915,43675,56094,52519,68506,67181,83841,82465,58878,62961,38533,49686,11908,21285,25093,23789,41152,34647,47083,43332,61153,59472,77129,75975,55632,59472,36893,47396,11436,20434,613610,522576,78909,73508,109354,102489,23814,44,51
2021-07-31T23:59:59+02:00,3170,2944,36271,34889,50914,43674,56092,52518,68504,67180,83841,82464,58878,62961,38533,49686,11908,21284,25086,23775,41142,34640,47077,43326,61144,59470,77127,75974,55632,59469,36893,47396,11436,20433,613595,522509,78908,73507,109354,102489,23811,44,51
2021-07-30T23:59:59+02:00,3154,2930,36212,34825,50843,43624,56032,52459,68449,67140,83802,82425,58866,62947,38529,49679,11905,21281,24767,23464,40868,34425,46819,43129,60959,59340,76977,75857,55601,59429,36879,47384,11436,20432,613309,520570,78904,73505,109351,102381,23495,44,51
2021-07-29T23:59:59+02:00,3131,2902,36073,34702,50713,43496,55939,52358,68379,67076,83731,82374,58839,62929,38517,49670,11905,21280,23813,22473,39993,33677,45922,42346,60413,58899,76617,75553,55481,59291,36839,47329,11429,20421,612429,513517,78883,73380,109351,102214,23308,44,51
2021-07-28T23:59:59+02:00,3083,2847,35832,34464,50489,43323,55738,52209,68236,66934,83616,82275,58786,62882,38495,49633,11895,21272,22597,21222,38670,32576,44612,41174,59618,58239,76112,75095,55285,59103,36770,47225,11415,20396,611051,503721,78877,73214,109350,102056,22688,44,51
2021-07-27T23:59:59+02:00,3057,2828,35726,34343,50407,43240,55657,52157,68174,66866,83556,82204,58746,62839,38483,49618,11894,21263,21357,19825,37244,31240,43243,39873,58994,57646,75691,74684,55122,58927,36712,47170,11403,20373,610325,493299,78861,73039,109350,101943,22479,44,51
2021-07-26T23:59:59+02:00,3038,2809,35663,34247,50350,43187,55614,52108,68129,66828,83520,82176,58733,62823,38471,49606,11893,21261,20336,18722,35993,30125,41977,38723,58496,57246,75407,74433,55025,58827,36691,47135,11397,20359,609796,485058,78856,72710,109350,101782,22411,44,51
2021-07-25T23:59:59+02:00,3027,2804,35611,34205,50309,43142,55587,52085,68106,66803,83490,82153,58718,62816,38468,49603,11890,21255,19934,18356,35575,29795,41568,38416,58303,57091,75247,74327,54979,58789,36669,47115,11393,20355,609502,482325,78851,72436,109350,101754,22326,44,51
2021-07-24T23:59:59+02:00,3027,2804,35607,34201,50307,43139,55585,52084,68104,66803,83488,82152,58718,62816,38467,49603,11890,21255,19929,18346,35567,29785,41562,38415,58300,57089,75243,74325,54979,58789,36668,47115,11393,20355,609493,482287,78850,72436,109350,101752,22314,44,51
2021-07-23T23:59:59+02:00,3002,2779,35457,34084,50158,43039,55469,51978,68007,66709,83398,82100,58687,62787,38457,49598,11885,21252,19691,18125,35306,29609,41291,38234,58135,56960,75107,74249,54940,58765,36656,47105,11387,20349,608867,481167,78850,72143,109350,101750,21736,44,51
2021-07-22T23:59:59+02:00,2952,2694,35020,33714,49848,42802,55204,51751,67777,66527,83222,81949,58600,62693,38421,49551,11874,21234,18900,17462,34209,28875,40169,37403,57398,56491,74555,73876,54761,58586,36591,47021,11366,20323,606713,475643,78836,70713,109346,101529,20895,44,51
2021-07-21T23:59:59+02:00,2897,2636,34709,33383,49606,42590,55017,51565,67587,66342,83094,81823,58535,62641,38389,49511,11863,21224,18072,16631,32897,27881,38904,36445,56709,55929,74106,73515,54615,58411,36525,46937,11354,20290,604885,469740,78785,68523,109345,101316,20354,44,51
2021-07-20T23:59:59+02:00,2822,2574,34351,32998,49323,42355,54842,51371,67405,66184,82955,81701,58470,62586,38360,49465,11862,21209,16920,15508,31184,26478,37175,34992,55911,55281,73563,73069,54449,58222,36475,46852,11336,20252,602786,460570,78749,66783,109342,100977,19913,44,51
2021-07-19T23:59:59+02:00,2738,2504,33792,32434,49005,42046,54567,51104,67210,65968,82784,81531,58403,62504,38315,49413,11855,21194,16266,14933,30244,25796,36315,34278,55472,54859,73236,72831,54362,58136,36438,46802,11330,20230,599574,456881,78688,64615,109341,100806,19721,44,51
2021-07-18T23:59:59+02:00,2710,2486,33694,32322,48914,41989,54510,51046,67149,65917,82741,81489,58375,62479,38304,49399,11853,21187,15947,14668,29673,25416,35822,33930,55217,54698,73090,72730,54320,58097,36430,46788,11329,20226,598968,455441,78673,63080,109340,100778,19540,44,51
2021-07-17T23:59:59+02:00,2710,2486,33692,32320,48909,41987,54509,51044,67149,65916,82741,81488,58375,62478,38304,49399,11853,21187,15942,14662,29664,25401,35817,33926,55213,54697,73090,72730,54320,58097,36430,46788,11329,20226,598957,455397,78670,63076,109338,100778,19539,44,51
2021-07-16T23:59:59+02:00,2652,2421,33085,31795,48413,41640,54114,50711,66768,65593,82428,81255,58256,62366,38254,49350,11849,21180,15524,14341,29173,25032,35369,33595,54876,54444,72831,72538,54208,58008,36395,46750,11326,20222,596742,454013,78666,62947,109337,100770,17342,44,51
2021-07-15T23:59:59+02:00,2519,2289,32224,31014,47788,41070,53537,50229,66341,65246,82175,81016,58167,62270,38220,49307,11841,21161,14685,13670,27849,24201,34067,32785,54193,54044,72416,72309,54108,57912,36364,46714,11319,20206,591726,449828,78654,60555,109336,100190,16654,44,51
2021-07-14T23:59:59+02:00,2413,2202,31675,30486,47297,40629,53112,49831,66012,64963,81936,80768,58062,62174,38187,49257,11831,21148,13441,12526,25853,22747,32163,31262,53444,53453,71907,71970,53971,57787,36322,46653,11309,20191,587849,440697,78635,58627,109335,99855,16120,44,50
2021-07-13T23:59:59+02:00,2356,2133,31405,30219,47024,40406,52862,49605,65807,64774,81769,80619,57995,62097,38163,49220,11821,21135,12454,11675,24127,21437,30220,29677,52250,52285,71089,71180,53723,57510,36235,46538,11291,20164,585691,433973,78620,55704,109326,96703,15729,44,50
2021-07-12T23:59:59+02:00,2129,1926,30540,29289,46372,39873,52291,49038,65419,64385,81492,80347,57860,61970,38121,49162,11812,21114,11707,11048,22738,20457,28480,28299,51294,51427,70350,70562,53466,57232,36168,46420,11278,20133,579458,425871,78603,53145,109326,96550,15709,44,50
2021-07-11T23:59:59+02:00,2084,1889,30419,29179,46307,39801,52240,48974,65362,64329,81431,80304,57839,61950,38115,49144,11807,21109,11541,10899,22463,20272,28117,28027,51091,51282,70179,70418,53413,57151,36146,46403,11269,20126,578636,423801,78597,53103,109324,96417,15682,44,49
2021-07-10T23:59:59+02:00,2084,1887,30414,29172,46305,39796,52236,48973,65359,64328,81430,80302,57839,61948,38114,49144,11807,21109,11529,10881,22451,20258,28101,28015,51084,51278,70176,70415,53413,57151,36145,46403,11269,20126,578606,423717,78597,53101,109324,96407,15676,44,49
2021-07-09T23:59:59+02:00,2039,1849,30182,28937,46088,39615,52053,48801,65198,64217,81326,80222,57809,61918,38098,49129,11803,21107,11147,10608,21809,19821,27435,27464,50376,50710,69594,70005,53311,57063,36122,46369,11264,20115,577408,422641,78591,52787,109319,92955,15029,44,49
2021-07-08T23:59:59+02:00,1901,1721,29517,28404,45489,39112,51497,48335,64795,63909,81027,79989,57717,61828,38066,49077,11798,21093,9962,9498,19863,18185,24973,25479,49342,49911,68966,69467,53086,56849,36046,46283,11249,20089,573162,412102,78571,50354,109302,92729,14196,44,49
2021-07-07T23:59:59+02:00,1688,1525,28414,27197,44450,38150,50395,47341,64137,63271,80488,79506,57513,61597,38001,48993,11784,21052,9431,9019,18776,17349,23575,24273,48518,49265,68420,68979,52886,56607,35970,46185,11233,20049,563907,405755,78554,48742,109301,92440,13696,44,49
2021-07-06T23:59:59+02:00,1488,1367,27330,26151,43428,37233,49461,46409,63536,62708,80052,79100,57333,61415,37945,48899,11760,21025,8713,8273,17439,16347,21964,22992,47913,48814,68045,68713,52768,56493,35921,46148,11226,20034,555648,398287,78542,48316,109298,92144,13108,44,49
2021-07-05T23:59:59+02:00,1331,1243,26183,24897,42343,36233,48408,45340,62867,62132,79616,78699,57159,61226,37892,48823,11751,21002,8459,8047,16941,16033,21404,22608,47606,48588,67850,68564,52716,56419,35895,46129,11223,20029,546323,395708,78534,48002,109297,91886,12947,44,47
2021-07-04T23:59:59+02:00,1266,1179,25861,24568,42041,35974,48154,45158,62720,61997,79502,78603,57123,61186,37882,48804,11748,20999,8203,7891,16674,15838,21123,22409,47481,48489,67772,68489,52692,56394,35880,46124,11221,20028,544006,394681,78510,47339,109295,91802,12910,44,47
2021-07-03T23:59:59+02:00,1266,1178,25854,24556,42027,35967,48152,45158,62717,61996,79501,78602,57122,61186,37882,48804,11748,20999,8198,7883,16662,15828,21116,22402,47476,48488,67767,68488,52691,56394,35880,46124,11221,20028,543974,394646,78508,47338,109295,91792,12894,44,47
2021-07-02T23:59:59+02:00,1198,1121,25537,24206,41704,35686,47897,44906,62573,61848,79427,78531,57105,61164,37876,48792,11744,20994,8019,7731,16293,15560,20673,22094,46508,47709,67270,68138,52608,56302,35865,46106,11220,20025,541591,392156,78507,47334,109290,89774,12877,44,47
2021-07-01T23:59:59+02:00,1143,1071,25160,23843,41323,35338,47502,44555,62321,61610,79237,78361,57042,61101,37845,48751,11737,20984,7627,7396,15475,14781,19502,21060,44972,46221,66056,67059,52298,55999,35768,45986,11196,19998,538448,386329,78404,46507,109281,85821,12747,44,47
2021-06-30T23:59:59+02:00,1070,1007,24736,23394,40892,34964,47093,44179,62093,61398,79064,78213,56965,61023,37818,48701,11729,20963,7253,7036,14528,13975,18072,19853,41759,43490,64357,65614,51831,55501,35619,45793,11169,19949,534996,374303,78371,45813,109277,83066,12614,44,46
2021-06-29T23:59:59+02:00,979,898,24235,22860,40375,34547,46659,43764,61832,61121,78853,78035,56886,60958,37790,48657,11723,20944,6975,6725,13866,13481,16908,18932,37432,39799,63003,64361,51344,55001,35486,45615,11138,19906,530927,358993,78362,45602,109277,82857,12506,44,46
2021-06-28T23:59:59+02:00,950,865,23896,22469,39919,34163,46237,43397,61593,60865,78662,77881,56814,60890,37761,48627,11720,20929,6665,6405,13206,12978,15894,18095,33778,36751,61879,63329,50989,54606,35391,45465,11113,19868,529176,350310,76672,40904,109276,82704,12470,44,46
2021-06-27T23:59:59+02:00,936,852,23804,22377,39846,34100,46178,43338,61561,60828,78627,77850,56799,60878,37755,48620,11719,20924,6575,6330,12972,12836,15470,17857,32945,36105,61622,63130,50899,54536,35373,45443,11111,19864,528562,347407,76667,40639,109270,82547,12449,44,46
2021-06-26T23:59:59+02:00,935,852,23798,22371,39839,34097,46177,43337,61560,60827,78627,77850,56799,60878,37755,48619,11719,20924,6572,6323,12966,12823,15462,17850,32941,36104,61615,63128,50897,54530,35373,45443,11111,19863,528534,347342,76667,40638,109270,82546,12449,44,46
2021-06-25T23:59:59+02:00,912,826,23683,22257,39756,34010,46095,43266,61516,60780,78579,77830,56788,60864,37752,48616,11718,20922,6474,6210,12855,12690,15324,17689,32222,35443,61226,62804,50819,54446,35365,45422,11108,19862,527744,344327,76667,40626,109267,82530,12448,44,46
2021-06-24T23:59:59+02:00,845,768,23297,21830,39405,33700,45743,42964,61311,60586,78418,77693,56734,60809,37729,48586,11713,20912,6135,5910,12291,12225,14619,17006,28918,32725,58943,60950,50233,53848,35230,45214,11090,19814,524785,330509,76618,40364,109265,81915,12331,44,46
2021-06-23T23:59:59+02:00,740,674,22657,21168,38830,33113,45090,42253,60946,60195,78169,77441,56631,60673,37683,48533,11703,20892,5981,5719,11922,11879,14112,16478,25550,29963,57301,59422,49709,53310,35111,45040,11069,19771,519200,321079,76565,37423,109262,81481,12320,44,46
2021-06-22T23:59:59+02:00,679,610,22233,20724,38426,32693,44657,41787,60672,59910,77964,77202,56533,60562,37646,48460,11690,20870,5790,5582,11598,11619,13688,16103,21208,26432,55225,57721,49110,52707,34934,44824,11049,19727,515395,306719,76438,37369,109256,81007,12185,44,46
2021-06-21T23:59:59+02:00,642,569,21982,20487,38174,32462,44410,41511,60481,59698,77832,77061,56481,60478,37621,48419,11681,20854,5657,5472,11289,11422,13349,15841,19656,25200,54307,56952,46886,50252,34334,44102,11026,19668,513350,301396,76234,37301,109239,74701,11976,44,46
2021-06-20T23:59:59+02:00,613,550,21693,20192,37879,32186,44127,41257,60329,59530,77694,76915,56432,60435,37601,48402,11678,20847,5600,5427,11157,11334,13197,15713,19262,24875,54040,56769,45228,48267,33768,43467,11006,19648,510964,300770,76155,36549,109227,69432,11970,44,44
2021-06-19T23:59:59+02:00,611,550,21688,20180,37862,32181,44124,41253,60323,59526,77692,76912,56429,60434,37601,48401,11678,20847,5594,5418,11152,11331,13188,15707,19254,24867,54026,56757,45219,48257,33767,43467,11006,19648,510901,300686,76150,36546,109227,69419,11970,44,44
2021-06-18T23:59:59+02:00,597,536,21591,20069,37797,32126,44049,41167,60268,59480,77648,76870,56406,60412,37596,48388,11677,20846,5499,5252,10855,10794,12815,15124,18711,23848,53172,55451,45016,48094,33739,43418,11000,19636,510146,299114,76144,36545,109220,64759,11969,44,44
2021-06-17T23:59:59+02:00,512,444,20871,19354,37038,31491,43253,40413,59861,59113,77350,76615,56289,60283,37547,48321,11664,20821,5306,5039,10471,10238,12291,14351,17780,22487,51598,53508,43864,46745,33421,43021,10953,19553,504149,291792,76052,36417,109210,60595,11785,44,44
2021-06-16T23:59:59+02:00,405,366,20070,18398,36050,30556,42246,39437,59318,58631,76949,76296,56142,60124,37488,48234,11654,20798,5116,4883,9961,9917,11555,13855,16231,21182,47721,49960,42109,44741,32956,42450,10890,19427,496746,275624,75514,36217,109193,59412,11665,44,43
2021-06-15T23:59:59+02:00,295,263,19256,17542,35126,29699,41317,38552,58881,58193,76612,75965,55998,59954,37429,48164,11639,20764,4911,4756,9436,9657,10850,13384,14721,19993,43455,45873,40556,42898,32476,41828,10823,19299,489518,258448,75398,36183,109183,58743,11506,44,42
2021-06-14T23:59:59+02:00,191,172,18140,16306,33876,28426,39856,37144,58288,57629,76216,75623,55870,59809,37385,48093,11630,20749,4784,4662,9089,9447,10372,13066,13548,18986,40813,43319,39483,41749,32183,41427,10791,19214,479765,247272,74960,36157,109179,58012,11456,43,42
2021-06-13T23:59:59+02:00,150,133,17634,15901,33397,28023,39365,36762,58074,57448,76067,75522,55843,59768,37363,48071,11627,20740,4698,4613,8943,9375,10209,12998,12942,18532,40345,42926,39245,41527,32122,41343,10785,19200,476688,246308,74658,34732,109171,57399,11328,43,42
2021-06-12T23:59:59+02:00,150,133,17630,15882,33384,28014,39358,36758,58069,57445,76063,75520,55842,59766,37362,48071,11627,20740,4691,4608,8932,9370,10197,12991,12930,18519,40162,42779,39222,41512,32118,41341,10785,19199,476619,245873,74654,34732,109171,57388,11327,43,42
2021-06-11T23:59:59+02:00,148,133,17547,15824,33238,27945,39184,36703,57948,57407,75992,75494,55829,59761,37360,48068,11627,20739,4608,4416,8771,8809,10004,12271,12696,17448,39672,41481,39067,41381,32100,41305,10783,19198,476282,245381,74241,34730,109063,52545,11318,43,42
2021-06-10T23:59:59+02:00,133,113,16705,15107,31819,27028,37938,35792,57266,56948,75582,75223,55738,59669,37321,48023,11616,20721,4354,4222,8214,8313,9321,11513,11961,16381,36822,38443,38263,40577,31934,41123,10767,19168,472390,238317,71265,34598,108786,48167,10258,43,42
2021-06-09T23:59:59+02:00,111,87,15929,14399,30541,26124,36723,34908,56691,56561,75238,74996,55653,59562,37294,47978,11603,20701,4172,4069,7855,8126,8855,11295,11340,16001,31736,33579,36765,39044,31689,40854,10746,19119,467732,224399,68827,34474,108740,46582,9757,43,39
2021-06-08T23:59:59+02:00,84,69,15007,13529,29163,25032,35352,33896,56076,56157,74936,74775,55579,59482,37271,47946,11599,20691,4092,4005,7700,8010,8702,11181,11048,15795,28916,30767,35810,38110,31529,40658,10722,19086,463137,216933,65378,34417,108693,45355,9393,43,39
2021-06-07T23:59:59+02:00,76,56,14373,12943,27790,24219,34196,33117,55604,55900,74691,74663,55542,59442,37255,47935,11599,20687,3999,3931,7506,7885,8400,11048,10680,15549,24581,26388,34345,36576,31307,40391,10694,19058,460001,205148,62345,34352,108661,43767,9038,43,39
2021-06-06T23:59:59+02:00,75,53,14049,12751,27008,23799,33546,32698,55294,55735,74532,74593,55520,59418,37241,47926,11597,20686,3932,3895,7355,7841,8245,10964,10359,15348,21759,23511,33342,35496,31167,40237,10687,19043,458853,202359,60292,29109,108633,42981,8700,43,38
2021-06-05T23:59:59+02:00,75,51,14020,12723,26967,23758,33517,32679,55289,55725,74526,74586,55515,59413,37236,47924,11597,20686,3910,3881,7319,7820,8198,10947,10296,15306,20331,21960,32548,34617,31097,40156,10683,19036,458733,197388,60186,29106,108626,42880,8699,43,38
2021-06-04T23:59:59+02:00,69,47,13792,12462,26657,23443,33180,32370,55229,55644,74488,74566,55506,59408,37235,47922,11597,20685,3879,3852,7240,7741,8141,10869,10216,15183,20223,21843,32475,34562,31065,40119,10680,19033,456839,197306,60124,29094,108595,41990,8699,43,38
2021-06-03T23:59:59+02:00,51,42,13223,11973,25622,22757,32045,31621,54737,55311,74173,74373,55433,59327,37200,47890,11590,20668,3751,3760,6967,7571,7860,10697,9889,14946,18336,19982,30501,32257,30792,39788,10657,18985,452502,188719,58623,29074,108579,40628,8289,43,35
2021-06-02T23:59:59+02:00,37,30,12531,11219,24627,21856,30906,30667,54472,55046,73981,74232,55381,59245,37183,47868,11582,20661,3716,3740,6910,7516,7804,10649,9806,14855,17816,19434,28573,30083,30693,39645,10650,18974,446181,183189,58444,29073,108578,40294,8279,42,35
2021-06-01T23:59:59+02:00,23,16,11401,10332,22492,20418,28372,28771,53063,53985,72977,73449,55074,58916,37060,47694,11546,20599,3487,3566,6411,7209,7201,10227,8950,14253,15869,17617,24790,25833,30009,38762,10574,18820,436661,169188,53969,28937,108540,38450,6976,42,33
2021-05-31T23:59:59+02:00,18,12,10536,9665,20654,19247,26326,27262,51955,53136,72273,72901,54857,58653,36986,47589,11532,20563,3345,3414,6076,6964,6801,9928,8409,13898,14804,16641,23598,24462,29621,38275,10514,18726,429861,163447,49595,28900,108520,36956,6147,42,32
2021-05-30T23:59:59+02:00,16,9,10184,9317,19931,18749,25619,26682,51615,52854,72039,72704,54780,58575,36961,47561,11524,20554,3162,3222,5727,6697,6512,9685,8192,13692,14545,16370,23307,24146,29512,38169,10500,18698,427271,162621,49187,28843,108487,35959,4687,42,32
2021-05-29T23:59:59+02:00,16,9,10168,9305,19913,18722,25600,26656,51603,52850,72035,72694,54778,58570,36960,47561,11523,20554,3160,3214,5724,6693,6507,9683,8184,13684,14535,16365,23296,24138,29508,38164,10499,18697,427114,162551,49187,28841,108487,35946,4687,42,32
2021-05-28T23:59:59+02:00,16,9,10103,9209,19774,18553,25340,26426,51444,52675,71888,72563,54739,58520,36946,47541,11520,20541,3113,3138,5632,6552,6406,9481,8070,13407,14342,16088,23144,23983,29455,38101,10492,18688,425463,162162,49150,28840,108467,34379,4686,41,31
2021-05-27T23:59:59+02:00,16,9,8841,8006,17363,16738,22560,24272,50350,51861,71220,72072,54540,58296,36849,47446,11506,20511,2814,2805,4787,5929,5512,8698,7277,12421,13216,14898,22153,22948,29071,37648,10437,18601,413521,158343,48194,28578,108322,29891,2378,41,31
2021-05-26T23:59:59+02:00,15,9,8439,7590,16487,15933,21372,23262,49744,51314,70801,71685,54389,58131,36781,47368,11495,20481,2627,2632,4418,5593,5034,8192,6800,11773,12246,13917,21254,21916,28759,37205,10391,18516,407923,154489,47462,28490,108241,26640,1630,40,30
2021-05-25T23:59:59+02:00,15,9,7864,6986,15243,15049,19922,22088,49266,50913,70553,71500,54303,58042,36756,47340,11491,20471,2548,2529,4228,5463,4788,7965,6521,11463,11690,13386,19107,19749,28387,36670,10356,18467,401117,148812,47221,28477,108196,24767,1237,40,30
2021-05-24T23:59:59+02:00,15,9,7776,6885,15020,14922,19637,21908,49165,50794,70509,71460,54299,58036,36753,47337,11489,20468,2505,2466,4144,5297,4694,7721,6396,11179,11551,13145,18993,19636,28336,36624,10349,18456,399980,148661,47141,28434,108099,23152,1222,40,29
2021-05-23T23:59:59+02:00,14,9,7760,6872,14984,14905,19583,21881,49155,50792,70505,71454,54297,58032,36753,47335,11489,20468,2503,2462,4137,5292,4684,7717,6391,11166,11530,13122,18852,19438,28305,36585,10347,18454,399793,148173,47141,28432,108099,23143,1215,40,28
2021-05-22T23:59:59+02:00,14,9,7757,6864,14974,14893,19572,21874,49155,50790,70502,71454,54297,58031,36753,47335,11489,20468,2501,2455,4130,5286,4682,7717,6388,11163,11521,13119,18839,19432,28304,36585,10347,18454,399738,148136,47141,28432,108099,23119,1213,40,28
2021-05-21T23:59:59+02:00,14,8,7683,6767,14844,14758,19367,21714,48914,50556,70361,71348,54270,58004,36746,47328,11483,20462,2430,2371,4043,5147,4579,7504,6265,10866,11349,12830,18773,19366,28288,36555,10344,18452,398166,147884,47138,28431,108074,21614,1210,39,28
2021-05-20T23:59:59+02:00,14,8,7410,6474,14258,14235,18431,20841,46231,48200,69206,70372,53912,57636,36638,47186,11452,20431,2168,2209,3681,4782,4136,6955,5710,10033,10261,11731,17497,18072,27783,35956,10270,18305,387169,142632,46973,28141,107766,17761,992,35,28
2021-05-19T23:59:59+02:00,13,7,7170,6252,13596,13754,17163,19842,42241,44718,67716,69064,53458,57110,36474,46958,11415,20380,2092,2009,3516,4443,3888,6431,5265,9348,9267,10615,16021,16423,27088,35041,10144,18096,372394,135468,46401,27998,107529,15236,972,35,18
2021-05-18T23:59:59+02:00,13,5,6973,6073,13051,13324,16068,18985,37521,40699,66263,67740,52902,56571,36323,46734,11374,20324,2045,1879,3378,4254,3702,6114,4931,8867,8399,9743,14437,14687,26380,34189,10054,17924,356293,128833,46337,27435,107370,13794,908,35,18
2021-05-17T23:59:59+02:00,13,5,6839,5979,12728,13076,15571,18594,35341,38832,65426,66959,52629,56256,36240,46625,11360,20287,1974,1817,3190,4073,3481,5884,4608,8495,7622,9043,11176,10670,25470,33039,9973,17756,352571,123617,42061,21348,107290,12490,803,35,18
2021-05-16T23:59:59+02:00,13,5,6776,5895,12602,12922,15398,18426,34850,38362,65240,66789,52572,56193,36227,46597,11355,20282,1916,1720,3086,3950,3401,5782,4503,8350,7439,8855,8984,8072,24988,32357,9939,17699,351090,122476,41552,15998,107254,11980,574,34,18
2021-05-15T23:59:59+02:00,13,5,6771,5886,12596,12916,15394,18421,34844,38359,65238,66787,52572,56192,36227,46597,11355,20282,1915,1719,3083,3944,3396,5779,4498,8347,7437,8852,8982,8070,24987,32357,9939,17699,351046,122445,41552,15998,107252,11977,571,34,18
2021-05-14T23:59:59+02:00,13,5,6574,5789,12353,12855,15162,18329,33869,37567,64702,66378,52476,56105,36210,46563,11353,20277,1799,1631,2972,3875,3339,5671,4448,8201,7389,8723,8975,8064,24986,32357,9939,17698,347676,122387,41520,15994,106791,11114,560,33,17
2021-05-13T23:59:59+02:00,13,5,6326,5602,11949,12601,14597,17879,30337,34778,62227,64301,51845,55431,36074,46344,11341,20229,1756,1591,2916,3798,3307,5579,4405,8098,7306,8604,8936,8005,24967,32315,9934,17694,333688,122136,41295,15970,106366,10595,497,33,17
2021-05-12T23:59:59+02:00,13,5,6309,5578,11876,12538,14488,17770,29701,34202,61720,63848,51672,55258,36038,46299,11334,20216,1756,1588,2915,3797,3302,5579,4403,8097,7304,8598,8929,8002,24967,32313,9934,17693,330693,122114,41283,15959,106361,10594,497,31,17
2021-05-11T23:59:59+02:00,12,5,5987,5443,11434,12262,13942,17388,25442,30713,59339,61845,51011,54580,35850,46056,11313,20153,1714,1473,2812,3535,3181,5203,4264,7654,7152,8275,8845,7919,24938,32273,9931,17682,315767,121873,41230,15773,105378,8820,372,28,17
2021-05-10T23:59:59+02:00,12,5,5859,5370,11271,12148,13723,17219,21973,27955,58092,60729,50648,54229,35758,45933,11298,20122,1676,1377,2726,3305,3080,4871,4153,7164,7030,7838,8804,7859,24926,32252,9929,17678,305851,121727,41070,15624,105088,6997,307,28,17
2021-05-09T23:59:59+02:00,12,5,5782,5338,11182,12083,13623,17138,20370,26774,57627,60343,50545,54130,35732,45892,11291,20117,1659,1355,2668,3181,3029,4731,4108,7044,6977,7744,8793,7847,24919,32246,9928,17678,305282,121682,37497,15578,104884,6340,294,27,17
2021-05-08T23:59:59+02:00,12,5,5779,5335,11171,12079,13613,17129,20362,26768,57618,60337,50542,54122,35728,45889,11289,20114,1658,1355,2668,3179,3029,4731,4105,7041,6976,7743,8792,7847,24918,32244,9928,17678,305192,121667,37496,15578,104883,6340,294,27,17
2021-05-07T23:59:59+02:00,12,5,5739,5300,11106,12030,13505,17050,19908,26412,56620,59527,50413,53992,35698,45858,11286,20100,1554,1312,2588,3134,2987,4703,4071,7018,6954,7711,8784,7839,24916,32243,9928,17677,302028,121633,37479,15570,104739,5914,289,26,17
2021-05-06T23:59:59+02:00,12,5,5487,5188,10592,11722,12800,16597,18610,25423,52359,55870,49218,52613,35369,45457,11235,19999,1330,1180,2351,2962,2819,4538,3920,6818,6804,7561,8711,7760,24896,32208,9925,17670,286896,121368,37293,15432,104183,4478,162,22,17
2021-05-05T23:59:59+02:00,12,5,5228,5089,10097,11488,12045,16147,17278,24443,48001,51730,47551,50699,34933,44887,11160,19879,1284,1086,2288,2834,2735,4359,3826,6580,6697,7362,8596,7666,24834,32133,9919,17654,269740,120888,37067,15387,103796,3518,47,22,17
2021-05-04T23:59:59+02:00,12,5,5144,5004,9782,11276,11593,15759,16301,23576,46129,49703,46484,49396,34560,44401,11094,19771,1272,1067,2259,2793,2694,4274,3774,6472,6625,7286,8553,7627,24814,32116,9918,17649,259384,120671,37043,15325,103517,3160,24,22,17
2021-05-03T23:59:59+02:00,12,5,5041,4917,9432,11105,11132,15496,15240,22713,44558,48084,45603,48445,34339,44054,11066,19681,1257,1041,2227,2761,2652,4210,3726,6418,6550,7232,7983,6937,23071,29787,9780,17412,250362,114853,37034,15243,103489,2919,16,22,17
2021-05-02T23:59:59+02:00,12,5,4979,4898,9317,11069,10986,15435,14627,22224,44039,47674,45463,48279,34289,43991,11060,19670,1253,1036,2209,2758,2639,4202,3697,6404,6530,7218,7794,6693,21097,27378,9733,17324,249153,114830,35396,10234,103435,2876,11,22,17
2021-05-01T23:59:59+02:00,12,5,4979,4896,9312,11065,10983,15432,14623,22220,44037,47670,45462,48279,34289,43991,11060,19670,1252,1036,2209,2758,2639,4202,3696,6404,6529,7218,7794,6692,21097,27378,9733,17324,249123,114827,35396,10234,103433,2875,11,22,17
2021-04-30T23:59:59+02:00,12,5,4932,4873,9246,11050,10928,15407,14547,22194,42557,46257,45128,47948,34252,43939,11055,19660,1043,941,2012,2668,2540,4141,3610,6344,6466,7159,7787,6675,21096,27376,9733,17324,245140,114818,35396,10231,103421,1842,11,22,16
2021-04-29T23:59:59+02:00,12,5,4690,4791,8776,10899,10323,15236,13861,21986,37623,41940,44117,46921,34131,43821,11051,19630,861,862,1838,2589,2454,4076,3502,6273,6397,7111,7765,6656,21091,27370,9733,17324,231406,114785,35293,10127,103081,966,11,22,16
2021-04-28T23:59:59+02:00,12,5,4514,4756,8526,10814,9972,15146,13507,21831,32981,37439,42872,45669,34005,43673,11037,19612,819,832,1800,2543,2421,4000,3466,6164,6348,7020,7746,6637,21079,27357,9728,17317,218195,114702,35275,10079,102871,474,10,20,15
2021-04-27T23:59:59+02:00,11,4,4283,4541,8182,10366,9587,14562,13038,21183,31855,36315,42593,45389,33989,43645,11033,19609,791,818,1766,2519,2403,3982,3448,6145,6313,6993,7735,6629,21074,27352,9725,17311,215479,114644,35265,10048,99411,290,10,20,15
2021-04-26T23:59:59+02:00,11,4,4261,4513,8107,10328,9479,14507,12889,21124,27446,31936,41375,44169,33909,43545,11020,19598,759,807,1736,2500,2374,3962,3425,6124,6262,6947,7687,6580,21043,27321,9725,17304,203608,114444,35256,10004,99328,86,10,19,15
2021-04-25T23:59:59+02:00,11,4,4238,4500,8075,10301,9416,14475,12797,21078,25479,29895,40675,43408,33862,43487,11016,19593,747,799,1724,2486,2356,3947,3401,6103,6230,6918,7667,6564,21026,27300,9724,17300,202943,114418,30146,9771,99193,82,9,19,15
2021-04-24T23:59:59+02:00,11,4,4219,4489,8045,10273,9375,14459,12745,21057,23977,28233,39917,42568,33797,43411,11013,19587,746,798,1721,2484,2355,3943,3401,6099,6230,6915,7665,6562,21025,27300,9724,17300,197881,114398,30146,9770,99125,79,9,19,15
2021-04-23T23:59:59+02:00,10,4,3954,4337,7577,9979,8947,14104,12183,20655,23497,27933,39830,42506,33776,43378,11007,19580,732,788,1704,2471,2335,3927,3378,6076,6208,6896,7651,6544,21020,27289,9724,17299,197532,114383,30132,9571,95567,67,9,17,15
2021-04-22T23:59:59+02:00,10,4,3862,4279,7387,9864,8670,13911,11739,20327,21173,25573,37078,39268,33252,42711,10936,19460,719,779,1677,2441,2277,3870,3307,6004,6100,6800,7572,6457,20967,27245,9721,17284,184526,114264,29943,8872,95009,65,9,17,13
2021-04-21T23:59:59+02:00,10,4,3834,4247,7259,9786,8488,13740,11406,20038,19915,24369,33871,35558,32771,42011,10874,19334,695,761,1643,2413,2233,3845,3273,5971,6058,6760,7543,6430,20948,27221,9718,17280,172785,114153,29771,8559,94933,61,9,17,13
2021-04-20T23:59:59+02:00,10,4,3800,4220,7153,9717,8274,13584,11040,19741,18822,23222,30564,31916,32298,41414,10817,19227,687,751,1628,2401,2200,3823,3230,5926,6017,6719,7503,6385,20923,27198,9712,17277,161176,113998,29748,8304,94873,59,9,17,13
2021-04-19T23:59:59+02:00,10,4,3781,4203,7079,9679,8156,13474,10785,19555,18159,22562,29694,30791,32007,41051,10775,19153,679,746,1606,2387,2176,3793,3195,5893,5983,6688,7459,6352,20892,27170,9710,17273,156352,113866,29730,8060,94810,57,9,17,13
2021-04-18T23:59:59+02:00,10,4,3778,4197,7063,9665,8141,13456,10750,19530,18072,22480,29573,30666,31979,41029,10772,19145,677,742,1591,2375,2159,3778,3170,5867,5954,6665,7437,6339,20874,27148,9707,17270,155862,113807,29663,7871,94760,56,9,16,13
2021-04-17T23:59:59+02:00,10,4,3777,4195,7061,9663,8138,13456,10744,19523,18059,22469,29550,30653,31977,41027,10772,19145,676,742,1590,2374,2157,3777,3167,5866,5952,6663,7437,6339,20874,27148,9707,17270,155782,113794,29662,7871,94754,55,9,16,13
2021-04-16T23:59:59+02:00,10,4,3610,4157,6716,9534,7770,13269,10347,19278,17605,22194,29347,30495,31895,40938,10758,19126,664,724,1578,2359,2130,3762,3113,5829,5910,6613,7346,6250,20462,26583,9677,17209,155033,112472,29654,7666,92341,52,9,16,13
2021-04-15T23:59:59+02:00,10,4,3509,4078,6365,9162,7193,12769,9570,18445,16284,20968,28152,29203,31376,40298,10679,18952,634,701,1526,2321,2049,3675,3003,5709,5583,6375,6850,5863,19729,25667,9581,17041,149303,109116,29361,7125,88328,47,9,16,13
2021-04-14T23:59:59+02:00,9,4,3456,4028,6132,8925,6862,12392,8950,17896,15165,19937,26747,27702,30747,39422,10572,18757,600,675,1480,2283,1974,3597,2861,5586,5274,6140,6308,5354,18714,24384,9496,16868,142515,104865,29162,6669,86002,41,9,15,13
2021-04-13T23:59:59+02:00,9,4,3424,3996,6041,8847,6714,12262,8648,17650,14367,19246,23413,24151,29819,38247,10468,18585,595,666,1467,2261,1945,3563,2766,5515,5058,5956,5945,5014,18415,24040,9457,16802,130921,102769,29152,6638,85794,40,9,15,12
2021-04-12T23:59:59+02:00,9,4,3402,3975,5991,8788,6626,12178,8431,17456,13750,18716,22411,23000,29395,37689,10399,18463,585,658,1457,2253,1922,3542,2710,5466,4910,5852,5626,4733,18122,23737,9419,16742,125842,101184,29133,6492,85684,40,9,15,12
2021-04-11T23:59:59+02:00,9,4,3396,3969,5973,8764,6598,12161,8391,17433,13661,18656,22281,22852,29346,37627,10390,18439,582,653,1444,2243,1909,3534,2693,5449,4872,5815,5567,4674,17949,23503,9398,16713,125309,100520,29066,6420,85551,40,9,15,12
2021-04-10T23:59:59+02:00,9,4,3388,3968,5950,8763,6576,12160,8369,17432,13637,18654,22276,22849,29342,37626,10390,18439,581,651,1438,2236,1904,3531,2687,5441,4856,5807,5555,4657,17786,23250,9384,16689,125288,100008,28975,6388,85546,40,8,15,12
2021-04-09T23:59:59+02:00,8,4,3350,3956,5903,8751,6518,12142,8330,17405,13586,18608,20325,20442,28861,37011,10360,18390,568,638,1412,2214,1877,3507,2645,5405,4785,5745,5439,4553,17209,22517,9346,16618,124595,98241,23868,6189,85466,32,7,14,12
2021-04-08T23:59:59+02:00,8,4,3326,3937,5834,8720,6443,12104,8240,17341,13442,18489,17733,17380,28341,36346,10323,18340,526,608,1323,2132,1783,3410,2466,5221,4291,5381,4635,3946,15429,20288,9160,16316,123728,91260,18013,5618,84590,22,6,14,12
2021-04-07T23:59:59+02:00,6,4,3248,3910,5624,8670,6236,12044,8031,17266,13181,18393,15068,14312,27665,35548,10293,18287,503,580,1270,2077,1688,3330,2313,5081,3883,5051,3920,3381,14577,19423,9048,16135,123519,86956,16479,5271,77769,19,5,14,12
2021-04-06T23:59:59+02:00,5,4,3220,3900,5579,8652,6166,12021,7944,17230,13108,18322,13085,11948,27033,34834,10280,18257,472,557,1202,2022,1603,3248,2151,4962,3513,4775,3395,2971,13736,18424,8974,16019,123393,83325,16277,4672,71899,15,5,14,10
2021-04-05T23:59:59+02:00,5,4,3218,3897,5543,8638,6129,12009,7899,17214,13036,18286,13040,11902,27022,34818,10279,18254,440,527,1150,1985,1552,3207,2083,4908,3425,4699,3338,2919,13593,18253,8965,16001,123369,82834,16069,4185,71737,15,4,14,10
2021-04-04T23:59:59+02:00,5,4,3217,3895,5543,8636,6127,12008,7898,17212,13036,18286,13037,11902,27021,34818,10279,18254,439,526,1149,1985,1552,3207,2082,4908,3425,4699,3338,2919,13592,18253,8965,16001,123359,82829,16069,4185,71732,15,4,14,10
2021-04-03T23:59:59+02:00,5,4,3216,3895,5543,8635,6127,12008,7898,17212,13036,18286,13037,11901,27020,34815,10279,18254,439,524,1149,1985,1551,3207,2082,4907,3419,4696,3332,2908,13505,18117,8956,15985,123354,82551,16069,4185,71730,15,4,14,10
2021-04-02T23:59:59+02:00,5,4,3216,3892,5540,8630,6123,11999,7890,17200,13010,18255,12991,11849,26992,34796,10276,18250,436,517,1147,1981,1539,3198,2072,4885,3389,4663,3301,2879,12576,16872,8891,15877,123188,80095,16066,4104,71646,15,4,14,8
2021-04-01T23:59:59+02:00,5,4,3201,3878,5501,8610,6056,11967,7820,17165,12899,18183,12876,11722,26934,34720,10267,18235,389,473,1050,1914,1439,3110,1922,4772,3187,4531,3068,2679,10551,14281,8781,15702,122873,74511,15943,3315,71211,15,3,13,8
2021-03-31T23:59:59+02:00,5,4,3200,3865,5484,8576,6023,11931,7777,17120,12818,18114,12762,11599,26882,34658,10259,18226,351,451,1014,1872,1367,3070,1818,4669,2932,4335,2657,2364,7982,11053,8605,15464,122561,67007,15903,2975,70824,14,3,12,7
2021-03-30T23:59:59+02:00,5,4,3193,3854,5459,8548,5991,11900,7738,17080,12741,18048,12675,11461,26845,34610,10254,18216,330,432,991,1840,1307,3035,1694,4590,2686,4164,2292,2117,7101,9971,8539,15337,122430,63705,15871,2700,70307,14,2,12,7
2021-03-29T23:59:59+02:00,5,4,3181,3850,5430,8529,5955,11866,7694,17047,12667,17971,12030,10704,24980,32125,10105,17961,324,429,984,1825,1287,3010,1659,4552,2540,4079,2006,1969,6451,9263,8495,15259,116446,61416,15701,2697,69943,12,2,12,7
2021-03-28T23:59:59+02:00,5,4,3151,3834,5382,8491,5905,11823,7613,16992,12557,17901,11767,10401,22997,29665,10050,17862,323,427,982,1824,1279,3006,1655,4550,2528,4071,1981,1949,6428,9248,8493,15254,116387,61286,10524,2695,69475,12,2,12,5
2021-03-27T23:59:59+01:00,5,4,3139,3830,5343,8480,5870,11808,7566,16977,12511,17854,11733,10358,22993,29657,10050,17862,323,427,982,1824,1279,3006,1654,4548,2526,4069,1979,1947,6380,9173,8460,15205,116319,61070,10523,2695,69184,12,2,12,5
2021-03-26T23:59:59+01:00,5,4,3003,3506,4892,7325,5375,10488,6955,14931,11702,15578,11513,10178,22510,28931,10005,17791,322,423,978,1821,1273,3001,1651,4546,2521,4062,1971,1941,6250,8985,8318,15020,114773,60393,10269,2683,59636,2,2,12,5
2021-03-25T23:59:59+01:00,5,3,2877,3239,4732,6559,5149,9341,6632,13211,10978,13777,10658,9376,21794,28092,9932,17636,317,414,972,1812,1258,2982,1632,4511,2487,4016,1905,1882,5959,8557,8046,14574,111869,58639,9583,2679,52525,1,2,12,5
2021-03-24T23:59:59+01:00,5,3,2830,3195,4656,6498,5015,9235,6426,13040,10468,13371,9826,8556,20783,26836,9835,17455,315,409,967,1807,1241,2972,1621,4487,2443,3966,1844,1809,5599,8087,7637,13908,107864,56441,9235,2667,50923,1,0,11,5
2021-03-23T23:59:59+01:00,5,3,2802,3162,4588,6432,4905,9141,6216,12879,10012,12950,9112,7889,20275,26234,9783,17350,303,396,949,1798,1226,2951,1593,4466,2393,3918,1775,1745,5322,7709,7250,13291,105490,54415,8903,2666,49334,1,0,11,5
2021-03-22T23:59:59+01:00,5,3,2784,3123,4528,6394,4830,9073,6077,12742,9651,12679,8511,7324,19861,25801,9723,17257,301,393,937,1792,1214,2939,1581,4453,2368,3894,1750,1724,5185,7535,6808,12477,104016,52687,8646,2661,47693,1,0,11,4
2021-03-21T23:59:59+01:00,5,3,2777,3108,4483,6372,4779,9036,5985,12674,9463,12491,8206,7068,19694,25635,9711,17232,301,393,936,1792,1212,2939,1580,4452,2365,3894,1743,1718,5176,7530,6778,12420,103816,52582,8416,2644,46479,1,0,11,4
2021-03-20T23:59:59+01:00,5,3,2777,3103,4475,6367,4772,9033,5981,12666,9443,12477,8173,7037,19520,25358,9695,17206,301,393,936,1791,1211,2939,1579,4451,2361,3886,1731,1705,5163,7481,6602,12184,103259,52091,8404,2620,46417,1,0,11,4
2021-03-19T23:59:59+01:00,5,3,2742,3079,4402,6323,4663,8983,5841,12608,9177,12289,7870,6812,19037,24768,9663,17147,301,393,935,1790,1211,2936,1576,4450,2355,3881,1715,1696,5127,7438,6199,11568,101956,50968,8162,2600,45283,1,0,11,4
2021-03-18T23:59:59+01:00,5,3,2676,3005,4239,6188,4415,8778,5483,12302,8274,11618,6611,5800,17786,23412,9514,16922,298,388,930,1780,1197,2923,1537,4434,2290,3836,1637,1654,5056,7331,5469,10460,97069,48661,7620,2558,42331,0,0,11,3
2021-03-17T23:59:59+01:00,5,3,2638,2967,4160,6090,4277,8670,5229,12026,7598,11051,5626,4906,16443,21882,9349,16668,294,386,927,1773,1193,2915,1521,4413,2224,3812,1572,1609,5011,7268,4897,9582,91665,46893,7118,2503,40794,0,0,11,3
2021-03-16T23:59:59+01:00,5,3,2618,2938,4097,6023,4185,8574,5053,11870,7148,10663,4863,4289,15593,20905,9247,16499,290,384,924,1768,1190,2908,1513,4403,2202,3793,1542,1592,4974,7225,4396,8777,88035,45456,7082,2424,39446,0,0,10,3
2021-03-15T23:59:59+01:00,5,3,2615,2927,4081,6005,4154,8548,5004,11823,7030,10549,4717,4128,15275,20495,9218,16440,288,380,923,1762,1184,2901,1499,4394,2181,3771,1502,1575,4916,7152,3819,7917,87269,43874,6985,2289,38753,0,0,10,3
2021-03-14T23:59:59+01:00,5,2,2610,2918,4060,5986,4124,8529,4962,11790,6936,10461,4613,4015,15145,20325,9202,16404,286,379,923,1760,1178,2894,1494,4383,2170,3764,1492,1569,4908,7144,3814,7904,86963,43813,6967,2248,38148,0,0,9,3
2021-03-13T23:59:59+01:00,5,2,2606,2911,4055,5974,4116,8523,4954,11781,6916,10448,4591,3989,14829,19887,9182,16368,286,379,923,1760,1178,2894,1494,4383,2170,3764,1492,1569,4908,7143,3814,7904,86078,43812,6945,2248,38105,0,0,9,3
2021-03-12T23:59:59+01:00,5,2,2543,2835,3944,5804,3997,8302,4817,11482,6738,10178,4438,3851,13909,18632,9121,16267,286,378,921,1757,1178,2891,1492,4378,2169,3757,1485,1567,4901,7124,3812,7889,83619,43737,6883,2247,36356,0,0,7,3
2021-03-11T23:59:59+01:00,4,2,2418,2610,3718,5477,3741,7864,4493,10720,6112,9368,3921,3351,12308,16639,9023,16120,286,377,917,1753,1175,2877,1483,4366,2157,3730,1445,1538,4860,7089,3800,7862,79299,43588,6721,2126,31862,0,0,7,3
2021-03-10T23:59:59+01:00,4,2,2296,2477,3567,5244,3547,7541,4225,10233,5559,8800,3350,2909,10041,13928,8878,15894,283,373,913,1744,1168,2866,1479,4350,2135,3715,1416,1530,4830,7074,3791,7854,73007,43522,6550,1998,28931,0,0,7,3
2021-03-09T23:59:59+01:00,4,2,2270,2425,3501,5158,3434,7452,4054,10038,5167,8449,2871,2553,8535,11914,8776,15745,282,372,913,1738,1161,2857,1475,4342,2127,3704,1402,1525,4822,7069,3788,7852,68157,43481,6400,1947,27784,0,0,7,3
2021-03-08T23:59:59+01:00,4,2,2246,2353,3444,5091,3361,7368,3931,9927,4875,8260,2424,2293,6618,9514,8657,15571,282,369,912,1728,1155,2841,1469,4331,2124,3697,1391,1518,4806,7050,3781,7843,62482,43375,6066,1921,27384,0,0,7,3
2021-03-07T23:59:59+01:00,4,2,2183,2297,3348,4983,3265,7279,3834,9840,4740,8165,2373,2242,6596,9493,8657,15563,282,368,911,1728,1155,2840,1469,4331,2124,3697,1391,1518,4805,7050,3781,7843,62355,43373,5385,1919,27117,0,0,7,3
2021-03-06T23:59:59+01:00,4,2,2175,2284,3336,4974,3261,7274,3825,9831,4729,8162,2371,2240,6550,9423,8625,15514,282,368,910,1724,1154,2839,1469,4328,2120,3692,1390,1513,4799,7045,3779,7834,62146,43326,5325,1919,27102,0,0,7,3
2021-03-05T23:59:59+01:00,4,2,2044,2199,3112,4786,3022,6963,3548,9437,4400,7826,2284,2179,6343,9105,8434,15253,282,366,908,1721,1154,2838,1468,4322,2117,3686,1384,1511,4793,7039,3778,7828,61168,43275,4486,1919,25280,0,0,7,3
2021-03-04T23:59:59+01:00,4,2,1791,1979,2703,4354,2566,6323,2984,8534,3715,7014,2071,2019,6052,8739,8160,14800,279,365,907,1713,1152,2821,1467,4306,2108,3674,1373,1509,4782,7025,3771,7817,59533,43152,3214,1916,21056,0,0,7,3
2021-03-03T23:59:59+01:00,4,2,1719,1891,2597,4169,2433,6096,2844,8248,3529,6750,1990,1942,5714,8266,7808,14220,278,361,907,1703,1150,2798,1463,4282,2103,3659,1348,1498,4777,7019,3767,7810,57536,43007,3071,1916,19608,0,0,7,2
2021-03-02T23:59:59+01:00,4,2,1683,1810,2529,4051,2352,5947,2739,8067,3415,6598,1918,1875,5406,7830,7409,13552,276,356,904,1684,1147,2777,1460,4263,2102,3648,1323,1492,4767,7003,3761,7803,55455,42850,2829,1916,18896,0,0,7,2
2021-03-01T23:59:59+01:00,2,2,1673,1783,2490,3943,2304,5832,2703,7966,3362,6520,1878,1855,5267,7667,6939,12690,275,354,900,1678,1145,2765,1458,4250,2100,3633,1318,1487,4764,7001,3760,7797,53604,42769,2818,1916,18447,0,0,7,2
2021-02-28T23:59:59+01:00,2,2,1656,1745,2455,3872,2274,5777,2660,7887,3335,6472,1872,1851,5259,7662,6904,12631,275,354,899,1678,1145,2765,1458,4249,2100,3632,1318,1487,4764,7000,3760,7797,53482,42766,2816,1915,18011,0,0,7,2
2021-02-27T23:59:59+01:00,2,2,1654,1739,2451,3864,2270,5777,2659,7886,3332,6469,1866,1841,5250,7618,6734,12412,275,354,889,1673,1135,2758,1448,4240,2083,3623,1317,1484,4764,6999,3760,7797,53019,42762,2816,1837,17984,0,0,7,2
2021-02-26T23:59:59+01:00,2,1,1465,1582,2328,3623,2193,5372,2567,7383,3245,6011,1851,1816,5225,7585,6475,12023,274,352,882,1666,1127,2739,1442,4218,2073,3609,1310,1475,4757,6987,3757,7785,52276,42685,2796,1769,15668,0,0,7,1
2021-02-25T23:59:59+01:00,2,1,1249,1305,2108,3189,2020,4623,2371,6440,3005,5112,1762,1745,5175,7506,5906,11182,272,344,875,1606,1093,2644,1409,4108,2017,3534,1273,1454,4715,6946,3739,7733,50408,42222,2784,1541,11503,0,0,6,1
2021-02-24T23:59:59+01:00,2,1,1196,1094,2001,2922,1915,4285,2238,6035,2834,4843,1687,1690,5117,7415,5151,10005,270,338,837,1559,1043,2553,1348,3992,1928,3406,1234,1427,4700,6920,3729,7716,48080,41965,2772,1036,9573,0,0,6,1
2021-02-23T23:59:59+01:00,2,1,1181,1044,1968,2858,1889,4186,2212,5950,2800,4782,1679,1675,5082,7367,4521,8986,270,337,810,1532,995,2501,1295,3914,1822,3331,1183,1402,4677,6895,3718,7682,46313,41768,2746,597,9118,0,0,6,1
2021-02-22T23:59:59+01:00,2,1,1173,1002,1918,2715,1845,4041,2157,5754,2746,4676,1668,1664,5048,7318,3918,8101,268,327,767,1493,941,2418,1207,3807,1683,3234,1094,1345,4637,6826,3692,7579,44705,41310,2726,9,8311,0,0,5,1
2021-02-21T23:59:59+01:00,2,1,1171,988,1889,2653,1819,3944,2130,5650,2726,4613,1661,1658,5045,7309,3918,8097,266,325,762,1487,933,2386,1205,3771,1670,3194,1085,1330,4621,6801,3670,7538,44652,41036,2716,9,7901,0,0,5,1
2021-02-20T23:59:59+01:00,2,1,1171,988,1889,2652,1818,3944,2130,5650,2724,4608,1652,1649,5041,7303,3916,8094,266,325,762,1486,932,2382,1204,3767,1669,3192,1085,1330,4568,6740,3624,7479,44637,40804,2691,8,7899,0,0,5,1
2021-02-19T23:59:59+01:00,2,1,1171,985,1886,2647,1817,3935,2129,5641,2721,4605,1633,1641,5028,7286,3913,8088,265,324,758,1476,923,2358,1197,3724,1642,3139,1058,1292,4378,6487,3447,7188,44557,39649,2672,8,7895,0,0,5,1
2021-02-18T23:59:59+01:00,2,1,1139,903,1847,2528,1779,3798,2076,5436,2659,4431,1618,1625,5012,7253,3908,8062,237,295,713,1352,876,2153,1110,3387,1526,2843,949,1105,3896,5718,3055,6340,44405,35548,2639,8,7028,0,0,5,1
2021-02-17T23:59:59+01:00,2,1,1090,775,1766,2296,1703,3501,1967,5076,2584,4183,1594,1616,4992,7239,3900,8059,232,292,703,1334,867,2131,1098,3352,1507,2822,943,1102,3515,5200,2766,5922,44365,33779,2583,8,5391,0,0,5,1
2021-02-16T23:59:59+01:00,2,1,1049,738,1709,2194,1635,3329,1897,4869,2506,4077,1559,1602,4965,7218,3891,8047,226,286,689,1300,846,2077,1067,3235,1468,2736,919,1079,3166,4655,2427,5434,44312,31606,2421,5,4550,0,0,5,1
2021-02-15T23:59:59+01:00,2,1,1042,719,1689,2117,1617,3230,1878,4760,2492,4000,1531,1588,4936,7201,3859,7991,214,276,674,1266,827,2027,1047,3169,1426,2671,889,1048,2748,4104,2102,4873,44183,29358,2339,4,4126,0,0,5,1
2021-02-14T23:59:59+01:00,2,1,946,685,1611,2083,1555,3211,1835,4738,2457,3987,1524,1586,4927,7189,3856,7986,207,264,665,1248,809,1987,1031,3103,1396,2603,860,1003,2659,3966,2031,4690,44141,28520,2304,3,3730,0,0,4,1
2021-02-13T23:59:59+01:00,2,1,893,661,1581,2060,1540,3203,1819,4731,2449,3986,1523,1585,4927,7189,3855,7985,205,263,663,1248,809,1983,1031,3101,1395,2601,859,1003,2556,3840,1966,4590,44135,28111,2304,3,3547,0,0,4,1
2021-02-12T23:59:59+01:00,2,1,558,513,1233,1943,1368,3100,1679,4648,2342,3916,1504,1576,4918,7178,3849,7979,193,257,649,1222,795,1939,1005,3016,1340,2501,797,929,2332,3530,1824,4288,44022,26616,2304,2,1977,0,0,4,1
2021-02-11T23:59:59+01:00,2,1,392,436,1044,1830,1267,2981,1583,4535,2254,3827,1397,1531,4856,7129,3828,7932,155,193,549,978,660,1494,805,2345,1062,1909,559,681,1738,2659,1346,3099,43670,20233,2105,1,1046,0,0,4,0
2021-02-10T23:59:59+01:00,2,1,280,367,921,1727,1172,2860,1491,4351,2141,3705,1359,1519,4837,7118,3823,7930,133,131,377,617,489,1005,637,1738,895,1576,540,666,1333,2103,1037,2605,43595,15884,2001,0,5,0,0,3,0
2021-02-09T23:59:59+01:00,2,1,280,366,920,1721,1169,2851,1491,4345,2140,3700,1352,1516,4835,7116,3822,7928,130,129,368,587,470,978,616,1709,870,1546,538,663,953,1638,759,2203,43570,14159,1978,0,4,0,0,3,0
2021-02-08T23:59:59+01:00,2,1,280,364,919,1719,1166,2841,1484,4339,2138,3696,1347,1512,4833,7116,3821,7925,125,123,357,576,462,961,605,1678,852,1520,530,658,564,1153,458,1780,43541,12404,1955,0,4,0,0,3,0
2021-02-07T23:59:59+01:00,2,1,280,364,917,1719,1165,2841,1482,4337,2138,3696,1347,1512,4833,7115,3820,7925,121,120,353,570,461,954,602,1666,842,1504,522,655,563,1143,453,1765,43537,12296,1954,0,0,0,0,3,0
2021-02-06T23:59:59+01:00,2,1,280,364,917,1719,1165,2841,1482,4337,2138,3696,1347,1512,4833,7115,3820,7925,118,117,351,566,460,953,602,1664,842,1503,521,654,563,1143,453,1765,43537,12277,1954,0,0,0,0,3,0
2021-02-05T23:59:59+01:00,2,1,280,363,916,1719,1165,2840,1480,4336,2137,3696,1347,1512,4832,7113,3820,7922,117,109,348,562,452,940,598,1654,828,1480,516,644,557,1127,443,1743,43524,12120,1954,0,0,0,0,3,0
2021-02-04T23:59:59+01:00,2,1,276,358,909,1681,1158,2794,1479,4283,2124,3652,1340,1505,4804,7082,3809,7892,88,72,232,389,328,684,469,1264,619,1111,387,512,467,920,386,1501,43194,9430,1953,0,0,0,0,2,0
2021-02-03T23:59:59+01:00,2,1,274,349,904,1656,1154,2759,1468,4233,2115,3616,1332,1489,4782,7053,3797,7867,54,34,81,165,151,339,228,593,295,539,207,274,269,574,223,946,42896,4973,1953,0,0,0,0,2,0
2021-02-02T23:59:59+01:00,2,1,273,347,903,1644,1150,2740,1465,4201,2108,3590,1324,1483,4775,7039,3790,7845,15,10,25,49,59,95,73,164,91,120,43,74,66,128,51,193,42725,1257,1953,0,0,0,0,2,0
2021-02-01T23:59:59+01:00,2,1,273,343,903,1642,1149,2739,1464,4197,2107,3584,1323,1482,4773,7038,3790,7845,13,9,21,43,50,87,60,138,71,101,37,66,57,118,50,180,42700,1102,1953,0,0,0,0,2,0
2021-01-31T23:59:59+01:00,2,1,273,342,903,1638,1148,2734,1464,4192,2107,3581,1322,1482,4772,7037,3790,7845,13,8,20,38,43,79,54,127,64,97,33,55,48,109,47,174,42680,1010,1951,0,0,0,0,2,0
2021-01-30T23:59:59+01:00,2,1,273,342,898,1635,1140,2726,1456,4186,2103,3578,1322,1482,4719,6977,3745,7786,13,8,20,37,43,79,53,126,64,97,33,55,48,109,47,174,42452,1007,1917,0,0,0,0,2,0
2021-01-29T23:59:59+01:00,2,1,272,341,883,1627,1128,2705,1444,4156,2080,3551,1313,1476,4558,6774,3581,7583,11,8,20,37,40,79,52,124,61,96,32,51,47,109,47,174,41668,989,1805,0,0,0,0,2,0
2021-01-28T23:59:59+01:00,2,1,268,328,864,1540,1089,2595,1407,4055,2011,3476,1286,1463,4226,6305,3319,7231,7,4,9,17,21,38,21,57,36,63,20,33,32,71,37,117,39904,584,1560,0,0,0,0,2,0
2021-01-27T23:59:59+01:00,2,1,262,325,822,1485,1042,2502,1343,3957,1937,3369,1247,1436,3815,5741,3003,6773,3,4,9,8,11,20,8,23,14,29,11,14,15,39,15,56,37953,280,1107,0,0,0,0,2,0
2021-01-26T23:59:59+01:00,2,1,256,316,788,1439,977,2417,1282,3830,1821,3261,1188,1385,3472,5187,2655,6263,1,1,5,3,5,7,4,3,3,8,6,5,3,7,3,8,35878,73,660,0,0,0,0,2,0
2021-01-25T23:59:59+01:00,2,1,246,307,736,1378,916,2299,1181,3686,1663,3142,1109,1355,3080,4675,2346,5797,1,1,5,2,3,7,2,2,3,8,6,5,3,7,3,8,33857,67,61,0,0,0,0,1,0
2021-01-24T23:59:59+01:00,2,1,243,307,730,1374,905,2283,1176,3670,1635,3112,1103,1353,3054,4639,2329,5775,1,1,3,2,3,7,2,2,3,8,6,5,3,7,3,8,33683,65,7,0,0,0,0,1,0
2021-01-23T23:59:59+01:00,2,1,242,306,729,1374,905,2279,1175,3668,1632,3110,1102,1353,2949,4513,2263,5673,1,1,3,2,2,7,2,2,3,8,6,5,3,7,3,8,33269,64,6,0,0,0,0,1,0
2021-01-22T23:59:59+01:00,2,1,241,303,727,1358,903,2266,1169,3652,1628,3107,1100,1352,2790,4320,2162,5532,1,1,3,2,2,7,2,2,3,8,6,5,3,7,3,8,32606,64,6,0,0,0,0,1,0
2021-01-21T23:59:59+01:00,2,1,237,274,663,1202,836,2054,1088,3367,1532,2900,1058,1309,2449,3857,1873,5097,1,0,3,1,2,7,2,2,3,8,6,4,3,7,3,8,29793,61,6,0,0,0,0,0,0
2021-01-20T23:59:59+01:00,2,1,212,210,503,850,662,1563,888,2666,1296,2432,963,1176,1921,3113,1464,4334,1,0,3,1,2,7,2,2,3,6,5,4,3,7,3,8,24250,58,6,0,0,0,0,0,0
2021-01-19T23:59:59+01:00,2,1,186,191,456,743,608,1407,801,2368,1122,2125,795,920,1279,2186,1006,3271,0,0,2,1,0,0,0,0,2,1,1,0,0,0,0,0,19464,7,3,0,0,0,0,0,0
2021-01-18T23:59:59+01:00,1,1,138,136,378,618,486,1053,646,1824,931,1633,589,710,636,1267,506,1965,0,0,1,0,0,0,0,0,1,0,0,0,0,0,0,0,13516,2,2,0,0,0,0,0,0
2021-01-17T23:59:59+01:00,1,1,127,122,364,581,471,988,617,1707,872,1534,540,670,588,1170,464,1823,0,0,0,0,0,0,0,0,0,0,0,0,0,0,0,0,12640,0,0,0,0,0,0,0,0
2021-01-16T23:59:59+01:00,1,1,120,118,361,577,469,977,611,1694,866,1527,539,669,587,1165,460,1811,0,0,0,0,0,0,0,0,0,0,0,0,0,0,0,0,12553,0,0,0,0,0,0,0,0
2021-01-15T23:59:59+01:00,1,1,118,111,358,572,461,961,607,1683,851,1503,533,657,580,1149,452,1789,0,0,0,0,0,0,0,0,0,0,0,0,0,0,0,0,12387,0,0,0,0,0,0,0,0
2021-01-14T23:59:59+01:00,1,1,97,89,276,464,390,782,504,1413,694,1213,416,528,500,955,396,1604,0,0,0,0,0,0,0,0,0,0,0,0,0,0,0,0,10323,0,0,0,0,0,0,0,0
2021-01-13T23:59:59+01:00,1,1,67,49,164,282,254,518,352,922,474,779,256,324,309,630,252,1025,0,0,0,0,0,0,0,0,0,0,0,0,0,0,0,0,6659,0,0,0,0,0,0,0,0
2021-01-12T23:59:59+01:00,1,1,31,21,49,101,113,210,150,383,196,333,134,175,160,347,142,559,0,0,0,0,0,0,0,0,0,0,0,0,0,0,0,0,3106,0,0,0,0,0,0,0,0
2021-01-11T23:59:59+01:00,1,0,18,11,33,64,60,110,77,170,92,125,39,66,61,123,50,181,0,0,0,0,0,0,0,0,0,0,0,0,0,0,0,0,1281,0,0,0,0,0,0,0,0
2021-01-10T23:59:59+01:00,1,0,15,7,27,53,53,98,67,155,76,111,33,56,51,113,46,172,0,0,0,0,0,0,0,0,0,0,0,0,0,0,0,0,1134,0,0,0,0,0,0,0,0
2021-01-09T23:59:59+01:00,1,0,14,7,26,51,52,97,64,154,76,109,33,56,51,113,46,172,0,0,0,0,0,0,0,0,0,0,0,0,0,0,0,0,1122,0,0,0,0,0,0,0,0
2021-01-08T23:59:59+01:00,1,0,11,7,24,48,47,92,60,141,70,105,31,51,50,113,46,172,0,0,0,0,0,0,0,0,0,0,0,0,0,0,0,0,1069,0,0,0,0,0,0,0,0
2021-01-07T23:59:59+01:00,1,0,7,4,9,18,21,40,23,57,38,65,19,34,37,76,36,116,0,0,0,0,0,0,0,0,0,0,0,0,0,0,0,0,601,0,0,0,0,0,0,0,0
2021-01-06T23:59:59+01:00,1,0,7,4,9,15,14,29,15,40,25,53,15,25,30,67,34,101,0,0,0,0,0,0,0,0,0,0,0,0,0,0,0,0,484,0,0,0,0,0,0,0,0
2021-01-05T23:59:59+01:00,1,0,7,4,9,15,14,29,15,40,25,53,15,25,29,67,34,101,0,0,0,0,0,0,0,0,0,0,0,0,0,0,0,0,483,0,0,0,0,0,0,0,0
2021-01-04T23:59:59+01:00,1,0,2,4,8,5,4,14,4,8,6,16,6,5,6,16,4,13,0,0,0,0,0,0,0,0,0,0,0,0,0,0,0,0,122,0,0,0,0,0,0,0,0
2021-01-03T23:59:59+01:00,1,0,1,1,3,2,2,7,3,3,3,9,4,4,3,8,3,8,0,0,0,0,0,0,0,0,0,0,0,0,0,0,0,0,65,0,0,0,0,0,0,0,0
2021-01-02T23:59:59+01:00,1,0,1,1,3,2,2,7,3,3,3,9,4,4,3,8,3,8,0,0,0,0,0,0,0,0,0,0,0,0,0,0,0,0,65,0,0,0,0,0,0,0,0
2021-01-01T23:59:59+01:00,1,0,1,1,3,2,2,7,2,3,3,9,4,4,3,8,3,8,0,0,0,0,0,0,0,0,0,0,0,0,0,0,0,0,64,0,0,0,0,0,0,0,0
2020-12-31T23:59:59+01:00,1,0,1,1,3,1,2,7,2,2,3,8,4,4,3,8,3,8,0,0,0,0,0,0,0,0,0,0,0,0,0,0,0,0,61,0,0,0,0,0,0,0,0
2020-12-30T23:59:59+01:00,1,0,1,1,3,1,2,7,2,2,3,6,4,4,3,8,3,8,0,0,0,0,0,0,0,0,0,0,0,0,0,0,0,0,59,0,0,0,0,0,0,0,0
2020-12-29T23:59:59+01:00,1,0,1,1,2,1,2,6,2,2,3,6,2,2,2,8,2,7,0,0,0,0,0,0,0,0,0,0,0,0,0,0,0,0,50,0,0,0,0,0,0,0,0
2020-12-28T23:59:59+01:00,1,0,0,0,2,1,0,2,1,0,1,3,0,1,0,1,1,4,0,0,0,0,0,0,0,0,0,0,0,0,0,0,0,0,18,0,0,0,0,0,0,0,0
2020-12-27T23:59:59+01:00,0,0,0,0,0,0,0,1,1,0,1,2,0,1,0,1,1,4,0,0,0,0,0,0,0,0,0,0,0,0,0,0,0,0,12,0,0,0,0,0,0,0,0
