Datum,<24_1_m,<24_1_w,25-34_1_m,25-34_1_w,35-44_1_m,35-44_1_w,45-54_1_m,45-54_1_w,55-64_1_m,55-64_1_w,65-74_1_m,65-74_1_w,75-84_1_m,75-84_1_w,>84_1_m,>84_1_w,<24_2_m,<24_2_w,25-34_2_m,25-34_2_w,35-44_2_m,35-44_2_w,45-54_2_m,45-54_2_w,55-64_2_m,55-64_2_w,65-74_2_m,65-74_2_w,75-84_2_m,75-84_2_w,>84_2_m,>84_2_w,bp_1,bp_2,mo_1,mo_2,az_1,az_2,ja
2021-07-08T23:59:59+02:00,31113,29777,45171,38825,51151,48081,64493,63692,80779,79732,57596,61627,38088,49049,11902,21230,9930,9412,19624,17989,24673,25237,49024,49634,68560,69062,52775,56409,35964,46153,11337,20179,570853,410228,78370,49807,109081,91925,14002
2021-07-07T23:59:59+02:00,29984,28562,44262,37982,50183,47197,63926,63134,80308,79307,57415,61420,38035,48980,11888,21196,9415,8969,18596,17212,23352,24105,48237,49023,68033,68596,52576,56173,35888,46055,11321,20141,562814,404082,78358,48434,109080,91649,13527
2021-07-06T23:59:59+02:00,28707,27364,43248,37070,49256,46268,63332,62578,79880,78907,57236,61243,37983,48888,11865,21168,8692,8211,17287,16224,21775,22838,47650,48585,67662,68338,52461,56061,35839,46018,11314,20125,554610,396718,78347,48045,109077,91358,12959
2021-07-05T23:59:59+02:00,27407,25991,42174,36076,48214,45207,62672,62007,79448,78507,57062,61054,37932,48813,11856,21146,8434,7983,16797,15915,21226,22460,47349,48366,67470,68194,52411,55989,35815,45999,11311,20120,545334,394182,78339,47734,109076,91106,12817
2021-07-04T23:59:59+02:00,27019,25598,41870,35819,47965,45024,62528,61873,79334,78416,57027,61015,37922,48795,11853,21143,8172,7829,16532,15723,20948,22264,47224,48268,67393,68121,52387,55964,35800,45994,11309,20119,543036,393174,78313,47072,109073,91022,12779
2021-07-03T23:59:59+02:00,27012,25586,41856,35812,47962,45024,62525,61872,79333,78415,57026,61015,37922,48795,11853,21143,8167,7822,16519,15713,20940,22257,47220,48267,67389,68120,52386,55964,35800,45994,11309,20119,543005,393140,78311,47072,109073,91012,12762
2021-07-02T23:59:59+02:00,26628,25176,41537,35532,47708,44772,62383,61729,79260,78345,57009,60993,37915,48783,11849,21138,7989,7668,16155,15448,20502,21951,46253,47493,66899,67772,52304,55874,35785,45976,11308,20116,540633,390671,78310,47069,109069,89008,12745
2021-07-01T23:59:59+02:00,26198,24765,41153,35184,47313,44425,62134,61496,79071,78175,56947,60932,37884,48742,11843,21128,7593,7335,15340,14671,19341,20927,44717,46022,65691,66703,52003,55575,35688,45858,11284,20089,537495,384880,78210,46253,109060,85079,12625
2021-06-30T23:59:59+02:00,25703,24252,40726,34812,46907,44052,61907,61295,78904,78026,56868,60855,37857,48693,11835,21108,7215,6984,14409,13877,17928,19734,41531,43308,64003,65268,51541,55078,35542,45666,11258,20040,534068,372918,78179,45621,109058,82348,12495
2021-06-29T23:59:59+02:00,25117,23621,40234,34397,46503,43640,61650,61017,78697,77848,56793,60791,37829,48650,11829,21089,6935,6680,13770,13385,16804,18823,37230,39634,62661,64020,51057,54580,35410,45488,11227,19997,530029,357690,78170,45412,109058,82151,12448
2021-06-28T23:59:59+02:00,24751,23198,39780,34015,46086,43271,61412,60764,78510,77694,56722,60723,37800,48621,11827,21074,6623,6353,13111,12886,15797,17990,33591,36593,61542,62990,50704,54188,35316,45340,11203,19959,528292,349037,76485,40735,109058,82001,12413
2021-06-27T23:59:59+02:00,24644,23095,39708,33952,46028,43212,61382,60727,78477,77665,56706,60712,37794,48614,11826,21069,6532,6278,12878,12748,15375,17755,32761,35949,61288,62791,50614,54119,35298,45317,11201,19955,527686,346146,76481,40475,109052,81846,12392
2021-06-26T23:59:59+02:00,24637,23090,39702,33949,46027,43211,61381,60726,78477,77665,56706,60712,37794,48614,11826,21069,6529,6271,12872,12735,15369,17748,32757,35948,61281,62789,50612,54113,35298,45317,11201,19954,527661,346082,76481,40475,109052,81845,12392
2021-06-25T23:59:59+02:00,24500,22952,39617,33863,45945,43140,61337,60679,78429,77643,56695,60698,37791,48611,11825,21067,6432,6159,12763,12606,15233,17589,32044,35296,60897,62470,50534,54030,35290,45296,11198,19953,526871,343106,76481,40463,109049,81830,12391
2021-06-24T23:59:59+02:00,24046,22472,39266,33557,45595,42837,61137,60483,78269,77508,56641,60642,37769,48581,11821,21058,6096,5861,12204,12144,14530,16909,28754,32584,58624,60630,49960,53441,35157,45092,11180,19905,523930,329360,76431,40198,109047,81239,12274
2021-06-23T23:59:59+02:00,23319,21741,38707,32978,44955,42140,60776,60099,78025,77260,56540,60512,37725,48530,11811,21039,5941,5670,11835,11802,14028,16389,25397,29833,56990,59115,49441,52911,35040,44917,11159,19862,518473,319992,76376,37270,109045,80805,12263
2021-06-22T23:59:59+02:00,22840,21243,38307,32566,44525,41679,60506,59817,77823,77025,56446,60405,37688,48458,11798,21017,5748,5534,11515,11541,13607,16017,21081,26316,54924,57426,48848,52311,34863,44704,11139,19818,514721,305697,76250,37218,109040,80345,12132
2021-06-21T23:59:59+02:00,22555,20968,38061,32340,44285,41405,60320,59608,77692,76888,56394,60324,37665,48419,11789,21002,5618,5425,11208,11346,13272,15763,19538,25089,54008,56661,46633,49862,34265,43985,11116,19759,512709,300406,76047,37148,109026,74061,11933
2021-06-20T23:59:59+02:00,22238,20657,37768,32072,44000,41152,60172,59442,77558,76743,56347,60285,37645,48403,11786,20995,5565,5381,11078,11260,13118,15638,19149,24768,53744,56482,45064,47974,33738,43390,11096,19742,510352,299787,75970,36404,109015,69070,11926
2021-06-19T23:59:59+02:00,22231,20645,37753,32068,43997,41148,60166,59439,77556,76740,56344,60285,37645,48402,11786,20995,5559,5372,11074,11257,13109,15632,19142,24760,53730,56470,45055,47964,33737,43390,11096,19742,510294,299704,75965,36401,109015,69058,11926
2021-06-18T23:59:59+02:00,22120,20523,37686,32013,43922,41063,60111,59395,77514,76698,56322,60264,37640,48389,11785,20994,5464,5208,10779,10722,12738,15052,18604,23747,52881,55177,44851,47802,33709,43343,11090,19730,509545,298142,75959,36400,109010,64430,11925
2021-06-17T23:59:59+02:00,21321,19719,36936,31380,43132,40309,59707,59030,77222,76445,56211,60138,37592,48321,11772,20970,5273,4996,10397,10175,12221,14284,17682,22391,51319,53250,43709,46460,33393,42947,11043,19647,503594,290884,75866,36273,109004,60289,11741
2021-06-16T23:59:59+02:00,20423,18693,35948,30451,42129,39343,59170,58550,76831,76134,56071,59986,37536,48234,11762,20947,5087,4842,9892,9856,11494,13794,16142,21104,47477,49723,41967,44463,32932,42381,10980,19520,496272,274824,75326,36075,108990,59135,11620
2021-06-15T23:59:59+02:00,19500,17736,35035,29600,41205,38463,58735,58114,76500,75813,55931,59822,37481,48166,11747,20914,4883,4717,9373,9601,10795,13327,14640,19920,43234,45664,40422,42623,32455,41762,10913,19392,489106,257748,75211,36041,108983,58470,11462
2021-06-14T23:59:59+02:00,18280,16414,33786,28332,39748,37057,58153,57557,76111,75473,55804,59684,37436,48095,11738,20899,4757,4624,9033,9396,10323,13012,13474,18917,40609,43124,39352,41481,32165,41361,10881,19307,479402,246632,74774,36018,108978,57753,11413
2021-06-13T23:59:59+02:00,17738,15972,33306,27925,39258,36676,57939,57375,75965,75371,55777,59645,37414,48073,11735,20890,4672,4576,8889,9324,10161,12944,12870,18463,40140,42732,39118,41259,32105,41276,10875,19293,476330,245676,74472,34595,108971,57140,11286
2021-06-12T23:59:59+02:00,17736,15954,33294,27916,39251,36671,57935,57373,75961,75369,55776,59643,37413,48073,11735,20890,4665,4571,8879,9319,10149,12937,12859,18450,39958,42586,39095,41244,32101,41274,10875,19292,476266,245245,74468,34595,108971,57129,11285
2021-06-11T23:59:59+02:00,17650,15897,33147,27848,39078,36618,57815,57336,75891,75345,55764,59638,37411,48071,11735,20889,4582,4377,8719,8761,9955,12219,12624,17381,39471,41296,38941,41113,32083,41240,10873,19291,475933,244758,74057,34593,108865,52297,11278
2021-06-10T23:59:59+02:00,16798,15161,31732,26939,37836,35710,57135,56879,75484,75077,55675,59547,37372,48028,11724,20871,4327,4184,8167,8273,9274,11467,11893,16323,36636,38276,38143,40317,31917,41059,10857,19261,472063,237748,71100,34464,108584,47941,10221
2021-06-09T23:59:59+02:00,15995,14432,30457,26041,36620,34830,56566,56494,75145,74850,55594,59442,37345,47984,11711,20851,4146,4031,7809,8086,8814,11250,11281,15949,31598,33456,36655,38799,31674,40791,10836,19211,467427,223956,68666,34341,108543,46368,9721
2021-06-08T23:59:59+02:00,15050,13551,29082,24956,35257,33822,55954,56093,74854,74642,55521,59370,37323,47954,11707,20841,4066,3968,7659,7974,8662,11138,10991,15746,28803,30665,35705,37872,31514,40596,10812,19178,462871,216545,65235,34284,108503,45152,9368
2021-06-07T23:59:59+02:00,14414,12950,27724,24149,34108,33046,55481,55839,74614,74539,55486,59333,37307,47944,11707,20837,3974,3895,7465,7850,8362,11007,10625,15503,24498,26308,34250,36351,31292,40329,10784,19149,459758,204835,62238,34221,108468,43572,9014
2021-06-06T23:59:59+02:00,14091,12756,26941,23731,33461,32630,55175,55677,74461,74474,55467,59310,37293,47935,11705,20836,3908,3859,7317,7805,8207,10925,10314,15303,21705,23464,33256,35285,31154,40177,10777,19134,458628,202065,60193,29056,108445,42792,8677
2021-06-05T23:59:59+02:00,14062,12727,26899,23690,33434,32612,55170,55668,74457,74469,55463,59305,37288,47933,11705,20836,3888,3846,7282,7783,8160,10908,10253,15262,20285,21919,32464,34412,31084,40095,10773,19127,458516,197116,60088,29053,108437,42695,8677
2021-06-04T23:59:59+02:00,13827,12464,26589,23377,33097,32301,55112,55587,74418,74449,55454,59300,37287,47931,11705,20835,3857,3818,7205,7705,8103,10831,10174,15141,20178,21801,32391,34358,31052,40058,10770,19124,456625,197037,60026,29041,108405,41811,8677
2021-06-03T23:59:59+02:00,13244,11976,25556,22694,31967,31557,54626,55256,74104,74256,55386,59224,37253,47901,11699,20819,3729,3727,6934,7537,7823,10659,9849,14906,18309,19948,30426,32070,30779,39727,10747,19075,452329,188502,58528,29022,108391,40451,8270
2021-06-02T23:59:59+02:00,12548,11211,24567,21799,30835,30606,54364,54994,73913,74117,55335,59146,37237,47880,11691,20812,3695,3707,6878,7483,7767,10612,9765,14815,17789,19403,28500,29907,30680,39583,10740,19064,446055,182990,58351,29021,108389,40117,8260
2021-06-01T23:59:59+02:00,11408,10314,22442,20371,28310,28721,52957,53931,72910,73344,55035,58825,37118,47709,11657,20753,3468,3535,6383,7178,7166,10198,8916,14215,15865,17603,24741,25696,30001,38707,10664,18912,436597,169128,53899,28885,108351,38277,6958
2021-05-31T23:59:59+02:00,10544,9647,20605,19202,26269,27218,51854,53085,72210,72797,54819,58569,37045,47609,11643,20717,3329,3387,6050,6934,6768,9901,8380,13862,14808,16631,23553,24334,29615,38222,10604,18818,429830,163415,49540,28851,108333,36800,6130
2021-05-30T23:59:59+02:00,10191,9298,19880,18705,25570,26639,51521,52804,71983,72605,54744,58493,37021,47582,11635,20709,3147,3197,5698,6667,6479,9659,8163,13659,14547,16360,23260,24020,29505,38115,10589,18790,427270,162590,49136,28793,108303,35801,4671
2021-05-29T23:59:59+02:00,10175,9286,19863,18678,25552,26614,51510,52800,71978,72595,54742,58488,37020,47582,11634,20709,3145,3189,5695,6663,6474,9657,8155,13651,14537,16356,23249,24012,29501,38110,10588,18789,427116,162521,49136,28791,108303,35788,4671
2021-05-28T23:59:59+02:00,10110,9190,19727,18510,25291,26386,51353,52623,71832,72465,54705,58438,37007,47563,11631,20696,3101,3112,5605,6525,6375,9461,8044,13382,14345,16080,23099,23860,29448,38047,10581,18781,425472,162142,49099,28790,108286,34244,4670
2021-05-27T23:59:59+02:00,8851,7987,17327,16696,22517,24242,50265,51811,71165,71978,54508,58221,36916,47469,11618,20667,2804,2779,4767,5903,5485,8684,7255,12400,13226,14893,22124,22840,29072,37606,10526,18694,413573,158354,48146,28526,108152,29811,2367
2021-05-26T23:59:59+02:00,8449,7569,16448,15894,21332,23231,49662,51265,70751,71596,54357,58059,36850,47395,11607,20637,2619,2605,4400,5574,5012,8179,6780,11755,12261,13918,21229,21813,28761,37164,10480,18609,407985,154525,47417,28440,108082,26576,1618
2021-05-25T23:59:59+02:00,7876,6971,15210,15012,19885,22061,49184,50866,70505,71414,54290,57977,36828,47370,11603,20628,2544,2502,4209,5444,4768,7952,6505,11450,11707,13390,19108,19675,28393,36634,10445,18560,401242,148928,47175,28427,108038,24706,1225
2021-05-24T23:59:59+02:00,7790,6869,14986,14888,19597,21884,49083,50747,70462,71375,54289,57971,36827,47369,11601,20625,2500,2441,4125,5279,4674,7709,6381,11167,11568,13150,18995,19565,28342,36588,10438,18549,400102,148782,47098,28385,107952,23093,1211
2021-05-23T23:59:59+02:00,7773,6856,14951,14873,19543,21857,49074,50745,70458,71369,54288,57969,36827,47368,11601,20625,2498,2437,4118,5274,4665,7705,6377,11155,11547,13128,18858,19373,28311,36549,10436,18547,399922,148306,47098,28383,107952,23084,1205
2021-05-22T23:59:59+02:00,7770,6848,14941,14861,19533,21850,49074,50743,70455,71369,54288,57968,36827,47368,11601,20625,2495,2430,4111,5268,4663,7705,6374,11152,11538,13125,18846,19367,28310,36549,10436,18547,399868,148270,47098,28383,107952,23060,1203
2021-05-21T23:59:59+02:00,7696,6751,14812,14729,19328,21691,48835,50509,70313,71263,54261,57942,36820,47361,11596,20619,2424,2346,4025,5128,4560,7492,6251,10854,11369,12837,18781,19303,28294,36519,10433,18545,398303,148021,47096,28383,107927,21557,1200
2021-05-20T23:59:59+02:00,7421,6458,14234,14204,18393,20817,46154,48163,69163,70294,53910,57582,36712,47222,11564,20590,2163,2183,3665,4764,4121,6944,5701,10023,10284,11745,17514,18027,27789,35922,10360,18396,387339,142806,46934,28091,107623,17719,985
2021-05-19T23:59:59+02:00,7182,6234,13571,13722,17126,19818,42178,44677,67679,68992,53458,57059,36550,46997,11528,20538,2087,1984,3501,4424,3877,6422,5259,9345,9300,10634,16038,16392,27097,35010,10236,18187,372583,135670,46366,27947,107394,15210,966
2021-05-18T23:59:59+02:00,6985,6055,13032,13295,16032,18961,37460,40660,66228,67673,52904,56518,36403,46776,11485,20481,2041,1855,3363,4237,3692,6108,4927,8866,8438,9764,14461,14663,26389,34160,10145,18012,356503,129056,46306,27385,107238,13779,901
2021-05-17T23:59:59+02:00,6851,5959,12709,13048,15541,18570,35283,38798,65391,66892,52633,56206,36324,46668,11470,20444,1972,1796,3175,4058,3473,5880,4605,8497,7662,9065,11210,10657,25480,33012,10062,17841,352785,123855,42043,21313,107161,12479,798
2021-05-16T23:59:59+02:00,6789,5876,12586,12894,15368,18401,34794,38329,65206,66723,52578,56147,36314,46643,11465,20439,1915,1699,3074,3934,3394,5778,4500,8353,7482,8879,9027,8071,24999,32331,10028,17784,351315,122724,41539,15984,107127,11969,571
2021-05-15T23:59:59+02:00,6784,5867,12580,12888,15364,18397,34789,38327,65204,66721,52578,56146,36314,46643,11465,20439,1914,1698,3071,3928,3390,5775,4495,8350,7480,8876,9025,8069,24998,32331,10028,17784,351274,122694,41539,15984,107125,11966,568
2021-05-14T23:59:59+02:00,6588,5771,12337,12826,15134,18307,33816,37544,64671,66315,52483,56059,36297,46610,11463,20434,1800,1611,2960,3858,3333,5668,4445,8204,7434,8750,9019,8064,24997,32331,10028,17783,347924,122641,41508,15980,106666,11107,557
2021-05-13T23:59:59+02:00,6338,5583,11930,12576,14569,17860,30292,34757,62197,64242,51854,55385,36160,46390,11451,20386,1756,1573,2903,3782,3301,5576,4403,8100,7353,8631,8982,8006,24977,32290,10023,17779,333954,122397,41285,15957,106237,10587,494
2021-05-12T23:59:59+02:00,6322,5561,11858,12512,14461,17753,29660,34182,61691,63791,51682,55212,36124,46345,11444,20373,1756,1570,2902,3782,3298,5576,4401,8098,7351,8625,8975,8003,24977,32288,10023,17778,330970,122376,41275,15947,106232,10586,494
2021-05-11T23:59:59+02:00,5997,5427,11415,12235,13921,17370,25402,30699,59318,61790,51028,54537,35937,46098,11422,20310,1714,1453,2798,3521,3178,5200,4262,7653,7198,8300,8891,7922,24948,32248,10019,17767,316064,122136,41221,15757,105251,8809,370
2021-05-10T23:59:59+02:00,5870,5354,11253,12119,13703,17202,21944,27945,58076,60677,50666,54187,35845,45976,11407,20279,1677,1358,2714,3291,3077,4869,4154,7162,7077,7862,8850,7863,24936,32227,10017,17763,306176,121994,41060,15609,104961,6988,306
2021-05-09T23:59:59+02:00,5792,5322,11169,12056,13603,17121,20344,26766,57611,60294,50564,54089,35819,45935,11400,20274,1660,1338,2656,3166,3026,4728,4109,7042,7016,7763,8838,7849,24929,32221,10016,17763,305610,121932,37495,15565,104761,6330,293
2021-05-08T23:59:59+02:00,5788,5319,11158,12052,13594,17112,20337,26760,57602,60289,50561,54081,35815,45932,11398,20271,1659,1338,2656,3164,3026,4728,4106,7039,7015,7762,8837,7849,24928,32219,10016,17763,305521,121917,37494,15565,104761,6330,293
2021-05-07T23:59:59+02:00,5748,5284,11094,12003,13488,17036,19881,26402,56606,59480,50433,53950,35787,45902,11395,20257,1555,1294,2577,3120,2986,4700,4072,7015,6993,7730,8831,7841,24926,32218,10016,17762,302363,121885,37478,15559,104617,5904,288
2021-05-06T23:59:59+02:00,5494,5172,10584,11697,12786,16583,18593,25415,52358,55835,49239,52575,35456,45503,11342,20154,1330,1162,2342,2947,2817,4535,3921,6816,6841,7577,8757,7763,24905,32182,10013,17755,287267,121615,37291,15421,104069,4468,159
2021-05-05T23:59:59+02:00,5233,5073,10090,11463,12032,16134,17263,24439,47989,51697,47570,50655,35018,44933,11267,20031,1285,1067,2280,2819,2734,4355,3827,6577,6732,7378,8644,7670,24846,32108,10007,17739,270097,121141,37064,15376,103681,3506,45
2021-05-04T23:59:59+02:00,5150,4988,9776,11252,11583,15745,16287,23571,46118,49669,46502,49346,34645,44445,11199,19921,1273,1048,2252,2778,2693,4269,3775,6470,6659,7302,8602,7631,24825,32092,10006,17734,259732,120923,37041,15314,103402,3150,22
2021-05-03T23:59:59+02:00,5046,4902,9429,11085,11121,15484,15226,22707,44543,48049,45621,48393,34423,44104,11171,19830,1258,1024,2220,2747,2651,4205,3727,6416,6585,7249,8033,6943,23090,29773,9868,17498,250713,115132,37031,15232,103376,2909,14
2021-05-02T23:59:59+02:00,4984,4882,9314,11049,10977,15423,14614,22218,44024,47640,45480,48227,34374,44042,11164,19819,1254,1019,2203,2745,2638,4197,3699,6404,6565,7236,7843,6701,21131,27374,9822,17410,249503,115114,35398,10250,103321,2868,9
2021-05-01T23:59:59+02:00,4984,4880,9309,11044,10974,15421,14610,22214,44022,47636,45479,48227,34374,44042,11164,19819,1253,1019,2203,2745,2638,4197,3698,6404,6563,7236,7843,6700,21131,27374,9822,17410,249472,115110,35398,10250,103320,2867,9
2021-04-30T23:59:59+02:00,4937,4858,9242,11029,10919,15396,14535,22188,42539,46224,45143,47895,34337,43990,11159,19809,1044,925,2005,2656,2539,4136,3614,6344,6501,7178,7836,6683,21130,27372,9822,17410,245485,115102,35398,10248,103308,1836,9
2021-04-29T23:59:59+02:00,4694,4775,8774,10879,10314,15226,13850,21982,37616,41913,44131,46869,34216,43872,11155,19778,865,848,1833,2578,2453,4070,3505,6274,6429,7128,7814,6664,21125,27366,9822,17410,231768,115062,35296,10146,102971,967,9
2021-04-28T23:59:59+02:00,4519,4740,8523,10795,9964,15137,13494,21828,32978,37414,42884,45617,34090,43725,11140,19760,823,819,1796,2532,2420,3994,3469,6165,6380,7036,7795,6646,21113,27353,9818,17403,218561,114979,35279,10098,102760,477,8
2021-04-27T23:59:59+02:00,4289,4525,8181,10347,9582,14557,13028,21185,31852,36286,42604,45334,34074,43697,11136,19757,796,805,1762,2509,2402,3976,3452,6146,6346,7010,7783,6637,21108,27348,9815,17397,215839,114922,35269,10068,99318,294,8
2021-04-26T23:59:59+02:00,4268,4497,8106,10311,9476,14501,12881,21127,27442,31907,41387,44114,33995,43597,11123,19747,763,795,1732,2490,2372,3955,3428,6126,6294,6965,7736,6588,21078,27318,9815,17390,203973,114722,35260,10024,99238,91,8
2021-04-25T23:59:59+02:00,4245,4484,8073,10284,9413,14470,12789,21081,25474,29867,40687,43355,33949,43539,11119,19742,751,788,1720,2476,2356,3941,3402,6105,6261,6936,7714,6568,21061,27297,9814,17386,203308,114698,30153,9782,99103,89,7
2021-04-24T23:59:59+02:00,4227,4473,8043,10255,9373,14454,12739,21059,23971,28207,39930,42518,33884,43463,11116,19736,750,787,1717,2474,2355,3938,3402,6101,6261,6933,7712,6566,21060,27297,9814,17386,198254,114678,30153,9781,99034,87,7
2021-04-23T23:59:59+02:00,3961,4321,7576,9958,8943,14098,12178,20657,23493,27909,39846,42457,33863,43429,11110,19729,736,777,1700,2461,2335,3922,3379,6079,6239,6914,7698,6548,21055,27286,9814,17385,197910,114663,30138,9583,95473,75,7
2021-04-22T23:59:59+02:00,3868,4264,7386,9842,8665,13905,11735,20329,21171,25553,37090,39216,33335,42758,11039,19608,723,768,1672,2432,2277,3865,3306,6008,6127,6818,7619,6462,21000,27242,9811,17370,184896,114542,29949,8879,94912,72,7
2021-04-21T23:59:59+02:00,3840,4233,7259,9764,8485,13734,11402,20040,19911,24352,33880,35508,32849,42055,10976,19480,699,750,1638,2404,2233,3841,3273,5975,6086,6779,7591,6435,20981,27218,9807,17366,173148,114435,29777,8566,94836,68,7
2021-04-20T23:59:59+02:00,3806,4207,7155,9695,8274,13579,11037,19742,18817,23205,30570,31872,32371,41456,10917,19368,692,740,1623,2392,2200,3819,3232,5929,6045,6736,7550,6389,20956,27194,9801,17363,161530,114277,29755,8311,94779,66,7
2021-04-19T23:59:59+02:00,3787,4190,7081,9657,8156,13470,10782,19556,18152,22543,29696,30744,32080,41089,10875,19293,684,735,1601,2378,2175,3789,3197,5896,6011,6705,7505,6356,20925,27166,9799,17359,156693,114144,29738,8066,94713,64,7
2021-04-18T23:59:59+02:00,3784,4184,7065,9643,8141,13451,10747,19532,18064,22461,29574,30619,32052,41067,10872,19285,682,731,1586,2366,2158,3774,3173,5870,5982,6682,7483,6343,20906,27144,9796,17356,156201,114085,29670,7877,94663,63,7
2021-04-17T23:59:59+02:00,3783,4182,7063,9641,8138,13451,10741,19525,18051,22451,29552,30606,32050,41065,10872,19285,681,731,1585,2365,2157,3773,3170,5869,5980,6680,7483,6343,20906,27144,9796,17356,156123,114072,29669,7877,94657,63,7
2021-04-16T23:59:59+02:00,3616,4144,6720,9511,7772,13264,10344,19279,17602,22177,29353,30447,31968,40976,10857,19266,669,714,1573,2350,2130,3758,3116,5832,5937,6630,7390,6254,20493,26579,9766,17295,155375,112748,29661,7671,92253,60,7
2021-04-15T23:59:59+02:00,3515,4065,6369,9141,7197,12764,9568,18443,16276,20947,28155,29155,31447,40335,10778,19090,639,691,1520,2311,2048,3671,3009,5712,5608,6393,6894,5869,19766,25672,9668,17127,149630,109403,29366,7133,88242,55,7
2021-04-14T23:59:59+02:00,3459,4015,6134,8903,6866,12387,8947,17892,15165,19917,26741,27657,30815,39457,10670,18895,604,666,1473,2274,1974,3593,2867,5588,5299,6155,6347,5355,18754,24389,9582,16949,142831,105133,29166,6680,85916,49,7
2021-04-13T23:59:59+02:00,3427,3984,6042,8827,6717,12260,8645,17647,14364,19224,23393,24106,29883,38276,10565,18720,599,657,1460,2252,1947,3560,2770,5517,5082,5972,5986,5019,18454,24044,9542,16883,131209,103039,29156,6650,85708,48,7
2021-04-12T23:59:59+02:00,3405,3964,5991,8772,6629,12177,8427,17452,13749,18696,22390,22956,29461,37717,10496,18595,590,649,1450,2244,1924,3539,2714,5466,4933,5868,5670,4739,18159,23741,9504,16823,126132,101454,29140,6504,85598,48,7
2021-04-11T23:59:59+02:00,3399,3957,5973,8748,6601,12160,8387,17429,13660,18635,22261,22809,29409,37652,10486,18569,587,644,1437,2234,1911,3531,2697,5450,4896,5831,5611,4680,17986,23507,9483,16793,125589,100791,29074,6432,85465,48,7
2021-04-10T23:59:59+02:00,3391,3956,5950,8748,6579,12159,8367,17428,13636,18633,22256,22806,29405,37651,10486,18569,586,642,1430,2229,1906,3528,2691,5442,4880,5821,5598,4663,17825,23256,9469,16769,125567,100282,28985,6398,85461,48,7
2021-04-09T23:59:59+02:00,3352,3944,5902,8736,6522,12143,8330,17401,13585,18588,20304,20402,28923,37035,10456,18520,572,629,1405,2207,1880,3505,2649,5406,4807,5759,5483,4562,17248,22524,9431,16698,124879,98519,23877,6199,85380,40,7
2021-04-08T23:59:59+02:00,3328,3926,5833,8704,6448,12104,8241,17338,13438,18470,17716,17342,28400,36370,10418,18470,530,599,1318,2126,1786,3409,2471,5221,4313,5394,4682,3955,15469,20299,9244,16393,124015,91548,18023,5626,84502,29,6
2021-04-07T23:59:59+02:00,3248,3898,5623,8654,6241,12045,8033,17263,13177,18376,15058,14282,27722,35574,10388,18417,507,571,1266,2070,1692,3329,2319,5081,3903,5061,3963,3391,14617,19435,9132,16209,123808,87236,16491,5280,77695,25,5
2021-04-06T23:59:59+02:00,3220,3888,5577,8636,6171,12022,7946,17225,13103,18305,13078,11926,27089,34860,10375,18387,476,549,1198,2015,1607,3247,2157,4964,3532,4785,3439,2983,13777,18437,9056,16094,123681,83611,16288,4679,71834,21,5
2021-04-05T23:59:59+02:00,3218,3885,5541,8623,6134,12010,7901,17210,13031,18269,13032,11880,27078,34844,10374,18384,444,519,1146,1978,1555,3206,2089,4910,3444,4709,3382,2932,13634,18266,9047,16076,123659,83120,16080,4192,71671,21,4
2021-04-04T23:59:59+02:00,3217,3884,5541,8622,6133,12010,7900,17207,13031,18269,13029,11880,27077,34844,10374,18384,443,518,1145,1978,1555,3206,2089,4910,3444,4709,3382,2932,13633,18266,9047,16076,123652,83116,16080,4192,71666,21,4
2021-04-03T23:59:59+02:00,3216,3884,5541,8621,6133,12010,7900,17207,13031,18269,13028,11879,27076,34841,10374,18384,443,517,1145,1978,1554,3206,2089,4909,3438,4706,3377,2921,13546,18130,9038,16060,123646,82840,16080,4192,71664,21,4
2021-04-02T23:59:59+02:00,3216,3881,5538,8616,6129,12001,7891,17195,13006,18238,12982,11828,27049,34823,10371,18380,440,510,1143,1974,1543,3198,2079,4887,3408,4673,3346,2892,12619,16885,8972,15952,123483,80385,16077,4111,71580,21,4
2021-04-01T23:59:59+02:00,3201,3867,5500,8596,6063,11968,7820,17160,12892,18168,12865,11703,26990,34747,10362,18365,393,467,1046,1907,1444,3111,1929,4775,3212,4540,3117,2693,10607,14300,8862,15776,123165,74833,15954,3322,71145,21,3
2021-03-31T23:59:59+02:00,3200,3853,5482,8562,6031,11932,7778,17115,12812,18099,12752,11578,26939,34687,10354,18356,354,446,1010,1865,1374,3071,1825,4672,2957,4343,2706,2379,8035,11077,8687,15538,122856,67336,15915,2980,70756,20,3
2021-03-30T23:59:59+02:00,3192,3843,5457,8534,5999,11901,7740,17075,12735,18033,12667,11440,26902,34640,10348,18346,333,427,988,1833,1314,3036,1702,4592,2710,4171,2336,2130,7147,9989,8621,15412,122726,64014,15885,2706,70239,19,2
2021-03-29T23:59:59+02:00,3180,3839,5428,8516,5963,11869,7698,17043,12663,17958,12027,10684,25039,32147,10200,18090,327,425,981,1818,1293,3012,1667,4552,2564,4084,2050,1979,6497,9279,8577,15334,116742,61717,15715,2703,69885,17,2
2021-03-28T23:59:59+02:00,3150,3823,5381,8478,5914,11828,7617,16988,12554,17891,11763,10383,23057,29687,10145,17991,326,423,979,1817,1286,3009,1663,4550,2552,4076,2025,1959,6475,9265,8575,15329,116683,61590,10542,2700,69423,17,2
2021-03-27T23:59:59+01:00,3138,3819,5342,8468,5878,11815,7570,16973,12508,17844,11729,10340,23053,29679,10145,17991,326,423,979,1817,1286,3009,1662,4548,2550,4074,2023,1957,6426,9190,8542,15280,116615,61373,10541,2700,69134,17,2
2021-03-26T23:59:59+01:00,3002,3494,4895,7312,5383,10497,6958,14926,11700,15579,11510,10159,22568,28953,10100,17920,325,419,974,1814,1281,3005,1659,4546,2545,4067,2015,1951,6296,9003,8397,15094,115067,60695,10287,2688,59600,6,2
2021-03-25T23:59:59+01:00,2875,3225,4735,6547,5156,9347,6634,13210,10970,13783,10655,9359,21851,28113,10024,17764,320,411,968,1804,1267,2986,1639,4511,2508,4018,1949,1892,6006,8575,8122,14646,112160,58930,9596,2685,52490,5,2
2021-03-24T23:59:59+01:00,2828,3183,4660,6488,5023,9241,6431,13040,10465,13378,9828,8539,20842,26860,9928,17582,318,406,960,1798,1250,2975,1624,4487,2462,3961,1880,1816,5643,8102,7708,13979,108153,56693,9249,2671,50914,5,0
2021-03-23T23:59:59+01:00,2799,3150,4592,6422,4915,9147,6219,12878,10009,12956,9119,7875,20332,26257,9875,17477,306,393,943,1789,1235,2955,1595,4465,2408,3912,1799,1750,5365,7724,7316,13360,105778,54641,8917,2670,49327,4,0
2021-03-22T23:59:59+01:00,2784,3114,4533,6384,4838,9079,6080,12741,9647,12682,8523,7321,19917,25824,9815,17382,302,389,931,1783,1221,2940,1582,4451,2381,3886,1774,1729,5228,7550,6873,12547,104299,52898,8657,2665,47708,4,0
2021-03-21T23:59:59+01:00,2777,3099,4488,6362,4787,9043,5989,12673,9459,12494,8220,7062,19750,25657,9803,17357,302,389,930,1783,1220,2940,1581,4450,2378,3886,1767,1723,5219,7545,6843,12490,104098,52794,8428,2648,46494,4,0
2021-03-20T23:59:59+01:00,2777,3094,4479,6357,4781,9040,5985,12666,9439,12480,8187,7031,19576,25381,9787,17331,302,389,930,1782,1219,2940,1580,4449,2374,3878,1755,1710,5206,7496,6666,12253,103541,52301,8416,2624,46434,4,0
2021-03-19T23:59:59+01:00,2742,3071,4405,6314,4672,8990,5845,12609,9172,12292,7883,6809,19092,24790,9755,17272,302,389,929,1781,1219,2937,1577,4448,2368,3873,1739,1702,5170,7453,6261,11635,102243,51175,8174,2604,45296,4,0
2021-03-18T23:59:59+01:00,2676,2998,4242,6178,4422,8784,5488,12300,8267,11623,6621,5800,17840,23428,9606,17042,299,385,924,1771,1205,2924,1539,4433,2301,3828,1661,1659,5097,7347,5530,10528,97348,48867,7631,2562,42336,2,0
2021-03-17T23:59:59+01:00,2638,2959,4162,6080,4285,8676,5233,12025,7594,11055,5634,4907,16493,21896,9441,16785,295,384,920,1762,1201,2916,1522,4411,2234,3802,1594,1614,5052,7283,4954,9649,91943,47085,7129,2506,40791,2,0
2021-03-16T23:59:59+01:00,2618,2931,4099,6014,4192,8579,5058,11870,7145,10667,4874,4293,15641,20917,9336,16613,291,382,917,1757,1198,2909,1514,4400,2212,3783,1564,1597,5015,7240,4448,8841,88312,45639,7093,2427,39442,2,0
2021-03-15T23:59:59+01:00,2615,2920,4083,5996,4161,8553,5008,11823,7027,10553,4729,4134,15323,20507,9304,16554,289,379,917,1751,1191,2902,1500,4391,2190,3760,1521,1580,4954,7166,3869,7980,87544,44054,6998,2285,38748,1,0
2021-03-14T23:59:59+01:00,2610,2910,4062,5977,4131,8535,4965,11790,6934,10464,4625,4024,15193,20339,9288,16517,287,378,917,1749,1185,2896,1495,4380,2179,3753,1511,1573,4946,7158,3863,7967,87239,43993,6980,2243,38145,1,0
2021-03-13T23:59:59+01:00,2607,2904,4058,5965,4123,8529,4957,11781,6914,10450,4603,3998,14877,19902,9268,16481,287,378,917,1749,1185,2896,1495,4380,2179,3753,1511,1573,4946,7157,3863,7967,86356,43992,6956,2243,38105,1,0
2021-03-12T23:59:59+01:00,2544,2828,3949,5796,4006,8309,4820,11482,6736,10180,4450,3860,13956,18644,9207,16379,287,377,915,1746,1185,2893,1493,4375,2178,3746,1503,1571,4938,7138,3861,7951,83893,43914,6894,2242,36359,1,0
2021-03-11T23:59:59+01:00,2418,2603,3726,5467,3750,7871,4495,10716,6108,9364,3931,3360,12366,16657,9108,16232,287,377,911,1743,1182,2879,1484,4363,2166,3718,1460,1542,4897,7103,3849,7924,79586,43764,6731,2120,31855,1,0
2021-03-10T23:59:59+01:00,2296,2470,3573,5235,3555,7549,4230,10229,5555,8796,3363,2919,10096,13940,8963,16005,284,373,907,1734,1175,2868,1479,4347,2142,3702,1431,1534,4865,7088,3840,7916,73287,43695,6561,1990,28926,0,0
2021-03-09T23:59:59+01:00,2269,2417,3508,5149,3442,7460,4059,10034,5161,8445,2887,2560,8585,11927,8861,15856,283,372,907,1728,1168,2859,1475,4339,2134,3691,1417,1529,4857,7083,3837,7914,68429,43654,6411,1939,27780,0,0
2021-03-08T23:59:59+01:00,2245,2347,3451,5084,3368,7375,3935,9922,4869,8253,2439,2297,6666,9529,8741,15681,283,369,906,1718,1162,2843,1469,4328,2130,3684,1406,1522,4840,7061,3830,7905,62743,43543,6076,1913,27383,0,0
2021-03-07T23:59:59+01:00,2182,2291,3355,4976,3272,7286,3838,9835,4734,8158,2388,2246,6644,9508,8741,15673,283,368,905,1718,1162,2843,1469,4328,2130,3684,1406,1522,4840,7061,3830,7905,62615,43541,5395,1913,27117,0,0
2021-03-06T23:59:59+01:00,2174,2278,3343,4967,3268,7281,3829,9826,4723,8155,2386,2244,6598,9438,8709,15624,283,368,904,1714,1161,2842,1469,4325,2126,3679,1405,1517,4834,7056,3828,7896,62406,43494,5335,1913,27102,0,0
2021-03-05T23:59:59+01:00,2044,2194,3120,4778,3030,6970,3552,9432,4395,7818,2299,2183,6391,9121,8514,15363,283,366,902,1711,1161,2841,1468,4319,2123,3673,1399,1515,4828,7049,3827,7890,61426,43442,4497,1913,25281,0,0
2021-03-04T23:59:59+01:00,1789,1974,2711,4345,2574,6331,2986,8528,3710,7003,2083,2023,6099,8755,8238,14906,280,365,901,1703,1159,2824,1467,4303,2114,3662,1388,1513,4816,7035,3820,7879,59785,43319,3220,1910,21050,0,0
2021-03-03T23:59:59+01:00,1720,1888,2603,4166,2444,6110,2850,8249,3529,6743,2000,1946,5761,8281,7882,14326,279,360,901,1693,1157,2801,1463,4279,2109,3647,1364,1502,4811,7029,3816,7871,57781,43172,3075,1910,19642,0,0
2021-03-02T23:59:59+01:00,1683,1807,2536,4049,2363,5961,2744,8068,3414,6592,1927,1878,5451,7844,7479,13654,277,355,898,1674,1154,2780,1460,4261,2108,3636,1339,1496,4801,7013,3810,7864,55684,43016,2834,1910,18932,0,0
2021-03-01T23:59:59+01:00,1672,1781,2497,3941,2315,5846,2707,7966,3361,6514,1887,1858,5311,7680,7006,12787,277,353,894,1668,1152,2768,1458,4248,2106,3621,1334,1491,4798,7011,3809,7858,53823,42936,2822,1910,18484,0,0
2021-02-28T23:59:59+01:00,1655,1744,2462,3871,2286,5791,2664,7886,3334,6468,1881,1854,5303,7675,6971,12728,277,353,893,1668,1152,2768,1458,4247,2106,3620,1334,1491,4798,7010,3809,7858,53702,42933,2820,1909,18051,0,0
2021-02-27T23:59:59+01:00,1653,1738,2458,3864,2282,5791,2663,7885,3332,6465,1875,1844,5294,7631,6800,12508,277,353,883,1663,1142,2761,1448,4238,2091,3611,1333,1488,4798,7009,3809,7858,53238,42929,2820,1833,18025,0,0
2021-02-26T23:59:59+01:00,1466,1582,2333,3621,2204,5386,2571,7383,3245,6007,1860,1818,5269,7598,6539,12117,276,351,876,1656,1134,2741,1442,4217,2081,3599,1326,1479,4790,6997,3805,7845,52490,42851,2799,1764,15710,0,0
2021-02-25T23:59:59+01:00,1249,1306,2113,3187,2031,4629,2375,6437,3004,5110,1771,1746,5217,7518,5967,11274,274,343,870,1596,1100,2646,1409,4107,2025,3525,1289,1458,4749,6955,3787,7793,50614,42388,2786,1538,11534,0,0
2021-02-24T23:59:59+01:00,1196,1096,2006,2918,1926,4290,2241,6031,2835,4840,1695,1691,5159,7429,5208,10098,272,337,832,1549,1050,2555,1349,3991,1936,3397,1249,1431,4734,6930,3777,7775,48282,42130,2774,1034,9603,0,0
2021-02-23T23:59:59+01:00,1181,1047,1972,2855,1900,4192,2215,5946,2802,4778,1687,1676,5124,7381,4573,9073,272,336,805,1521,1003,2503,1296,3913,1830,3324,1196,1406,4712,6905,3766,7741,46504,41933,2747,596,9151,0,0
2021-02-22T23:59:59+01:00,1173,1007,1922,2711,1856,4046,2160,5750,2748,4671,1677,1665,5090,7333,3967,8188,270,326,762,1482,949,2420,1208,3807,1690,3229,1106,1351,4670,6834,3739,7637,44896,41474,2726,6,8342,0,0
2021-02-21T23:59:59+01:00,1171,993,1891,2649,1830,3950,2133,5646,2728,4608,1669,1659,5087,7324,3967,8184,268,324,758,1476,941,2388,1206,3771,1677,3189,1097,1336,4654,6809,3716,7595,44844,41199,2715,6,7930,0,0
2021-02-20T23:59:59+01:00,1171,993,1891,2648,1829,3950,2133,5646,2726,4603,1660,1651,5083,7318,3965,8181,268,324,758,1475,940,2384,1205,3767,1676,3187,1097,1336,4602,6749,3670,7537,44830,40970,2690,5,7928,0,0
2021-02-19T23:59:59+01:00,1171,990,1888,2643,1828,3941,2132,5637,2723,4600,1641,1643,5070,7301,3962,8175,267,323,754,1466,932,2360,1198,3725,1649,3134,1069,1298,4413,6496,3493,7241,44750,39813,2671,5,7924,0,0
2021-02-18T23:59:59+01:00,1139,907,1849,2524,1789,3803,2079,5430,2662,4425,1626,1627,5054,7267,3957,8148,239,294,709,1343,883,2156,1113,3390,1534,2840,959,1109,3929,5723,3094,6383,44595,35693,2638,5,7053,0,0
2021-02-17T23:59:59+01:00,1090,777,1767,2290,1712,3504,1970,5071,2587,4176,1604,1618,5033,7253,3948,8144,234,291,699,1325,874,2134,1101,3355,1515,2819,952,1106,3549,5206,2801,5961,44554,33917,2581,5,5409,0,0
2021-02-16T23:59:59+01:00,1049,741,1709,2186,1646,3333,1899,4865,2509,4070,1568,1604,5006,7232,3939,8132,228,285,685,1291,853,2080,1070,3238,1477,2734,929,1083,3196,4661,2461,5472,44501,31739,2418,4,4569,0,0
2021-02-15T23:59:59+01:00,1042,725,1690,2110,1627,3233,1880,4756,2495,3992,1539,1590,4976,7215,3907,8076,216,275,670,1256,834,2030,1050,3172,1435,2669,898,1052,2776,4112,2132,4906,44372,29480,2333,3,4148,0,0
2021-02-14T23:59:59+01:00,947,691,1612,2076,1567,3214,1837,4734,2460,3979,1532,1587,4967,7203,3904,8071,209,263,661,1238,815,1990,1034,3106,1405,2601,868,1007,2687,3972,2061,4718,44330,28632,2297,3,3754,0,0
2021-02-13T23:59:59+01:00,894,667,1582,2053,1552,3206,1821,4727,2452,3978,1531,1586,4967,7203,3903,8070,207,262,659,1238,815,1986,1034,3105,1404,2599,867,1007,2585,3848,1997,4618,44324,28228,2297,3,3571,0,0
2021-02-12T23:59:59+01:00,560,518,1232,1938,1380,3102,1681,4645,2345,3908,1512,1577,4958,7192,3897,8064,195,256,647,1213,801,1942,1008,3020,1350,2501,805,934,2361,3536,1855,4313,44211,26735,2297,2,2001,0,0
2021-02-11T23:59:59+01:00,394,442,1042,1825,1278,2983,1583,4531,2258,3820,1405,1533,4896,7143,3876,8016,157,192,547,972,665,1499,809,2352,1071,1911,569,686,1755,2662,1364,3109,43859,20319,2100,1,1066,0,0
2021-02-10T23:59:59+01:00,281,369,916,1720,1178,2860,1488,4346,2145,3697,1368,1520,4875,7132,3871,8014,135,131,376,612,493,1010,639,1741,903,1577,548,671,1349,2101,1049,2613,43782,15948,1994,0,4,0,0
2021-02-09T23:59:59+01:00,281,368,915,1714,1175,2851,1488,4341,2144,3692,1361,1517,4873,7130,3870,8012,132,129,367,583,474,983,618,1712,878,1546,546,668,969,1637,772,2209,43758,14223,1971,0,3,0,0
2021-02-08T23:59:59+01:00,281,366,914,1712,1172,2841,1481,4335,2142,3688,1356,1513,4870,7130,3869,8009,127,123,356,572,466,966,607,1680,860,1520,538,663,576,1148,468,1783,43728,12453,1948,0,3,0,0
2021-02-07T23:59:59+01:00,281,366,912,1712,1171,2841,1479,4333,2142,3688,1356,1513,4870,7129,3869,8009,123,120,352,566,465,959,604,1668,851,1504,530,659,575,1138,463,1768,43724,12345,1947,0,0,0,0
2021-02-06T23:59:59+01:00,281,366,912,1712,1171,2841,1479,4333,2142,3688,1356,1513,4870,7129,3869,8009,120,117,350,563,464,958,604,1666,851,1503,529,658,575,1138,463,1768,43724,12327,1947,0,0,0,0
2021-02-05T23:59:59+01:00,281,365,911,1712,1171,2840,1477,4332,2141,3688,1356,1513,4869,7127,3869,8006,119,109,347,559,456,945,600,1656,837,1480,524,648,569,1122,453,1745,43711,12169,1947,0,0,0,0
2021-02-04T23:59:59+01:00,278,360,904,1674,1164,2794,1476,4280,2128,3645,1348,1506,4841,7096,3858,7976,90,71,231,387,332,687,472,1267,627,1111,394,513,478,918,395,1508,43382,9481,1946,0,0,0,0
2021-02-03T23:59:59+01:00,276,351,899,1649,1160,2759,1465,4231,2119,3609,1340,1490,4819,7066,3845,7950,56,33,79,164,152,341,232,595,302,541,211,279,281,580,229,958,43082,5033,1946,0,0,0,0
2021-02-02T23:59:59+01:00,275,349,898,1637,1156,2740,1462,4199,2112,3583,1332,1484,4811,7053,3838,7927,17,10,24,48,60,97,73,164,96,121,46,75,68,126,51,195,42910,1271,1946,0,0,0,0
2021-02-01T23:59:59+01:00,275,344,898,1635,1155,2739,1461,4195,2111,3577,1331,1484,4809,7052,3838,7927,15,9,20,42,51,88,60,136,73,102,40,66,58,116,50,182,42885,1108,1946,0,0,0,0
2021-01-31T23:59:59+01:00,275,343,898,1631,1154,2735,1461,4190,2111,3574,1330,1484,4809,7051,3838,7927,14,8,19,38,44,80,54,125,63,96,35,55,48,108,47,176,42865,1010,1946,0,0,0,0
2021-01-30T23:59:59+01:00,275,343,893,1628,1146,2727,1453,4184,2107,3571,1330,1484,4757,6992,3792,7869,14,8,19,37,44,80,53,124,63,96,35,55,48,108,47,176,42639,1007,1912,0,0,0,0
2021-01-29T23:59:59+01:00,274,342,878,1620,1134,2706,1441,4154,2086,3544,1321,1478,4595,6789,3628,7665,12,8,19,37,41,80,52,122,60,95,33,50,47,108,47,176,41853,987,1802,0,0,0,0
2021-01-28T23:59:59+01:00,270,329,859,1533,1094,2596,1404,4054,2016,3469,1294,1466,4261,6319,3359,7312,8,4,8,17,22,39,21,56,35,63,21,32,32,70,36,118,40078,582,1557,0,0,0,0
2021-01-27T23:59:59+01:00,264,326,817,1478,1047,2502,1341,3957,1943,3362,1255,1439,3849,5758,3041,6851,4,4,8,8,12,21,8,22,13,29,12,14,15,39,14,57,38124,280,1106,0,0,0,0
2021-01-26T23:59:59+01:00,258,317,783,1432,982,2417,1280,3830,1826,3257,1196,1388,3504,5204,2689,6339,2,1,4,3,5,7,4,2,2,8,7,5,3,7,3,8,36043,71,659,0,0,0,0
2021-01-25T23:59:59+01:00,248,308,731,1371,921,2298,1178,3685,1667,3139,1117,1357,3110,4693,2378,5873,2,1,4,2,3,7,2,2,2,8,7,5,3,7,3,8,34017,66,57,0,0,0,0
2021-01-24T23:59:59+01:00,245,308,725,1367,910,2282,1173,3669,1640,3109,1111,1355,3084,4658,2361,5851,2,1,2,2,3,7,2,2,2,8,7,5,3,7,3,8,33843,64,5,0,0,0,0
2021-01-23T23:59:59+01:00,244,307,724,1367,910,2278,1172,3668,1637,3107,1110,1355,2979,4533,2295,5750,2,1,2,2,2,7,2,2,2,8,7,5,3,7,3,8,33432,63,4,0,0,0,0
2021-01-22T23:59:59+01:00,243,304,722,1352,908,2265,1166,3654,1633,3103,1108,1354,2820,4339,2193,5606,2,1,2,2,2,7,2,2,2,8,7,5,3,7,3,8,32766,63,4,0,0,0,0
2021-01-21T23:59:59+01:00,239,275,659,1197,840,2054,1085,3370,1536,2897,1066,1313,2477,3872,1902,5169,2,0,2,1,2,7,2,2,2,8,7,4,3,7,3,8,29947,60,4,0,0,0,0
2021-01-20T23:59:59+01:00,215,211,499,847,665,1563,885,2669,1299,2429,969,1179,1945,3126,1491,4398,2,0,2,1,2,7,2,2,2,6,6,4,3,7,3,8,24386,57,4,0,0,0,0
2021-01-19T23:59:59+01:00,188,192,452,740,611,1407,798,2369,1127,2122,802,922,1299,2200,1031,3321,0,0,1,1,0,0,0,0,1,1,1,0,0,0,0,0,19579,5,2,0,0,0,0
2021-01-18T23:59:59+01:00,139,137,375,615,488,1053,645,1825,937,1634,595,713,649,1276,520,1993,0,0,0,0,0,0,0,0,0,0,0,0,0,0,0,0,13593,0,1,0,0,0,0
2021-01-17T23:59:59+01:00,128,123,361,578,473,988,616,1708,878,1535,546,673,601,1178,479,1847,0,0,0,0,0,0,0,0,0,0,0,0,0,0,0,0,12712,0,0,0,0,0,0
2021-01-16T23:59:59+01:00,121,119,358,575,471,977,610,1695,872,1528,545,672,600,1173,475,1834,0,0,0,0,0,0,0,0,0,0,0,0,0,0,0,0,12625,0,0,0,0,0,0
2021-01-15T23:59:59+01:00,119,112,355,570,463,961,606,1684,857,1504,539,660,593,1157,467,1811,0,0,0,0,0,0,0,0,0,0,0,0,0,0,0,0,12458,0,0,0,0,0,0
2021-01-14T23:59:59+01:00,98,90,272,462,392,783,503,1413,699,1214,421,531,512,967,411,1631,0,0,0,0,0,0,0,0,0,0,0,0,0,0,0,0,10399,0,0,0,0,0,0
2021-01-13T23:59:59+01:00,68,50,161,280,255,519,351,922,477,780,259,325,320,640,263,1044,0,0,0,0,0,0,0,0,0,0,0,0,0,0,0,0,6714,0,0,0,0,0,0
2021-01-12T23:59:59+01:00,32,22,47,99,113,212,150,381,199,334,136,176,167,354,150,573,0,0,0,0,0,0,0,0,0,0,0,0,0,0,0,0,3145,0,0,0,0,0,0
2021-01-11T23:59:59+01:00,19,11,31,63,60,110,76,168,91,125,40,66,62,121,51,183,0,0,0,0,0,0,0,0,0,0,0,0,0,0,0,0,1277,0,0,0,0,0,0
2021-01-10T23:59:59+01:00,16,7,25,52,53,98,66,153,75,111,34,56,52,112,47,174,0,0,0,0,0,0,0,0,0,0,0,0,0,0,0,0,1131,0,0,0,0,0,0
2021-01-09T23:59:59+01:00,15,7,24,50,52,97,63,152,75,109,34,56,52,112,47,174,0,0,0,0,0,0,0,0,0,0,0,0,0,0,0,0,1119,0,0,0,0,0,0
2021-01-08T23:59:59+01:00,12,7,22,48,47,92,59,139,69,105,32,51,51,112,47,174,0,0,0,0,0,0,0,0,0,0,0,0,0,0,0,0,1067,0,0,0,0,0,0
2021-01-07T23:59:59+01:00,8,4,7,18,21,40,22,56,37,65,20,34,37,75,36,117,0,0,0,0,0,0,0,0,0,0,0,0,0,0,0,0,597,0,0,0,0,0,0
2021-01-06T23:59:59+01:00,8,4,7,15,14,30,14,39,24,53,16,25,30,67,34,102,0,0,0,0,0,0,0,0,0,0,0,0,0,0,0,0,482,0,0,0,0,0,0
2021-01-05T23:59:59+01:00,8,4,7,15,14,30,14,39,24,53,16,25,29,67,34,102,0,0,0,0,0,0,0,0,0,0,0,0,0,0,0,0,481,0,0,0,0,0,0
2021-01-04T23:59:59+01:00,3,4,6,5,4,14,3,7,5,16,7,5,6,16,4,13,0,0,0,0,0,0,0,0,0,0,0,0,0,0,0,0,118,0,0,0,0,0,0
2021-01-03T23:59:59+01:00,2,1,1,2,2,7,2,3,2,9,5,4,3,8,3,8,0,0,0,0,0,0,0,0,0,0,0,0,0,0,0,0,62,0,0,0,0,0,0
2021-01-02T23:59:59+01:00,2,1,1,2,2,7,2,3,2,9,5,4,3,8,3,8,0,0,0,0,0,0,0,0,0,0,0,0,0,0,0,0,62,0,0,0,0,0,0
2021-01-01T23:59:59+01:00,2,1,1,2,2,7,2,3,2,9,5,4,3,8,3,8,0,0,0,0,0,0,0,0,0,0,0,0,0,0,0,0,62,0,0,0,0,0,0
2020-12-31T23:59:59+01:00,2,1,1,1,2,7,2,2,2,8,5,4,3,8,3,8,0,0,0,0,0,0,0,0,0,0,0,0,0,0,0,0,59,0,0,0,0,0,0
2020-12-30T23:59:59+01:00,2,1,1,1,2,7,2,2,2,6,5,4,3,8,3,8,0,0,0,0,0,0,0,0,0,0,0,0,0,0,0,0,57,0,0,0,0,0,0
2020-12-29T23:59:59+01:00,2,1,0,1,2,6,2,2,2,6,3,2,2,8,2,7,0,0,0,0,0,0,0,0,0,0,0,0,0,0,0,0,48,0,0,0,0,0,0
2020-12-28T23:59:59+01:00,1,0,0,1,0,2,1,0,0,3,0,1,0,1,1,4,0,0,0,0,0,0,0,0,0,0,0,0,0,0,0,0,15,0,0,0,0,0,0
2020-12-27T23:59:59+01:00,0,0,0,0,0,1,1,0,0,2,0,1,0,1,1,4,0,0,0,0,0,0,0,0,0,0,0,0,0,0,0,0,11,0,0,0,0,0,0
