Datum,<24_1_m,<24_1_w,25-34_1_m,25-34_1_w,35-44_1_m,35-44_1_w,45-54_1_m,45-54_1_w,55-64_1_m,55-64_1_w,65-74_1_m,65-74_1_w,75-84_1_m,75-84_1_w,>84_1_m,>84_1_w,<24_2_m,<24_2_w,25-34_2_m,25-34_2_w,35-44_2_m,35-44_2_w,45-54_2_m,45-54_2_w,55-64_2_m,55-64_2_w,65-74_2_m,65-74_2_w,75-84_2_m,75-84_2_w,>84_2_m,>84_2_w,bp_1,bp_2,mo_1,mo_2,az_1,az_2,ja
2021-06-06T23:59:59+02:00,16216,14818,27197,23827,33903,33526,58056,58558,73302,73451,52857,57103,34897,45923,9735,17839,4483,4605,7328,7782,8111,11200,10911,16041,22784,23966,32829,35095,29989,39600,8966,16356,455557,200197,59392,28877,107722,42435,8537
2021-06-05T23:59:59+02:00,16186,14787,27156,23801,33880,33509,58046,58547,73293,73446,52853,57098,34893,45921,9735,17839,4459,4590,7295,7762,8064,11186,10837,15992,21193,22224,32223,34420,29934,39538,8962,16350,455448,195275,59288,28875,107717,42342,8537
2021-06-04T23:59:59+02:00,15919,14487,26830,23479,33538,33196,57976,58480,73248,73424,52847,57094,34892,45919,9735,17838,4422,4556,7223,7686,8006,11107,10750,15869,21093,22115,32156,34368,29906,39507,8959,16347,453452,195197,59228,28863,107685,41473,8537
2021-06-03T23:59:59+02:00,15244,13945,25790,22805,32472,32482,57517,58167,72985,73248,52785,57030,34863,45891,9730,17826,4268,4442,6944,7518,7749,10914,10361,15583,19029,19969,30455,32418,29695,39249,8939,16301,449178,186823,57798,28845,107672,40034,8132
2021-06-02T23:59:59+02:00,14488,13137,24839,21931,31458,31625,57301,57942,72812,73123,52747,56964,34848,45874,9723,17819,4228,4415,6895,7467,7696,10867,10276,15495,18344,19234,28836,30589,29622,39146,8933,16291,443212,181660,57625,28844,107670,39706,8124
2021-06-01T23:59:59+02:00,13192,12144,22732,20513,29069,29857,56010,56984,71937,72412,52489,56694,34754,45724,9693,17778,3982,4221,6389,7178,7115,10470,9388,14882,16250,17218,25347,26675,29097,38447,8871,16170,434137,168115,53364,28735,107630,37999,6851
2021-05-31T23:59:59+02:00,12187,11403,20942,19371,27135,28427,55029,56234,71352,71915,52298,56468,34689,45634,9682,17747,3815,4049,6065,6935,6721,10178,8806,14505,15142,16149,24243,25411,28792,38035,8821,16093,427471,162476,49381,28705,107614,36532,6047
2021-05-30T23:59:59+02:00,11773,11024,20241,18864,26458,27858,54728,55970,71145,71744,52234,56403,34668,45611,9675,17740,3599,3830,5724,6684,6437,9933,8588,14299,14879,15874,23965,25107,28697,37945,8810,16070,424934,161656,49018,28649,107584,35536,4600
2021-05-29T23:59:59+02:00,11756,11008,20224,18839,26440,27836,54718,55963,71141,71738,52232,56398,34666,45611,9675,17740,3597,3822,5719,6681,6433,9930,8581,14292,14869,15871,23955,25099,28694,37941,8809,16069,424783,161591,49018,28648,107584,35523,4600
2021-05-28T23:59:59+02:00,11681,10899,20068,18670,26193,27598,54569,55793,71004,71619,52201,56351,34654,45590,9672,17732,3547,3737,5630,6542,6329,9724,8460,14029,14683,15603,23809,24954,28655,37893,8803,16062,423145,161219,48981,28648,107569,33994,4599
2021-05-27T23:59:59+02:00,10188,9521,17688,16845,23507,25534,53568,55059,70396,71163,52016,56153,34582,45504,9662,17709,3187,3346,4797,5914,5465,8961,7641,13015,13605,14475,22920,24013,28341,37521,8757,15989,411300,157562,48054,28473,107436,29607,2305
2021-05-26T23:59:59+02:00,9729,9053,16761,15996,22366,24561,53007,54550,70020,70816,51882,56006,34522,45442,9654,17682,2972,3148,4418,5573,5005,8456,7129,12355,12625,13491,22097,23030,28078,37159,8718,15919,405778,153802,47328,28387,107378,26421,1563
2021-05-25T23:59:59+02:00,9042,8376,15520,15091,20968,23446,52591,54193,69795,70646,51821,55934,34504,45423,9651,17674,2877,3029,4232,5438,4766,8225,6836,12020,12031,12923,19993,20930,27786,36699,8692,15882,399062,148242,47085,28373,107347,24563,1181
2021-05-24T23:59:59+02:00,8943,8266,15301,14963,20692,23272,52507,54084,69758,70615,51820,55929,34503,45422,9649,17671,2825,2956,4150,5262,4678,7986,6707,11725,11903,12711,19885,20822,27743,36661,8687,15873,397958,148109,47009,28333,107261,22965,1167
2021-05-23T23:59:59+02:00,8925,8249,15259,14953,20642,23245,52500,54082,69756,70610,51819,55927,34503,45421,9649,17671,2823,2952,4143,5258,4669,7981,6704,11714,11882,12687,19746,20632,27715,36624,8685,15872,397780,147637,47009,28331,107261,22958,1161
2021-05-22T23:59:59+02:00,8920,8240,15247,14941,20635,23240,52500,54080,69754,70610,51819,55926,34503,45421,9649,17671,2818,2941,4137,5256,4667,7980,6703,11711,11871,12683,19736,20628,27714,36624,8685,15872,397727,147602,47009,28331,107261,22934,1159
2021-05-21T23:59:59+02:00,8835,8125,15114,14821,20405,23053,52286,53879,69628,70511,51797,55902,34496,45415,9644,17665,2742,2845,4049,5118,4563,7748,6578,11402,11710,12429,19683,20580,27702,36606,8684,15871,396173,147387,47007,28331,107240,21436,1156
2021-05-20T23:59:59+02:00,8512,7778,14528,14307,19175,21963,49835,51699,68579,69624,51500,55591,34404,45293,9622,17642,2459,2649,3684,4760,4130,7182,5974,10521,10588,11341,18501,19358,27278,36112,8624,15750,385306,142291,46855,28040,106937,17626,954
2021-05-19T23:59:59+02:00,8213,7524,13857,13824,17534,20657,46164,48454,67203,68398,51119,55118,34264,45104,9590,17597,2371,2411,3523,4433,3873,6643,5503,9787,9557,10208,17042,17748,26687,35309,8527,15578,370680,135239,46294,27898,106711,15128,935
2021-05-18T23:59:59+02:00,7985,7310,13297,13388,16174,19604,41641,44585,65855,67159,50645,54644,34138,44910,9554,17553,2318,2258,3385,4249,3688,6323,5138,9276,8618,9292,15495,16008,26087,34593,8451,15426,354759,128679,46236,27340,106565,13704,882
2021-05-17T23:59:59+02:00,7826,7197,12957,13136,15618,19128,39492,42769,65077,66412,50411,54378,34073,44815,9541,17525,2233,2182,3199,4073,3473,6094,4788,8872,7813,8551,12134,11888,25401,33683,8380,15293,351108,123570,41980,21292,106488,12416,779
2021-05-16T23:59:59+02:00,7753,7102,12833,12984,15445,18956,38999,42299,64901,66260,50367,54317,34066,44795,9536,17520,2162,2075,3109,3951,3390,5991,4675,8717,7619,8367,9837,9143,25059,33179,8354,15245,349642,122442,41480,15967,106457,11910,554
2021-05-15T23:59:59+02:00,7746,7092,12829,12979,15441,18951,38993,42298,64900,66258,50367,54316,34066,44795,9536,17520,2161,2074,3106,3945,3386,5987,4670,8715,7617,8364,9834,9141,25059,33179,8354,15245,349601,122412,41480,15967,106455,11907,551
2021-05-14T23:59:59+02:00,7523,6988,12593,12915,15220,18866,37964,41480,64426,65890,50291,54239,34054,44768,9534,17517,2035,1980,2998,3875,3338,5882,4618,8557,7570,8256,9834,9138,25058,33179,8354,15244,346281,122362,41450,15963,105996,11050,541
2021-05-13T23:59:59+02:00,7223,6779,12185,12658,14645,18413,34204,38468,62133,63991,49770,53659,33948,44575,9523,17473,1985,1933,2944,3800,3303,5786,4578,8450,7489,8144,9801,9084,25036,33141,8352,15241,332373,122120,41229,15939,105567,10530,478
2021-05-12T23:59:59+02:00,7202,6752,12108,12591,14529,18296,33523,37872,61668,63568,49632,53499,33913,44534,9518,17464,1985,1930,2943,3800,3300,5786,4578,8448,7487,8137,9794,9083,25036,33139,8352,15240,329409,122102,41219,15929,105563,10529,478
2021-05-11T23:59:59+02:00,6842,6600,11647,12307,14008,17905,29037,34201,59468,61689,49077,52901,33761,44326,9496,17411,1936,1790,2829,3524,3187,5409,4433,7991,7343,7860,9714,9009,25014,33103,8349,15231,314566,121875,41167,15737,104587,8754,356
2021-05-10T23:59:59+02:00,6701,6518,11490,12200,13789,17731,25481,31362,58356,60674,48756,52594,33685,44212,9484,17386,1891,1672,2748,3307,3093,5057,4318,7463,7231,7488,9683,8968,25003,33085,8348,15227,304811,121749,41006,15589,104300,6942,302
2021-05-09T23:59:59+02:00,6620,6480,11404,12137,13687,17646,23827,30134,57960,60363,48666,52505,33664,44182,9479,17381,1867,1633,2690,3194,3044,4914,4275,7334,7192,7424,9673,8957,24998,33081,8347,15227,304295,121729,37449,15547,104102,6285,289
2021-05-08T23:59:59+02:00,6619,6477,11398,12134,13683,17642,23822,30130,57951,60358,48663,52498,33659,44179,9479,17378,1866,1632,2690,3193,3044,4914,4272,7331,7191,7423,9672,8957,24997,33079,8347,15227,304230,121714,37449,15547,104102,6285,289
2021-05-07T23:59:59+02:00,6570,6435,11333,12086,13583,17562,23024,29510,57283,59793,48561,52395,33637,44154,9476,17365,1751,1579,2620,3153,3007,4886,4241,7307,7169,7393,9666,8951,24995,33079,8347,15226,301090,121683,37433,15541,103960,5862,284
2021-05-06T23:59:59+02:00,6294,6301,10794,11763,12861,17103,20741,27718,54005,56855,47528,51214,33371,43804,9434,17280,1498,1422,2402,2996,2844,4713,4088,7114,7024,7245,9601,8879,24979,33052,8344,15219,286229,121430,37263,15406,103419,4429,155
2021-05-05T23:59:59+02:00,6016,6185,10270,11515,12079,16638,18657,26052,50273,53230,46083,49512,33001,43319,9382,17179,1447,1304,2342,2880,2764,4524,3994,6875,6912,7061,9492,8791,24931,32985,8338,15204,269277,120973,37038,15363,103035,3467,41
2021-05-04T23:59:59+02:00,5912,6080,9938,11300,11626,16217,17458,24986,48570,51292,45107,48338,32686,42910,9323,17081,1431,1281,2315,2837,2727,4439,3938,6761,6841,6995,9457,8753,24913,32971,8337,15200,259036,120764,37015,15303,102755,3111,18
2021-05-03T23:59:59+02:00,5790,5982,9577,11121,11152,15940,16280,24020,47052,49691,44339,47481,32507,42618,9298,17009,1409,1249,2286,2813,2685,4374,3892,6707,6763,6942,8603,7650,23449,31038,8224,15002,250113,114981,37005,15221,102729,2874,10
2021-05-02T23:59:59+02:00,5718,5959,9466,11085,11013,15879,15582,23456,46613,49347,44224,47332,32466,42564,9291,17001,1405,1244,2272,2811,2670,4364,3871,6697,6744,6928,7946,6879,21956,29159,8185,14931,248922,114963,35394,10249,102675,2845,5
2021-05-01T23:59:59+02:00,5718,5956,9461,11080,11010,15878,15578,23452,46611,49343,44223,47332,32466,42564,9291,17001,1404,1244,2272,2811,2670,4364,3869,6697,6743,6928,7946,6878,21956,29159,8185,14931,248891,114959,35394,10249,102674,2844,5
2021-04-30T23:59:59+02:00,5665,5933,9393,11060,10959,15857,15487,23415,45071,47880,43964,47060,32435,42527,9289,16994,1174,1139,2087,2731,2575,4298,3792,6645,6679,6873,7942,6865,21955,29157,8185,14931,244928,114953,35394,10247,102662,1823,5
2021-04-29T23:59:59+02:00,5380,5839,8911,10915,10358,15684,14725,23153,39990,43364,43265,46318,32342,42433,9286,16966,974,1053,1929,2657,2493,4235,3686,6572,6615,6829,7923,6852,21953,29150,8185,14931,231305,114931,35293,10144,102326,957,5
2021-04-28T23:59:59+02:00,5185,5798,8659,10828,10000,15599,14367,22983,35015,38497,42408,45472,32235,42317,9276,16951,930,1015,1893,2616,2462,4150,3649,6462,6565,6747,7904,6839,21944,29136,8181,14925,218190,114849,35277,10095,102118,469,5
2021-04-27T23:59:59+02:00,4920,5540,8322,10366,9614,15028,13874,22342,33861,37335,42226,45283,32221,42294,9273,16949,901,998,1859,2595,2447,4132,3629,6442,6533,6723,7893,6832,21940,29131,8178,14919,215487,114793,35266,10065,98690,289,5
2021-04-26T23:59:59+02:00,4890,5510,8246,10326,9510,14978,13646,22220,29053,32496,41496,44589,32159,42211,9264,16942,866,987,1829,2580,2419,4106,3603,6421,6483,6682,7846,6779,21917,29108,8178,14912,203662,114603,35259,10021,98610,87,5
2021-04-25T23:59:59+02:00,4866,5494,8212,10301,9444,14948,13559,22176,26823,30145,41069,44140,32117,42171,9263,16937,852,979,1818,2567,2404,4091,3576,6402,6453,6650,7824,6763,21903,29089,8177,14909,203022,114580,30161,9788,98478,85,4
2021-04-24T23:59:59+02:00,4844,5479,8186,10274,9399,14933,13512,22151,25104,28270,40524,43514,32066,42114,9260,16932,851,978,1814,2565,2404,4086,3576,6400,6453,6646,7822,6762,21902,29089,8177,14909,197987,114560,30161,9787,98410,83,4
2021-04-23T23:59:59+02:00,4526,5289,7723,9980,8969,14570,12934,21749,24677,28002,40452,43460,32050,42086,9254,16927,837,968,1794,2550,2384,4070,3554,6379,6433,6627,7807,6742,21898,29080,8177,14909,197645,114545,30146,9589,94853,71,4
2021-04-22T23:59:59+02:00,4417,5213,7528,9870,8694,14368,12449,21390,22027,25223,37997,40589,31615,41531,9192,16815,821,956,1767,2521,2323,4009,3478,6315,6323,6531,7729,6655,21847,29035,8175,14899,184658,114429,29958,8883,94298,68,4
2021-04-21T23:59:59+02:00,4386,5178,7387,9784,8506,14192,12077,21069,20501,23684,35036,37176,31225,40945,9136,16704,795,938,1730,2492,2279,3984,3445,6283,6286,6491,7695,6626,21831,29016,8172,14895,172975,114323,29784,8567,94223,64,4
2021-04-20T23:59:59+02:00,4350,5143,7264,9715,8294,14025,11671,20756,19209,22296,31916,33723,30827,40442,9090,16610,788,927,1711,2481,2248,3958,3401,6229,6237,6445,7657,6577,21807,28993,8167,14891,161398,114140,29762,8311,94167,62,4
2021-04-19T23:59:59+02:00,4322,5124,7188,9673,8175,13912,11391,20553,18488,21541,31085,32668,30600,40137,9055,16546,778,921,1690,2467,2221,3927,3365,6195,6205,6414,7604,6542,21786,28970,8165,14888,156606,114008,29746,8066,94102,60,4
2021-04-18T23:59:59+02:00,4316,5117,7176,9658,8155,13895,11355,20517,18394,21456,30972,32556,30575,40115,9052,16541,776,917,1673,2455,2205,3910,3340,6165,6176,6394,7580,6530,21769,28949,8162,14886,156115,113949,29676,7875,94055,59,4
2021-04-17T23:59:59+02:00,4315,5115,7172,9657,8153,13895,11351,20509,18379,21447,30953,32544,30573,40114,9052,16541,776,916,1672,2455,2204,3909,3338,6163,6174,6393,7580,6530,21769,28949,8162,14886,156041,113938,29676,7875,94049,59,4
2021-04-16T23:59:59+02:00,4120,5065,6826,9519,7789,13707,10945,20249,17937,21190,30771,32393,30505,40034,9042,16526,763,897,1659,2440,2177,3895,3279,6124,6133,6339,7485,6432,21362,28398,8135,14829,155291,112615,29668,7672,91655,56,4
2021-04-15T23:59:59+02:00,4001,4962,6446,9144,7205,13180,10121,19348,16586,19951,29623,31130,30053,39481,8980,16373,729,872,1603,2398,2096,3811,3155,5991,5795,6094,6971,6024,20685,27523,8059,14686,149553,109303,29373,7134,87654,51,4
2021-04-14T23:59:59+02:00,3931,4897,6218,8915,6862,12800,9483,18770,15476,18875,28230,29657,29514,38702,8890,16211,691,842,1553,2360,2021,3734,3004,5859,5466,5829,6400,5504,19721,26256,7990,14540,142813,105040,29173,6681,85441,45,4
2021-04-13T23:59:59+02:00,3897,4862,6121,8832,6709,12677,9162,18502,14534,18053,24916,26105,28722,37696,8808,16064,684,832,1539,2334,1993,3698,2899,5787,5239,5630,6025,5156,19455,25953,7958,14478,131256,102961,29163,6651,85237,44,4
2021-04-12T23:59:59+02:00,3872,4834,6066,8777,6621,12595,8914,18273,13882,17460,23914,24969,28374,37219,8751,15954,674,824,1529,2325,1970,3678,2837,5733,5077,5511,5702,4871,19183,25666,7923,14428,126195,101376,29148,6507,85128,44,4
2021-04-11T23:59:59+02:00,3865,4827,6047,8753,6593,12576,8873,18247,13782,17390,23792,24834,28327,37154,8743,15933,671,818,1515,2315,1957,3670,2819,5717,5039,5468,5640,4809,19015,25440,7906,14400,125655,100715,29082,6436,84995,44,4
2021-04-10T23:59:59+02:00,3853,4826,6026,8753,6569,12575,8853,18246,13764,17388,23786,24830,28324,37154,8743,15933,668,816,1510,2310,1952,3667,2813,5709,5023,5458,5627,4791,18853,25188,7893,14378,125633,100206,28994,6402,84992,44,4
2021-04-09T23:59:59+02:00,3807,4812,5982,8743,6514,12555,8811,18221,13710,17336,21719,22276,27964,36689,8717,15895,652,799,1487,2286,1924,3650,2764,5665,4948,5402,5506,4684,18286,24457,7861,14320,124945,98448,23890,6203,84912,36,4
2021-04-08T23:59:59+02:00,3777,4792,5912,8716,6442,12509,8722,18157,13557,17213,18985,19022,27600,36218,8686,15856,602,764,1404,2200,1825,3555,2558,5468,4443,5030,4693,4022,16554,22305,7711,14054,124093,91529,18032,5630,84036,26,3
2021-04-07T23:59:59+02:00,3679,4760,5707,8671,6234,12448,8496,18087,13304,17109,16063,15645,27224,35765,8661,15810,578,729,1350,2146,1723,3466,2396,5309,4000,4697,3955,3429,15768,21482,7615,13899,123887,87233,16503,5284,77270,22,3
2021-04-06T23:59:59+02:00,3647,4749,5659,8651,6167,12423,8408,18049,13228,17033,13784,12937,26898,35416,8650,15785,542,705,1277,2087,1637,3383,2218,5172,3610,4428,3418,2983,14974,20526,7551,13796,123762,83607,16302,4680,71417,17,3
2021-04-05T23:59:59+02:00,3643,4744,5620,8638,6133,12413,8356,18029,13161,16998,13738,12891,26890,35402,8649,15784,508,667,1218,2053,1586,3343,2153,5113,3525,4354,3360,2941,14840,20357,7542,13780,123741,83128,16092,4193,71254,17,2
2021-04-04T23:59:59+02:00,3642,4743,5620,8637,6132,12413,8355,18026,13161,16998,13736,12891,26890,35402,8649,15784,508,666,1218,2053,1586,3343,2153,5113,3525,4354,3360,2941,14839,20357,7542,13780,123735,83126,16092,4193,71250,17,2
2021-04-03T23:59:59+02:00,3642,4743,5620,8636,6132,12413,8355,18026,13161,16998,13735,12889,26889,35400,8649,15784,508,665,1218,2053,1585,3343,2153,5111,3518,4351,3355,2931,14753,20219,7533,13766,123729,82850,16092,4193,71249,17,2
2021-04-02T23:59:59+02:00,3641,4740,5618,8631,6127,12404,8346,18013,13131,16967,13690,12834,26867,35389,8646,15780,504,657,1217,2049,1573,3336,2142,5087,3486,4316,3325,2901,13809,18951,7485,13685,123567,80392,16089,4112,71166,17,2
2021-04-01T23:59:59+02:00,3624,4725,5582,8612,6065,12369,8262,17977,13015,16891,13583,12711,26814,35320,8639,15769,445,608,1125,1977,1470,3252,1993,4972,3280,4172,3093,2697,11816,16360,7395,13544,123253,74857,15966,3323,70737,17,2
2021-03-31T23:59:59+02:00,3620,4709,5561,8578,6033,12333,8218,17932,12938,16814,13461,12592,26775,35272,8633,15761,406,584,1083,1934,1398,3210,1876,4858,3021,3964,2643,2394,9275,13129,7238,13337,122954,67353,15927,2979,70347,16,2
2021-03-30T23:59:59+02:00,3611,4698,5535,8549,6004,12303,8176,17889,12860,16738,13374,12466,26747,35229,8628,15752,384,563,1059,1902,1336,3172,1740,4774,2772,3785,2253,2136,8444,12062,7190,13235,122828,64085,15897,2705,69833,16,1
2021-03-29T23:59:59+02:00,3598,4691,5508,8532,5969,12271,8133,17855,12780,16660,12436,11280,25172,33143,8509,15538,376,561,1054,1884,1313,3147,1696,4728,2620,3698,1957,1980,7819,11355,7152,13170,116855,61793,15727,2702,69492,14,1
2021-03-28T23:59:59+02:00,3566,4666,5458,8501,5918,12227,8049,17802,12674,16583,11707,10441,23662,31219,8462,15459,375,559,1052,1883,1306,3144,1689,4726,2608,3690,1932,1959,7799,11342,7150,13166,116794,61666,10556,2699,69043,14,1
2021-03-27T23:59:59+01:00,3553,4661,5419,8493,5881,12213,7999,17787,12632,16531,11678,10403,23659,31213,8462,15459,375,559,1052,1883,1306,3144,1688,4723,2606,3688,1930,1958,7744,11258,7122,13126,116729,61448,10555,2699,68758,14,1
2021-03-26T23:59:59+01:00,3399,4224,4943,7338,5388,10856,7373,15621,11851,14533,11490,10226,23175,30499,8424,15396,374,555,1048,1880,1299,3140,1687,4720,2600,3682,1922,1952,7584,11042,7008,12966,115180,60766,10300,2687,59255,5,1
2021-03-25T23:59:59+01:00,3267,3875,4775,6581,5156,9665,7025,13822,11102,12889,10610,9422,22540,29723,8365,15260,369,547,1040,1869,1287,3122,1665,4682,2559,3631,1854,1888,7263,10537,6770,12608,112285,59002,9598,2684,52193,4,1
2021-03-24T23:59:59+01:00,3211,3831,4706,6511,5019,9560,6803,13646,10565,12444,9766,8592,21594,28520,8286,15109,367,541,1031,1864,1269,3111,1651,4652,2508,3577,1788,1807,6833,9974,6428,12044,108264,56771,9251,2670,50648,4,0
2021-03-23T23:59:59+01:00,3180,3792,4621,6440,4917,9465,6571,13464,10100,12003,9054,7923,21138,27979,8243,15011,354,527,1013,1855,1255,3090,1620,4628,2453,3524,1706,1744,6482,9485,6109,11536,105914,54709,8917,2669,49070,3,0
2021-03-22T23:59:59+01:00,3159,3754,4565,6400,4835,9395,6416,13316,9717,11698,8449,7366,20774,27589,8193,14930,348,522,1002,1849,1241,3073,1606,4614,2427,3497,1681,1724,6255,9180,5754,10854,104432,52960,8657,2664,47467,3,0
2021-03-21T23:59:59+01:00,3150,3738,4516,6376,4786,9357,6321,13239,9515,11497,8132,7104,20641,27452,8184,14906,348,522,1001,1849,1240,3073,1605,4613,2424,3497,1672,1718,6242,9170,5729,10802,104231,52855,8426,2647,46257,3,0
2021-03-20T23:59:59+01:00,3149,3733,4508,6370,4780,9355,6317,13232,9491,11481,8107,7075,20468,27177,8169,14882,348,522,1001,1848,1239,3073,1604,4612,2420,3488,1659,1704,6195,9085,5585,10602,103673,52360,8414,2622,46207,3,0
2021-03-19T23:59:59+01:00,3105,3702,4431,6332,4674,9308,6156,13167,9232,11284,7799,6852,20003,26607,8145,14830,348,522,1000,1846,1239,3071,1601,4610,2413,3483,1644,1695,6085,8952,5250,10076,102378,51232,8173,2600,45076,3,0
2021-03-18T23:59:59+01:00,3028,3618,4253,6191,4430,9102,5747,12836,8277,10579,6537,5793,18847,25366,8025,14625,344,518,996,1836,1222,3057,1560,4590,2342,3440,1570,1650,5890,8648,4646,9172,97493,48922,7631,2558,42130,1,0
2021-03-17T23:59:59+01:00,2993,3570,4163,6092,4288,8977,5468,12536,7563,10002,5531,4869,17584,23890,7882,14410,340,517,992,1827,1217,3047,1544,4569,2267,3412,1507,1606,5754,8418,4163,8456,92094,47134,7129,2501,40595,1,0
2021-03-16T23:59:59+01:00,2969,3538,4097,6020,4192,8881,5276,12368,7083,9610,4759,4224,16794,22963,7797,14261,336,515,989,1822,1213,3039,1537,4559,2242,3392,1479,1588,5620,8238,3752,7781,88454,45679,7095,2422,39283,1,0
2021-03-15T23:59:59+01:00,2965,3524,4080,6005,4160,8856,5225,12319,6954,9489,4610,4053,16491,22575,7775,14208,334,511,988,1816,1207,3031,1520,4547,2218,3370,1436,1574,5435,8006,3299,7077,87682,44092,7002,2276,38605,1,0
2021-03-14T23:59:59+01:00,2958,3513,4063,5986,4128,8839,5176,12284,6859,9392,4510,3947,16370,22409,7758,14176,332,510,987,1814,1201,3024,1516,4537,2205,3363,1426,1566,5428,7998,3294,7065,87365,44031,6984,2234,38019,1,0
2021-03-13T23:59:59+01:00,2954,3507,4060,5976,4121,8834,5168,12272,6838,9380,4487,3919,16056,21970,7739,14144,332,510,987,1814,1201,3024,1516,4537,2205,3363,1426,1566,5428,7997,3294,7065,86482,44030,6960,2234,37983,1,0
2021-03-12T23:59:59+01:00,2879,3415,3959,5809,3996,8606,5028,11962,6661,9136,4345,3783,15131,20702,7688,14063,332,508,985,1812,1201,3021,1513,4531,2205,3357,1418,1564,5420,7973,3292,7053,84021,43951,6898,2233,36244,1,0
2021-03-11T23:59:59+01:00,2734,3157,3740,5476,3741,8141,4667,11167,6034,8357,3828,3298,13581,18738,7606,13940,332,508,981,1808,1200,3008,1503,4514,2192,3336,1372,1534,5383,7939,3282,7027,79722,43808,6735,2110,31748,1,0
2021-03-10T23:59:59+01:00,2591,2997,3593,5241,3548,7811,4376,10657,5471,7800,3243,2858,11355,16043,7480,13741,329,504,975,1797,1195,2999,1496,4499,2167,3319,1342,1527,5353,7923,3275,7020,73415,43739,6565,1981,28825,0,0
2021-03-09T23:59:59+01:00,2559,2929,3527,5164,3435,7711,4186,10450,5058,7456,2745,2488,9903,14057,7403,13620,328,502,975,1790,1188,2991,1491,4491,2161,3309,1328,1523,5346,7920,3272,7019,68589,43704,6415,1930,27687,0,0
2021-03-08T23:59:59+01:00,2529,2855,3474,5096,3358,7628,4050,10327,4754,7258,2280,2225,8006,11644,7298,13482,328,497,974,1781,1181,2974,1485,4480,2156,3303,1319,1512,5328,7900,3267,7011,62889,43593,6079,1903,27296,0,0
2021-03-07T23:59:59+01:00,2462,2788,3374,4989,3261,7544,3944,10231,4632,7174,2228,2174,7987,11625,7298,13475,328,496,973,1781,1181,2974,1485,4480,2156,3303,1319,1512,5328,7900,3267,7011,62759,43591,5397,1903,27030,0,0
2021-03-06T23:59:59+01:00,2454,2772,3362,4983,3257,7539,3935,10222,4621,7170,2226,2173,7935,11547,7271,13435,328,496,972,1777,1180,2972,1485,4477,2152,3299,1316,1507,5324,7893,3265,7003,62550,43543,5337,1903,27015,0,0
2021-03-05T23:59:59+01:00,2305,2667,3134,4794,3023,7214,3646,9814,4302,6869,2159,2118,7697,11203,7108,13207,328,494,970,1774,1180,2971,1484,4471,2148,3292,1310,1506,5318,7886,3265,6998,61570,43492,4494,1903,25196,0,0
2021-03-04T23:59:59+01:00,2023,2411,2714,4344,2571,6564,3037,8850,3661,6159,1964,1974,7382,10754,6867,12844,326,493,969,1765,1177,2953,1484,4456,2136,3283,1301,1504,5307,7873,3258,6988,59928,43373,3218,1900,20973,0,0
2021-03-03T23:59:59+01:00,1947,2309,2605,4176,2444,6338,2892,8558,3494,5933,1885,1901,6986,10190,6571,12359,325,488,969,1754,1175,2929,1477,4429,2133,3273,1277,1492,5303,7868,3254,6980,57917,43226,3072,1900,19599,0,0
2021-03-02T23:59:59+01:00,1907,2212,2537,4062,2359,6180,2785,8374,3383,5799,1809,1834,6599,9633,6249,11806,321,481,968,1735,1172,2909,1473,4411,2131,3262,1254,1487,5293,7850,3248,6975,55809,43070,2831,1900,18888,0,0
2021-03-01T23:59:59+01:00,1892,2180,2496,3948,2311,6069,2748,8274,3333,5725,1767,1812,6369,9335,5869,11075,320,477,965,1731,1170,2898,1472,4396,2129,3247,1248,1484,5291,7848,3247,6969,53943,42992,2819,1900,18441,0,0
2021-02-28T23:59:59+01:00,1873,2136,2461,3882,2283,6008,2703,8198,3309,5686,1762,1809,6353,9323,5841,11023,320,477,964,1731,1170,2898,1472,4395,2129,3246,1248,1483,5291,7848,3247,6969,53822,42989,2817,1899,18011,0,0
2021-02-27T23:59:59+01:00,1869,2126,2459,3879,2279,6008,2702,8197,3307,5683,1757,1797,6313,9247,5701,10836,320,477,954,1726,1159,2888,1463,4389,2115,3237,1247,1480,5291,7847,3247,6969,53358,42985,2817,1824,17985,0,0
2021-02-26T23:59:59+01:00,1669,1947,2343,3635,2199,5581,2606,7675,3225,5283,1748,1780,6238,9156,5487,10503,319,474,947,1718,1151,2867,1456,4368,2103,3227,1243,1471,5284,7831,3242,6959,52607,42905,2796,1755,15672,0,0
2021-02-25T23:59:59+01:00,1433,1625,2129,3199,2027,4794,2395,6665,3006,4507,1666,1724,6093,8925,5012,9817,316,462,939,1655,1117,2766,1418,4260,2050,3160,1209,1453,5242,7782,3225,6916,50728,42440,2784,1530,11505,0,0
2021-02-24T23:59:59+01:00,1369,1381,2024,2935,1922,4449,2263,6252,2833,4268,1599,1681,5912,8626,4375,8850,313,451,897,1607,1064,2673,1362,4141,1959,3040,1177,1430,5225,7758,3218,6899,48387,42184,2774,1030,9578,0,0
2021-02-23T23:59:59+01:00,1353,1324,1989,2873,1896,4348,2239,6164,2801,4219,1592,1668,5752,8405,3858,7992,313,450,865,1573,1015,2615,1308,4066,1848,2972,1135,1409,5207,7731,3206,6864,46596,41984,2749,593,9128,0,0
2021-02-22T23:59:59+01:00,1340,1272,1939,2733,1850,4202,2180,5958,2758,4136,1582,1658,5588,8190,3380,7274,311,438,820,1532,958,2526,1213,3958,1703,2882,1061,1355,5164,7658,3182,6766,44986,41521,2730,6,8324,0,0
2021-02-21T23:59:59+01:00,1335,1250,1908,2673,1824,4107,2155,5845,2737,4090,1575,1652,5586,8180,3380,7272,308,435,816,1521,950,2498,1211,3921,1691,2844,1051,1342,5144,7631,3162,6727,44936,41246,2719,6,7914,0,0
2021-02-20T23:59:59+01:00,1335,1250,1908,2673,1823,4107,2155,5845,2735,4084,1566,1645,5581,8174,3378,7269,308,435,816,1519,949,2495,1210,3916,1690,2843,1051,1342,5084,7559,3124,6682,44922,41018,2693,5,7913,0,0
2021-02-19T23:59:59+01:00,1335,1247,1905,2666,1822,4100,2154,5836,2732,4080,1546,1635,5567,8158,3376,7263,306,433,812,1510,940,2468,1205,3873,1659,2793,1022,1304,4872,7265,2975,6426,44841,39858,2672,5,7909,0,0
2021-02-18T23:59:59+01:00,1302,1149,1867,2546,1782,3962,2091,5614,2678,3936,1534,1622,5554,8121,3372,7240,276,393,764,1384,890,2258,1122,3523,1538,2523,909,1106,4338,6414,2626,5657,44692,35716,2639,5,7039,0,0
2021-02-17T23:59:59+01:00,1247,988,1786,2326,1702,3651,1985,5232,2605,3738,1516,1613,5531,8107,3364,7236,270,385,755,1371,879,2234,1109,3487,1521,2505,902,1103,3911,5816,2382,5310,44651,33935,2580,5,5396,0,0
2021-02-16T23:59:59+01:00,1203,943,1726,2216,1633,3474,1916,5031,2528,3647,1479,1597,5506,8086,3357,7225,263,377,737,1333,861,2180,1073,3366,1488,2433,879,1081,3498,5190,2103,4900,44598,31758,2414,4,4555,0,0
2021-02-15T23:59:59+01:00,1193,919,1709,2140,1614,3376,1895,4918,2509,3576,1454,1586,5469,8062,3334,7178,250,364,720,1297,843,2131,1052,3298,1449,2370,848,1052,3033,4559,1818,4417,44470,29498,2327,3,4135,0,0
2021-02-14T23:59:59+01:00,1091,875,1637,2115,1553,3356,1852,4897,2475,3564,1446,1582,5463,8051,3331,7174,243,352,708,1277,827,2097,1035,3223,1415,2307,817,1003,2936,4414,1758,4239,44429,28648,2291,3,3742,0,0
2021-02-13T23:59:59+01:00,1028,847,1616,2094,1536,3349,1839,4891,2467,3563,1445,1581,5463,8051,3330,7173,240,351,707,1277,827,2093,1035,3222,1413,2305,817,1003,2823,4277,1704,4153,44423,28244,2291,3,3559,0,0
2021-02-12T23:59:59+01:00,647,683,1291,1980,1382,3250,1701,4805,2363,3504,1431,1575,5453,8040,3325,7168,227,343,696,1252,811,2046,1011,3135,1352,2209,760,930,2573,3928,1588,3885,44310,26744,2291,2,1997,0,0
2021-02-11T23:59:59+01:00,452,588,1122,1877,1280,3131,1609,4690,2268,3422,1327,1531,5395,7993,3307,7122,183,269,592,989,673,1585,806,2436,1066,1670,538,689,1911,2932,1162,2801,43958,20301,2093,1,1063,0,0
2021-02-10T23:59:59+01:00,328,497,987,1784,1195,2995,1507,4505,2164,3320,1292,1517,5376,7984,3303,7121,157,179,408,628,506,1070,634,1816,908,1400,523,675,1448,2304,906,2376,43884,15938,1987,0,4,0,0
2021-02-09T23:59:59+01:00,328,494,986,1779,1192,2987,1507,4500,2163,3315,1285,1514,5374,7982,3302,7119,154,174,398,601,486,1041,615,1786,885,1373,521,672,1019,1780,677,2033,43860,14215,1964,0,3,0,0
2021-02-08T23:59:59+01:00,328,492,985,1776,1189,2978,1501,4494,2161,3310,1280,1511,5372,7982,3302,7117,147,167,388,589,476,1023,604,1753,866,1351,516,667,570,1210,433,1687,43835,12447,1940,0,3,0,0
2021-02-07T23:59:59+01:00,328,492,983,1776,1188,2978,1499,4492,2161,3310,1280,1511,5372,7981,3302,7117,143,162,383,584,476,1016,600,1740,856,1336,510,664,569,1197,428,1675,43831,12339,1939,0,0,0,0
2021-02-06T23:59:59+01:00,328,492,983,1776,1188,2978,1499,4492,2161,3310,1280,1511,5372,7981,3302,7117,139,158,381,582,476,1015,600,1738,855,1334,510,664,569,1197,428,1675,43831,12321,1939,0,0,0,0
2021-02-05T23:59:59+01:00,328,491,982,1776,1188,2977,1497,4491,2160,3310,1280,1511,5371,7978,3302,7115,137,149,378,578,468,1003,596,1724,840,1315,506,654,562,1181,420,1652,43818,12163,1939,0,0,0,0
2021-02-04T23:59:59+01:00,323,482,976,1737,1183,2932,1494,4434,2148,3275,1272,1504,5341,7945,3291,7089,105,99,251,393,348,750,465,1311,633,993,389,529,480,982,366,1418,43488,9512,1938,0,0,0,0
2021-02-03T23:59:59+01:00,320,471,970,1714,1180,2893,1484,4385,2140,3241,1262,1491,5316,7913,3282,7064,60,48,87,164,161,368,225,606,309,495,210,290,278,628,221,895,43188,5045,1938,0,0,0,0
2021-02-02T23:59:59+01:00,319,469,968,1700,1177,2872,1480,4354,2133,3216,1254,1485,5309,7899,3275,7043,18,15,28,48,60,108,74,161,96,114,45,74,66,146,49,179,43015,1281,1938,0,0,0,0
2021-02-01T23:59:59+01:00,319,465,968,1698,1176,2871,1479,4347,2132,3212,1253,1485,5309,7899,3275,7043,15,14,25,41,50,98,60,133,73,96,40,64,57,138,47,165,42993,1116,1938,0,0,0,0
2021-01-31T23:59:59+01:00,319,462,968,1696,1175,2867,1479,4341,2132,3210,1252,1484,5309,7899,3275,7043,14,12,23,39,43,87,52,123,63,92,38,53,46,130,45,158,42973,1018,1938,0,0,0,0
2021-01-30T23:59:59+01:00,319,462,963,1692,1166,2859,1472,4335,2128,3208,1252,1484,5249,7827,3237,6998,14,12,23,38,43,87,51,122,63,92,38,53,46,130,45,158,42747,1015,1904,0,0,0,0
2021-01-29T23:59:59+01:00,317,461,949,1681,1154,2838,1460,4304,2106,3184,1246,1478,5061,7586,3099,6830,12,12,23,38,40,87,50,119,60,92,36,48,45,130,45,158,41959,995,1795,0,0,0,0
2021-01-28T23:59:59+01:00,312,437,928,1601,1112,2722,1420,4210,2039,3110,1222,1470,4684,7050,2871,6538,8,6,10,17,22,42,19,58,36,59,20,32,35,87,33,104,40176,588,1550,0,0,0,0
2021-01-27T23:59:59+01:00,305,427,883,1546,1060,2624,1360,4116,1965,3009,1187,1443,4222,6406,2605,6158,4,5,9,7,14,24,5,21,15,25,11,15,16,46,13,53,38214,283,1102,0,0,0,0
2021-01-26T23:59:59+01:00,298,416,843,1492,997,2536,1295,3986,1843,2915,1138,1395,3817,5774,2314,5723,2,2,4,2,6,6,3,3,2,6,7,5,4,8,3,8,36127,71,655,0,0,0,0
2021-01-25T23:59:59+01:00,287,405,789,1428,934,2415,1187,3837,1682,2809,1075,1367,3382,5184,2044,5337,2,2,4,1,4,6,1,3,2,6,7,5,4,8,3,8,34106,66,56,0,0,0,0
2021-01-24T23:59:59+01:00,284,405,781,1422,924,2399,1183,3821,1653,2780,1072,1366,3351,5148,2031,5316,2,2,2,1,4,6,1,3,2,6,7,5,4,8,3,8,33931,64,5,0,0,0,0
2021-01-23T23:59:59+01:00,282,404,781,1422,924,2395,1182,3820,1649,2778,1072,1366,3235,5010,1975,5228,2,2,2,1,3,6,1,3,2,6,7,5,4,8,3,8,33519,63,4,0,0,0,0
2021-01-22T23:59:59+01:00,280,400,780,1408,922,2382,1176,3806,1645,2775,1070,1365,3052,4790,1895,5110,2,2,2,1,3,6,1,3,2,6,7,5,4,8,3,8,32852,63,4,0,0,0,0
2021-01-21T23:59:59+01:00,271,361,715,1242,855,2168,1095,3516,1549,2592,1031,1329,2652,4250,1656,4742,2,1,2,0,3,6,1,3,2,6,7,4,4,8,3,8,30020,60,4,0,0,0,0
2021-01-20T23:59:59+01:00,244,271,542,883,682,1657,884,2802,1324,2186,944,1191,2052,3418,1317,4066,2,1,2,0,3,6,1,3,2,5,6,4,4,8,3,8,24459,58,4,0,0,0,0
2021-01-19T23:59:59+01:00,213,246,492,775,625,1487,795,2478,1146,1898,778,933,1350,2389,923,3102,0,1,1,0,0,0,0,0,1,1,1,0,0,1,0,0,19628,6,2,0,0,0,0
2021-01-18T23:59:59+01:00,161,182,406,639,501,1113,647,1904,942,1456,574,717,638,1344,485,1892,0,0,0,0,0,0,0,0,0,0,0,0,0,1,0,0,13600,1,1,0,0,0,0
2021-01-17T23:59:59+01:00,149,165,392,602,486,1043,616,1782,881,1361,527,679,592,1245,446,1749,0,0,0,0,0,0,0,0,0,0,0,0,0,0,0,0,12715,0,0,0,0,0,0
2021-01-16T23:59:59+01:00,141,160,390,597,484,1033,610,1770,874,1354,527,679,591,1240,442,1736,0,0,0,0,0,0,0,0,0,0,0,0,0,0,0,0,12628,0,0,0,0,0,0
2021-01-15T23:59:59+01:00,138,152,387,591,476,1019,606,1755,858,1334,522,667,583,1223,436,1713,0,0,0,0,0,0,0,0,0,0,0,0,0,0,0,0,12460,0,0,0,0,0,0
2021-01-14T23:59:59+01:00,116,121,296,475,404,848,506,1463,701,1078,414,542,507,1042,386,1537,0,0,0,0,0,0,0,0,0,0,0,0,0,0,0,0,10436,0,0,0,0,0,0
2021-01-13T23:59:59+01:00,75,74,180,287,264,553,354,948,468,698,255,335,318,697,251,972,0,0,0,0,0,0,0,0,0,0,0,0,0,0,0,0,6729,0,0,0,0,0,0
2021-01-12T23:59:59+01:00,35,30,54,101,117,234,146,391,201,301,139,183,166,401,144,535,0,0,0,0,0,0,0,0,0,0,0,0,0,0,0,0,3178,0,0,0,0,0,0
2021-01-11T23:59:59+01:00,22,17,36,62,58,121,74,166,92,116,40,64,59,143,48,166,0,0,0,0,0,0,0,0,0,0,0,0,0,0,0,0,1284,0,0,0,0,0,0
2021-01-10T23:59:59+01:00,18,12,31,52,50,109,63,148,74,106,37,54,49,133,44,157,0,0,0,0,0,0,0,0,0,0,0,0,0,0,0,0,1137,0,0,0,0,0,0
2021-01-09T23:59:59+01:00,17,12,30,50,49,107,60,147,74,105,37,54,49,133,44,157,0,0,0,0,0,0,0,0,0,0,0,0,0,0,0,0,1125,0,0,0,0,0,0
2021-01-08T23:59:59+01:00,14,12,28,48,44,99,55,136,69,102,35,49,48,133,44,157,0,0,0,0,0,0,0,0,0,0,0,0,0,0,0,0,1073,0,0,0,0,0,0
2021-01-07T23:59:59+01:00,8,6,9,18,21,42,19,59,38,61,21,34,37,92,33,103,0,0,0,0,0,0,0,0,0,0,0,0,0,0,0,0,601,0,0,0,0,0,0
2021-01-06T23:59:59+01:00,8,6,8,14,16,30,13,43,25,48,16,24,31,81,31,92,0,0,0,0,0,0,0,0,0,0,0,0,0,0,0,0,486,0,0,0,0,0,0
2021-01-05T23:59:59+01:00,8,6,8,14,16,30,13,43,25,48,16,24,30,81,31,92,0,0,0,0,0,0,0,0,0,0,0,0,0,0,0,0,485,0,0,0,0,0,0
2021-01-04T23:59:59+01:00,3,5,6,4,6,13,1,8,6,14,6,6,6,16,4,13,0,0,0,0,0,0,0,0,0,0,0,0,0,0,0,0,117,0,0,0,0,0,0
2021-01-03T23:59:59+01:00,2,2,1,1,3,6,1,4,2,7,5,4,3,9,3,8,0,0,0,0,0,0,0,0,0,0,0,0,0,0,0,0,61,0,0,0,0,0,0
2021-01-02T23:59:59+01:00,2,2,1,1,3,6,1,4,2,7,5,4,3,9,3,8,0,0,0,0,0,0,0,0,0,0,0,0,0,0,0,0,61,0,0,0,0,0,0
2021-01-01T23:59:59+01:00,2,2,1,1,3,6,1,4,2,7,5,4,3,9,3,8,0,0,0,0,0,0,0,0,0,0,0,0,0,0,0,0,61,0,0,0,0,0,0
2020-12-31T23:59:59+01:00,2,2,1,0,3,6,1,3,2,6,5,4,3,9,3,8,0,0,0,0,0,0,0,0,0,0,0,0,0,0,0,0,58,0,0,0,0,0,0
2020-12-30T23:59:59+01:00,2,2,1,0,3,6,1,3,2,5,5,4,3,9,3,8,0,0,0,0,0,0,0,0,0,0,0,0,0,0,0,0,57,0,0,0,0,0,0
2020-12-29T23:59:59+01:00,2,2,0,0,3,5,1,3,2,5,3,2,2,9,2,7,0,0,0,0,0,0,0,0,0,0,0,0,0,0,0,0,48,0,0,0,0,0,0
2020-12-28T23:59:59+01:00,1,1,0,0,1,1,0,0,0,3,0,1,0,2,1,4,0,0,0,0,0,0,0,0,0,0,0,0,0,0,0,0,15,0,0,0,0,0,0
2020-12-27T23:59:59+01:00,0,0,0,0,1,1,0,0,0,2,0,1,0,1,1,4,0,0,0,0,0,0,0,0,0,0,0,0,0,0,0,0,11,0,0,0,0,0,0
