Datum,<24_1_m,<24_1_w,25-34_1_m,25-34_1_w,35-44_1_m,35-44_1_w,45-54_1_m,45-54_1_w,55-64_1_m,55-64_1_w,65-74_1_m,65-74_1_w,75-84_1_m,75-84_1_w,>84_1_m,>84_1_w,<24_2_m,<24_2_w,25-34_2_m,25-34_2_w,35-44_2_m,35-44_2_w,45-54_2_m,45-54_2_w,55-64_2_m,55-64_2_w,65-74_2_m,65-74_2_w,75-84_2_m,75-84_2_w,>84_2_m,>84_2_w,bp_1,bp_2,mo_1,mo_2,az_1,az_2,ja
2021-05-26T23:59:59+02:00,9689,9010,16669,15898,22253,24429,52896,54422,69834,70634,51641,55742,34449,45359,9646,17648,2943,3092,4370,5462,4952,8347,7052,12230,12497,13345,21941,22845,27968,37016,8707,15889,404638,152947,47238,28277,106829,25918,1514
2021-05-25T23:59:59+02:00,9004,8340,15432,14999,20859,23317,52484,54071,69613,70466,51579,55672,34432,45340,9643,17640,2854,3002,4190,5353,4728,8141,6780,11925,11915,12796,19853,20757,27683,36572,8681,15853,397954,147413,46999,28263,106797,24266,1141
2021-05-24T23:59:59+02:00,8906,8232,15214,14875,20583,23146,52402,53964,69577,70436,51578,55667,34431,45339,9641,17637,2804,2936,4112,5224,4642,7939,6654,11656,11791,12594,19746,20650,27640,36534,8676,15844,396852,147283,46934,28226,106715,22806,1127
2021-05-23T23:59:59+02:00,8888,8215,15172,14865,20533,23119,52395,53962,69575,70431,51577,55665,34431,45338,9641,17637,2802,2932,4105,5220,4634,7934,6651,11645,11770,12570,19607,20460,27612,36497,8674,15843,396674,146811,46934,28224,106715,22800,1121
2021-05-22T23:59:59+02:00,8883,8207,15161,14853,20526,23114,52395,53960,69573,70431,51577,55664,34431,45338,9641,17637,2797,2921,4099,5218,4632,7933,6650,11642,11759,12566,19597,20456,27611,36497,8674,15843,396623,146776,46934,28224,106715,22776,1119
2021-05-21T23:59:59+02:00,8799,8097,15028,14734,20301,22932,52183,53763,69450,70335,51557,55640,34424,45332,9636,17631,2721,2826,4011,5082,4529,7702,6525,11335,11598,12312,19544,20409,27599,36479,8673,15842,395096,146564,46932,28224,106695,21280,1119
2021-05-20T23:59:59+02:00,8480,7760,14454,14242,19088,21862,49735,51592,68406,69457,51260,55331,34332,45212,9614,17608,2443,2636,3651,4739,4101,7154,5929,10474,10484,11243,18365,19195,27178,35990,8613,15722,384301,141503,46788,27940,106416,17546,928
2021-05-19T23:59:59+02:00,8186,7510,13793,13770,17465,20579,46080,48356,67043,68244,50885,54863,34197,45029,9582,17565,2356,2401,3496,4418,3852,6618,5466,9747,9470,10128,16918,17608,26593,35197,8516,15551,369765,134532,46272,27819,106191,15065,919
2021-05-18T23:59:59+02:00,7958,7297,13240,13336,16104,19530,41560,44489,65696,67010,50415,54390,34072,44836,9546,17521,2303,2252,3364,4235,3672,6304,5108,9246,8545,9225,15401,15908,26011,34497,8441,15400,353869,128121,46216,27262,106044,13658,871
2021-05-17T23:59:59+02:00,7800,7185,12905,13087,15549,19055,39414,42672,64922,66267,50181,54125,34007,44742,9533,17494,2218,2178,3187,4063,3459,6080,4766,8850,7768,8496,12058,11815,25343,33611,8372,15272,350236,123155,41962,21220,105967,12388,773
2021-05-16T23:59:59+02:00,7727,7090,12781,12935,15377,18884,38921,42202,64747,66115,50138,54064,34000,44722,9528,17490,2150,2071,3098,3941,3378,5977,4655,8695,7575,8314,9771,9081,25001,33108,8346,15225,348772,122034,41463,15919,105936,11883,550
2021-05-15T23:59:59+02:00,7720,7080,12777,12930,15373,18879,38915,42201,64746,66113,50138,54063,34000,44722,9528,17490,2149,2070,3095,3935,3374,5973,4650,8693,7573,8311,9768,9079,25001,33108,8346,15225,348731,122004,41463,15919,105934,11880,547
2021-05-14T23:59:59+02:00,7497,6976,12541,12866,15152,18794,37886,41383,64273,65745,50062,53986,33988,44695,9526,17487,2023,1976,2988,3866,3326,5868,4599,8535,7526,8203,9768,9076,25000,33108,8346,15224,345412,121956,41433,15916,105475,11023,537
2021-05-13T23:59:59+02:00,7197,6767,12134,12609,14579,18343,34128,38374,61985,63849,49541,53407,33882,44502,9515,17443,1973,1929,2934,3791,3291,5772,4562,8429,7445,8092,9736,9026,24980,33071,8344,15222,331523,121726,41212,15893,105046,10504,474
2021-05-12T23:59:59+02:00,7176,6741,12058,12542,14463,18227,33447,37782,61520,63428,49404,53249,33847,44461,9510,17434,1973,1926,2933,3791,3288,5772,4562,8427,7443,8085,9729,9025,24980,33069,8344,15221,328571,121708,41202,15883,105042,10503,474
2021-05-11T23:59:59+02:00,6816,6590,11597,12261,13944,17837,28962,34116,59322,61552,48850,52654,33695,44253,9488,17381,1924,1787,2819,3517,3177,5396,4417,7970,7299,7809,9650,8951,24959,33033,8341,15212,313749,121484,41150,15691,104066,8733,353
2021-05-10T23:59:59+02:00,6675,6508,11440,12154,13725,17664,25410,31276,58211,60537,48529,52347,33619,44139,9476,17356,1880,1672,2738,3301,3083,5044,4302,7442,7190,7441,9623,8911,24948,33016,8340,15208,303998,121372,40989,15543,103780,6925,299
2021-05-09T23:59:59+02:00,6594,6470,11354,12091,13623,17579,23756,30049,57815,60226,48439,52258,33598,44109,9471,17351,1856,1633,2680,3188,3035,4901,4259,7313,7151,7377,9613,8900,24943,33012,8339,15208,303483,121353,37432,15501,103582,6268,286
2021-05-08T23:59:59+02:00,6593,6467,11348,12088,13619,17575,23751,30045,57806,60221,48436,52251,33593,44106,9471,17348,1855,1632,2680,3187,3035,4901,4256,7310,7150,7376,9612,8900,24942,33010,8339,15208,303418,121338,37432,15501,103582,6268,286
2021-05-07T23:59:59+02:00,6544,6425,11283,12041,13520,17496,22953,29426,57142,59659,48339,52158,33577,44083,9468,17337,1742,1579,2610,3147,2998,4873,4226,7286,7128,7346,9606,8894,24940,33010,8339,15207,300314,121310,37416,15495,103440,5845,281
2021-05-06T23:59:59+02:00,6272,6291,10749,11720,12801,17041,20675,27643,53876,56733,47315,50982,33313,43736,9427,17255,1491,1422,2393,2991,2836,4700,4073,7093,6983,7197,9543,8822,24924,32984,8336,15201,285528,121062,37246,15361,102903,4414,152
2021-05-05T23:59:59+02:00,5995,6175,10227,11472,12022,16582,18597,25981,50154,53114,45875,49283,32943,43252,9375,17154,1440,1304,2333,2875,2757,4513,3979,6855,6873,7015,9436,8735,24876,32920,8330,15186,268620,120615,37021,15319,102520,3453,40
2021-05-04T23:59:59+02:00,5891,6070,9895,11258,11572,16162,17400,24915,48456,51180,44899,48109,32628,42842,9316,17056,1424,1281,2307,2832,2720,4428,3924,6741,6802,6949,9401,8697,24859,32906,8329,15182,258395,120409,36998,15259,102239,3097,17
2021-05-03T23:59:59+02:00,5769,5972,9536,11079,11099,15887,16224,23954,46944,49586,44138,47264,32452,42551,9291,16985,1402,1249,2278,2808,2679,4363,3879,6688,6725,6896,8553,7600,23402,30986,8216,14984,249521,114660,36988,15179,102213,2860,9
2021-05-02T23:59:59+02:00,5697,5949,9425,11043,10960,15826,15526,23390,46505,49242,44023,47115,32411,42498,9284,16977,1398,1245,2264,2806,2664,4353,3860,6678,6708,6882,7898,6836,21916,29112,8177,14913,248330,114642,35378,10233,102159,2831,4
2021-05-01T23:59:59+02:00,5697,5946,9420,11038,10957,15825,15522,23386,46503,49238,44022,47115,32411,42498,9284,16977,1397,1245,2264,2806,2664,4353,3858,6678,6707,6882,7898,6835,21916,29112,8177,14913,248299,114638,35378,10233,102158,2830,4
2021-04-30T23:59:59+02:00,5644,5923,9352,11018,10906,15804,15431,23350,44965,47775,43763,46843,32380,42461,9282,16970,1167,1140,2080,2726,2569,4287,3781,6626,6644,6827,7894,6822,21915,29110,8177,14913,244339,114632,35378,10231,102146,1811,4
2021-04-29T23:59:59+02:00,5359,5829,8871,10873,10306,15631,14669,23088,39885,43260,43065,46101,32287,42366,9279,16942,969,1054,1922,2652,2487,4224,3675,6553,6580,6784,7876,6809,21913,29103,8177,14913,230719,114612,35277,10128,101811,947,4
2021-04-28T23:59:59+02:00,5166,5788,8620,10786,9949,15546,14311,22919,34911,38394,42208,45255,32180,42250,9269,16927,927,1016,1886,2611,2456,4139,3638,6443,6532,6702,7857,6796,21904,29089,8173,14907,217608,114532,35261,10079,101606,461,4
2021-04-27T23:59:59+02:00,4901,5530,8283,10325,9563,14977,13818,22280,33762,37234,42029,45067,32166,42227,9266,16925,898,999,1852,2590,2441,4122,3618,6423,6500,6678,7846,6789,21900,29084,8170,14901,214907,114476,35250,10049,98192,282,4
2021-04-26T23:59:59+02:00,4871,5500,8207,10285,9461,14927,13591,22158,28955,32396,41299,44373,32104,42144,9257,16918,863,987,1822,2576,2413,4096,3592,6402,6450,6637,7799,6737,21877,29061,8170,14894,203086,114288,35243,10005,98113,79,4
2021-04-25T23:59:59+02:00,4847,5484,8173,10260,9395,14897,13504,22114,26725,30045,40873,43924,32062,42104,9256,16913,849,979,1811,2563,2398,4081,3565,6383,6420,6605,7777,6721,21863,29042,8169,14891,202447,114265,30145,9772,97981,77,3
2021-04-24T23:59:59+02:00,4825,5469,8147,10234,9350,14882,13457,22089,25008,28171,40328,43299,32011,42047,9253,16908,848,978,1807,2561,2398,4076,3565,6381,6420,6601,7775,6720,21862,29042,8169,14891,197417,114245,30145,9771,97913,75,3
2021-04-23T23:59:59+02:00,4507,5279,7684,9941,8921,14521,12882,21687,24585,27904,40258,43247,31996,42025,9248,16904,834,968,1787,2546,2378,4060,3543,6360,6400,6582,7760,6700,21858,29033,8169,14891,197100,114230,30130,9573,94356,63,3
2021-04-22T23:59:59+02:00,4399,5203,7489,9832,8647,14321,12400,21328,21947,25142,37859,40424,31563,41475,9186,16792,819,956,1760,2517,2317,3999,3469,6296,6293,6486,7684,6613,21807,28988,8167,14881,184263,114119,29940,8870,93801,60,3
2021-04-21T23:59:59+02:00,4369,5168,7350,9746,8462,14147,12024,21011,20427,23604,34903,37022,31175,40887,9131,16682,793,938,1723,2488,2273,3974,3436,6265,6256,6446,7651,6584,21791,28969,8164,14877,172612,114015,29766,8554,93727,56,3
2021-04-20T23:59:59+02:00,4335,5133,7229,9677,8253,13983,11619,20700,19141,22229,31812,33594,30782,40394,9085,16590,786,927,1704,2477,2243,3949,3394,6212,6212,6414,7618,6539,21767,28948,8159,14874,161138,113868,29745,8298,93670,54,3
2021-04-19T23:59:59+02:00,4308,5114,7154,9635,8135,13870,11341,20498,18423,21481,30986,32546,30555,40089,9050,16526,776,921,1683,2463,2216,3918,3358,6178,6180,6383,7565,6504,21747,28925,8157,14871,156373,113737,29729,8053,93606,52,3
2021-04-18T23:59:59+02:00,4302,5107,7142,9620,8115,13853,11305,20462,18332,21397,30873,32434,30530,40067,9047,16521,774,917,1666,2451,2201,3901,3333,6149,6151,6364,7541,6492,21730,28904,8154,14869,155884,113678,29659,7865,93561,51,3
2021-04-17T23:59:59+02:00,4301,5105,7138,9619,8113,13853,11301,20454,18317,21388,30854,32422,30528,40066,9047,16521,774,916,1665,2451,2200,3900,3331,6147,6149,6363,7541,6492,21730,28904,8154,14869,155810,113667,29659,7865,93555,51,3
2021-04-16T23:59:59+02:00,4106,5055,6793,9481,7749,13666,10895,20194,17874,21132,30672,32271,30460,39986,9037,16506,761,897,1652,2436,2174,3886,3272,6108,6108,6310,7446,6394,21323,28353,8127,14812,155059,112345,29653,7663,91162,48,3
2021-04-15T23:59:59+02:00,3987,4952,6414,9106,7165,13139,10071,19294,16523,19893,29523,31009,30008,39433,8975,16353,727,872,1596,2394,2093,3802,3148,5975,5771,6066,6933,5986,20646,27479,8051,14669,149326,109036,29358,7126,87158,43,3
2021-04-14T23:59:59+02:00,3922,4890,6204,8896,6838,12770,9454,18737,15420,18832,28127,29531,29469,38656,8885,16191,689,842,1547,2356,2018,3726,2997,5844,5444,5803,6363,5470,19683,26213,7983,14523,142585,104789,29160,6673,85074,36,3
2021-04-13T23:59:59+02:00,3888,4855,6106,8813,6685,12647,9136,18470,14484,18011,24824,25995,28679,37655,8803,16045,682,832,1533,2330,1990,3690,2892,5772,5217,5606,5989,5123,19418,25912,7951,14462,131072,102718,29150,6643,84871,35,3
2021-04-12T23:59:59+02:00,3865,4827,6054,8759,6598,12567,8890,18243,13839,17424,23828,24873,28335,37185,8746,15937,672,824,1523,2321,1967,3670,2830,5718,5056,5488,5667,4839,19147,25626,7916,14412,126069,101139,29135,6499,84763,35,3
2021-04-11T23:59:59+02:00,3858,4820,6035,8735,6570,12548,8849,18217,13740,17354,23706,24738,28288,37120,8738,15916,669,818,1509,2311,1954,3662,2812,5702,5018,5445,5605,4777,18979,25401,7899,14384,125529,100479,29069,6428,84631,35,3
2021-04-10T23:59:59+02:00,3846,4819,6014,8735,6546,12547,8829,18216,13722,17352,23700,24734,28285,37120,8738,15916,666,816,1504,2306,1949,3659,2806,5694,5002,5435,5592,4759,18817,25150,7886,14362,125507,99971,28981,6394,84628,35,3
2021-04-09T23:59:59+02:00,3800,4805,5970,8725,6491,12527,8787,18191,13668,17300,21633,22181,27925,36655,8712,15878,650,799,1481,2282,1921,3642,2757,5651,4930,5383,5478,4658,18259,24425,7857,14306,124819,98254,23878,6195,84548,27,3
2021-04-08T23:59:59+02:00,3770,4785,5900,8698,6419,12481,8699,18128,13515,17177,18899,18926,27562,36184,8681,15840,600,764,1398,2196,1823,3547,2554,5454,4428,5013,4676,4005,16532,22281,7707,14040,123969,91375,18020,5624,83673,17,2
2021-04-07T23:59:59+02:00,3672,4753,5696,8653,6211,12420,8473,18058,13264,17073,15998,15587,27187,35735,8656,15794,576,729,1344,2142,1722,3458,2392,5296,3986,4683,3941,3415,15752,21466,7612,13888,123764,87109,16491,5278,76973,13,2
2021-04-06T23:59:59+02:00,3640,4742,5648,8633,6144,12395,8385,18020,13189,16997,13720,12880,26861,35386,8645,15769,540,705,1273,2083,1636,3375,2215,5160,3599,4420,3406,2969,14960,20514,7549,13787,123640,83506,16290,4675,71122,8,2
2021-04-05T23:59:59+02:00,3636,4737,5609,8620,6110,12385,8334,17999,13122,16962,13674,12835,26853,35372,8644,15768,506,667,1214,2049,1585,3335,2150,5101,3514,4346,3348,2927,14827,20345,7540,13771,123618,83028,16082,4188,70959,8,1
2021-04-04T23:59:59+02:00,3635,4736,5609,8619,6110,12385,8333,17996,13122,16962,13672,12835,26853,35372,8644,15768,506,666,1214,2049,1585,3335,2150,5101,3514,4346,3348,2927,14826,20345,7540,13771,123613,83026,16082,4188,70955,8,1
2021-04-03T23:59:59+02:00,3635,4736,5609,8618,6110,12385,8333,17996,13122,16962,13671,12833,26852,35370,8644,15768,506,665,1214,2049,1584,3335,2150,5099,3507,4343,3343,2917,14740,20207,7531,13757,123607,82750,16082,4188,70954,8,1
2021-04-02T23:59:59+02:00,3634,4733,5607,8613,6105,12376,8324,17983,13092,16932,13627,12778,26830,35359,8641,15764,502,657,1213,2045,1572,3328,2139,5075,3475,4308,3313,2887,13796,18939,7483,13677,123447,80293,16079,4107,70871,8,1
2021-04-01T23:59:59+02:00,3617,4718,5571,8594,6043,12341,8240,17947,12976,16855,13520,12655,26777,35290,8634,15753,443,608,1121,1973,1470,3244,1990,4961,3269,4165,3083,2684,11805,16349,7393,13536,123132,74767,15956,3318,70442,8,1
2021-03-31T23:59:59+02:00,3613,4702,5550,8560,6011,12305,8196,17903,12897,16778,13399,12536,26738,35242,8628,15743,404,584,1079,1930,1397,3203,1873,4847,3013,3958,2634,2383,9264,13117,7236,13331,122831,67272,15917,2973,70052,7,1
2021-03-30T23:59:59+02:00,3604,4691,5524,8532,5982,12275,8155,17861,12820,16702,13312,12410,26710,35199,8623,15734,382,563,1055,1898,1335,3165,1737,4763,2769,3781,2248,2132,8442,12060,7189,13231,122709,64044,15887,2699,69538,7,0
2021-03-29T23:59:59+02:00,3591,4684,5498,8515,5947,12243,8112,17827,12740,16624,12375,11225,25137,33112,8504,15520,375,561,1050,1880,1312,3141,1693,4717,2617,3694,1952,1976,7818,11354,7151,13166,116736,61756,15717,2696,69201,5,0
2021-03-28T23:59:59+02:00,3559,4659,5448,8484,5896,12199,8028,17774,12634,16547,11646,10387,23628,31188,8457,15441,374,559,1048,1879,1305,3138,1686,4715,2605,3686,1927,1955,7798,11342,7149,13162,116675,61629,10548,2694,68752,5,0
2021-03-27T23:59:59+01:00,3546,4654,5409,8476,5859,12185,7978,17759,12592,16495,11617,10349,23625,31182,8457,15441,374,559,1048,1879,1305,3138,1685,4712,2603,3684,1925,1954,7743,11258,7121,13122,116610,61411,10547,2694,68467,5,0
2021-03-26T23:59:59+01:00,3392,4217,4933,7321,5366,10828,7353,15593,11812,14497,11430,10172,23141,30469,8419,15378,373,555,1046,1876,1299,3136,1684,4711,2597,3679,1917,1949,7583,11042,7007,12962,115062,60729,10292,2682,58967,5,0
2021-03-25T23:59:59+01:00,3260,3868,4765,6564,5136,9638,7007,13797,11066,12854,10558,9373,22509,29695,8360,15242,368,547,1038,1865,1287,3118,1662,4673,2556,3628,1849,1885,7262,10537,6769,12604,112168,58965,9590,2679,51934,4,0
2021-03-24T23:59:59+01:00,3204,3824,4696,6494,4999,9533,6786,13622,10529,12409,9714,8545,21562,28493,8281,15092,366,541,1029,1860,1269,3107,1649,4643,2505,3574,1783,1804,6833,9974,6426,12040,108149,56734,9243,2665,50391,4,0
2021-03-23T23:59:59+01:00,3173,3785,4611,6423,4897,9438,6554,13440,10064,11969,9003,7878,21106,27953,8238,14995,353,527,1011,1851,1255,3086,1618,4619,2450,3521,1701,1741,6482,9485,6107,11532,105800,54672,8909,2664,48818,3,0
2021-03-22T23:59:59+01:00,3153,3747,4555,6383,4816,9368,6403,13292,9685,11665,8400,7322,20743,27563,8188,14914,347,522,1000,1845,1241,3069,1604,4605,2424,3494,1676,1721,6254,9180,5752,10850,104320,52922,8650,2659,47227,3,0
2021-03-21T23:59:59+01:00,3144,3731,4507,6359,4767,9330,6308,13216,9484,11466,8085,7067,20613,27427,8179,14891,347,522,999,1845,1240,3069,1603,4604,2421,3494,1667,1715,6241,9170,5727,10798,104119,52817,8421,2642,46034,3,0
2021-03-20T23:59:59+01:00,3143,3726,4499,6353,4761,9328,6304,13209,9460,11450,8060,7038,20440,27152,8164,14867,347,522,999,1844,1239,3069,1602,4603,2417,3485,1654,1701,6194,9085,5583,10598,103561,52322,8409,2617,45984,3,0
2021-03-19T23:59:59+01:00,3099,3695,4422,6315,4656,9281,6143,13144,9206,11259,7773,6826,19983,26591,8141,14817,347,522,998,1842,1239,3067,1599,4601,2410,3480,1639,1692,6084,8952,5247,10072,102288,51193,8169,2595,44894,3,0
2021-03-18T23:59:59+01:00,3022,3611,4244,6174,4414,9076,5735,12814,8257,10555,6519,5774,18834,25358,8023,14613,343,518,994,1832,1222,3053,1558,4581,2339,3437,1565,1645,5889,8647,4644,9168,97424,48882,7627,2553,41972,0,0
2021-03-17T23:59:59+01:00,2987,3563,4154,6075,4274,8951,5456,12514,7546,9982,5516,4854,17577,23889,7881,14401,339,517,990,1823,1216,3043,1542,4560,2264,3409,1502,1601,5753,8417,4161,8452,92054,47093,7125,2496,40441,0,0
2021-03-16T23:59:59+01:00,2963,3531,4088,6004,4178,8855,5264,12346,7066,9591,4745,4208,16787,22963,7796,14252,335,515,987,1818,1212,3035,1535,4550,2239,3389,1474,1583,5619,8237,3750,7778,88413,45639,7091,2417,39133,0,0
2021-03-15T23:59:59+01:00,2959,3517,4071,5989,4147,8830,5213,12297,6937,9470,4596,4037,16483,22575,7774,14199,333,511,986,1812,1206,3027,1518,4538,2215,3367,1431,1569,5434,8005,3297,7074,87641,44052,6999,2271,38454,0,0
2021-03-14T23:59:59+01:00,2953,3506,4054,5970,4115,8814,5164,12262,6843,9373,4498,3932,16363,22409,7757,14168,331,510,985,1810,1200,3020,1514,4528,2202,3360,1421,1561,5427,7997,3292,7062,87324,43991,6981,2229,37876,0,0
2021-03-13T23:59:59+01:00,2949,3500,4051,5960,4108,8809,5156,12250,6822,9361,4475,3904,16049,21970,7738,14136,331,510,985,1810,1200,3020,1514,4528,2202,3360,1421,1561,5427,7996,3292,7062,86441,43990,6957,2229,37840,0,0
2021-03-12T23:59:59+01:00,2874,3408,3950,5793,3983,8581,5016,11940,6646,9118,4333,3768,15124,20702,7687,14056,331,508,983,1808,1200,3017,1511,4522,2202,3354,1413,1559,5419,7972,3290,7050,83981,43911,6895,2228,36103,0,0
2021-03-11T23:59:59+01:00,2728,3153,3732,5463,3728,8118,4656,11148,6022,8345,3824,3290,13577,18738,7605,13933,331,508,979,1804,1199,3004,1501,4505,2189,3333,1367,1530,5382,7938,3280,7024,79685,43769,6732,2105,31643,0,0
2021-03-10T23:59:59+01:00,2587,2993,3585,5229,3535,7789,4364,10641,5461,7789,3239,2851,11351,16042,7480,13736,328,504,973,1793,1194,2995,1495,4490,2162,3316,1338,1522,5352,7923,3273,7015,73383,43697,6562,1976,28727,0,0
2021-03-09T23:59:59+01:00,2556,2925,3519,5152,3422,7689,4174,10434,5048,7445,2741,2482,9900,14057,7403,13615,327,502,973,1786,1187,2987,1490,4482,2156,3306,1324,1518,5345,7920,3270,7014,68558,43662,6412,1925,27592,0,0
2021-03-08T23:59:59+01:00,2526,2851,3466,5084,3345,7607,4038,10311,4744,7247,2276,2219,8003,11644,7298,13477,327,497,972,1777,1180,2970,1484,4471,2151,3300,1315,1507,5327,7900,3265,7006,62860,43551,6076,1898,27200,0,0
2021-03-07T23:59:59+01:00,2459,2784,3366,4977,3248,7524,3932,10215,4622,7163,2224,2168,7984,11625,7298,13470,327,496,971,1777,1180,2970,1484,4471,2151,3300,1315,1507,5327,7900,3265,7006,62730,43549,5394,1898,26935,0,0
2021-03-06T23:59:59+01:00,2451,2768,3354,4971,3244,7519,3923,10206,4611,7159,2222,2167,7932,11547,7271,13430,327,496,970,1773,1179,2968,1484,4468,2147,3296,1312,1502,5323,7893,3263,6998,62521,43501,5334,1898,26920,0,0
2021-03-05T23:59:59+01:00,2302,2663,3126,4782,3010,7194,3635,9798,4292,6858,2155,2112,7694,11203,7108,13202,327,494,968,1770,1179,2967,1483,4462,2143,3289,1306,1501,5317,7886,3263,6993,61541,43450,4491,1898,25102,0,0
2021-03-04T23:59:59+01:00,2021,2407,2706,4332,2558,6545,3026,8835,3651,6148,1960,1968,7379,10754,6867,12839,325,493,967,1761,1176,2949,1483,4447,2131,3280,1297,1499,5306,7873,3256,6983,59898,43331,3215,1895,20883,0,0
2021-03-03T23:59:59+01:00,1945,2305,2599,4168,2440,6326,2885,8549,3488,5927,1881,1895,6984,10190,6571,12354,324,488,967,1750,1174,2925,1476,4420,2128,3270,1273,1487,5302,7868,3252,6975,57888,43184,3070,1895,19549,0,0
2021-03-02T23:59:59+01:00,1905,2209,2532,4055,2355,6175,2784,8368,3379,5795,1806,1829,6597,9633,6249,11801,320,481,966,1731,1171,2905,1472,4402,2126,3259,1250,1482,5292,7850,3246,6970,55780,43028,2829,1895,18863,0,0
2021-03-01T23:59:59+01:00,1890,2177,2491,3941,2307,6064,2747,8269,3329,5721,1764,1807,6367,9335,5869,11070,319,477,963,1727,1169,2894,1471,4387,2124,3244,1244,1479,5290,7848,3245,6964,53914,42950,2817,1895,18417,0,0
2021-02-28T23:59:59+01:00,1871,2133,2456,3875,2280,6003,2703,8193,3305,5682,1759,1804,6351,9323,5841,11018,319,477,962,1727,1169,2894,1471,4386,2124,3243,1244,1479,5290,7848,3245,6964,53793,42948,2815,1894,17989,0,0
2021-02-27T23:59:59+01:00,1867,2123,2454,3872,2276,6003,2702,8192,3303,5679,1754,1792,6311,9247,5701,10831,319,477,952,1722,1158,2884,1462,4380,2110,3234,1243,1476,5290,7847,3245,6964,53329,42944,2815,1819,17963,0,0
2021-02-26T23:59:59+01:00,1667,1944,2338,3628,2196,5576,2606,7670,3221,5279,1745,1775,6236,9156,5486,10498,318,474,945,1714,1150,2863,1455,4359,2098,3224,1239,1467,5283,7831,3241,6955,52577,42866,2794,1750,15650,0,0
2021-02-25T23:59:59+01:00,1431,1623,2125,3192,2024,4789,2395,6660,3002,4505,1663,1719,6091,8925,5011,9812,315,462,937,1652,1116,2762,1417,4251,2046,3157,1205,1449,5241,7782,3224,6912,50698,42403,2782,1525,11487,0,0
2021-02-24T23:59:59+01:00,1367,1381,2021,2928,1920,4444,2263,6248,2830,4266,1596,1676,5910,8626,4375,8845,312,451,895,1604,1063,2669,1361,4132,1955,3038,1173,1426,5224,7758,3217,6895,48358,42147,2772,1026,9566,0,0
2021-02-23T23:59:59+01:00,1351,1325,1986,2866,1894,4344,2239,6160,2798,4217,1589,1663,5750,8405,3858,7988,312,450,863,1570,1014,2611,1308,4058,1844,2970,1132,1406,5206,7731,3205,6860,46568,41947,2747,593,9118,0,0
2021-02-22T23:59:59+01:00,1338,1273,1937,2727,1849,4198,2180,5954,2756,4135,1579,1653,5586,8190,3380,7270,310,438,818,1529,957,2522,1213,3950,1699,2880,1058,1352,5163,7658,3181,6762,44958,41484,2728,6,8319,0,0
2021-02-21T23:59:59+01:00,1333,1251,1906,2667,1823,4103,2155,5841,2735,4089,1572,1647,5584,8180,3380,7268,307,435,814,1518,949,2494,1211,3913,1687,2843,1048,1339,5143,7631,3161,6723,44908,41210,2717,6,7909,0,0
2021-02-20T23:59:59+01:00,1333,1251,1906,2667,1822,4103,2155,5841,2733,4083,1563,1640,5579,8174,3378,7265,307,435,814,1516,948,2491,1210,3908,1686,2842,1048,1339,5083,7559,3123,6678,44894,40982,2691,5,7908,0,0
2021-02-19T23:59:59+01:00,1333,1248,1903,2660,1821,4096,2154,5832,2730,4079,1543,1630,5565,8158,3376,7259,305,433,810,1507,939,2464,1205,3865,1655,2792,1019,1301,4871,7265,2974,6422,44813,39822,2670,5,7904,0,0
2021-02-18T23:59:59+01:00,1300,1150,1865,2541,1781,3958,2091,5610,2676,3935,1531,1617,5552,8121,3372,7236,276,393,762,1381,889,2254,1122,3517,1534,2522,906,1103,4338,6414,2626,5655,44664,35687,2637,5,7035,0,0
2021-02-17T23:59:59+01:00,1245,989,1784,2321,1701,3647,1985,5228,2603,3737,1513,1608,5529,8107,3364,7232,270,385,753,1368,878,2230,1109,3481,1517,2504,899,1100,3911,5816,2382,5308,44623,33906,2578,5,5392,0,0
2021-02-16T23:59:59+01:00,1201,944,1724,2211,1633,3470,1916,5027,2526,3646,1476,1592,5504,8086,3357,7221,263,377,735,1331,860,2176,1073,3360,1484,2432,876,1078,3498,5190,2103,4898,44570,31730,2412,4,4552,0,0
2021-02-15T23:59:59+01:00,1192,920,1707,2137,1615,3373,1895,4914,2507,3576,1451,1581,5467,8062,3334,7174,250,364,718,1295,842,2127,1052,3292,1445,2369,846,1049,3033,4559,1818,4415,44442,29471,2325,3,4138,0,0
2021-02-14T23:59:59+01:00,1090,876,1635,2112,1553,3353,1852,4893,2473,3564,1443,1577,5461,8051,3331,7170,243,352,706,1275,826,2093,1035,3218,1411,2306,815,1000,2936,4414,1758,4237,44401,28622,2289,3,3744,0,0
2021-02-13T23:59:59+01:00,1027,848,1614,2091,1536,3346,1839,4887,2465,3563,1442,1576,5461,8051,3330,7169,240,351,705,1275,826,2089,1035,3217,1409,2304,815,1000,2823,4277,1704,4151,44395,28218,2289,3,3561,0,0
2021-02-12T23:59:59+01:00,646,684,1289,1977,1382,3247,1701,4801,2361,3504,1428,1570,5451,8040,3325,7164,227,343,694,1250,810,2042,1011,3130,1348,2208,758,928,2573,3928,1588,3885,44282,26721,2289,2,1999,0,0
2021-02-11T23:59:59+01:00,451,589,1120,1874,1280,3128,1609,4686,2266,3422,1324,1526,5393,7993,3307,7118,183,269,590,988,673,1583,806,2431,1062,1669,537,688,1911,2932,1162,2801,43930,20284,2091,1,1065,0,0
2021-02-10T23:59:59+01:00,327,497,985,1781,1195,2992,1507,4501,2162,3320,1289,1511,5374,7984,3303,7117,157,179,406,627,506,1068,634,1813,905,1399,522,674,1448,2304,906,2376,43856,15924,1985,0,4,0,0
2021-02-09T23:59:59+01:00,327,494,984,1776,1192,2984,1507,4496,2161,3315,1282,1508,5372,7982,3302,7115,154,174,396,600,486,1039,615,1783,882,1372,520,671,1019,1780,677,2033,43832,14201,1962,0,3,0,0
2021-02-08T23:59:59+01:00,327,492,983,1773,1189,2975,1501,4490,2159,3310,1277,1505,5370,7982,3302,7113,147,167,386,588,476,1023,604,1751,863,1350,515,666,570,1210,433,1687,43807,12436,1938,0,3,0,0
2021-02-07T23:59:59+01:00,327,492,981,1773,1188,2975,1499,4488,2159,3310,1277,1505,5370,7981,3302,7113,143,162,381,583,476,1016,600,1738,853,1335,509,663,569,1197,428,1675,43803,12328,1937,0,0,0,0
2021-02-06T23:59:59+01:00,327,492,981,1773,1188,2975,1499,4488,2159,3310,1277,1505,5370,7981,3302,7113,139,158,379,581,476,1015,600,1736,852,1333,509,663,569,1197,428,1675,43803,12310,1937,0,0,0,0
2021-02-05T23:59:59+01:00,327,491,980,1773,1188,2974,1497,4487,2158,3310,1277,1505,5369,7978,3302,7111,137,149,376,577,468,1003,596,1722,837,1314,505,653,562,1181,420,1652,43790,12152,1937,0,0,0,0
2021-02-04T23:59:59+01:00,322,482,974,1734,1183,2929,1494,4430,2146,3275,1269,1500,5340,7945,3291,7085,105,99,250,392,348,750,465,1309,631,992,388,528,480,982,366,1418,43463,9503,1936,0,0,0,0
2021-02-03T23:59:59+01:00,319,471,968,1711,1180,2890,1484,4381,2138,3241,1259,1487,5315,7913,3282,7060,60,48,87,164,161,368,225,605,309,496,210,290,278,628,221,895,43163,5045,1936,0,0,0,0
2021-02-02T23:59:59+01:00,318,469,966,1697,1177,2869,1480,4350,2131,3216,1251,1481,5308,7899,3275,7039,18,16,28,48,60,108,74,161,96,114,45,74,66,146,49,179,42990,1282,1936,0,0,0,0
2021-02-01T23:59:59+01:00,318,465,966,1695,1176,2868,1479,4343,2130,3212,1250,1481,5308,7899,3275,7039,15,14,25,41,50,98,60,133,73,96,40,64,57,138,47,165,42968,1116,1936,0,0,0,0
2021-01-31T23:59:59+01:00,318,462,966,1693,1175,2864,1479,4337,2130,3210,1249,1480,5308,7899,3275,7039,14,12,23,39,43,87,52,123,63,92,38,53,46,130,45,158,42948,1018,1936,0,0,0,0
2021-01-30T23:59:59+01:00,318,462,961,1689,1166,2856,1472,4331,2126,3208,1249,1480,5248,7827,3237,6994,14,12,23,38,43,87,51,122,63,92,38,53,46,130,45,158,42722,1015,1902,0,0,0,0
2021-01-29T23:59:59+01:00,316,461,947,1678,1154,2835,1460,4300,2104,3184,1243,1474,5060,7586,3099,6826,12,12,23,38,40,87,50,119,60,92,36,48,45,130,45,158,41934,995,1793,0,0,0,0
2021-01-28T23:59:59+01:00,311,437,926,1598,1112,2719,1420,4206,2037,3110,1219,1466,4683,7050,2871,6534,8,6,10,17,22,42,19,58,36,59,20,32,35,87,33,104,40151,588,1548,0,0,0,0
2021-01-27T23:59:59+01:00,304,427,881,1543,1060,2621,1360,4112,1963,3009,1184,1439,4221,6406,2605,6154,4,5,9,7,14,24,5,21,15,25,11,15,16,46,13,53,38189,283,1100,0,0,0,0
2021-01-26T23:59:59+01:00,297,416,841,1490,997,2533,1295,3982,1841,2915,1135,1392,3816,5774,2314,5719,2,2,4,2,6,6,3,3,2,6,7,5,4,8,3,8,36103,71,654,0,0,0,0
2021-01-25T23:59:59+01:00,286,405,787,1426,934,2412,1187,3833,1680,2809,1073,1364,3381,5184,2044,5333,2,2,4,1,4,6,1,3,2,6,7,5,4,8,3,8,34083,66,55,0,0,0,0
2021-01-24T23:59:59+01:00,283,405,779,1420,924,2396,1183,3817,1651,2780,1071,1363,3350,5148,2031,5312,2,2,2,1,4,6,1,3,2,6,7,5,4,8,3,8,33908,64,5,0,0,0,0
2021-01-23T23:59:59+01:00,281,404,779,1420,924,2392,1182,3816,1647,2778,1071,1363,3234,5010,1975,5224,2,2,2,1,3,6,1,3,2,6,7,5,4,8,3,8,33496,63,4,0,0,0,0
2021-01-22T23:59:59+01:00,279,400,778,1406,922,2379,1176,3802,1643,2775,1069,1362,3051,4790,1895,5106,2,2,2,1,3,6,1,3,2,6,7,5,4,8,3,8,32829,63,4,0,0,0,0
2021-01-21T23:59:59+01:00,270,361,713,1240,856,2166,1095,3512,1546,2592,1030,1326,2651,4250,1656,4738,2,1,2,0,3,6,1,3,2,6,7,4,4,8,3,8,29998,60,4,0,0,0,0
2021-01-20T23:59:59+01:00,243,271,540,881,683,1655,884,2798,1321,2186,943,1188,2051,3418,1317,4062,2,1,2,0,3,6,1,3,2,5,6,4,4,8,3,8,24437,58,4,0,0,0,0
2021-01-19T23:59:59+01:00,213,246,490,773,626,1485,795,2476,1143,1897,777,932,1350,2389,923,3102,0,1,1,0,0,0,0,0,1,1,1,0,0,1,0,0,19615,6,2,0,0,0,0
2021-01-18T23:59:59+01:00,161,182,404,637,501,1112,647,1903,939,1456,573,716,638,1344,485,1892,0,0,0,0,0,0,0,0,0,0,0,0,0,1,0,0,13589,1,1,0,0,0,0
2021-01-17T23:59:59+01:00,149,165,390,600,486,1042,616,1781,878,1361,526,678,592,1245,446,1749,0,0,0,0,0,0,0,0,0,0,0,0,0,0,0,0,12704,0,0,0,0,0,0
2021-01-16T23:59:59+01:00,141,160,388,595,484,1032,610,1769,871,1354,526,678,591,1240,442,1736,0,0,0,0,0,0,0,0,0,0,0,0,0,0,0,0,12617,0,0,0,0,0,0
2021-01-15T23:59:59+01:00,138,152,385,589,476,1018,606,1754,855,1334,521,666,583,1223,436,1713,0,0,0,0,0,0,0,0,0,0,0,0,0,0,0,0,12449,0,0,0,0,0,0
2021-01-14T23:59:59+01:00,116,121,294,473,404,847,506,1462,698,1078,413,541,507,1042,386,1537,0,0,0,0,0,0,0,0,0,0,0,0,0,0,0,0,10425,0,0,0,0,0,0
2021-01-13T23:59:59+01:00,75,74,179,285,264,552,354,948,466,698,253,334,319,697,251,972,0,0,0,0,0,0,0,0,0,0,0,0,0,0,0,0,6721,0,0,0,0,0,0
2021-01-12T23:59:59+01:00,35,30,54,101,117,233,146,391,200,301,138,183,166,401,144,535,0,0,0,0,0,0,0,0,0,0,0,0,0,0,0,0,3175,0,0,0,0,0,0
2021-01-11T23:59:59+01:00,22,17,36,62,58,120,74,166,91,116,40,64,59,143,48,166,0,0,0,0,0,0,0,0,0,0,0,0,0,0,0,0,1282,0,0,0,0,0,0
2021-01-10T23:59:59+01:00,18,12,31,52,50,108,63,148,73,106,37,54,49,133,44,157,0,0,0,0,0,0,0,0,0,0,0,0,0,0,0,0,1135,0,0,0,0,0,0
2021-01-09T23:59:59+01:00,17,12,30,50,49,106,60,147,73,105,37,54,49,133,44,157,0,0,0,0,0,0,0,0,0,0,0,0,0,0,0,0,1123,0,0,0,0,0,0
2021-01-08T23:59:59+01:00,14,12,28,48,44,98,55,136,68,102,35,49,48,133,44,157,0,0,0,0,0,0,0,0,0,0,0,0,0,0,0,0,1071,0,0,0,0,0,0
2021-01-07T23:59:59+01:00,8,6,9,18,21,41,19,59,37,61,21,34,37,92,33,103,0,0,0,0,0,0,0,0,0,0,0,0,0,0,0,0,599,0,0,0,0,0,0
2021-01-06T23:59:59+01:00,8,6,8,14,16,30,13,43,25,48,16,24,31,81,31,92,0,0,0,0,0,0,0,0,0,0,0,0,0,0,0,0,486,0,0,0,0,0,0
2021-01-05T23:59:59+01:00,8,6,8,14,16,30,13,43,25,48,16,24,30,81,31,92,0,0,0,0,0,0,0,0,0,0,0,0,0,0,0,0,485,0,0,0,0,0,0
2021-01-04T23:59:59+01:00,3,5,6,4,6,13,1,8,6,14,6,6,6,16,4,13,0,0,0,0,0,0,0,0,0,0,0,0,0,0,0,0,117,0,0,0,0,0,0
2021-01-03T23:59:59+01:00,2,2,1,1,3,6,1,4,2,7,5,4,3,9,3,8,0,0,0,0,0,0,0,0,0,0,0,0,0,0,0,0,61,0,0,0,0,0,0
2021-01-02T23:59:59+01:00,2,2,1,1,3,6,1,4,2,7,5,4,3,9,3,8,0,0,0,0,0,0,0,0,0,0,0,0,0,0,0,0,61,0,0,0,0,0,0
2021-01-01T23:59:59+01:00,2,2,1,1,3,6,1,4,2,7,5,4,3,9,3,8,0,0,0,0,0,0,0,0,0,0,0,0,0,0,0,0,61,0,0,0,0,0,0
2020-12-31T23:59:59+01:00,2,2,1,0,3,6,1,3,2,6,5,4,3,9,3,8,0,0,0,0,0,0,0,0,0,0,0,0,0,0,0,0,58,0,0,0,0,0,0
2020-12-30T23:59:59+01:00,2,2,1,0,3,6,1,3,2,5,5,4,3,9,3,8,0,0,0,0,0,0,0,0,0,0,0,0,0,0,0,0,57,0,0,0,0,0,0
2020-12-29T23:59:59+01:00,2,2,0,0,3,5,1,3,2,5,3,2,2,9,2,7,0,0,0,0,0,0,0,0,0,0,0,0,0,0,0,0,48,0,0,0,0,0,0
2020-12-28T23:59:59+01:00,1,1,0,0,1,1,0,0,0,3,0,1,0,2,1,4,0,0,0,0,0,0,0,0,0,0,0,0,0,0,0,0,15,0,0,0,0,0,0
2020-12-27T23:59:59+01:00,0,0,0,0,1,1,0,0,0,2,0,1,0,1,1,4,0,0,0,0,0,0,0,0,0,0,0,0,0,0,0,0,11,0,0,0,0,0,0
