Datum,<24_1_m,<24_1_w,25-34_1_m,25-34_1_w,35-44_1_m,35-44_1_w,45-54_1_m,45-54_1_w,55-64_1_m,55-64_1_w,65-74_1_m,65-74_1_w,75-84_1_m,75-84_1_w,>84_1_m,>84_1_w,<24_2_m,<24_2_w,25-34_2_m,25-34_2_w,35-44_2_m,35-44_2_w,45-54_2_m,45-54_2_w,55-64_2_m,55-64_2_w,65-74_2_m,65-74_2_w,75-84_2_m,75-84_2_w,>84_2_m,>84_2_w,bp_1,bp_2,mo_1,mo_2,az_1,az_2,ja
2021-06-16T23:59:59+02:00,23481,21502,36330,30605,42438,40129,61931,61347,75537,75127,53441,57785,35028,46166,9689,17757,5852,5781,10027,9887,11464,14177,18452,23387,48591,50551,39899,42588,31397,41427,9043,16529,493594,272791,74623,35956,108563,58792,11513
2021-06-15T23:59:59+02:00,22514,20512,35439,29782,41573,39310,61537,60947,75253,74851,53316,57640,34981,46105,9679,17732,5623,5649,9506,9630,10755,13687,16131,21529,45145,47114,38534,40943,31003,40912,8992,16425,486718,256122,74524,35936,108555,58146,11374
2021-06-14T23:59:59+02:00,21181,19089,34180,28484,40178,37958,61000,60457,74916,74536,53204,57517,34942,46042,9672,17719,5474,5540,9156,9417,10271,13353,14449,20093,42971,44921,37562,39902,30778,40576,8965,16355,477060,245091,74137,35912,108550,57452,11328
2021-06-13T23:59:59+02:00,20597,18604,33703,28085,39693,37582,60794,60292,74798,74447,53177,57479,34922,46022,9670,17711,5376,5481,9014,9353,10119,13279,13784,19589,42562,44579,37363,39696,30732,40510,8959,16343,473991,244175,73838,34504,108544,56857,11203
2021-06-12T23:59:59+02:00,20594,18586,33691,28074,39687,37579,60789,60290,74795,74445,53176,57477,34921,46022,9670,17711,5369,5475,9004,9348,10107,13274,13768,19570,42382,44435,37344,39685,30729,40508,8959,16342,473927,243747,73834,34504,108544,56846,11202
2021-06-11T23:59:59+02:00,20498,18517,33521,28005,39514,37531,60670,60250,74734,74425,53168,57472,34919,46021,9670,17710,5275,5227,8841,8791,9905,12544,13529,18407,41902,43290,37204,39566,30718,40487,8957,16340,473559,243262,73433,34502,108438,52024,11195
2021-06-10T23:59:59+02:00,19497,17675,32110,27131,38317,36643,60024,59822,74374,74174,53086,57396,34887,45980,9659,17695,4980,4982,8277,8293,9224,11774,12728,17277,39027,40267,36557,38914,30577,40339,8944,16314,469685,236270,70477,34373,108157,47680,10151
2021-06-09T23:59:59+02:00,18560,16852,30862,26240,37148,35793,59480,59463,74072,73979,53017,57297,34861,45940,9648,17677,4783,4809,7908,8105,8756,11563,12066,16854,33709,35164,35430,37738,30384,40125,8928,16273,465001,222569,68115,34252,108120,46121,9653
2021-06-08T23:59:59+02:00,17489,15874,29539,25186,35846,34848,58914,59089,73825,73794,52952,57236,34840,45909,9644,17669,4690,4733,7749,7995,8618,11458,11754,16643,30681,32125,34733,37078,30259,39958,8911,16245,460546,215184,64723,34202,108081,44940,9304
2021-06-07T23:59:59+02:00,16740,15185,28188,24394,34754,34115,58493,58876,73626,73703,52922,57197,34827,45902,9644,17665,4583,4655,7539,7868,8325,11332,11320,16338,26038,27366,33730,36032,30070,39739,8892,16222,457444,203574,61781,34140,108048,43377,8958
2021-06-06T23:59:59+02:00,16350,14941,27404,23990,34136,33717,58211,58724,73494,73647,52901,57179,34817,45895,9643,17664,4507,4617,7394,7819,8166,11246,10968,16102,22967,24188,33057,35327,29954,39617,8887,16211,456325,200814,59740,28991,108025,42599,8623
2021-06-05T23:59:59+02:00,16318,14902,27357,23950,34107,33698,58201,58714,73485,73641,52896,57174,34813,45893,9643,17664,4483,4602,7361,7799,8118,11232,10894,16052,21375,22443,32451,34652,29899,39555,8883,16205,456185,195886,59635,28989,108013,42506,8623
2021-06-04T23:59:59+02:00,16051,14606,27030,23631,33782,33389,58144,58649,73444,73622,52890,57170,34812,45891,9643,17663,4446,4569,7289,7723,8060,11152,10805,15928,21275,22334,32384,34600,29871,39524,8880,16202,454240,195807,59573,28977,107981,41635,8623
2021-06-03T23:59:59+02:00,15367,14056,25982,22951,32708,32670,57682,58335,73180,73445,52827,57105,34783,45862,9639,17651,4292,4458,7009,7565,7803,10977,10420,15656,19187,20164,30655,32625,29660,39264,8860,16156,449916,187301,58143,28958,107968,40276,8216
2021-06-02T23:59:59+02:00,14583,13232,25005,22052,31655,31795,57456,58102,72999,73318,52786,57038,34768,45845,9632,17644,4252,4431,6957,7513,7743,10926,10332,15563,18459,19375,28942,30706,29581,39151,8853,16146,443768,181820,57968,28957,107966,39945,8208
2021-06-01T23:59:59+02:00,13266,12206,22865,20611,29208,29983,56128,57115,72103,72591,52521,56764,34674,45689,9600,17601,4002,4231,6439,7206,7148,10506,9429,14930,16334,17307,25392,26727,29039,38424,8791,16021,434462,168061,53604,28821,107927,38112,6932
2021-05-31T23:59:59+02:00,12238,11441,21027,19433,27231,28512,55115,56339,71492,72087,52329,56535,34608,45598,9589,17570,3831,4060,6106,6959,6747,10212,8846,14550,15221,16235,24289,25463,28734,38011,8740,15944,427739,162408,49390,28790,107910,36645,6105
2021-05-30T23:59:59+02:00,11822,11061,20322,18926,26552,27943,54814,56075,71282,71916,52265,56470,34587,45575,9582,17563,3614,3841,5763,6706,6463,9967,8628,14344,14955,15960,24011,25158,28638,37921,8729,15921,425198,161585,49023,28732,107880,35648,4654
2021-05-29T23:59:59+02:00,11804,11045,20306,18901,26534,27919,54803,56068,71278,71910,52263,56465,34585,45575,9582,17563,3612,3832,5758,6703,6460,9964,8620,14336,14944,15957,24001,25150,28635,37917,8728,15920,425044,161518,49023,28730,107880,35635,4654
2021-05-28T23:59:59+02:00,11728,10936,20150,18732,26286,27681,54654,55897,71141,71791,52232,56418,34573,45554,9579,17555,3562,3747,5668,6562,6356,9757,8499,14072,14757,15688,23855,25005,28596,37869,8722,15913,423405,161144,48986,28729,107863,34102,4653
2021-05-27T23:59:59+02:00,10229,9555,17754,16900,23590,25613,53652,55156,70533,71334,52046,56221,34501,45468,9569,17532,3200,3353,4826,5931,5484,8984,7666,13045,13656,14525,22944,24044,28278,37489,8676,15836,411533,157413,48035,28465,107729,29703,2356
2021-05-26T23:59:59+02:00,9765,9083,16830,16047,22448,24639,53091,54643,70155,70986,51911,56073,34441,45406,9561,17505,2984,3151,4444,5582,5023,8472,7152,12373,12668,13534,22119,23062,28015,37126,8638,15764,406005,153646,47309,28379,107662,26474,1608
2021-05-25T23:59:59+02:00,9077,8403,15583,15142,21047,23519,52675,54286,69931,70816,51848,55998,34423,45387,9558,17497,2888,3031,4254,5448,4782,8241,6859,12038,12072,12965,20011,20958,27722,36665,8612,15727,399278,148078,47068,28366,107628,24613,1216
2021-05-24T23:59:59+02:00,8978,8292,15364,15014,20769,23344,52590,54176,69895,70785,51847,55993,34422,45386,9556,17494,2836,2958,4172,5272,4693,8000,6727,11743,11943,12753,19902,20850,27679,36627,8607,15718,398169,147943,46992,28326,107542,23009,1202
2021-05-23T23:59:59+02:00,8960,8275,15323,15005,20720,23317,52583,54174,69893,70780,51846,55991,34422,45385,9556,17494,2833,2954,4165,5268,4684,7995,6724,11731,11922,12729,19763,20659,27651,36590,8605,15717,397994,147470,46992,28324,107542,23000,1196
2021-05-22T23:59:59+02:00,8957,8266,15311,14993,20713,23312,52583,54172,69890,70780,51846,55990,34422,45385,9556,17494,2828,2943,4159,5266,4682,7994,6722,11728,11911,12725,19753,20655,27650,36590,8605,15717,397942,147434,46992,28324,107542,22976,1194
2021-05-21T23:59:59+02:00,8872,8151,15177,14873,20482,23125,52368,53971,69764,70681,51824,55966,34416,45379,9551,17488,2752,2847,4070,5128,4578,7762,6597,11419,11750,12471,19700,20607,27638,36572,8604,15716,396386,147219,46990,28324,107521,21477,1191
2021-05-20T23:59:59+02:00,8548,7803,14588,14357,19248,22032,49913,51784,68708,69781,51527,55655,34319,45252,9528,17465,2465,2651,3702,4769,4144,7195,5987,10536,10625,11372,18517,19384,27215,36077,8544,15595,385476,142109,46836,28033,107219,17659,977
2021-05-19T23:59:59+02:00,8249,7549,13915,13871,17597,20724,46238,48532,67331,68556,51145,55182,34179,45063,9496,17420,2377,2412,3541,4440,3886,6655,5515,9801,9593,10236,17055,17771,26625,35274,8448,15421,370827,135043,46271,27890,106991,15159,958
2021-05-18T23:59:59+02:00,8018,7334,13349,13430,16231,19665,41706,44655,65979,67311,50672,54707,34053,44869,9460,17376,2323,2258,3397,4254,3700,6331,5147,9286,8651,9320,15502,16025,26024,34555,8372,15268,354872,128459,46212,27329,106838,13732,893
2021-05-17T23:59:59+02:00,7860,7220,13007,13178,15675,19183,39556,42836,65199,66562,50436,54441,33988,44775,9447,17346,2238,2184,3210,4077,3484,6103,4794,8881,7844,8578,12133,11896,25333,33642,8301,15135,351207,123337,41953,21270,106759,12436,790
2021-05-16T23:59:59+02:00,7787,7125,12882,13025,15502,19010,39062,42365,65024,66410,50393,54381,33980,44755,9442,17341,2167,2077,3119,3954,3401,6000,4682,8726,7649,8392,9837,9152,24992,33138,8275,15087,349741,122209,41453,15947,106725,11927,565
2021-05-15T23:59:59+02:00,7780,7115,12878,13020,15498,19005,39056,42364,65022,66408,50393,54380,33980,44755,9442,17341,2166,2076,3116,3948,3397,5996,4677,8724,7647,8389,9834,9150,24992,33138,8275,15087,349699,122179,41453,15947,106723,11924,562
2021-05-14T23:59:59+02:00,7556,7012,12642,12954,15277,18919,38027,41547,64550,66040,50317,54303,33968,44728,9440,17338,2039,1982,3008,3878,3349,5890,4625,8566,7600,8281,9833,9147,24991,33138,8275,15086,346380,122127,41422,15943,106265,11067,551
2021-05-13T23:59:59+02:00,7258,6802,12233,12696,14697,18459,34263,38533,62256,64133,49796,53720,33862,44534,9429,17295,1988,1935,2954,3804,3314,5794,4585,8459,7519,8169,9800,9093,24969,33100,8273,15083,332442,121884,41200,15920,105836,10547,488
2021-05-12T23:59:59+02:00,7237,6775,12156,12629,14581,18342,33579,37936,61790,63710,49658,53560,33827,44493,9424,17286,1988,1932,2953,3804,3311,5794,4585,8457,7517,8162,9793,9091,24969,33098,8273,15082,329473,121865,41190,15910,105832,10546,488
2021-05-11T23:59:59+02:00,6878,6622,11693,12345,14059,17950,29093,34266,59584,61831,49103,52962,33675,44285,9403,17233,1940,1792,2838,3527,3197,5416,4441,8000,7373,7881,9713,9017,24947,33062,8270,15073,314626,121631,41138,15720,104853,8771,365
2021-05-10T23:59:59+02:00,6737,6537,11530,12235,13840,17775,25532,31421,58469,60816,48781,52654,33599,44172,9391,17208,1895,1673,2754,3306,3101,5063,4325,7472,7262,7509,9681,8975,24936,33044,8269,15069,304853,121505,40977,15573,104565,6954,302
2021-05-09T23:59:59+02:00,6656,6499,11442,12171,13738,17691,23877,30192,58071,60502,48691,52565,33577,44142,9386,17203,1871,1633,2696,3193,3052,4919,4282,7342,7202,7431,9670,8961,24930,33040,8268,15069,304332,121444,37415,15529,104367,6297,289
2021-05-08T23:59:59+02:00,6651,6495,11432,12165,13729,17685,23871,30187,58062,60496,48688,52558,33572,44139,9385,17200,1870,1632,2696,3192,3052,4919,4279,7338,7201,7430,9669,8961,24929,33038,8268,15069,304244,121428,37415,15529,104367,6297,289
2021-05-07T23:59:59+02:00,6602,6453,11368,12118,13628,17604,23069,29567,57392,59931,48587,52455,33550,44114,9382,17187,1754,1579,2625,3153,3015,4891,4248,7314,7179,7400,9663,8955,24927,33037,8268,15068,301100,121397,37399,15523,104224,5872,284
2021-05-06T23:59:59+02:00,6320,6316,10827,11798,12899,17144,20776,27770,54098,56984,47547,51268,33281,43760,9339,17100,1499,1422,2406,2997,2852,4717,4095,7121,7032,7252,9598,8883,24911,33009,8265,15061,286179,121140,37216,15387,103677,4438,155
2021-05-05T23:59:59+02:00,6037,6199,10299,11549,12114,16680,18693,26099,50359,53353,46098,49567,32910,43272,9287,16999,1448,1305,2345,2880,2771,4527,3999,6883,6920,7068,9489,8795,24863,32942,8259,15047,269194,120678,36991,15344,103288,3477,42
2021-05-04T23:59:59+02:00,5932,6094,9966,11333,11657,16256,17492,25027,48641,51405,45114,48379,32592,42857,9229,16900,1432,1282,2318,2837,2733,4442,3943,6769,6848,7002,9452,8757,24845,32927,8258,15043,258878,120464,36968,15284,103009,3121,19
2021-05-03T23:59:59+02:00,5808,5996,9603,11153,11178,15976,16309,24058,47112,49796,44338,47521,32413,42560,9204,16826,1410,1250,2289,2812,2691,4377,3897,6715,6770,6948,8597,7653,23382,30996,8145,14846,249898,114682,36958,15202,102984,2883,11
2021-05-02T23:59:59+02:00,5736,5972,9492,11117,11039,15915,15611,23494,46673,49451,44222,47372,32372,42506,9197,16818,1405,1245,2275,2810,2676,4367,3876,6705,6751,6934,7941,6882,21889,29117,8106,14775,248703,114665,35348,10230,102930,2853,6
2021-05-01T23:59:59+02:00,5736,5969,9487,11112,11036,15914,15607,23490,46671,49447,44221,47372,32372,42506,9197,16818,1404,1245,2275,2810,2676,4367,3874,6705,6750,6934,7941,6881,21889,29117,8106,14775,248672,114661,35348,10230,102929,2852,6
2021-04-30T23:59:59+02:00,5683,5946,9419,11092,10985,15892,15516,23453,45123,47972,43962,47100,32341,42469,9195,16811,1174,1139,2090,2730,2580,4301,3797,6653,6686,6878,7937,6868,21888,29115,8106,14775,244688,114654,35348,10228,102917,1829,6
2021-04-29T23:59:59+02:00,5397,5849,8938,10946,10380,15720,14748,23189,40018,43434,43258,46359,32248,42375,9192,16783,973,1052,1931,2655,2496,4238,3689,6580,6617,6829,7918,6855,21885,29109,8106,14775,231000,114614,35247,10126,102581,962,6
2021-04-28T23:59:59+02:00,5205,5808,8687,10859,10020,15633,14388,23019,35028,38544,42398,45513,32141,42259,9182,16768,929,1015,1895,2614,2465,4153,3652,6470,6567,6745,7899,6842,21876,29095,8102,14769,217846,114531,35230,10078,102370,473,6
2021-04-27T23:59:59+02:00,4940,5550,8349,10393,9634,15061,13893,22377,33872,37378,42216,45324,32127,42236,9179,16766,900,998,1861,2593,2450,4135,3632,6450,6535,6721,7888,6835,21872,29090,8099,14763,215131,114475,35219,10049,98939,292,6
2021-04-26T23:59:59+02:00,4910,5517,8272,10353,9527,15011,13668,22255,29074,32557,41487,44633,32065,42154,9170,16759,864,987,1831,2577,2421,4109,3606,6429,6484,6679,7841,6782,21847,29067,8099,14756,203335,114277,35212,10006,98859,90,6
2021-04-25T23:59:59+02:00,4885,5501,8238,10327,9460,14981,13579,22210,26840,30203,41060,44183,32023,42114,9169,16755,850,978,1820,2564,2406,4094,3577,6408,6453,6647,7817,6763,21833,29048,8098,14753,202689,114253,30110,9763,98724,88,5
2021-04-24T23:59:59+02:00,4863,5486,8211,10299,9416,14966,13532,22185,25120,28324,40515,43556,31972,42057,9166,16750,849,977,1816,2562,2406,4089,3577,6406,6453,6643,7815,6762,21832,29048,8098,14753,197647,114233,30110,9762,98656,86,5
2021-04-23T23:59:59+02:00,4545,5296,7748,10003,8986,14603,12954,21783,24693,28056,40444,43502,31956,42029,9160,16745,835,967,1796,2547,2386,4073,3555,6385,6433,6624,7800,6742,21828,29039,8098,14753,197303,114218,30095,9564,95100,74,5
2021-04-22T23:59:59+02:00,4435,5221,7550,9892,8711,14400,12468,21421,22046,25273,37988,40629,31522,41476,9098,16635,819,955,1769,2518,2324,4012,3479,6321,6324,6529,7723,6655,21778,28994,8096,14743,184310,114101,29906,8862,94544,71,5
2021-04-21T23:59:59+02:00,4404,5186,7409,9806,8523,14223,12097,21100,20519,23731,35030,37216,31131,40889,9044,16524,793,937,1732,2489,2282,3987,3446,6289,6287,6489,7691,6626,21762,28975,8093,14739,172624,113996,29734,8549,94469,67,5
2021-04-20T23:59:59+02:00,4367,5151,7285,9737,8311,14055,11691,20787,19220,22341,31905,33760,30733,40385,8997,16435,786,926,1713,2478,2251,3962,3402,6235,6242,6454,7658,6582,21738,28954,8088,14736,161031,113841,29712,8294,94412,65,5
2021-04-19T23:59:59+02:00,4339,5132,7209,9695,8191,13942,11410,20584,18499,21586,31073,32703,30505,40081,8962,16371,776,920,1692,2464,2224,3930,3366,6201,6210,6423,7605,6547,21717,28931,8086,14733,156234,113708,29695,8049,94348,63,5
2021-04-18T23:59:59+02:00,4333,5125,7196,9680,8171,13925,11374,20548,18405,21502,30961,32591,30480,40059,8959,16366,774,916,1675,2452,2208,3913,3341,6171,6182,6403,7582,6535,21700,28910,8083,14731,155743,113649,29627,7860,94300,62,5
2021-04-17T23:59:59+02:00,4332,5122,7192,9679,8169,13925,11370,20539,18390,21493,30942,32579,30478,40058,8959,16366,774,915,1674,2452,2207,3912,3338,6169,6180,6402,7582,6535,21700,28910,8083,14731,155668,113637,29626,7860,94294,62,5
2021-04-16T23:59:59+02:00,4137,5072,6846,9541,7805,13737,10963,20279,17948,21236,30760,32428,30410,39978,8950,16351,761,896,1661,2439,2180,3898,3279,6130,6138,6348,7487,6437,21293,28358,8056,14674,154919,112315,29618,7656,91899,59,5
2021-04-15T23:59:59+02:00,4018,4970,6466,9166,7220,13210,10140,19378,16597,19995,29615,31167,29957,39425,8890,16198,727,871,1605,2397,2099,3813,3155,5997,5800,6101,6973,6027,20617,27484,7979,14532,149184,108999,29324,7119,87899,54,5
2021-04-14T23:59:59+02:00,3948,4905,6233,8932,6872,12819,9490,18792,15479,18916,28222,29690,29419,38648,8802,16036,688,842,1555,2359,2024,3735,3004,5865,5471,5836,6407,5505,19655,26225,7911,14387,142439,104750,29124,6666,85635,48,5
2021-04-13T23:59:59+02:00,3914,4870,6137,8849,6719,12695,9169,18524,14536,18094,24909,26137,28631,37642,8720,15889,681,832,1541,2333,1996,3699,2899,5793,5244,5634,6032,5157,19390,25923,7879,14326,130885,102671,29114,6636,85431,47,5
2021-04-12T23:59:59+02:00,3889,4842,6082,8793,6631,12613,8920,18294,13883,17501,23906,25001,28283,37163,8663,15782,671,824,1531,2324,1973,3679,2837,5740,5082,5515,5710,4872,19119,25635,7845,14277,125822,101089,29098,6493,85321,47,5
2021-04-11T23:59:59+02:00,3882,4835,6063,8769,6603,12594,8880,18267,13782,17431,23784,24866,28236,37098,8655,15760,668,818,1517,2314,1960,3671,2819,5724,5044,5472,5647,4810,18951,25409,7828,14250,125280,100428,29032,6422,85188,47,5
2021-04-10T23:59:59+02:00,3870,4834,6042,8769,6579,12593,8860,18266,13763,17429,23778,24862,28233,37098,8655,15760,665,816,1512,2309,1955,3668,2813,5716,5028,5462,5634,4792,18789,25157,7815,14228,125258,99919,28943,6388,85185,47,5
2021-04-09T23:59:59+02:00,3824,4820,5998,8759,6524,12573,8818,18241,13709,17377,21711,22309,27875,36633,8629,15722,649,800,1489,2285,1927,3650,2764,5671,4953,5406,5513,4685,18223,24422,7783,14170,124571,98157,23841,6189,85105,39,5
2021-04-08T23:59:59+02:00,3794,4800,5928,8730,6452,12527,8727,18177,13558,17256,18979,19057,27513,36163,8598,15684,599,765,1405,2199,1827,3555,2558,5474,4450,5035,4695,4023,16499,22265,7633,13903,123715,91235,17993,5617,84231,29,4
2021-04-07T23:59:59+02:00,3696,4767,5723,8685,6243,12466,8501,18106,13306,17151,16055,15679,27136,35710,8573,15638,575,730,1351,2145,1724,3466,2396,5314,4009,4701,3957,3429,15711,21441,7540,13750,123506,86940,16464,5271,77462,25,3
2021-04-06T23:59:59+02:00,3664,4756,5675,8665,6177,12441,8413,18068,13229,17075,13779,12970,26811,35361,8563,15613,539,706,1278,2086,1638,3383,2219,5177,3620,4432,3421,2983,14921,20487,7476,13650,123380,83323,16263,4670,71614,20,3
2021-04-05T23:59:59+02:00,3660,4751,5636,8652,6142,12431,8362,18048,13163,17040,13733,12924,26803,35347,8562,15612,505,668,1219,2052,1587,3343,2154,5118,3534,4356,3362,2940,14788,20318,7467,13634,123358,82840,16055,4183,71451,20,2
2021-04-04T23:59:59+02:00,3659,4750,5636,8651,6141,12431,8361,18045,13163,17040,13731,12924,26802,35347,8562,15612,505,667,1219,2052,1587,3343,2154,5118,3534,4356,3362,2940,14787,20318,7467,13634,123351,82838,16055,4183,71447,20,2
2021-04-03T23:59:59+02:00,3658,4750,5636,8650,6141,12431,8361,18045,13163,17040,13730,12922,26801,35345,8562,15612,505,666,1219,2052,1586,3343,2154,5116,3527,4353,3357,2930,14701,20180,7458,13620,123345,82562,16055,4183,71445,20,2
2021-04-02T23:59:59+02:00,3657,4747,5634,8645,6136,12422,8352,18032,13133,17009,13685,12866,26779,35334,8559,15608,501,658,1218,2048,1574,3336,2144,5092,3495,4318,3327,2900,13758,18913,7410,13539,123182,80107,16052,4102,71362,20,2
2021-04-01T23:59:59+02:00,3640,4733,5598,8625,6072,12387,8269,17995,13017,16933,13578,12742,26726,35265,8552,15597,442,609,1126,1976,1472,3253,1995,4977,3289,4176,3096,2698,11766,16323,7321,13399,122867,74581,15930,3315,70930,20,2
2021-03-31T23:59:59+02:00,3636,4716,5577,8590,6041,12351,8225,17950,12940,16856,13456,12623,26687,35217,8546,15588,403,585,1084,1933,1401,3211,1879,4863,3031,3967,2647,2393,9236,13095,7167,13193,122565,67094,15891,2973,70541,19,2
2021-03-30T23:59:59+02:00,3628,4705,5551,8560,6011,12321,8183,17906,12861,16780,13369,12496,26659,35174,8541,15579,381,564,1060,1901,1339,3173,1742,4779,2780,3788,2251,2134,8404,12024,7119,13090,122438,63811,15862,2699,70023,18,1
2021-03-29T23:59:59+02:00,3614,4698,5524,8543,5976,12288,8141,17872,12781,16701,12430,11308,25087,33091,8422,15366,373,562,1055,1884,1316,3148,1699,4733,2627,3702,1954,1978,7779,11314,7081,13026,116468,61518,15693,2696,69680,16,1
2021-03-28T23:59:59+02:00,3582,4673,5474,8513,5925,12244,8057,17819,12674,16624,11702,10469,23578,31169,8375,15287,372,560,1053,1883,1309,3145,1692,4731,2615,3694,1929,1957,7760,11301,7079,13022,116408,61392,10526,2693,69230,16,1
2021-03-27T23:59:59+01:00,3569,4668,5435,8504,5888,12230,8007,17804,12632,16572,11673,10431,23575,31163,8375,15287,372,560,1053,1883,1309,3145,1691,4728,2613,3692,1927,1956,7705,11216,7052,12982,116342,61174,10525,2693,68945,16,1
2021-03-26T23:59:59+01:00,3415,4230,4959,7350,5395,10873,7381,15636,11851,14572,11486,10254,23091,30452,8337,15224,371,556,1050,1880,1302,3141,1690,4725,2607,3686,1919,1950,7545,11002,6938,12823,114797,60496,10271,2681,59437,7,1
2021-03-25T23:59:59+01:00,3278,3875,4789,6593,5162,9676,7033,13830,11101,12924,10610,9450,22459,29679,8278,15088,366,548,1042,1869,1290,3123,1668,4687,2565,3635,1852,1887,7224,10496,6705,12464,111891,58736,9580,2678,52353,6,1
2021-03-24T23:59:59+01:00,3222,3832,4720,6523,5025,9571,6811,13654,10565,12475,9765,8610,21517,28482,8200,14939,364,542,1033,1864,1272,3112,1654,4657,2514,3581,1785,1806,6795,9931,6364,11903,107889,56507,9235,2664,50787,6,0
2021-03-23T23:59:59+01:00,3191,3793,4635,6452,4924,9475,6579,13472,10100,12032,9054,7942,21062,27943,8157,14842,351,528,1015,1855,1258,3092,1622,4633,2458,3528,1702,1743,6448,9444,6049,11398,105541,54457,8903,2663,49209,4,0
2021-03-22T23:59:59+01:00,3170,3755,4579,6411,4842,9405,6424,13326,9716,11725,8447,7383,20699,27554,8108,14761,345,523,1004,1849,1244,3075,1608,4619,2432,3502,1677,1723,6223,9139,5695,10718,104062,52714,8643,2658,47600,4,0
2021-03-21T23:59:59+01:00,3160,3739,4530,6387,4793,9367,6328,13248,9515,11523,8131,7121,20566,27417,8099,14739,345,523,1003,1849,1243,3075,1607,4618,2429,3502,1668,1717,6210,9129,5671,10666,103862,52610,8414,2641,46387,4,0
2021-03-20T23:59:59+01:00,3159,3734,4522,6381,4787,9365,6324,13241,9492,11506,8100,7091,20392,27141,8084,14715,345,523,1003,1848,1242,3075,1606,4617,2425,3493,1655,1703,6164,9044,5528,10467,103305,52117,8402,2617,46327,4,0
2021-03-19T23:59:59+01:00,3115,3702,4444,6343,4681,9317,6163,13176,9233,11307,7792,6867,19928,26567,8060,14663,345,523,1002,1846,1242,3073,1603,4615,2418,3488,1640,1695,6055,8911,5196,9941,102006,50992,8161,2597,45191,4,0
2021-03-18T23:59:59+01:00,3038,3618,4266,6201,4437,9111,5755,12844,8278,10598,6530,5805,18775,25321,7940,14458,341,519,998,1836,1225,3059,1562,4595,2347,3446,1565,1650,5860,8607,4594,9040,97120,48687,7619,2555,42236,2,0
2021-03-17T23:59:59+01:00,3000,3571,4176,6102,4295,8986,5475,12544,7564,10020,5524,4879,17511,23844,7800,14243,337,518,994,1827,1220,3050,1546,4574,2272,3417,1502,1607,5724,8379,4115,8329,91727,46910,7117,2499,40690,2,0
2021-03-16T23:59:59+01:00,2976,3540,4110,6030,4199,8890,5282,12375,7084,9625,4749,4221,16719,22913,7716,14097,333,516,991,1822,1216,3042,1539,4564,2247,3397,1474,1589,5591,8200,3706,7661,88092,45466,7081,2420,39353,2,0
2021-03-15T23:59:59+01:00,2972,3526,4093,6015,4167,8865,5231,12325,6955,9504,4600,4049,16418,22525,7693,14043,331,512,990,1816,1210,3035,1522,4552,2222,3374,1433,1575,5408,7969,3253,6958,87321,43881,6989,2278,38671,1,0
2021-03-14T23:59:59+01:00,2964,3515,4076,5994,4135,8848,5182,12289,6861,9407,4498,3943,16298,22360,7677,14013,329,511,989,1814,1204,3028,1518,4542,2209,3367,1423,1567,5401,7961,3248,6947,87006,43821,6971,2236,38083,1,0
2021-03-13T23:59:59+01:00,2960,3509,4073,5984,4128,8843,5174,12277,6840,9395,4475,3915,15984,21922,7658,13981,329,511,989,1814,1204,3028,1518,4542,2209,3367,1423,1567,5401,7960,3248,6947,86124,43820,6947,2236,38047,1,0
2021-03-12T23:59:59+01:00,2885,3418,3971,5816,4002,8614,5035,11966,6663,9151,4333,3779,15060,20655,7607,13900,329,509,987,1812,1204,3025,1515,4536,2209,3361,1415,1565,5393,7936,3246,6936,83664,43742,6885,2235,36306,1,0
2021-03-11T23:59:59+01:00,2740,3160,3750,5484,3747,8149,4673,11170,6035,8371,3818,3294,13514,18690,7525,13778,329,509,983,1808,1202,3012,1505,4519,2196,3340,1370,1535,5356,7903,3236,6910,79371,43598,6722,2114,31805,1,0
2021-03-10T23:59:59+01:00,2597,2998,3602,5249,3554,7818,4382,10659,5473,7814,3234,2854,11292,15999,7402,13582,326,505,977,1797,1197,3002,1498,4504,2171,3323,1340,1528,5326,7887,3229,6903,73079,43529,6552,1984,28878,0,0
2021-03-09T23:59:59+01:00,2565,2930,3536,5172,3441,7718,4191,10452,5061,7466,2735,2485,9845,14011,7326,13462,325,503,977,1790,1190,2994,1493,4496,2164,3312,1326,1524,5319,7884,3226,6902,68258,43492,6402,1933,27736,0,0
2021-03-08T23:59:59+01:00,2535,2856,3481,5103,3363,7635,4055,10329,4758,7268,2272,2222,7959,11599,7221,13326,325,498,976,1782,1183,2977,1487,4485,2159,3306,1317,1513,5300,7864,3221,6894,62575,43380,6067,1907,27340,0,0
2021-03-07T23:59:59+01:00,2468,2789,3381,4996,3266,7551,3949,10233,4637,7184,2220,2171,7942,11580,7221,13319,325,497,975,1782,1183,2977,1487,4485,2159,3306,1317,1513,5300,7864,3221,6894,62447,43378,5386,1907,27074,0,0
2021-03-06T23:59:59+01:00,2460,2773,3369,4990,3262,7546,3940,10224,4626,7180,2218,2170,7890,11501,7195,13279,325,497,974,1778,1182,2975,1487,4482,2155,3302,1314,1508,5296,7858,3219,6886,62238,43331,5326,1907,27059,0,0
2021-03-05T23:59:59+01:00,2310,2668,3142,4800,3029,7222,3651,9816,4307,6879,2152,2116,7651,11159,7034,13051,325,495,972,1775,1182,2974,1486,4476,2151,3295,1308,1507,5290,7851,3219,6881,61261,43280,4488,1907,25238,0,0
2021-03-04T23:59:59+01:00,2029,2411,2722,4350,2577,6571,3043,8852,3665,6169,1958,1973,7337,10707,6797,12689,323,494,971,1766,1179,2956,1486,4461,2139,3286,1299,1505,5279,7838,3212,6871,59624,43161,3214,1904,21012,0,0
2021-03-03T23:59:59+01:00,1952,2308,2611,4182,2450,6341,2897,8559,3497,5942,1878,1900,6943,10144,6504,12207,322,489,971,1755,1177,2932,1479,4434,2136,3276,1275,1493,5275,7833,3208,6863,57622,43014,3068,1904,19625,0,0
2021-03-02T23:59:59+01:00,1911,2211,2543,4068,2365,6185,2789,8375,3386,5808,1802,1833,6561,9589,6183,11659,318,482,970,1736,1174,2912,1475,4416,2134,3265,1252,1488,5265,7815,3202,6858,55526,42858,2827,1904,18915,0,0
2021-03-01T23:59:59+01:00,1896,2180,2502,3952,2317,6074,2752,8274,3336,5735,1760,1812,6331,9291,5805,10930,317,478,967,1732,1172,2901,1474,4401,2132,3250,1246,1485,5263,7813,3201,6852,53665,42780,2815,1904,18467,0,0
2021-02-28T23:59:59+01:00,1876,2136,2467,3886,2289,6013,2707,8198,3312,5695,1755,1809,6315,9279,5778,10878,317,478,966,1732,1172,2901,1474,4400,2132,3249,1246,1484,5263,7813,3201,6852,53545,42777,2813,1903,18035,0,0
2021-02-27T23:59:59+01:00,1872,2126,2465,3883,2285,6013,2706,8197,3310,5692,1749,1797,6274,9203,5639,10692,317,478,956,1727,1161,2891,1465,4394,2118,3240,1245,1481,5263,7812,3201,6852,53081,42773,2813,1828,18009,0,0
2021-02-26T23:59:59+01:00,1671,1947,2349,3640,2205,5586,2610,7675,3228,5292,1740,1780,6199,9112,5428,10359,316,475,949,1720,1153,2870,1458,4373,2106,3230,1240,1472,5256,7796,3197,6843,52333,42695,2792,1759,15696,0,0
2021-02-25T23:59:59+01:00,1432,1624,2134,3204,2033,4801,2398,6665,3009,4516,1657,1724,6055,8881,4954,9675,313,463,941,1657,1119,2769,1420,4266,2053,3163,1207,1454,5214,7747,3182,6800,50459,42234,2779,1534,11524,0,0
2021-02-24T23:59:59+01:00,1368,1380,2028,2939,1927,4455,2266,6252,2836,4275,1591,1681,5876,8583,4321,8715,310,452,899,1608,1066,2676,1363,4146,1961,3043,1176,1431,5197,7724,3175,6784,48132,41979,2767,1032,9594,0,0
2021-02-23T23:59:59+01:00,1352,1323,1993,2876,1901,4354,2241,6164,2804,4225,1584,1668,5717,8363,3809,7864,310,451,868,1574,1017,2618,1309,4071,1850,2975,1134,1410,5179,7697,3165,6752,46355,41785,2741,595,9142,0,0
2021-02-22T23:59:59+01:00,1339,1271,1943,2734,1855,4208,2182,5957,2761,4140,1574,1658,5554,8147,3332,7147,308,439,823,1533,960,2529,1214,3962,1705,2885,1059,1358,5137,7624,3141,6655,44747,41326,2720,6,8335,0,0
2021-02-21T23:59:59+01:00,1335,1249,1911,2672,1829,4112,2157,5844,2740,4094,1567,1652,5552,8137,3332,7145,305,436,819,1522,952,2501,1212,3923,1693,2847,1049,1345,5118,7597,3122,6616,44696,41051,2709,6,7923,0,0
2021-02-20T23:59:59+01:00,1335,1249,1911,2672,1828,4112,2157,5844,2738,4088,1558,1645,5548,8131,3330,7142,305,436,819,1520,951,2498,1211,3918,1692,2846,1049,1345,5058,7525,3084,6571,44682,40823,2684,5,7922,0,0
2021-02-19T23:59:59+01:00,1335,1246,1908,2665,1827,4105,2156,5835,2735,4084,1538,1636,5535,8116,3328,7136,303,434,815,1511,942,2471,1206,3875,1661,2796,1020,1307,4846,7231,2935,6318,44602,39666,2665,5,7918,0,0
2021-02-18T23:59:59+01:00,1302,1149,1870,2545,1787,3967,2093,5613,2680,3939,1526,1623,5522,8079,3324,7114,273,394,767,1384,892,2260,1123,3525,1540,2525,908,1110,4318,6383,2592,5562,44454,35551,2632,5,7047,0,0
2021-02-17T23:59:59+01:00,1246,989,1789,2324,1707,3656,1987,5231,2607,3741,1508,1615,5500,8065,3316,7110,267,386,758,1371,881,2236,1110,3489,1523,2507,901,1107,3891,5787,2349,5219,44413,33777,2575,5,5403,0,0
2021-02-16T23:59:59+01:00,1202,944,1729,2215,1639,3479,1918,5030,2530,3650,1472,1599,5475,8046,3309,7099,260,378,740,1333,863,2182,1074,3367,1490,2434,878,1085,3479,5162,2070,4814,44360,31605,2412,4,4564,0,0
2021-02-15T23:59:59+01:00,1192,920,1712,2139,1620,3382,1897,4917,2511,3579,1448,1588,5439,8022,3286,7051,247,365,723,1297,845,2133,1053,3299,1451,2370,848,1056,3015,4533,1787,4333,44232,29352,2327,3,4144,0,0
2021-02-14T23:59:59+01:00,1089,876,1640,2114,1559,3362,1854,4896,2477,3567,1440,1584,5433,8011,3283,7047,240,353,711,1277,829,2099,1036,3224,1418,2307,817,1007,2919,4389,1730,4158,44191,28511,2291,3,3750,0,0
2021-02-13T23:59:59+01:00,1026,848,1619,2093,1542,3355,1841,4890,2469,3566,1439,1583,5433,8011,3282,7046,237,352,710,1277,829,2095,1036,3223,1416,2305,817,1007,2807,4252,1676,4072,44185,28108,2291,3,3567,0,0
2021-02-12T23:59:59+01:00,644,684,1292,1979,1386,3255,1703,4804,2365,3507,1425,1577,5423,8000,3277,7041,224,344,699,1252,813,2048,1012,3136,1355,2209,760,934,2558,3907,1562,3808,44072,26619,2291,2,1999,0,0
2021-02-11T23:59:59+01:00,449,589,1123,1876,1283,3134,1611,4689,2270,3425,1322,1533,5365,7955,3259,6995,180,270,595,989,675,1586,807,2437,1070,1670,537,693,1901,2920,1142,2749,43720,20220,2094,1,1064,0,0
2021-02-10T23:59:59+01:00,324,498,988,1783,1198,2998,1509,4504,2166,3322,1287,1519,5346,7944,3255,6994,155,180,409,628,508,1071,635,1815,912,1400,522,679,1438,2291,887,2328,43643,15858,1988,0,4,0,0
2021-02-09T23:59:59+01:00,324,495,987,1778,1195,2990,1509,4499,2165,3317,1280,1516,5344,7942,3254,6992,152,175,398,601,488,1042,616,1785,889,1373,520,676,1009,1767,659,1986,43619,14136,1965,0,3,0,0
2021-02-08T23:59:59+01:00,324,493,986,1776,1192,2981,1503,4493,2163,3312,1275,1513,5341,7942,3253,6990,146,168,388,589,478,1024,605,1752,870,1351,514,671,562,1198,413,1640,43592,12369,1942,0,3,0,0
2021-02-07T23:59:59+01:00,324,493,984,1776,1191,2981,1501,4491,2163,3312,1275,1513,5341,7941,3253,6990,142,163,383,584,478,1017,601,1739,860,1336,508,668,561,1185,408,1628,43588,12261,1941,0,0,0,0
2021-02-06T23:59:59+01:00,324,493,984,1776,1191,2981,1501,4491,2163,3312,1275,1513,5341,7941,3253,6990,138,159,381,582,478,1016,601,1737,859,1334,508,668,561,1185,408,1628,43588,12243,1941,0,0,0,0
2021-02-05T23:59:59+01:00,324,492,983,1776,1191,2980,1499,4490,2162,3312,1275,1513,5340,7938,3253,6988,136,150,378,578,470,1004,597,1723,844,1315,504,658,554,1169,400,1606,43575,12086,1941,0,0,0,0
2021-02-04T23:59:59+01:00,319,483,977,1737,1185,2935,1496,4433,2150,3277,1268,1506,5311,7905,3243,6962,104,100,251,393,349,751,465,1311,635,993,387,532,472,971,348,1378,43247,9440,1940,0,0,0,0
2021-02-03T23:59:59+01:00,316,472,971,1713,1182,2896,1486,4384,2142,3243,1259,1493,5286,7873,3234,6938,60,48,87,165,162,368,225,606,310,495,209,290,275,618,206,870,42948,4994,1940,0,0,0,0
2021-02-02T23:59:59+01:00,315,470,969,1699,1179,2875,1482,4353,2135,3218,1251,1487,5279,7859,3227,6917,18,15,28,48,61,108,74,161,96,114,44,74,66,143,47,173,42775,1270,1940,0,0,0,0
2021-02-01T23:59:59+01:00,315,466,969,1697,1178,2874,1481,4346,2134,3214,1250,1487,5279,7859,3227,6917,15,14,25,41,51,98,60,133,73,96,39,64,57,135,46,160,42753,1107,1940,0,0,0,0
2021-01-31T23:59:59+01:00,315,463,969,1695,1177,2870,1481,4340,2134,3212,1249,1486,5279,7859,3227,6917,14,12,23,38,44,87,52,123,63,92,37,53,46,127,44,154,42733,1009,1940,0,0,0,0
2021-01-30T23:59:59+01:00,315,463,964,1691,1168,2862,1474,4334,2130,3210,1249,1486,5219,7787,3189,6872,14,12,23,37,44,87,51,122,63,92,37,53,46,127,44,154,42507,1006,1906,0,0,0,0
2021-01-29T23:59:59+01:00,313,462,950,1681,1156,2841,1462,4303,2108,3186,1242,1480,5031,7546,3051,6707,12,12,23,37,41,87,50,119,60,92,35,48,45,127,44,154,41722,986,1797,0,0,0,0
2021-01-28T23:59:59+01:00,308,438,929,1600,1114,2725,1422,4209,2041,3112,1218,1472,4656,7013,2825,6418,8,6,10,16,23,42,19,58,36,59,20,32,35,84,33,102,39948,583,1552,0,0,0,0
2021-01-27T23:59:59+01:00,301,428,884,1545,1062,2627,1362,4115,1967,3011,1183,1445,4195,6371,2560,6043,4,5,9,7,14,25,5,21,15,26,11,15,16,44,13,51,37995,281,1104,0,0,0,0
2021-01-26T23:59:59+01:00,294,417,844,1491,999,2539,1297,3985,1845,2916,1135,1397,3791,5740,2270,5611,2,2,4,2,6,7,3,3,2,7,7,5,4,7,3,8,35914,72,657,0,0,0,0
2021-01-25T23:59:59+01:00,283,406,790,1427,936,2418,1188,3836,1684,2809,1071,1369,3357,5151,2001,5227,2,2,4,1,4,7,1,3,2,7,7,5,4,7,3,8,33897,67,56,0,0,0,0
2021-01-24T23:59:59+01:00,280,406,782,1421,926,2402,1184,3820,1655,2780,1068,1368,3327,5115,1988,5206,2,2,2,1,4,7,1,3,2,7,7,5,4,7,3,8,33723,65,5,0,0,0,0
2021-01-23T23:59:59+01:00,278,405,782,1421,926,2398,1183,3819,1651,2778,1068,1368,3212,4977,1932,5119,2,2,2,1,3,7,1,3,2,7,7,5,4,7,3,8,33313,64,4,0,0,0,0
2021-01-22T23:59:59+01:00,276,401,781,1407,924,2385,1177,3805,1647,2775,1066,1367,3030,4757,1853,5001,2,2,2,1,3,7,1,3,2,7,7,5,4,7,3,8,32648,64,4,0,0,0,0
2021-01-21T23:59:59+01:00,267,362,716,1242,857,2171,1096,3515,1551,2592,1027,1331,2634,4219,1617,4637,2,1,2,0,3,7,1,3,2,7,7,4,4,7,3,8,29830,61,4,0,0,0,0
2021-01-20T23:59:59+01:00,241,272,542,884,684,1658,885,2800,1326,2186,940,1193,2035,3388,1280,3974,2,1,2,0,3,7,1,3,2,5,6,4,4,7,3,8,24284,58,4,0,0,0,0
2021-01-19T23:59:59+01:00,211,247,492,776,627,1488,796,2477,1149,1898,775,935,1335,2364,895,3025,0,1,1,0,0,0,0,0,1,1,1,0,0,0,0,0,19488,5,2,0,0,0,0
2021-01-18T23:59:59+01:00,159,183,406,640,503,1114,648,1903,945,1456,572,722,629,1332,462,1836,0,0,0,0,0,0,0,0,0,0,0,0,0,0,0,0,13509,0,1,0,0,0,0
2021-01-17T23:59:59+01:00,147,166,392,603,488,1044,617,1781,884,1361,525,684,583,1233,423,1698,0,0,0,0,0,0,0,0,0,0,0,0,0,0,0,0,12629,0,0,0,0,0,0
2021-01-16T23:59:59+01:00,139,161,390,598,486,1034,611,1769,877,1354,525,684,582,1228,419,1685,0,0,0,0,0,0,0,0,0,0,0,0,0,0,0,0,12542,0,0,0,0,0,0
2021-01-15T23:59:59+01:00,136,153,387,592,478,1020,607,1754,861,1334,520,672,574,1212,413,1663,0,0,0,0,0,0,0,0,0,0,0,0,0,0,0,0,12376,0,0,0,0,0,0
2021-01-14T23:59:59+01:00,114,122,296,475,405,849,506,1463,702,1078,412,547,499,1031,364,1493,0,0,0,0,0,0,0,0,0,0,0,0,0,0,0,0,10356,0,0,0,0,0,0
2021-01-13T23:59:59+01:00,74,74,180,287,266,554,354,948,469,698,254,338,314,688,234,942,0,0,0,0,0,0,0,0,0,0,0,0,0,0,0,0,6674,0,0,0,0,0,0
2021-01-12T23:59:59+01:00,34,30,54,101,119,234,146,391,201,301,138,185,163,392,135,515,0,0,0,0,0,0,0,0,0,0,0,0,0,0,0,0,3139,0,0,0,0,0,0
2021-01-11T23:59:59+01:00,21,17,36,62,59,121,74,166,92,116,39,64,59,140,47,161,0,0,0,0,0,0,0,0,0,0,0,0,0,0,0,0,1274,0,0,0,0,0,0
2021-01-10T23:59:59+01:00,17,12,31,51,51,109,63,148,74,106,36,54,49,130,44,153,0,0,0,0,0,0,0,0,0,0,0,0,0,0,0,0,1128,0,0,0,0,0,0
2021-01-09T23:59:59+01:00,16,12,30,49,50,107,60,147,74,105,36,54,49,130,44,153,0,0,0,0,0,0,0,0,0,0,0,0,0,0,0,0,1116,0,0,0,0,0,0
2021-01-08T23:59:59+01:00,13,12,28,47,45,99,55,136,69,102,34,49,48,130,44,153,0,0,0,0,0,0,0,0,0,0,0,0,0,0,0,0,1064,0,0,0,0,0,0
2021-01-07T23:59:59+01:00,8,6,9,17,22,42,19,59,38,61,21,34,37,89,33,101,0,0,0,0,0,0,0,0,0,0,0,0,0,0,0,0,596,0,0,0,0,0,0
2021-01-06T23:59:59+01:00,8,6,8,14,16,31,13,43,25,49,16,24,31,78,31,90,0,0,0,0,0,0,0,0,0,0,0,0,0,0,0,0,483,0,0,0,0,0,0
2021-01-05T23:59:59+01:00,8,6,8,14,16,31,13,43,25,49,16,24,30,78,31,90,0,0,0,0,0,0,0,0,0,0,0,0,0,0,0,0,482,0,0,0,0,0,0
2021-01-04T23:59:59+01:00,3,5,6,4,6,14,1,8,6,15,6,6,6,15,4,13,0,0,0,0,0,0,0,0,0,0,0,0,0,0,0,0,118,0,0,0,0,0,0
2021-01-03T23:59:59+01:00,2,2,1,1,3,7,1,4,2,8,5,4,3,8,3,8,0,0,0,0,0,0,0,0,0,0,0,0,0,0,0,0,62,0,0,0,0,0,0
2021-01-02T23:59:59+01:00,2,2,1,1,3,7,1,4,2,8,5,4,3,8,3,8,0,0,0,0,0,0,0,0,0,0,0,0,0,0,0,0,62,0,0,0,0,0,0
2021-01-01T23:59:59+01:00,2,2,1,1,3,7,1,4,2,8,5,4,3,8,3,8,0,0,0,0,0,0,0,0,0,0,0,0,0,0,0,0,62,0,0,0,0,0,0
2020-12-31T23:59:59+01:00,2,2,1,0,3,7,1,3,2,7,5,4,3,8,3,8,0,0,0,0,0,0,0,0,0,0,0,0,0,0,0,0,59,0,0,0,0,0,0
2020-12-30T23:59:59+01:00,2,2,1,0,3,7,1,3,2,5,5,4,3,8,3,8,0,0,0,0,0,0,0,0,0,0,0,0,0,0,0,0,57,0,0,0,0,0,0
2020-12-29T23:59:59+01:00,2,2,0,0,3,6,1,3,2,5,3,2,2,8,2,7,0,0,0,0,0,0,0,0,0,0,0,0,0,0,0,0,48,0,0,0,0,0,0
2020-12-28T23:59:59+01:00,1,1,0,0,1,2,0,0,0,3,0,1,0,1,1,4,0,0,0,0,0,0,0,0,0,0,0,0,0,0,0,0,15,0,0,0,0,0,0
2020-12-27T23:59:59+01:00,0,0,0,0,1,1,0,0,0,2,0,1,0,1,1,4,0,0,0,0,0,0,0,0,0,0,0,0,0,0,0,0,11,0,0,0,0,0,0
