Datum,<15_1_m,<15_1_w,15-24_1_m,15-24_1_w,25-34_1_m,25-34_1_w,35-44_1_m,35-44_1_w,45-54_1_m,45-54_1_w,55-64_1_m,55-64_1_w,65-74_1_m,65-74_1_w,75-84_1_m,75-84_1_w,>84_1_m,>84_1_w,<15_2_m,<15_2_w,15-24_2_m,15-24_2_w,25-34_2_m,25-34_2_w,35-44_2_m,35-44_2_w,45-54_2_m,45-54_2_w,55-64_2_m,55-64_2_w,65-74_2_m,65-74_2_w,75-84_2_m,75-84_2_w,>84_2_m,>84_2_w,bp_1,bp_2,mo_1,mo_2,az_1,az_2,ja,unb_1,unb_2
2021-11-22T23:59:59+01:00,8687,8412,54284,50679,68570,59550,70062,65375,80112,77597,92107,89556,61832,66284,40200,51769,12717,22996,5890,5725,44319,42222,58547,50343,61940,57736,72695,70437,86419,84156,59680,63691,38962,50043,12240,21981,744097,660379,80946,76709,109784,103914,45955,55,69
2021-11-21T23:59:59+01:00,8619,8325,54151,50590,68427,59391,69958,65273,80022,77505,92043,89475,61798,66225,40177,51743,12716,22984,5879,5713,44279,42189,58480,50300,61877,57691,72645,70385,86364,84110,59659,63661,38945,50022,12236,21978,742764,659790,80926,76699,109784,103914,45941,55,69
2021-11-20T23:59:59+01:00,8569,8277,54069,50543,68339,59289,69867,65201,79971,77441,92008,89437,61791,66206,40173,51737,12716,22981,5875,5699,44261,42170,58450,50283,61858,57670,72618,70365,86354,84095,59657,63654,38944,50019,12236,21978,742032,659583,80854,76682,109784,103914,45938,55,69
2021-11-19T23:59:59+01:00,8452,8169,53892,50359,68179,59127,69736,65058,79863,77337,91922,89352,61757,66173,40164,51721,12711,22974,5861,5686,44168,42110,58349,50212,61780,57614,72522,70289,86294,84055,59638,63634,38938,50011,12235,21977,740470,658826,80763,76647,109784,103911,45920,55,69
2021-11-18T23:59:59+01:00,8148,7863,53491,50026,67831,58699,69450,64744,79636,77101,91750,89159,61674,66082,40133,51666,12709,22942,5753,5584,43872,41883,58070,49986,61566,57416,72327,70081,86124,83914,59568,63566,38902,49966,12224,21962,736698,656278,80721,76617,109784,103910,45890,55,69
2021-11-17T23:59:59+01:00,7927,7649,53151,49702,67521,58361,69159,64506,79418,76913,91598,88981,61604,65996,40100,51631,12704,22916,5686,5509,43649,41665,57755,49757,61351,57213,72129,69895,85970,83773,59517,63489,38885,49918,12219,21941,733526,653907,80662,76580,109783,103910,45855,55,69
2021-11-16T23:59:59+01:00,7786,7514,52698,49366,67149,58019,68887,64234,79175,76691,91431,88792,61532,65908,40063,51580,12694,22885,5665,5488,43517,41573,57600,49649,61245,57109,72010,69794,85872,83678,59468,63419,38850,49879,12216,21930,730273,652648,80542,76540,109783,103910,45795,55,69
2021-11-15T23:59:59+01:00,7683,7419,52391,49097,66772,57692,68619,64000,78968,76500,91280,88629,61460,65817,40046,51531,12688,22870,5645,5474,43430,41509,57485,49566,61168,57032,71942,69730,85815,83614,59429,63381,38834,49845,12210,21918,727446,651789,80485,76523,109783,103909,45737,55,69
2021-11-14T23:59:59+01:00,7622,7367,52132,48925,66481,57432,68419,63825,78821,76356,91163,88520,61412,65773,40030,51504,12685,22863,5641,5466,43353,41462,57407,49498,61114,56965,71877,69681,85766,83565,59392,63347,38824,49827,12205,21913,725425,651152,80449,76511,109783,103909,45662,55,69
2021-11-13T23:59:59+01:00,7503,7268,51702,48511,66062,57042,68103,63540,78548,76162,90997,88407,61385,65732,40014,51483,12682,22858,5622,5458,43306,41410,57354,49450,61073,56931,71830,69625,85718,83530,59379,63332,38813,49815,12202,21909,722114,650614,80436,76510,109782,103908,45656,55,69
2021-11-12T23:59:59+01:00,7342,7107,51082,48059,65507,56589,67678,63168,78234,75851,90798,88237,61348,65655,39983,51444,12678,22844,5598,5432,43165,41322,57248,49357,60972,56844,71734,69533,85635,83466,59344,63297,38805,49800,12194,21902,717825,649572,80394,76507,109781,103907,45593,55,69
2021-11-11T23:59:59+01:00,7141,6888,50257,47437,64845,55945,67155,62703,77795,75464,90543,87986,61275,65561,39952,51396,12668,22824,5524,5362,42980,41135,57069,49153,60811,56669,71601,69381,85503,83350,59291,63240,38771,49757,12184,21885,712252,647739,80307,76470,109780,103903,45485,55,69
2021-11-10T23:59:59+01:00,6940,6752,49470,46792,64025,55250,66523,62165,77315,74988,90235,87694,61187,65444,39917,51337,12661,22805,5489,5310,42775,40958,56850,48940,60634,56502,71447,69202,85376,83205,59227,63179,38730,49709,12177,21868,706179,645843,80196,76427,109777,103902,45337,55,69
2021-11-09T23:59:59+01:00,6830,6625,48813,46229,63355,54707,66060,61754,76904,74596,89963,87431,61111,65353,39887,51296,12656,22790,5462,5289,42625,40856,56719,48821,60532,56391,71351,69084,85285,83112,59177,63118,38707,49669,12169,21858,701405,644698,80020,76403,109769,103901,45154,55,69
2021-11-08T23:59:59+01:00,6728,6518,48168,45763,62723,54203,65591,61332,76507,74263,89724,87200,61034,65291,39860,51258,12651,22775,5438,5268,42519,40734,56592,48723,60447,56306,71261,69003,85222,83039,59132,63073,38695,49647,12163,21837,697060,643799,79780,76363,109769,103900,44968,55,69
2021-11-07T23:59:59+01:00,6685,6470,47895,45545,62436,53953,65358,61156,76302,74093,89610,87096,60999,65250,39852,51241,12649,22769,5426,5246,42459,40683,56517,48665,60388,56256,71206,68951,85187,83005,59111,63056,38684,49636,12161,21831,695000,643300,79738,76358,109768,103900,44841,55,69
2021-11-06T23:59:59+01:00,6672,6452,47861,45507,62377,53908,65324,61132,76277,74067,89592,87084,60999,65250,39852,51241,12649,22768,5423,5246,42455,40676,56503,48656,60382,56250,71202,68947,85181,83002,59111,63056,38684,49636,12161,21831,694664,643241,79733,76357,109768,103900,44835,55,69
2021-11-05T23:59:59+01:00,6606,6382,47604,45275,62082,53649,65079,60934,76081,73895,89473,87003,60991,65232,39851,51234,12649,22762,5399,5222,42391,40626,56430,48579,60327,56185,71138,68895,85149,82972,59101,63044,38677,49630,12159,21828,692600,642749,79727,76354,109762,103900,44680,55,69
2021-11-04T23:59:59+01:00,6453,6244,47049,44801,61529,53159,64618,60551,75736,73590,89274,86864,60959,65174,39830,51214,12642,22754,5327,5135,42211,40423,56257,48385,60173,56035,71018,68767,85039,82887,59064,63005,38662,49584,12154,21821,688544,641198,79674,76333,109762,103899,44448,55,69
2021-11-03T23:59:59+01:00,6369,6154,46597,44420,60937,52756,64226,60213,75409,73330,89062,86707,60928,65129,39819,51192,12637,22739,5286,5077,42030,40269,56029,48205,60043,55899,70896,68646,84955,82809,59027,62969,38642,49555,12149,21805,684985,639770,79619,76310,109762,103897,44245,55,69
2021-11-02T23:59:59+01:00,6317,6099,46330,44208,60570,52520,63935,60043,75203,73195,88943,86626,60911,65099,39808,51171,12632,22730,5262,5053,41922,40187,55933,48121,59952,55836,70824,68577,84903,82759,59003,62940,38627,49538,12142,21781,682882,638999,79591,76304,109762,103897,44091,55,69
2021-11-01T23:59:59+01:00,6262,6043,46112,44024,60317,52351,63699,59872,75031,73081,88856,86570,60899,65083,39798,51165,12630,22727,5236,5026,41855,40119,55840,48041,59853,55788,70751,68529,84852,82726,58995,62924,38619,49522,12137,21767,681339,638482,79580,76302,109756,103896,43831,55,69
2021-10-31T23:59:59+01:00,6257,6043,46108,44021,60312,52347,63695,59869,75030,73078,88854,86568,60899,65083,39798,51165,12630,22727,5234,5024,41855,40117,55840,48040,59852,55787,70749,68529,84852,82726,58995,62924,38619,49521,12137,21766,681305,638470,79579,76302,109756,103896,43830,55,69
2021-10-30T23:59:59+02:00,6257,6043,46108,44020,60310,52343,63695,59869,75028,73077,88853,86568,60899,65083,39798,51165,12630,22727,5234,5024,41855,40117,55839,48035,59851,55786,70749,68529,84852,82726,58995,62924,38618,49519,12137,21766,681295,638462,79579,76300,109756,103896,43829,55,69
2021-10-29T23:59:59+02:00,6231,6013,45981,43902,60095,52190,63503,59755,74890,72963,88760,86532,60893,65079,39791,51159,12630,22723,5214,5011,41797,40062,55759,47968,59767,55739,70691,68480,84822,82709,58989,62918,38616,49516,12136,21764,680212,638154,79563,76295,109756,103896,43545,55,68
2021-10-28T23:59:59+02:00,6159,5946,45714,43670,59765,51989,63241,59563,74669,72823,88638,86448,60863,65060,39783,51148,12629,22719,5186,4962,41681,39958,55607,47863,59651,55659,70597,68401,84751,82659,58971,62897,38600,49499,12130,21751,678233,637282,79529,76283,109756,103895,43295,55,68
2021-10-27T23:59:59+02:00,6088,5879,45480,43473,59492,51779,63066,59399,74516,72699,88544,86373,60847,65040,39781,51136,12625,22714,5146,4916,41500,39802,55450,47711,59549,55540,70501,68318,84698,82584,58947,62872,38579,49474,12125,21741,676506,636074,79510,76270,109755,103895,43146,55,68
2021-10-26T23:59:59+02:00,5984,5785,45177,43213,59142,51551,62844,59208,74326,72547,88447,86286,60830,65008,39775,51124,12619,22708,5070,4837,41301,39588,55269,47533,59424,55424,70419,68206,84616,82513,58917,62834,38558,49445,12122,21728,674345,634615,79495,76260,109754,103895,42966,55,68
2021-10-25T23:59:59+02:00,5978,5779,45149,43196,59103,51529,62821,59197,74301,72534,88432,86271,60829,65006,39773,51124,12619,22708,5066,4837,41289,39585,55249,47526,59409,55422,70411,68197,84611,82505,58917,62831,38557,49445,12122,21728,674170,634570,79494,76260,109754,103892,42917,55,68
2021-10-24T23:59:59+02:00,5950,5754,45055,43130,58983,51440,62729,59129,74214,72481,88386,86241,60821,64994,39770,51117,12617,22705,5056,4826,41232,39538,55179,47471,59360,55381,70377,68166,84586,82483,58904,62818,38551,49439,12121,21727,673492,634237,79487,76250,109754,103892,42768,55,68
2021-10-23T23:59:59+02:00,5950,5754,45055,43130,58983,51439,62729,59128,74214,72481,88386,86241,60821,64994,39770,51117,12617,22705,5056,4826,41232,39538,55178,47471,59360,55381,70377,68166,84586,82483,58904,62818,38551,49439,12121,21727,673490,634236,79487,76250,109754,103892,42768,55,68
2021-10-22T23:59:59+02:00,5926,5722,44961,43062,58876,51351,62618,59049,74139,72416,88336,86213,60821,64990,39768,51115,12615,22705,5038,4807,41163,39484,55122,47418,59299,55336,70346,68131,84548,82471,58897,62813,38546,49432,12120,21727,672836,633891,79476,76248,109754,103890,42601,55,68
2021-10-21T23:59:59+02:00,5865,5680,44812,42938,58711,51214,62461,58930,74018,72324,88248,86160,60802,64976,39757,51097,12611,22698,4990,4769,41039,39351,55010,47303,59198,55211,70259,68059,84488,82424,58875,62779,38529,49414,12115,21718,671614,632878,79458,76235,109754,103890,42460,55,68
2021-10-20T23:59:59+02:00,5828,5628,44674,42807,58535,51060,62336,58833,73916,72249,88200,86114,60793,64958,39739,51080,12606,22682,4940,4697,40888,39192,54845,47143,59076,55069,70169,67961,84415,82360,58838,62742,38511,49392,12112,21706,670470,631520,79435,76214,109752,103890,42364,55,68
2021-10-19T23:59:59+02:00,5800,5589,44548,42699,58401,50957,62264,58761,73872,72181,88159,86084,60771,64941,39721,51066,12599,22670,4876,4640,40685,39008,54677,46978,58973,54926,70084,67865,84349,82299,58798,62699,38495,49371,12110,21684,669588,630059,79426,76203,109752,103887,42300,55,68
2021-10-18T23:59:59+02:00,5780,5576,44490,42636,58340,50901,62230,58720,73842,72146,88136,86071,60753,64926,39718,51057,12597,22665,4861,4626,40629,38959,54623,46916,58940,54875,70048,67823,84314,82270,58780,62684,38488,49354,12107,21674,669154,629588,79424,76193,109752,103885,42237,55,68
2021-10-17T23:59:59+02:00,5768,5557,44454,42615,58307,50872,62199,58696,73824,72126,88114,86055,60746,64922,39712,51048,12595,22656,4843,4603,40589,38930,54601,46880,58916,54848,70030,67805,84294,82251,58770,62675,38486,49350,12106,21669,668870,629294,79416,76188,109752,103885,42211,55,68
2021-10-16T23:59:59+02:00,5766,5555,44454,42615,58307,50870,62199,58696,73824,72126,88114,86055,60746,64922,39712,51048,12595,22656,4843,4602,40588,38928,54601,46878,58916,54848,70030,67804,84294,82251,58770,62675,38486,49350,12106,21669,668864,629289,79416,76186,109752,103885,42211,55,68
2021-10-15T23:59:59+02:00,5751,5535,44396,42564,58250,50822,62153,58667,73787,72087,88083,86030,60733,64919,39707,51043,12592,22653,4821,4581,40532,38877,54558,46845,58876,54806,69996,67774,84266,82233,58765,62670,38477,49347,12105,21665,668464,628928,79414,76186,109750,103885,42127,55,68
2021-10-14T23:59:59+02:00,5705,5504,44319,42475,58175,50729,62083,58598,73724,72024,88022,85994,60720,64900,39695,51025,12585,22639,4774,4522,40426,38740,54494,46767,58795,54712,69922,67696,84228,82193,58731,62648,38470,49330,12102,21656,667729,628071,79405,76169,109750,103883,42015,55,68
2021-10-13T23:59:59+02:00,5664,5441,44216,42359,58066,50628,62004,58510,73668,71956,87973,85952,60702,64873,39687,51014,12582,22630,4686,4452,40242,38504,54345,46536,58669,54541,69836,67568,84141,82116,58701,62610,38451,49289,12097,21642,666807,626369,79392,76147,109750,103883,41959,55,68
2021-10-12T23:59:59+02:00,5625,5411,44088,42235,57947,50508,61919,58426,73582,71892,87911,85907,60678,64842,39681,50997,12578,22617,4634,4386,40000,38275,54133,46339,58519,54390,69742,67456,84061,82044,58667,62566,38431,49259,12089,21629,665810,624643,79387,76145,109749,103883,41881,55,68
2021-10-11T23:59:59+02:00,5607,5397,44042,42182,57895,50448,61880,58383,73542,71859,87879,85883,60663,64829,39675,50983,12572,22605,4616,4371,39953,38228,54078,46289,58473,54344,69712,67419,84038,82010,58646,62542,38419,49232,12081,21607,665335,624125,79380,76140,109749,103882,41843,55,68
2021-10-10T23:59:59+02:00,5593,5384,44016,42153,57860,50423,61847,58355,73521,71839,87864,85871,60655,64824,39674,50979,12571,22602,4607,4361,39921,38204,54039,46255,58439,54322,69688,67402,84024,81998,58641,62535,38413,49226,12079,21605,665093,623878,79375,76135,109749,103881,41797,55,68
2021-10-09T23:59:59+02:00,5592,5383,44015,42148,57860,50423,61845,58355,73521,71839,87864,85871,60655,64824,39674,50979,12571,22602,4606,4361,39919,38202,54038,46255,58437,54322,69688,67402,84024,81998,58640,62535,38413,49226,12079,21605,665085,623873,79375,76135,109749,103879,41795,55,68
2021-10-08T23:59:59+02:00,5565,5362,43965,42102,57805,50366,61795,58320,73473,71811,87840,85859,60647,64815,39668,50970,12569,22598,4594,4339,39883,38160,54009,46221,58401,54279,69653,67381,84007,81985,58636,62523,38410,49222,12078,21603,664678,623593,79374,76132,109749,103879,41712,55,68
2021-10-07T23:59:59+02:00,5500,5284,43816,41965,57679,50238,61704,58234,73395,71736,87786,85820,60634,64791,39658,50960,12566,22590,4503,4245,39691,37933,53867,46027,58274,54116,69548,67272,83952,81923,58607,62479,38389,49206,12071,21595,663617,622018,79358,76118,109749,103879,41615,55,68
2021-10-06T23:59:59+02:00,5474,5243,43674,41850,57564,50150,61624,58142,73327,71668,87727,85775,60619,64766,39645,50935,12563,22573,4441,4191,39527,37754,53733,45873,58172,53980,69457,67162,83887,81849,58572,62439,38374,49180,12070,21577,662685,620651,79340,76114,109748,103878,41527,55,68
2021-10-05T23:59:59+02:00,5434,5206,43544,41707,57450,50014,61506,58063,73256,71603,87674,85716,60600,64746,39634,50917,12560,22555,4394,4143,39395,37605,53615,45745,58074,53856,69356,67083,83827,81789,58547,62407,38355,49155,12064,21573,661637,619486,79334,76105,109748,103877,41447,55,68
2021-10-04T23:59:59+02:00,5405,5193,43466,41636,57379,49938,61459,58022,73204,71557,87640,85691,60581,64727,39629,50909,12556,22543,4375,4124,39320,37553,53547,45683,58037,53808,69320,67030,83798,81762,58521,62387,38345,49145,12062,21570,661081,619006,79329,76082,109748,103873,41358,55,68
2021-10-03T23:59:59+02:00,5395,5177,43435,41599,57324,49900,61423,57985,73174,71530,87616,85667,60570,64717,39619,50901,12553,22534,4367,4114,39289,37521,53516,45664,58011,53778,69300,67010,83777,81744,58510,62373,38340,49144,12061,21567,660743,618782,79327,76081,109748,103873,41282,55,68
2021-10-02T23:59:59+02:00,5395,5177,43434,41598,57321,49899,61423,57984,73174,71530,87616,85667,60570,64717,39619,50901,12553,22534,4367,4114,39289,37521,53516,45664,58011,53778,69300,67010,83777,81744,58510,62373,38340,49144,12061,21567,660738,618782,79325,76081,109748,103873,41282,55,68
2021-10-01T23:59:59+02:00,5382,5156,43359,41532,57253,49834,61361,57949,73123,71492,87578,85636,60555,64706,39614,50893,12553,22534,4350,4102,39234,37467,53468,45634,57971,53740,69265,66984,83753,81721,58503,62372,38337,49142,12061,21566,660258,618488,79324,76080,109748,103872,41162,54,68
2021-09-30T23:59:59+02:00,5309,5076,43181,41341,57091,49664,61239,57804,73028,71382,87506,85588,60531,64667,39596,50873,12549,22526,4231,3973,39000,37197,53306,45443,57830,53569,69163,66864,83676,81648,58486,62335,38321,49116,12055,21563,658944,616830,79311,76079,109748,103869,40930,54,68
2021-09-29T23:59:59+02:00,5273,5039,43036,41191,56945,49530,61143,57703,72943,71294,87447,85539,60506,64644,39581,50856,12546,22517,4146,3914,38811,36973,53163,45293,57737,53442,69070,66755,83610,81563,58442,62309,38309,49099,12052,21553,657911,615464,79289,76074,109748,103868,40767,54,68
2021-09-28T23:59:59+02:00,5231,4995,42827,41033,56798,49391,61038,57596,72861,71205,87386,85470,60476,64621,39567,50835,12539,22496,4087,3861,38616,36786,53020,45156,57637,53329,68987,66669,83534,81492,58414,62278,38293,49079,12050,21546,656713,614222,79281,76073,109747,103865,40606,54,68
2021-09-27T23:59:59+02:00,5199,4973,42734,40954,56703,49307,60951,57516,72798,71151,87337,85430,60453,64594,39545,50813,12531,22464,4073,3845,38530,36727,52937,45105,57563,53274,68949,66626,83491,81457,58391,62256,38283,49064,12047,21535,656058,613828,79274,76042,109747,103859,40356,54,68
2021-09-26T23:59:59+02:00,5186,4947,42688,40920,56672,49272,60933,57492,72774,71130,87323,85408,60445,64587,39541,50808,12530,22463,4063,3838,38508,36710,52902,45075,57539,53257,68927,66603,83472,81443,58384,62248,38278,49060,12047,21535,655811,613650,79268,76037,109747,103859,40275,54,68
2021-09-25T23:59:59+02:00,5186,4946,42684,40918,56672,49271,60933,57491,72773,71128,87323,85408,60445,64587,39541,50808,12530,22463,4063,3838,38505,36707,52901,45075,57539,53256,68927,66601,83472,81443,58383,62247,38278,49060,12047,21535,655805,613642,79266,76037,109747,103859,40271,54,68
2021-09-24T23:59:59+02:00,5167,4935,42597,40836,56606,49205,60867,57435,72711,71068,87284,85368,60433,64578,39536,50804,12529,22461,4058,3830,38446,36656,52852,45030,57488,53214,68881,66545,83438,81418,58372,62241,38275,49057,12046,21533,655454,613481,79262,76034,109747,103859,39938,54,68
2021-09-23T23:59:59+02:00,5094,4834,42325,40565,56377,48995,60697,57234,72557,70931,87152,85276,60380,64537,39518,50767,12524,22433,3980,3743,38208,36476,52660,44865,57337,53077,68749,66435,83339,81332,58334,62203,38262,49034,12041,21519,653863,612328,79249,76023,109746,103857,39318,54,68
2021-09-22T23:59:59+02:00,5055,4779,42171,40381,56200,48813,60549,57078,72447,70795,87060,85196,60345,64488,39498,50730,12521,22418,3939,3693,38070,36329,52500,44728,57208,52951,68670,66336,83249,81249,58300,62168,38245,49013,12038,21509,652560,611289,79235,76019,109745,103855,38964,54,68
2021-09-21T23:59:59+02:00,5019,4724,41970,40134,55973,48588,60384,56928,72353,70674,86971,85114,60306,64444,39481,50690,12512,22404,3892,3658,37906,36181,52346,44587,57086,52853,68599,66256,83173,81185,58271,62143,38221,48991,12032,21496,650982,610247,79234,76019,109745,103854,38688,54,68
2021-09-20T23:59:59+02:00,4993,4702,41862,40050,55841,48492,60281,56844,72275,70609,86913,85059,60281,64424,39468,50670,12506,22385,3884,3645,37823,36107,52230,44511,57003,52793,68537,66205,83122,81142,58248,62126,38211,48964,12029,21491,650273,609799,79221,75967,109745,103841,38396,54,68
2021-09-19T23:59:59+02:00,4988,4698,41817,40022,55766,48444,60231,56803,72234,70596,86886,85045,60274,64415,39467,50662,12506,22383,3874,3642,37791,36083,52185,44493,56969,52782,68501,66189,83099,81123,58240,62120,38208,48960,12029,21489,650013,609661,79219,75965,109742,103840,38243,54,68
2021-09-18T23:59:59+02:00,4986,4696,41805,40017,55748,48430,60212,56793,72222,70584,86876,85041,60269,64412,39466,50662,12506,22382,3873,3642,37787,36080,52169,44488,56956,52772,68492,66181,83089,81119,58235,62117,38206,48959,12029,21489,649960,609644,79218,75965,109742,103840,38166,54,68
2021-09-17T23:59:59+02:00,4931,4645,41656,39897,55632,48283,60070,56669,72085,70469,86807,84968,60234,64390,39457,50656,12503,22376,3841,3615,37680,35993,52073,44371,56866,52679,68384,66103,83029,81061,58203,62100,38199,48951,12027,21485,649128,609169,79217,75965,109742,103840,37618,54,68
2021-09-16T23:59:59+02:00,4834,4544,41373,39624,55376,47996,59835,56397,71893,70290,86678,84836,60182,64333,39434,50633,12492,22361,3736,3512,37402,35774,51867,44135,56683,52476,68238,65956,82919,80962,58150,62065,38181,48928,12018,21474,647205,607686,79210,75959,109735,103825,36938,54,68
2021-09-15T23:59:59+02:00,4769,4479,41138,39370,55135,47713,59620,56178,71736,70147,86559,84731,60140,64278,39409,50608,12488,22344,3676,3464,37197,35587,51693,43924,56544,52331,68130,65856,82823,80860,58103,62031,38158,48903,12016,21460,645434,606467,79208,75956,109735,103825,36440,54,68
2021-09-14T23:59:59+02:00,4741,4449,41014,39242,55006,47621,59530,56060,71636,70051,86481,84672,60121,64251,39395,50596,12485,22340,3662,3451,37123,35514,51600,43868,56472,52261,68054,65793,82765,80823,58085,62005,38143,48883,12010,21452,644661,606054,79208,75956,109735,103824,36062,54,68
2021-09-13T23:59:59+02:00,4713,4435,40910,39138,54916,47525,59466,55960,71564,69996,86438,84631,60091,64219,39389,50585,12481,22335,3641,3433,37048,35444,51513,43808,56413,52197,67989,65756,82725,80796,58061,61978,38134,48872,12009,21446,643953,605608,79207,75905,109734,103809,35873,54,68
2021-09-12T23:59:59+02:00,4704,4421,40878,39111,54895,47502,59439,55929,71535,69964,86424,84611,60083,64210,39387,50582,12479,22331,3632,3429,37011,35413,51494,43789,56388,52179,67968,65728,82704,80777,58050,61965,38129,48861,12009,21444,643736,605402,79198,75900,109733,103807,35793,54,68
2021-09-11T23:59:59+02:00,4695,4419,40863,39085,54868,47475,59420,55912,71512,69952,86413,84603,60082,64207,39386,50581,12479,22329,3629,3427,36994,35402,51473,43770,56375,52166,67946,65717,82691,80773,58048,61964,38127,48861,12009,21443,643641,605357,79198,75899,109733,103807,35684,54,68
2021-09-10T23:59:59+02:00,4649,4379,40683,38914,54710,47339,59302,55760,71386,69849,86325,84521,60054,64179,39376,50569,12475,22322,3611,3408,36868,35313,51363,43677,56282,52074,67852,65651,82618,80717,58029,61943,38118,48847,12002,21437,642733,604933,79196,75899,109733,103807,35103,54,68
2021-09-09T23:59:59+02:00,4575,4291,40440,38696,54515,47116,59124,55539,71239,69682,86223,84426,60029,64136,39357,50544,12467,22317,3553,3344,36655,35139,51187,43526,56130,51908,67709,65532,82508,80638,57989,61897,38101,48825,11997,21429,641257,603792,79195,75898,109733,103807,34503,54,67
2021-09-08T23:59:59+02:00,4476,4196,40213,38438,54314,46934,58947,55371,71128,69565,86131,84347,59993,64096,39349,50511,12461,22310,3443,3239,36370,34870,50951,43311,55929,51722,67572,65401,82394,80534,57955,61841,38078,48786,11986,21415,639833,602037,79190,75890,109732,103807,33996,54,67
2021-09-07T23:59:59+02:00,4402,4134,40011,38268,54183,46814,58844,55263,71050,69476,86069,84280,59969,64068,39338,50496,12458,22307,3414,3213,36241,34763,50846,43230,55846,51658,67502,65333,82329,80477,57923,61809,38066,48763,11980,21407,638816,601375,79183,75878,109727,103806,33674,54,67
2021-09-06T23:59:59+02:00,4361,4086,39909,38166,54103,46742,58777,55187,71005,69421,86025,84242,59949,64051,39335,50491,12456,22303,3381,3189,36126,34648,50750,43159,55763,51573,67442,65262,82275,80415,57897,61778,38056,48751,11979,21405,638138,600615,79183,75841,109725,103794,33532,54,67
2021-09-05T23:59:59+02:00,4348,4069,39874,38136,54081,46710,58739,55160,70977,69398,86001,84219,59945,64048,39332,50486,12455,22299,3377,3183,36100,34627,50721,43136,55730,51552,67423,65245,82257,80399,57889,61773,38053,48745,11977,21402,637912,600463,79182,75837,109724,103794,33428,54,67
2021-09-04T23:59:59+02:00,4348,4067,39865,38133,54078,46702,58738,55158,70975,69394,85997,84212,59945,64046,39332,50486,12455,22299,3376,3182,36088,34624,50718,43128,55726,51551,67421,65241,82254,80395,57888,61771,38053,48745,11977,21402,637892,600444,79182,75836,109724,103792,33401,54,67
2021-09-03T23:59:59+02:00,4310,4037,39752,38021,53978,46632,58659,55077,70905,69335,85932,84181,59927,64030,39326,50481,12452,22296,3363,3167,36009,34556,50631,43081,55663,51496,67362,65199,82208,80363,57873,61757,38045,48739,11971,21401,637321,600122,79182,75830,109724,103792,33073,54,67
2021-09-02T23:59:59+02:00,4269,3994,39574,37863,53835,46472,58518,54949,70779,69216,85855,84116,59879,63993,39303,50453,12450,22286,3346,3152,35882,34470,50518,42997,55561,51406,67261,65118,82134,80299,57826,61725,38028,48715,11966,21394,636306,599553,79181,75829,109724,103787,32562,54,67
2021-09-01T23:59:59+02:00,4208,3924,39380,37690,53671,46330,58398,54835,70686,69129,85794,84038,59835,63962,39287,50440,12448,22275,3212,3031,35547,34125,50282,42735,55362,51210,67100,64952,82002,80193,57779,61669,37996,48688,11961,21388,635183,597337,79170,75819,109723,103786,32223,54,67
2021-08-31T23:59:59+02:00,4159,3876,39243,37537,53538,46217,58293,54729,70597,69055,85716,83982,59806,63934,39269,50411,12446,22272,3191,3014,35426,34021,50138,42635,55248,51126,67005,64884,81920,80139,57740,61632,37982,48668,11955,21385,634243,596748,79168,75818,109721,103558,31918,53,67
2021-08-30T23:59:59+02:00,4108,3831,39132,37412,53434,46132,58208,54650,70535,68977,85655,83936,59788,63909,39258,50400,12444,22266,3178,2995,35352,33947,50060,42575,55172,51055,66944,64821,81867,80082,57714,61605,37968,48647,11954,21374,633401,596156,79165,75783,109721,103546,31758,53,67
2021-08-29T23:59:59+02:00,4097,3822,39113,37394,53415,46115,58193,54630,70527,68967,85639,83919,59786,63907,39254,50396,12443,22265,3172,2988,35323,33921,50029,42556,55160,51029,66920,64794,81843,80068,57704,61589,37963,48642,11951,21373,633281,595957,79161,75766,109721,103546,31689,53,67
2021-08-28T23:59:59+02:00,4097,3822,39112,37394,53414,46114,58193,54630,70526,68965,85639,83919,59786,63907,39254,50396,12443,22265,3172,2988,35323,33920,50029,42556,55158,51029,66919,64793,81843,80068,57704,61589,37963,48642,11951,21373,633277,595954,79161,75766,109721,103546,31687,53,67
2021-08-27T23:59:59+02:00,4061,3780,38991,37296,53313,46008,58110,54535,70436,68887,85575,83860,59760,63883,39242,50386,12443,22263,3166,2972,35220,33861,49926,42493,55086,50956,66827,64730,81788,80028,57679,61569,37952,48632,11950,21372,632636,595545,79161,75766,109716,103544,31286,53,66
2021-08-26T23:59:59+02:00,3976,3717,38799,37113,53141,45840,57973,54386,70306,68772,85447,83768,59713,63837,39218,50366,12436,22253,3139,2934,35041,33687,49772,42325,54925,50795,66696,64600,81642,79915,57630,61508,37924,48606,11945,21364,631448,594376,79158,75755,109713,103539,30712,53,66
2021-08-25T23:59:59+02:00,3880,3649,38631,36914,52984,45646,57856,54244,70205,68671,85353,83676,59676,63795,39200,50347,12434,22246,3022,2799,34659,33272,49494,42005,54684,50530,66502,64397,81461,79744,57542,61426,37902,48568,11933,21352,630198,591624,79157,75753,109712,103539,30310,53,66
2021-08-24T23:59:59+02:00,3859,3633,38544,36840,52906,45576,57800,54191,70151,68625,85308,83636,59645,63769,39191,50330,12431,22236,2979,2769,34511,33144,49372,41916,54595,50445,66399,64303,81370,79667,57493,61381,37894,48552,11928,21343,629761,590696,79153,75749,109711,103534,30016,53,66
2021-08-23T23:59:59+02:00,3831,3597,38448,36744,52823,45512,57743,54126,70092,68574,85254,83597,59627,63742,39181,50317,12429,22228,2961,2738,34370,33008,49246,41839,54494,50360,66305,64207,81280,79604,57457,61331,37874,48532,11927,21332,629226,589813,79149,75715,109709,103520,29751,53,66
2021-08-22T23:59:59+02:00,3823,3596,38418,36730,52808,45493,57726,54113,70066,68555,85237,83583,59617,63732,39179,50308,12424,22226,2953,2719,34321,32969,49218,41802,54458,50333,66262,64182,81244,79577,57442,61317,37871,48523,11922,21329,629119,589523,79147,75704,109708,103519,29630,53,66
2021-08-21T23:59:59+02:00,3820,3593,38398,36724,52798,45482,57712,54107,70052,68543,85231,83574,59610,63730,39178,50308,12424,22226,2953,2719,34309,32965,49206,41792,54445,50328,66250,64171,81238,79570,57438,61316,37871,48523,11922,21329,629077,589508,79146,75702,109707,103519,29550,53,66
2021-08-20T23:59:59+02:00,3800,3561,38328,36653,52715,45410,57635,54043,69978,68490,85168,83526,59593,63710,39175,50304,12424,22220,2935,2705,34210,32859,49090,41723,54352,50251,66155,64103,81168,79516,57418,61292,37865,48518,11921,21325,628707,588980,79144,75699,109707,103516,29145,53,66
2021-08-19T23:59:59+02:00,3772,3527,38157,36512,52553,45268,57513,53939,69848,68369,85069,83450,59563,63666,39160,50287,12420,22208,2901,2652,33857,32610,48800,41476,54134,50054,65947,63915,80992,79382,57363,61219,37818,48480,11916,21314,627814,587064,79142,75601,109698,103502,28597,53,66
2021-08-18T23:59:59+02:00,3722,3477,37968,36356,52423,45145,57416,53834,69739,68274,84993,83386,59524,63623,39145,50267,12418,22200,2831,2579,33475,32198,48497,41220,53877,49775,65725,63702,80807,79220,57281,61131,37782,48438,11912,21302,626809,584483,79139,75472,109696,103495,28236,53,66
2021-08-17T23:59:59+02:00,3661,3429,37805,36196,52300,45018,57336,53737,69644,68187,84919,83324,59489,63590,39132,50244,12413,22191,2731,2502,33082,31753,48169,40902,53584,49484,65479,63459,80605,79010,57172,61020,37741,48389,11900,21291,625844,581364,79139,75458,109691,103474,27911,53,66
2021-08-16T23:59:59+02:00,3605,3374,37659,36054,52204,44922,57263,53666,69574,68118,84866,83279,59467,63561,39118,50227,12407,22183,2598,2394,32521,31194,47776,40488,53191,49095,65173,63190,80382,78814,57096,60904,37708,48334,11891,21269,624936,577320,79135,75423,109691,103454,27755,53,66
2021-08-15T23:59:59+02:00,3596,3365,37625,36030,52171,44904,57236,53631,69557,68102,84855,83268,59455,63557,39115,50218,12407,22181,2581,2383,32440,31098,47704,40423,53127,49033,65129,63148,80338,78786,57078,60884,37700,48321,11890,21265,624744,576752,79135,75393,109690,103443,27674,53,66
2021-08-14T23:59:59+02:00,3591,3360,37617,36023,52165,44900,57230,53624,69553,68099,84847,83264,59448,63553,39114,50216,12407,22181,2580,2381,32432,31090,47693,40419,53118,49024,65126,63145,80331,78784,57073,60880,37699,48319,11890,21265,624711,576719,79132,75392,109690,103443,27629,53,66
2021-08-13T23:59:59+02:00,3574,3346,37545,35980,52103,44848,57164,53573,69484,68058,84781,83228,59426,63541,39103,50201,12404,22175,2557,2353,32290,30975,47565,40320,52997,48923,65024,63065,80242,78734,57050,60859,37686,48309,11888,21260,624396,575911,79132,75391,109690,103443,27286,53,66
2021-08-12T23:59:59+02:00,3535,3318,37416,35857,52013,44758,57091,53488,69390,67985,84707,83162,59397,63517,39091,50188,12404,22172,2478,2263,31760,30488,47181,39966,52603,48568,64697,62833,80021,78522,56958,60772,37642,48266,11883,21243,623673,572416,79131,75359,109688,103336,26967,53,66
2021-08-11T23:59:59+02:00,3493,3278,37264,35713,51901,44649,56968,53365,69291,67894,84622,83080,59357,63479,39070,50172,12400,22168,2358,2183,31112,29866,46671,39578,52175,48131,64393,62554,79809,78318,56861,60666,37606,48193,11870,21226,622767,568368,79125,75335,109686,103246,26555,53,66
2021-08-10T23:59:59+02:00,3445,3233,37106,35566,51788,44526,56862,53260,69226,67823,84556,83023,59332,63442,39052,50158,12393,22163,2191,2034,30225,28885,45933,38875,51505,47524,64006,62190,79558,78077,56756,60561,37561,48124,11862,21214,621823,562144,79123,75334,109683,103243,26294,53,66
2021-08-09T23:59:59+02:00,3409,3204,37010,35458,51708,44458,56802,53217,69195,67780,84526,82991,59314,63428,39040,50139,12392,22161,2055,1914,29514,28140,45261,38289,50933,46938,63635,61831,79277,77828,56635,60464,37517,48069,11855,21200,621234,558021,79121,73887,109682,103217,26164,53,66
2021-08-08T23:59:59+02:00,3400,3190,36982,35440,51683,44430,56785,53206,69177,67761,84505,82975,59310,63423,39035,50132,12391,22160,2021,1889,29387,27998,45116,38193,50833,46853,63579,61774,79228,77787,56598,60445,37507,48058,11855,21197,621054,557089,79120,73879,109681,103185,26099,53,66
2021-08-07T23:59:59+02:00,3400,3190,36980,35434,51673,44429,56783,53206,69173,67758,84504,82973,59309,63423,39035,50132,12391,22160,2021,1889,29378,27990,45101,38190,50832,46848,63576,61769,79225,77784,56595,60444,37506,48058,11855,21196,621046,557054,79119,73877,109681,103184,26076,53,66
2021-08-06T23:59:59+02:00,3389,3175,36914,35379,51593,44364,56718,53166,69132,67725,84472,82946,59297,63404,39024,50126,12388,22158,1983,1846,29139,27757,44889,38006,50650,46701,63439,61649,79126,77716,56570,60418,37491,48048,11852,21193,620773,555586,79115,73869,109681,103182,25770,53,66
2021-08-05T23:59:59+02:00,3356,3137,36761,35246,51479,44229,56598,53051,69016,67611,84346,82870,59254,63351,39001,50106,12379,22148,1863,1715,28441,27137,44302,37518,50090,46245,63081,61350,78833,77497,56460,60323,37453,47994,11844,21177,619976,551258,79114,73859,109680,103002,25138,53,66
2021-08-04T23:59:59+02:00,3297,3074,36560,35076,51330,44082,56460,52936,68892,67482,84230,82756,59187,63293,38983,50077,12375,22138,1662,1538,27295,26019,43341,36640,49129,45339,62490,60742,78335,77056,56249,60141,37394,47904,11830,21157,618890,542908,79104,73817,109680,102949,24521,53,66
2021-08-03T23:59:59+02:00,3223,3016,36341,34879,51175,43944,56336,52814,68761,67368,84141,82683,59144,63251,38963,50047,12366,22123,1460,1333,26213,24902,42399,35739,48229,44451,61944,60210,77888,76651,56079,59955,37332,47816,11811,21125,617548,534552,79096,73768,109670,102923,24228,53,66
2021-08-02T23:59:59+02:00,3178,2962,36198,34729,51066,43832,56244,52716,68673,67277,84056,82608,59104,63202,38948,50027,12358,22111,1271,1168,25311,23912,41548,34994,47501,43708,61460,59734,77501,76307,55915,59805,37282,47737,11794,21104,616573,527574,79095,73713,109669,102780,23919,53,66
2021-08-01T23:59:59+02:00,3173,2956,36181,34707,51039,43813,56224,52689,68643,67264,84042,82596,59098,63197,38946,50023,12358,22111,1226,1137,25051,23663,41299,34792,47267,43510,61319,59597,77385,76210,55879,59776,37267,47724,11790,21100,616427,525704,79092,73671,109668,102711,23840,53,66
2021-07-31T23:59:59+02:00,3172,2955,36176,34706,51039,43812,56222,52688,68642,67263,84042,82594,59098,63197,38946,50023,12358,22110,1223,1136,25044,23647,41291,34783,47262,43504,61310,59595,77383,76207,55879,59772,37267,47724,11790,21099,616414,525633,79092,73670,109668,102710,23837,52,66
2021-07-30T23:59:59+02:00,3155,2942,36114,34643,50969,43763,56158,52625,68586,67222,84004,82554,59086,63184,38942,50016,12355,22107,1166,1081,24720,23339,41019,34569,47001,43309,61121,59464,77233,76091,55847,59733,37253,47712,11790,21099,616119,523695,79088,73667,109665,102599,23521,52,65
2021-07-29T23:59:59+02:00,3132,2914,35974,34521,50839,43636,56064,52525,68515,67157,83933,82502,59061,63166,38929,50007,12355,22106,1022,964,23764,22356,40136,33816,46098,42524,60573,59019,76872,75786,55726,59595,37213,47657,11783,21088,615243,516629,79070,73541,109664,102430,23327,52,65
2021-07-28T23:59:59+02:00,3082,2859,35732,34283,50621,43463,55867,52375,68368,67015,83819,82404,59010,63119,38906,49970,12345,22098,823,808,22542,21121,38812,32708,44777,41341,59765,58356,76364,75325,55531,59407,37144,47552,11769,21063,613872,506801,79065,73370,109664,102271,22701,52,65
2021-07-27T23:59:59+02:00,3057,2840,35624,34165,50535,43381,55788,52324,68306,66946,83758,82332,58969,63076,38894,49955,12344,22089,668,649,21306,19735,37387,31374,43409,40038,59136,57759,75943,74912,55368,59230,37086,47497,11758,21040,613145,496387,79049,73191,109663,102160,22492,52,65
2021-07-26T23:59:59+02:00,3038,2821,35563,34069,50477,43327,55747,52275,68262,66910,83722,82304,58955,63060,38882,49943,12343,22087,566,564,20288,18638,36137,30258,42136,38888,58641,57354,75656,74658,55271,59130,37065,47462,11752,21026,612623,488141,79042,72865,109663,101996,22423,52,65
2021-07-25T23:59:59+02:00,3028,2816,35515,34027,50432,43278,55718,52252,68239,66885,83691,82281,58939,63053,38879,49940,12340,22081,497,493,19889,18274,35718,29927,41725,38581,58444,57198,75497,74547,55224,59091,37043,47443,11749,21022,612325,485407,79036,72589,109663,101965,22336,52,65
2021-07-24T23:59:59+02:00,3028,2816,35509,34024,50430,43274,55716,52251,68238,66885,83689,82280,58939,63053,38878,49940,12340,22081,497,493,19881,18260,35706,29916,41717,38580,58440,57195,75493,74545,55224,59091,37042,47443,11749,21022,612317,485356,79035,72588,109663,101963,22322,52,65
2021-07-23T23:59:59+02:00,3004,2790,35359,33906,50281,43173,55598,52144,68141,66791,83598,82229,58908,63025,38868,49935,12335,22078,471,477,19641,18037,35442,29738,41446,38393,58273,57064,75357,74467,55185,59067,37030,47433,11743,21016,611690,484218,79035,72295,109663,101961,21741,52,65
2021-07-22T23:59:59+02:00,2953,2706,34921,33539,49973,42941,55338,51917,67912,66608,83422,82080,58823,62932,38832,49888,12324,22060,427,428,18850,17376,34346,29003,40318,37560,57533,56595,74803,74091,55003,58887,36964,47349,11722,20990,609556,478686,79021,70860,109659,101739,20896,52,64
2021-07-21T23:59:59+02:00,2898,2648,34609,33216,49732,42729,55150,51729,67720,66423,83293,81955,58758,62879,38801,49850,12313,22050,385,387,18023,16557,33030,28009,39055,36600,56835,56031,74351,73728,54857,58712,36898,47265,11710,20957,607732,472779,78968,68664,109658,101525,20358,52,64
2021-07-20T23:59:59+02:00,2822,2585,34252,32828,49450,42496,54979,51534,67540,66265,83153,81835,58696,62823,38773,49805,12312,22035,329,307,16874,15444,31316,26611,37319,35143,56036,55380,73804,73280,54687,58523,36847,47179,11692,20919,605639,463598,78933,66926,109656,101185,19917,52,64
2021-07-19T23:59:59+02:00,2738,2513,33693,32267,49143,42186,54705,51269,67344,66052,82979,81666,58629,62741,38728,49753,12305,22020,295,259,16215,14878,30365,25931,36452,34427,55596,54958,73475,73041,54600,58437,36810,47127,11686,20897,602440,459888,78872,64761,109655,101011,19726,52,63
2021-07-18T23:59:59+02:00,2710,2495,33594,32149,49050,42132,54649,51208,67284,66003,82936,81624,58602,62715,38717,49740,12303,22013,279,238,15895,14618,29797,25552,35957,34074,55342,54795,73330,72940,54558,58399,36802,47112,11685,20893,601830,458439,78856,63235,109654,100984,19546,52,62
2021-07-17T23:59:59+02:00,2710,2495,33593,32146,49044,42131,54646,51206,67284,66002,82936,81623,58602,62714,38717,49740,12303,22013,279,238,15890,14611,29781,25536,35952,34069,55337,54794,73330,72940,54558,58399,36802,47112,11685,20893,601819,458387,78854,63231,109649,100981,19545,52,62
2021-07-16T23:59:59+02:00,2651,2430,32985,31626,48552,41783,54254,50870,66902,65682,82623,81392,58484,62601,38668,49691,12299,22006,271,227,15474,14289,29287,25161,35502,33737,54999,54540,73070,72748,54447,58310,36768,47074,11682,20889,599600,456979,78850,63102,109648,100974,17358,52,62
2021-07-15T23:59:59+02:00,2519,2299,32125,30842,47933,41209,53681,50388,66475,65334,82368,81149,58394,62504,38634,49648,12291,21988,242,201,14639,13616,27960,24333,34195,32920,54318,54138,72657,72523,54354,58213,36739,47040,11675,20873,594581,452774,78838,60739,109647,100390,16671,52,62
2021-07-14T23:59:59+02:00,2413,2213,31584,30315,47444,40775,53264,49992,66147,65057,82129,80899,58291,62408,38601,49598,12281,21975,195,162,13397,12486,25963,22875,32291,31395,53566,53539,72145,72182,54214,58087,36696,46979,11665,20857,590737,443616,78819,58826,109646,100052,16139,52,61
2021-07-13T23:59:59+02:00,2356,2143,31319,30046,47173,40547,53016,49763,65940,64871,81960,80751,58225,62332,38575,49561,12271,21963,171,140,12406,11644,24229,21564,30346,29803,52370,52364,71323,71387,53965,57810,36609,46864,11647,20829,588581,436872,78805,55905,109639,96891,15742,52,61
2021-07-12T23:59:59+02:00,2130,1936,30459,29117,46519,40011,52445,49194,65549,64482,81682,80480,58089,62206,38533,49504,12261,21942,149,123,11654,11019,22833,20582,28604,28423,51407,51500,70579,70767,53706,57530,36543,46746,11634,20798,582350,428748,78787,53335,109639,96736,15718,52,60
2021-07-11T23:59:59+02:00,2085,1898,30338,29011,46454,39941,52392,49131,65492,64427,81621,80437,58068,62186,38527,49486,12256,21937,146,115,11492,10871,22559,20390,28238,28150,51202,51354,70406,70622,53653,57450,36521,46729,11625,20791,581532,426674,78781,53292,109637,96599,15692,52,57
2021-07-10T23:59:59+02:00,2085,1896,30335,29004,46449,39935,52389,49129,65489,64426,81619,80434,58068,62184,38526,49486,12256,21937,146,115,11479,10853,22543,20373,28222,28137,51195,51349,70402,70619,53653,57450,36520,46729,11625,20791,581501,426583,78780,53290,109637,96587,15684,52,57
2021-07-09T23:59:59+02:00,2041,1858,30100,28773,46233,39754,52205,48958,65327,64313,81514,80353,58038,62154,38511,49471,12252,21935,145,109,11094,10582,21898,19935,27555,27584,50487,50780,69819,70207,53551,57362,36497,46694,11620,20780,580301,425500,78774,52975,109631,93127,15040,51,57
2021-07-08T23:59:59+02:00,1902,1731,29440,28243,45625,39249,51651,48490,64924,64002,81214,80119,57945,62062,38479,49420,12247,21921,107,81,9915,9483,19954,18305,25085,25601,49449,49977,69188,69668,53324,57147,36421,46607,11605,20754,576040,414959,78752,50548,109615,92894,14213,51,57
2021-07-07T23:59:59+02:00,1689,1533,28324,27041,44578,38283,50556,47492,64266,63362,80671,79635,57742,61831,38412,49335,12234,21880,83,70,9379,9009,18862,17466,23684,24398,48623,49329,68641,69177,53124,56906,36345,46508,11589,20714,566763,408610,78736,48931,109613,92601,13708,51,57
2021-07-06T23:59:59+02:00,1487,1375,27248,26003,43559,37360,49619,46559,63666,62800,80237,79226,57559,61647,38356,49240,12210,21853,62,45,8667,8270,17530,16459,22071,23117,48014,48876,68265,68910,53007,56792,36295,46471,11582,20699,558506,401143,78725,48503,109610,92310,13119,51,57
2021-07-05T23:59:59+02:00,1330,1251,26107,24761,42482,36365,48566,45488,63001,62224,79800,78822,57385,61459,38303,49164,12201,21830,50,35,8415,8043,17026,16135,21506,22729,47706,48648,68069,68762,52954,56719,36269,46451,11579,20694,549211,398538,78717,48186,109610,92055,12956,51,55
2021-07-04T23:59:59+02:00,1265,1187,25785,24437,42171,36104,48315,45301,62855,62087,79686,78725,57349,61419,38292,49145,12199,21827,43,34,8159,7884,16752,15937,21222,22531,47582,48548,67986,68683,52930,56695,36254,46446,11577,20693,546894,397494,78687,47523,109609,91970,12914,51,55
2021-07-03T23:59:59+02:00,1265,1186,25777,24422,42158,36098,48313,45301,62851,62086,79685,78724,57348,61419,38292,49145,12199,21827,43,34,8153,7876,16741,15927,21215,22524,47575,48547,67981,68682,52929,56695,36254,46446,11577,20693,546861,397460,78686,47522,109609,91960,12895,51,55
2021-07-02T23:59:59+02:00,1197,1129,25461,24071,41836,35820,48054,45044,62708,61940,79611,78653,57331,61396,38286,49133,12195,21822,42,31,7974,7727,16369,15661,20770,22217,46608,47767,67483,68331,52844,56602,36239,46428,11576,20690,544478,394969,78684,47518,109603,89940,12877,51,55
2021-07-01T23:59:59+02:00,1142,1079,25085,23706,41453,35469,47658,44693,62458,61699,79422,78483,57268,61333,38255,49092,12188,21812,36,27,7582,7388,15554,14874,19597,21181,45066,46282,66265,67253,52535,56299,36142,46308,11552,20663,541331,389128,78582,46691,109593,85986,12744,51,55
2021-06-30T23:59:59+02:00,1069,1013,24662,23263,41024,35099,47246,44311,62228,61491,79251,78334,57187,61254,38227,49041,12180,21791,29,20,7205,7029,14604,14073,18161,19971,41847,43550,64565,65806,52065,55798,35992,46114,11525,20614,537875,377078,78549,45993,109589,83229,12613,51,55
2021-06-29T23:59:59+02:00,978,904,24157,22728,40503,34675,46814,43895,61966,61207,79038,78155,57108,61190,38198,48997,12174,21772,20,18,6928,6719,13935,13572,16999,19043,37513,39859,63207,64545,51576,55298,35858,45935,11494,20570,533786,361732,78540,45780,109589,83023,12499,51,55
2021-06-28T23:59:59+02:00,949,871,23819,22338,40042,34283,46396,43526,61727,60951,78846,78000,57034,61121,38169,48967,12171,21757,18,10,6617,6402,13278,13071,15979,18205,33870,36808,62081,63510,51221,54902,35763,45785,11469,20532,532018,353054,76854,41083,109587,82866,12463,51,55
2021-06-27T23:59:59+02:00,935,858,23724,22247,39966,34221,46337,43466,61694,60913,78809,77970,57019,61110,38163,48960,12170,21752,17,9,6524,6331,13039,12930,15556,17967,33031,36160,61822,63309,51130,54831,35746,45763,11467,20528,531402,350145,76848,40813,109581,82709,12438,51,55
2021-06-26T23:59:59+02:00,935,858,23718,22241,39956,34217,46335,43464,61692,60912,78808,77970,57019,61110,38163,48959,12170,21752,17,9,6521,6323,13030,12916,15548,17960,33027,36159,61815,63306,51128,54825,35746,45763,11467,20527,531370,350074,76847,40812,109579,82708,12438,51,55
2021-06-25T23:59:59+02:00,912,831,23605,22124,39869,34129,46253,43392,61647,60864,78761,77948,57008,61098,38160,48956,12169,21750,16,8,6424,6208,12922,12786,15409,17797,32309,35498,61424,62980,51050,54741,35738,45742,11464,20526,530570,347062,76846,40799,109578,82689,12437,51,55
2021-06-24T23:59:59+02:00,845,773,23217,21706,39514,33817,45902,43087,61442,60670,78601,77810,56954,61044,38138,48926,12164,21739,15,5,6085,5912,12358,12324,14698,17109,29001,32782,59135,61119,50462,54142,35602,45533,11446,20478,527612,333227,76796,40532,109576,82072,12320,51,55
2021-06-23T23:59:59+02:00,741,679,22573,21048,38941,33227,45243,42379,61075,60276,78351,77559,56850,60908,38091,48873,12154,21719,13,4,5929,5716,11989,11969,14188,16577,25641,30023,57490,59587,49938,53600,35481,45359,11425,20434,522022,323767,76739,37599,109573,81634,12308,51,55
2021-06-22T23:59:59+02:00,680,614,22148,20609,38535,32804,44807,41917,60802,59990,78144,77316,56753,60798,38055,48801,12141,21697,11,3,5740,5581,11661,11700,13754,16202,21298,26489,55406,57882,49335,52991,35303,45142,11404,20390,518215,309368,76612,37545,109568,81153,12171,51,55
2021-06-21T23:59:59+02:00,643,573,21895,20371,38282,32570,44561,41642,60613,59777,78012,77176,56699,60712,38030,48761,12132,21681,9,3,5609,5470,11352,11498,13413,15935,19744,25254,54486,57109,47113,50525,34703,44417,11381,20331,516156,304019,76412,37478,109550,74837,11963,50,55
2021-06-20T23:59:59+02:00,614,553,21607,20076,37982,32289,44275,41381,60461,59609,77874,77029,56650,60667,38010,48744,12129,21674,9,3,5550,5425,11218,11407,13257,15806,19345,24929,54217,56925,45452,48542,34135,43781,11361,20310,513753,303378,76329,36723,109537,69561,11957,49,53
2021-06-19T23:59:59+02:00,612,553,21602,20062,37966,32282,44271,41375,60454,59605,77872,77026,56647,60666,38010,48743,12129,21674,9,3,5544,5416,11213,11402,13247,15800,19337,24920,54203,56913,45443,48532,34134,43781,11361,20310,513684,303291,76323,36719,109537,69548,11957,49,53
2021-06-18T23:59:59+02:00,598,539,21502,19952,37897,32225,44195,41288,60398,59559,77827,76984,56625,60644,38005,48730,12128,21673,9,3,5452,5254,10915,10865,12871,15219,18796,23900,53345,55601,45237,48367,34106,43732,11355,20298,512919,301712,76316,36718,109531,64886,11956,48,53
2021-06-17T23:59:59+02:00,512,447,20782,19239,37141,31592,43400,40535,59988,59191,77529,76732,56508,60515,37955,48661,12115,21648,8,3,5262,5041,10533,10313,12346,14445,17860,22535,51768,53655,44084,47015,33788,43333,11308,20214,506927,294374,76223,36588,109522,60725,11771,48,53
2021-06-16T23:59:59+02:00,406,368,19983,18296,36153,30660,42389,39560,59444,58707,77135,76413,56365,60360,37898,48572,12105,21625,8,3,5073,4884,10017,9986,11608,13944,16313,21229,47879,50107,42326,44997,33320,42761,11245,20087,499550,278165,75685,36386,109507,59534,11650,48,52
2021-06-15T23:59:59+02:00,296,265,19175,17449,35231,29803,41460,38668,59006,58264,76802,76082,56223,60193,37840,48502,12090,21591,7,3,4873,4760,9493,9721,10898,13470,14798,20040,43598,46009,40773,43145,32836,42138,11180,19959,492336,260947,75566,36350,109496,58858,11495,48,51
2021-06-14T23:59:59+02:00,192,173,18060,16217,33977,28528,39990,37257,58417,57695,76409,75740,56094,60047,37797,48432,12081,21576,7,3,4750,4668,9146,9511,10416,13150,13624,19036,40950,43450,39698,41995,32543,41737,11148,19873,482566,249758,75131,36323,109491,58126,11447,48,51
2021-06-13T23:59:59+02:00,151,134,17554,15814,33496,28125,39497,36873,58204,57511,76259,75637,56067,60006,37775,48411,12078,21567,7,3,4662,4618,8996,9439,10252,13080,13019,18581,40479,43056,39461,41772,32483,41652,11141,19859,479481,248789,74829,34896,109484,57506,11318,48,51
2021-06-12T23:59:59+02:00,151,134,17546,15793,33479,28114,39490,36868,58197,57507,76255,75635,56066,60004,37774,48411,12078,21567,7,3,4655,4612,8986,9434,10240,13071,13007,18568,40295,42909,39439,41757,32479,41650,11141,19858,479397,248355,74825,34895,109484,57494,11316,48,51
2021-06-11T23:59:59+02:00,149,134,17461,15734,33331,28040,39316,36812,58077,57471,76184,75610,56052,59999,37772,48408,12078,21566,7,3,4576,4420,8827,8873,10048,12351,12772,17497,39806,41608,39284,41627,32461,41614,11139,19857,479052,247866,74412,34893,109376,52653,11307,48,51
2021-06-10T23:59:59+02:00,134,114,16619,15019,31920,27130,38074,35895,57392,57012,75774,75338,55963,59907,37733,48363,12067,21548,7,3,4326,4225,8271,8370,9366,11587,12034,16427,36946,38566,38480,40822,32295,41432,11123,19827,475160,240777,71441,34760,109102,48267,10252,48,51
2021-06-09T23:59:59+02:00,112,89,15840,14321,30636,26231,36856,35007,56812,56623,75429,75110,55878,59801,37706,48318,12054,21528,7,3,4141,4074,7910,8181,8898,11365,11413,16046,31853,33687,36979,39282,32050,41163,11101,19777,470490,226818,69009,34634,109057,46679,9750,46,49
2021-06-08T23:59:59+02:00,85,71,14925,13463,29254,25141,35489,33998,56193,56214,75134,74895,55802,59727,37683,48286,12050,21518,7,3,4059,4012,7751,8058,8745,11247,11118,15839,29017,30868,36020,38335,31889,40968,11077,19744,465908,219306,65580,34573,109011,45444,9385,45,49
2021-06-07T23:59:59+02:00,77,58,14287,12889,27889,24325,34328,33216,55715,55954,74891,74787,55767,59687,37667,48275,12050,21514,7,3,3966,3940,7555,7929,8444,11115,10751,15593,24673,26482,34550,36792,31667,40700,11049,19714,462777,207493,62542,34505,108980,43851,9032,45,49
2021-06-06T23:59:59+02:00,76,55,13966,12696,27101,23910,33674,32797,55406,55788,74735,74722,55746,59663,37653,48266,12048,21513,7,3,3900,3904,7402,7886,8285,11029,10428,15390,21845,23601,33548,35709,31527,40545,11042,19699,461633,204698,60492,29255,108953,43057,8692,45,48
2021-06-05T23:59:59+02:00,76,53,13936,12667,27052,23869,33645,32777,55401,55778,74729,74716,55742,59658,37648,48264,12048,21513,7,3,3878,3887,7367,7863,8238,11010,10365,15348,20418,22046,32749,34827,31457,40464,11038,19692,461501,199718,60387,29251,108948,42949,8691,45,48
2021-06-04T23:59:59+02:00,70,49,13705,12407,26739,23549,33306,32466,55340,55698,74690,74696,55732,59653,37647,48262,12048,21512,7,3,3849,3859,7288,7784,8182,10929,10285,15226,20311,21928,32675,34772,31425,40427,11035,19689,459596,199635,60324,29238,108914,42063,8690,45,48
2021-06-03T23:59:59+02:00,52,43,13138,11923,25701,22864,32171,31715,54843,55365,74373,74502,55661,59573,37612,48231,12041,21495,7,3,3720,3768,7013,7615,7899,10756,9957,14989,18423,20067,30695,32460,31151,40093,11012,19640,455258,191027,58821,29217,108899,40699,8280,45,45
2021-06-02T23:59:59+02:00,38,31,12452,11181,24704,21961,31035,30758,54576,55100,74181,74361,55608,59492,37595,48209,12033,21488,7,3,3686,3747,6954,7558,7842,10707,9872,14897,17903,19518,28764,30280,31051,39950,11005,19628,448951,185483,58642,29216,108897,40360,8268,45,45
2021-06-01T23:59:59+02:00,24,16,11324,10299,22575,20531,28494,28864,53159,54035,73171,73577,55306,59168,37472,48036,11998,21428,7,2,3458,3570,6457,7247,7241,10280,9012,14294,15950,17702,24973,26014,30363,39063,10930,19473,439439,171444,54176,29078,108859,38513,6958,45,43
2021-05-31T23:59:59+02:00,19,12,10463,9632,20737,19361,26445,27350,52049,53184,72462,73026,55090,58905,37399,47931,11983,21392,7,2,3318,3416,6120,6999,6842,9983,8471,13936,14880,16720,23776,24634,29973,38569,10870,19379,432626,165674,49799,29039,108841,37011,6129,45,42
2021-05-30T23:59:59+02:00,17,9,10116,9289,20017,18865,25739,26771,51710,52902,72224,72829,55013,58827,37374,47902,11975,21383,7,2,3138,3228,5775,6732,6554,9742,8252,13730,14620,16450,23485,24315,29863,38463,10855,19351,430036,164845,49389,28982,108810,36011,4682,45,42
2021-05-29T23:59:59+02:00,17,9,10101,9277,19999,18834,25719,26745,51698,52897,72219,72819,55011,58822,37373,47902,11974,21383,7,2,3135,3218,5770,6727,6547,9738,8244,13722,14610,16443,23474,24306,29859,38457,10854,19350,429873,164769,49389,28979,108810,35992,4682,45,41
2021-05-28T23:59:59+02:00,17,9,10035,9183,19858,18666,25456,26513,51536,52720,72072,72688,54972,58772,37359,47882,11971,21370,7,2,3088,3141,5678,6587,6444,9537,8127,13448,14418,16166,23321,24150,29805,38394,10847,19341,428211,164374,49352,28978,108791,34427,4681,44,41
2021-05-27T23:59:59+02:00,17,9,8780,8002,17463,16857,22678,24361,50441,51905,71407,72195,54775,58550,37265,47787,11957,21341,7,2,2791,2809,4834,5965,5554,8756,7333,12455,13289,14971,22327,23104,29414,37937,10792,19255,416316,160543,48392,28714,108652,29911,2386,44,41
2021-05-26T23:59:59+02:00,16,9,8379,7585,16580,16052,21488,23352,49836,51359,70986,71808,54623,58384,37197,47709,11946,21311,7,2,2606,2637,4465,5628,5078,8247,6856,11807,12316,13988,21425,22067,29103,37492,10745,19170,410708,156670,47658,28627,108572,26663,1639,43,40
2021-05-25T23:59:59+02:00,16,9,7812,6991,15335,15172,20041,22179,49358,50957,70738,71620,54548,58301,37173,47681,11942,21301,7,2,2532,2537,4275,5498,4834,8017,6575,11498,11760,13453,19261,19882,28727,36952,10710,19121,403947,150955,47416,28614,108523,24787,1245,43,40
2021-05-24T23:59:59+02:00,16,9,7725,6891,15110,15044,19755,22000,49256,50838,70694,71581,54545,58296,37172,47679,11941,21298,7,2,2491,2474,4189,5330,4741,7773,6449,11216,11620,13210,19144,19766,28674,36905,10703,19110,402812,150802,47336,28571,108429,23163,1230,43,38
2021-05-23T23:59:59+02:00,15,9,7709,6878,15072,15027,19700,21972,49245,50835,70689,71575,54544,58292,37172,47677,11941,21298,7,2,2488,2469,4182,5326,4730,7768,6443,11203,11598,13188,19001,19568,28643,36866,10701,19108,402622,150310,47336,28569,108428,23154,1221,43,37
2021-05-22T23:59:59+02:00,15,9,7706,6869,15063,15015,19689,21965,49245,50833,70686,71575,54544,58291,37172,47677,11941,21298,6,2,2486,2462,4174,5321,4728,7768,6438,11199,11590,13185,18988,19562,28642,36866,10701,19108,402567,150273,47336,28569,108428,23128,1219,43,37
2021-05-21T23:59:59+02:00,15,9,7631,6768,14936,14880,19484,21807,49006,50600,70542,71466,54516,58264,37164,47670,11935,21292,6,2,2416,2376,4085,5181,4624,7558,6314,10901,11416,12896,18922,19495,28626,36836,10698,19106,400991,150016,47333,28568,108403,21622,1216,42,36
2021-05-20T23:59:59+02:00,15,9,7355,6468,14347,14356,18546,20930,46326,48244,69382,70488,54158,57898,37055,47527,11903,21261,6,2,2155,2206,3724,4819,4182,7006,5760,10069,10327,11792,17635,18191,28116,36234,10620,18955,389964,144729,47165,28273,108098,17761,1000,41,36
2021-05-19T23:59:59+02:00,14,8,7115,6243,13679,13867,17273,19928,42337,44763,67892,69175,53700,57377,36890,47298,11866,21210,6,2,2076,2003,3557,4482,3933,6478,5314,9385,9327,10674,16154,16536,27417,35310,10492,18745,375161,137530,46590,28128,107862,15225,981,41,27
2021-05-18T23:59:59+02:00,14,7,6919,6067,13130,13433,16174,19068,37613,40741,66437,67850,53146,56835,36740,47074,11824,21154,6,2,2030,1880,3418,4291,3748,6158,4979,8901,8460,9800,14570,14796,26707,34452,10401,18570,359042,130882,46525,27561,107702,13783,916,41,27
2021-05-17T23:59:59+02:00,14,7,6784,5972,12804,13180,15673,18678,35431,38873,65604,67061,52870,56522,36657,46965,11809,21117,6,2,1958,1816,3229,4107,3526,5924,4656,8528,7678,9100,11304,10764,25797,33302,10320,18399,355304,125647,42247,21457,107617,12473,812,41,27
2021-05-16T23:59:59+02:00,14,7,6718,5887,12678,13025,15502,18510,34938,38400,65418,66891,52814,56461,36645,46938,11804,21112,6,2,1899,1717,3125,3984,3446,5822,4548,8381,7493,8911,9109,8161,25312,32619,10286,18340,353822,124493,41738,16102,107581,11959,581,40,26
2021-05-15T23:59:59+02:00,14,7,6713,5878,12671,13018,15497,18504,34929,38396,65416,66889,52813,56460,36645,46938,11804,21112,6,2,1898,1717,3123,3979,3441,5819,4543,8378,7491,8908,9107,8158,25311,32619,10286,18340,353772,124462,41738,16102,107576,11958,578,40,26
2021-05-14T23:59:59+02:00,14,7,6512,5783,12429,12955,15263,18411,33955,37604,64879,66480,52717,56373,36628,46904,11802,21107,6,2,1782,1629,3011,3907,3384,5710,4493,8231,7443,8778,9100,8152,25310,32619,10286,18339,350397,124400,41707,16098,107112,11091,568,39,25
2021-05-13T23:59:59+02:00,14,7,6263,5599,12022,12700,14690,17963,30424,34814,62396,64398,52085,55700,36489,46683,11790,21059,5,2,1740,1589,2955,3831,3352,5618,4450,8128,7361,8659,9060,8091,25291,32576,10281,18334,336389,124145,41482,16074,106680,10573,506,39,25
2021-05-12T23:59:59+02:00,14,7,6245,5576,11948,12633,14576,17853,29790,34235,61888,63945,51911,55527,36452,46638,11783,21046,5,2,1740,1586,2953,3830,3349,5618,4445,8126,7359,8653,9053,8088,25291,32574,10281,18333,333380,124119,41469,16064,106674,10572,506,38,25
2021-05-11T23:59:59+02:00,13,7,5925,5444,11502,12348,14026,17468,25526,30746,59502,61935,51250,54847,36264,46391,11759,20983,5,2,1700,1471,2850,3568,3227,5245,4303,7686,7205,8331,8967,8003,25262,32534,10277,18322,318422,123872,41414,15874,105683,8806,381,36,25
2021-05-10T23:59:59+02:00,13,7,5798,5370,11340,12231,13806,17296,22051,27986,58244,60815,50889,54493,36171,46267,11744,20952,5,2,1660,1373,2764,3339,3124,4914,4190,7196,7084,7891,8927,7942,25250,32512,10275,18318,308481,123723,41254,15725,105389,6981,313,36,24
2021-05-09T23:59:59+02:00,13,7,5723,5338,11252,12167,13703,17214,20451,26804,57780,60429,50787,54393,36146,46226,11737,20947,5,2,1643,1351,2707,3214,3073,4772,4145,7076,7036,7797,8916,7930,25243,32506,10274,18318,307910,123683,37686,15679,105187,6323,299,35,24
2021-05-08T23:59:59+02:00,13,7,5720,5336,11241,12162,13693,17202,20443,26798,57771,60423,50784,54384,36142,46223,11735,20944,5,2,1642,1351,2704,3211,3073,4771,4142,7073,7034,7796,8914,7930,25242,32504,10274,18318,307818,123665,37684,15679,105186,6320,298,35,24
2021-05-07T23:59:59+02:00,13,7,5680,5300,11172,12114,13584,17121,19989,26441,56773,59611,50655,54253,36112,46192,11732,20930,5,2,1542,1309,2624,3167,3031,4742,4107,7049,7012,7763,8906,7922,25240,32503,10274,18317,304648,123628,37664,15671,105039,5899,293,35,24
2021-05-06T23:59:59+02:00,13,7,5427,5188,10656,11805,12876,16666,18689,25455,52505,55953,49459,52872,35780,45791,11680,20829,5,2,1324,1179,2384,2996,2858,4577,3956,6851,6859,7612,8830,7839,25220,32468,10271,18310,289497,123349,37473,15530,104480,4468,170,31,24
2021-05-05T23:59:59+02:00,13,7,5172,5093,10162,11565,12119,16211,17356,24471,48136,51815,47795,50951,35340,45219,11605,20706,5,2,1278,1085,2321,2868,2772,4398,3862,6611,6752,7413,8717,7742,25158,32393,10265,18294,272310,122862,37247,15485,104093,3510,55,31,24
2021-05-04T23:59:59+02:00,13,7,5087,5007,9845,11346,11666,15819,16373,23604,46259,49781,46723,49643,34963,44733,11537,20597,5,2,1267,1066,2293,2827,2730,4313,3809,6503,6680,7334,8675,7703,25137,32376,10264,18289,261906,122642,37222,15421,103812,3154,32,31,24
2021-05-03T23:59:59+02:00,13,7,4987,4919,9491,11174,11200,15553,15316,22742,44685,48162,45840,48689,34741,44389,11509,20504,5,2,1252,1041,2257,2794,2689,4249,3760,6447,6604,7280,8104,7013,23389,30040,10125,18050,252879,116806,37212,15340,103779,2911,20,31,24
2021-05-02T23:59:59+02:00,13,7,4925,4901,9375,11135,11052,15491,14704,22251,44165,47752,45698,48523,34691,44328,11502,20493,5,1,1248,1035,2238,2791,2676,4241,3731,6432,6584,7266,7914,6770,21410,27626,10078,17962,251663,116784,35574,10319,103723,2866,15,31,24
2021-05-01T23:59:59+02:00,13,7,4925,4899,9371,11129,11049,15489,14699,22246,44163,47748,45697,48523,34691,44328,11502,20493,5,1,1247,1035,2238,2791,2676,4241,3730,6432,6583,7266,7914,6769,21410,27626,10078,17962,251630,116781,35574,10319,103722,2865,15,31,24
2021-04-30T23:59:59+02:00,13,7,4879,4875,9304,11113,10993,15464,14623,22219,42679,46336,45363,48193,34654,44276,11497,20483,5,1,1041,940,2041,2701,2577,4180,3644,6372,6518,7207,7907,6752,21409,27624,10078,17962,247642,116772,35574,10316,103710,1833,15,30,23
2021-04-29T23:59:59+02:00,13,7,4640,4792,8827,10964,10390,15287,13938,22010,37740,42020,44351,47161,34532,44158,11493,20452,5,1,862,864,1868,2623,2492,4114,3534,6301,6451,7157,7884,6732,21404,27617,10078,17962,233894,116739,35470,10211,103366,961,15,30,23
2021-04-28T23:59:59+02:00,13,7,4464,4758,8577,10878,10036,15196,13583,21853,33086,37507,43103,45903,34406,44010,11478,20434,5,1,820,837,1830,2574,2459,4037,3498,6192,6403,7067,7864,6712,21391,27604,10073,17955,220646,116651,35451,10163,103152,472,14,29,22
2021-04-27T23:59:59+02:00,12,6,4234,4545,8232,10426,9648,14613,13109,21205,31953,36379,42821,45616,34390,43982,11474,20431,5,1,793,822,1795,2551,2441,4019,3480,6171,6368,7040,7854,6703,21386,27600,10070,17949,217905,116593,35436,10133,99692,287,14,29,21
2021-04-26T23:59:59+02:00,12,6,4212,4518,8159,10388,9542,14559,12959,21144,27541,31999,41602,44394,34310,43881,11461,20420,5,1,761,811,1765,2532,2411,3997,3455,6150,6316,6994,7806,6654,21356,27569,10070,17942,206030,116391,35426,10087,99608,83,14,29,20
2021-04-25T23:59:59+02:00,12,6,4190,4505,8127,10363,9479,14527,12866,21097,25572,29956,40902,43634,34263,43822,11457,20414,5,1,749,803,1753,2518,2393,3982,3430,6129,6283,6965,7786,6637,21339,27548,10069,17938,205364,116364,30313,9852,99473,79,13,29,20
2021-04-24T23:59:59+02:00,12,6,4171,4494,8097,10334,9437,14511,12813,21076,24070,28291,40145,42790,34198,43746,11454,20408,5,1,748,802,1749,2515,2391,3978,3430,6125,6283,6962,7784,6634,21337,27548,10069,17938,200298,116340,30311,9850,99402,76,13,29,20
2021-04-23T23:59:59+02:00,11,6,3907,4342,7625,10035,9008,14156,12251,20673,23589,27990,40056,42728,34177,43712,11448,20401,5,1,735,791,1732,2502,2371,3962,3408,6102,6261,6943,7770,6615,21332,27537,10069,17937,199945,116324,30295,9651,95835,65,13,27,20
2021-04-22T23:59:59+02:00,11,6,3814,4282,7434,9918,8726,13963,11805,20346,21260,25631,37299,39484,33650,43041,11377,20276,5,1,722,782,1703,2471,2313,3904,3337,6030,6151,6846,7691,6528,21276,27493,10066,17922,186911,116206,30103,8941,95269,63,13,27,18
2021-04-21T23:59:59+02:00,11,4,3786,4249,7304,9839,8544,13788,11466,20056,20001,24425,34085,35762,33168,42340,11312,20147,5,1,698,764,1668,2443,2269,3880,3304,5996,6111,6807,7659,6501,21256,27469,10062,17918,175133,116092,29927,8629,95187,59,13,27,18
2021-04-20T23:59:59+02:00,11,4,3753,4222,7199,9770,8332,13628,11096,19758,18904,23272,30772,32115,32691,41741,11255,20030,4,1,690,754,1653,2431,2235,3858,3261,5950,6070,6765,7617,6456,21231,27446,10056,17915,163484,115933,29904,8372,95125,57,13,27,18
2021-04-19T23:59:59+02:00,11,4,3735,4206,7123,9732,8214,13518,10840,19574,18238,22611,29897,30982,32398,41377,11213,19956,4,1,682,749,1632,2417,2211,3828,3225,5917,6036,6734,7574,6423,21200,27418,10053,17911,158645,115801,29886,8127,95058,56,13,27,18
2021-04-18T23:59:59+02:00,11,4,3732,4199,7107,9719,8200,13501,10803,19548,18151,22528,29775,30856,32370,41354,11210,19948,4,1,680,744,1617,2405,2194,3812,3200,5891,6006,6711,7551,6410,21182,27396,10050,17908,158152,115741,29818,7935,95007,55,13,26,18
2021-04-17T23:59:59+02:00,11,4,3730,4197,7103,9716,8196,13501,10797,19541,18137,22517,29752,30843,32368,41351,11210,19948,4,1,679,744,1615,2404,2192,3811,3196,5890,6004,6709,7551,6410,21182,27396,10050,17908,158067,115726,29817,7935,94999,54,13,26,18
2021-04-16T23:59:59+02:00,11,4,3563,4160,6758,9586,7825,13314,10397,19296,17683,22244,29547,30679,32285,41260,11195,19929,4,1,666,724,1603,2389,2165,3796,3142,5853,5962,6659,7458,6319,20769,26830,10020,17847,157306,114397,29809,7728,92582,51,13,26,18
2021-04-15T23:59:59+02:00,11,4,3463,4080,6405,9214,7246,12813,9620,18462,16360,21015,28343,29382,31768,40620,11114,19753,4,1,636,701,1550,2349,2079,3710,3033,5733,5633,6421,6959,5933,20023,25907,9920,17677,151553,111010,29515,7182,88566,46,13,26,18
2021-04-14T23:59:59+02:00,10,4,3409,4033,6167,8975,6916,12435,9001,17914,15240,19981,26925,27877,31137,39738,11002,19556,4,1,603,675,1504,2311,2004,3631,2890,5610,5325,6188,6412,5423,18999,24613,9833,17497,144730,106723,29315,6728,86238,41,13,24,18
2021-04-13T23:59:59+02:00,10,4,3378,4000,6077,8897,6768,12302,8697,17669,14438,19288,23576,24306,30201,38559,10896,19381,4,1,598,666,1491,2288,1972,3596,2789,5539,5107,6004,6045,5079,18697,24265,9791,17430,133076,104597,29304,6695,86030,40,13,24,17
2021-04-12T23:59:59+02:00,10,4,3356,3979,6026,8838,6680,12215,8478,17474,13821,18762,22568,23155,29776,38000,10827,19254,4,1,588,658,1480,2280,1949,3575,2732,5489,4958,5898,5721,4796,18401,23961,9752,17368,127983,102994,29285,6547,85918,40,13,24,17
2021-04-11T23:59:59+02:00,10,4,3350,3973,6008,8814,6651,12198,8436,17451,13729,18703,22439,23005,29724,37935,10817,19230,4,1,584,653,1467,2270,1936,3567,2715,5472,4921,5860,5662,4736,18228,23728,9731,17337,127441,102329,29219,6473,85780,40,13,24,17
2021-04-10T23:59:59+02:00,10,4,3342,3972,5985,8813,6628,12197,8414,17450,13705,18701,22434,23002,29720,37934,10817,19230,4,1,581,650,1459,2262,1930,3564,2708,5463,4905,5852,5648,4719,18064,23473,9717,17313,127420,101805,29128,6440,85775,40,11,24,17
2021-04-09T23:59:59+02:00,9,4,3305,3960,5937,8799,6569,12178,8375,17423,13655,18654,20480,20587,29236,37315,10787,19180,4,1,567,636,1432,2240,1903,3540,2666,5427,4832,5790,5532,4616,17484,22741,9679,17242,126720,100033,24005,6240,85695,32,10,23,17
2021-04-08T23:59:59+02:00,9,4,3280,3941,5869,8768,6495,12139,8285,17359,13511,18536,17880,17513,28715,36649,10749,19130,4,1,525,607,1345,2159,1808,3443,2486,5243,4331,5429,4727,4006,15686,20495,9488,16933,125856,92997,18128,5670,84816,23,9,23,17
2021-04-07T23:59:59+02:00,7,4,3201,3912,5662,8717,6286,12077,8074,17283,13248,18439,15207,14431,28035,35848,10719,19077,4,1,501,578,1290,2102,1711,3362,2333,5103,3917,5096,4004,3435,14824,19624,9372,16746,125640,88638,16584,5322,77974,20,6,23,17
2021-04-06T23:59:59+02:00,6,4,3172,3902,5617,8698,6215,12053,7988,17246,13175,18366,13217,12057,27400,35131,10706,19047,4,1,471,555,1221,2046,1625,3278,2171,4984,3545,4819,3478,3021,13977,18615,9296,16625,125504,84975,16380,4719,72087,16,6,23,16
2021-04-05T23:59:59+02:00,6,4,3170,3899,5582,8683,6178,12040,7943,17229,13102,18330,13172,12011,27389,35115,10705,19044,4,1,440,525,1169,2009,1574,3236,2104,4930,3456,4743,3422,2969,13832,18444,9287,16607,125479,84482,16171,4233,71924,16,5,23,16
2021-04-04T23:59:59+02:00,6,4,3169,3897,5582,8681,6176,12039,7942,17227,13101,18330,13169,12010,27388,35114,10705,19044,4,1,439,523,1168,2009,1573,3236,2103,4930,3456,4743,3422,2969,13831,18444,9287,16607,125466,84476,16171,4232,71919,16,5,23,16
2021-04-03T23:59:59+02:00,6,4,3168,3897,5581,8680,6176,12039,7942,17227,13101,18330,13169,12008,27387,35111,10705,19044,4,1,439,521,1168,2009,1572,3236,2103,4929,3450,4740,3416,2959,13744,18307,9278,16591,125459,84198,16171,4232,71917,16,5,23,16
2021-04-02T23:59:59+02:00,6,4,3168,3893,5577,8675,6171,12030,7934,17214,13074,18299,13122,11955,27359,35092,10702,19040,4,1,436,514,1166,2005,1560,3227,2092,4907,3419,4707,3384,2930,12807,17056,9211,16482,125289,81723,16167,4150,71831,16,5,23,14
2021-04-01T23:59:59+02:00,6,4,3154,3879,5538,8656,6104,11997,7863,17179,12961,18227,13008,11828,27301,35015,10693,19025,4,1,388,470,1067,1937,1460,3138,1940,4794,3215,4576,3147,2728,10765,14453,9095,16300,124974,76086,16044,3358,71394,16,4,22,14
2021-03-31T23:59:59+02:00,6,4,3153,3865,5521,8622,6068,11961,7819,17133,12880,18158,12894,11706,27250,34953,10685,19015,3,1,350,447,1031,1894,1387,3098,1835,4690,2956,4375,2730,2411,8165,11222,8914,16058,124662,68520,16003,3014,71003,15,4,21,14
2021-03-30T23:59:59+02:00,6,4,3147,3853,5497,8596,6035,11929,7779,17092,12802,18092,12808,11567,27212,34905,10679,19005,3,1,329,429,1009,1862,1328,3063,1711,4609,2709,4204,2360,2164,7277,10140,8847,15929,124528,65203,15972,2739,70485,15,3,20,14
2021-03-29T23:59:59+02:00,6,4,3135,3849,5468,8576,5999,11894,7735,17058,12728,18015,12160,10809,25342,32414,10529,18748,3,1,323,426,1002,1847,1308,3038,1677,4568,2560,4116,2072,2013,6617,9428,8803,15851,118526,62887,15802,2736,70118,13,3,20,14
2021-03-28T23:59:59+02:00,6,4,3105,3833,5420,8538,5949,11849,7654,17003,12617,17945,11896,10505,23357,29946,10475,18649,3,1,322,424,999,1846,1299,3034,1673,4566,2548,4108,2047,1993,6593,9413,8801,15846,118468,62754,10616,2734,69644,13,3,20,12
2021-03-27T23:59:59+01:00,6,4,3093,3828,5379,8526,5912,11834,7604,16987,12571,17898,11861,10461,23353,29938,10475,18649,3,1,322,424,999,1846,1299,3034,1672,4564,2546,4105,2045,1991,6545,9338,8769,15798,118396,62539,10614,2734,69346,13,3,20,12
2021-03-26T23:59:59+01:00,6,4,2965,3507,4929,7373,5416,10517,6993,14940,11765,15612,11638,10277,22869,29210,10430,18578,3,1,321,421,995,1843,1293,3029,1669,4562,2541,4098,2037,1985,6416,9149,8625,15611,116843,61858,10357,2722,59806,4,3,20,12
2021-03-25T23:59:59+01:00,6,3,2845,3245,4770,6606,5185,9370,6668,13218,11036,13809,10776,9470,22139,28360,10353,18421,3,1,316,412,988,1834,1278,3010,1650,4529,2505,4048,1969,1926,6126,8721,8344,15157,113910,60082,9653,2718,52694,3,3,20,11
2021-03-24T23:59:59+01:00,6,3,2799,3200,4694,6542,5051,9263,6463,13047,10523,13405,9937,8650,21120,27102,10256,18233,3,1,313,407,981,1828,1261,2999,1635,4505,2458,3992,1900,1851,5760,8245,7926,14481,109877,57824,9306,2707,51091,3,1,19,11
2021-03-23T23:59:59+01:00,6,3,2771,3167,4626,6472,4940,9170,6248,12885,10064,12982,9218,7979,20606,26495,10201,18126,3,1,301,394,964,1817,1246,2975,1605,4483,2408,3943,1821,1785,5476,7860,7523,13854,107471,55739,8974,2706,49494,2,1,19,11
2021-03-22T23:59:59+01:00,6,3,2753,3128,4566,6433,4864,9102,6110,12746,9702,12709,8614,7408,20184,26057,10141,18032,1,1,299,391,953,1810,1232,2961,1592,4471,2381,3915,1794,1763,5337,7686,7073,13028,105983,53974,8716,2701,47839,2,1,19,10
2021-03-21T23:59:59+01:00,6,3,2746,3111,4520,6409,4813,9066,6016,12679,9513,12522,8306,7148,20016,25890,10129,18004,1,1,299,391,952,1810,1229,2961,1591,4470,2378,3915,1787,1757,5328,7681,7042,12970,105780,53866,8483,2684,46614,2,1,19,10
2021-03-20T23:59:59+01:00,6,3,2745,3104,4513,6403,4806,9063,6012,12671,9493,12508,8273,7116,19843,25613,10113,17978,1,1,299,391,952,1808,1228,2961,1590,4469,2374,3907,1775,1744,5313,7632,6864,12730,105223,53367,8470,2659,46550,2,1,19,10
2021-03-19T23:59:59+01:00,6,3,2709,3077,4443,6358,4699,9012,5872,12613,9225,12320,7969,6889,19358,25022,10081,17919,1,1,299,390,951,1807,1228,2958,1588,4468,2367,3902,1759,1733,5276,7589,6450,12106,103919,52224,8228,2636,45408,2,1,19,10
2021-03-18T23:59:59+01:00,6,3,2643,3004,4279,6220,4450,8807,5514,12306,8308,11649,6704,5866,18096,23655,9926,17686,1,1,296,385,946,1797,1214,2945,1549,4452,2302,3856,1680,1691,5201,7482,5706,10987,98988,49886,7684,2594,42430,1,1,19,9
2021-03-17T23:59:59+01:00,6,3,2607,2964,4197,6123,4312,8698,5259,12030,7632,11082,5714,4965,16744,22113,9759,17426,1,1,292,383,942,1789,1210,2936,1532,4430,2236,3831,1615,1646,5156,7415,5126,10098,93540,48091,7185,2537,40889,1,1,19,9
2021-03-16T23:59:59+01:00,5,3,2587,2936,4134,6056,4218,8601,5082,11874,7183,10693,4948,4347,15883,21131,9652,17252,1,1,288,381,939,1784,1207,2929,1524,4420,2214,3813,1582,1629,5119,7372,4615,9277,89877,46629,7146,2458,39542,0,1,19,7
2021-03-15T23:59:59+01:00,5,3,2584,2925,4119,6036,4186,8575,5033,11827,7065,10576,4801,4185,15562,20718,9620,17193,1,1,286,377,938,1778,1201,2922,1510,4411,2193,3791,1538,1612,5059,7297,4028,8414,89102,45034,7047,2315,38844,0,1,19,7
2021-03-14T23:59:59+01:00,5,2,2578,2917,4098,6015,4156,8555,4992,11793,6971,10487,4695,4069,15428,20548,9603,17153,1,1,284,376,938,1776,1195,2915,1505,4400,2182,3784,1528,1606,5051,7289,4022,8400,88793,44971,7028,2274,38225,0,1,18,7
2021-03-13T23:59:59+01:00,5,2,2571,2907,4090,6003,4148,8548,4984,11783,6952,10474,4671,4043,15114,20111,9583,17117,1,1,284,376,938,1776,1195,2915,1505,4400,2182,3784,1527,1606,5051,7288,4022,8400,87905,44970,7006,2273,38176,0,1,18,7
2021-03-12T23:59:59+01:00,5,2,2507,2832,3980,5832,4028,8325,4847,11485,6773,10202,4518,3905,14184,18849,9520,17015,1,1,284,375,936,1773,1195,2911,1502,4395,2181,3777,1520,1604,5044,7269,4020,8383,85421,44892,6945,2271,36426,0,1,16,7
2021-03-11T23:59:59+01:00,4,2,2383,2607,3751,5505,3772,7891,4519,10722,6140,9391,3995,3401,12565,16846,9418,16865,1,1,284,374,932,1768,1192,2898,1493,4383,2169,3750,1479,1576,5003,7232,4008,8356,81050,44744,6782,2147,31928,0,1,16,7
2021-03-10T23:59:59+01:00,4,2,2264,2476,3594,5267,3577,7567,4247,10238,5583,8822,3420,2953,10276,14117,9269,16627,1,1,280,370,927,1758,1185,2887,1489,4367,2147,3735,1450,1568,4973,7217,3999,8346,74692,44678,6610,2014,28984,0,1,16,7
2021-03-09T23:59:59+01:00,4,2,2239,2425,3528,5178,3463,7477,4077,10041,5188,8473,2936,2593,8749,12098,9163,16476,1,1,279,369,927,1752,1178,2877,1485,4359,2139,3724,1435,1562,4965,7212,3996,8344,69801,44637,6462,1961,27830,0,1,16,6
2021-03-08T23:59:59+01:00,4,2,2215,2350,3469,5109,3389,7393,3954,9928,4891,8279,2492,2329,6811,9698,9042,16298,1,1,279,366,926,1742,1172,2861,1479,4348,2134,3717,1424,1555,4949,7192,3989,8334,64089,44528,6125,1934,27422,0,1,16,6
2021-03-07T23:59:59+01:00,4,2,2153,2294,3373,5001,3292,7303,3855,9841,4754,8184,2441,2277,6788,9677,9042,16290,1,1,279,364,925,1742,1172,2859,1479,4348,2134,3717,1424,1555,4948,7192,3989,8333,63960,44523,5442,1932,27152,0,1,16,6
2021-03-06T23:59:59+01:00,4,2,2145,2281,3359,4991,3288,7298,3846,9831,4744,8179,2439,2274,6742,9607,9010,16240,1,1,279,364,924,1738,1171,2858,1479,4345,2130,3712,1423,1550,4942,7187,3987,8323,63749,44475,5382,1932,27132,0,1,16,6
2021-03-05T23:59:59+01:00,4,2,2015,2195,3134,4804,3047,6986,3568,9436,4410,7842,2350,2212,6534,9285,8813,15974,1,1,279,362,922,1735,1170,2857,1478,4339,2127,3706,1417,1548,4936,7181,3986,8316,62755,44423,4535,1932,25305,0,0,16,6
2021-03-04T23:59:59+01:00,4,2,1764,1975,2721,4367,2589,6347,3002,8536,3724,7029,2131,2052,6238,8918,8529,15511,1,1,276,361,921,1726,1168,2840,1477,4323,2118,3694,1406,1546,4924,7167,3980,8305,61093,44300,3255,1928,21075,0,0,16,6
2021-03-03T23:59:59+01:00,4,2,1693,1887,2614,4184,2456,6120,2861,8246,3537,6766,2047,1974,5897,8442,8163,14921,1,1,275,357,921,1716,1165,2817,1473,4299,2113,3679,1381,1534,4919,7161,3976,8297,59063,44152,3111,1928,19624,0,0,16,5
2021-03-02T23:59:59+01:00,4,2,1658,1810,2544,4063,2375,5968,2754,8065,3423,6614,1972,1906,5580,8001,7750,14242,1,1,273,352,918,1697,1162,2797,1470,4280,2112,3668,1356,1528,4909,7144,3971,8289,56931,43995,2868,1928,18916,0,0,16,5
2021-03-01T23:59:59+01:00,2,2,1648,1783,2506,3955,2327,5853,2718,7964,3370,6535,1930,1885,5442,7838,7269,13365,1,1,272,350,914,1691,1160,2785,1468,4267,2110,3652,1350,1523,4906,7142,3969,8282,55050,43910,2857,1928,18469,0,0,16,5
2021-02-28T23:59:59+01:00,2,2,1632,1745,2472,3883,2296,5799,2675,7883,3343,6487,1924,1881,5434,7833,7232,13305,1,1,272,350,913,1691,1160,2785,1468,4266,2110,3651,1350,1523,4906,7141,3969,8282,54925,43907,2855,1927,18032,0,0,16,5
2021-02-27T23:59:59+01:00,2,2,1630,1738,2469,3876,2293,5799,2673,7882,3340,6485,1918,1871,5424,7789,7059,13081,1,1,272,350,903,1686,1150,2778,1458,4257,2093,3642,1349,1520,4906,7140,3969,8282,54454,43903,2855,1849,18006,0,0,16,5
2021-02-26T23:59:59+01:00,2,1,1441,1578,2340,3635,2215,5391,2580,7378,3253,6027,1903,1847,5399,7756,6789,12686,1,1,270,348,895,1679,1142,2758,1452,4235,2083,3629,1342,1511,4898,7128,3965,8269,53695,43821,2835,1780,15675,0,0,16,5
2021-02-25T23:59:59+01:00,2,1,1228,1297,2120,3204,2043,4641,2382,6438,3010,5130,1812,1775,5347,7676,6205,11832,1,1,268,340,888,1619,1108,2663,1419,4124,2027,3554,1304,1490,4854,7086,3945,8214,51790,43348,2823,1552,11516,0,0,14,5
2021-02-24T23:59:59+01:00,2,1,1175,1089,2015,2940,1937,4303,2249,6034,2840,4861,1735,1720,5286,7586,5437,10640,1,1,266,334,851,1571,1058,2572,1358,4007,1938,3425,1264,1462,4836,7059,3935,8193,49431,43082,2812,1044,9593,0,0,14,5
2021-02-23T23:59:59+01:00,2,1,1158,1038,1979,2876,1911,4205,2223,5949,2806,4798,1726,1705,5250,7538,4790,9607,1,1,266,333,824,1544,1008,2520,1305,3929,1832,3350,1212,1435,4812,7033,3922,8155,47631,42876,2784,601,9134,0,0,13,5
2021-02-22T23:59:59+01:00,2,1,1150,995,1930,2732,1867,4059,2167,5755,2752,4693,1714,1694,5216,7490,4175,8714,1,1,265,324,782,1506,953,2437,1216,3821,1692,3252,1122,1376,4768,6962,3893,8044,46003,42400,2766,10,8326,0,0,11,5
2021-02-21T23:59:59+01:00,2,1,1147,981,1901,2670,1840,3962,2140,5650,2732,4630,1707,1688,5213,7481,4175,8710,1,1,263,322,777,1500,945,2405,1214,3784,1679,3212,1113,1361,4750,6935,3868,8000,45950,42115,2756,10,7913,0,0,11,5
2021-02-20T23:59:59+01:00,2,1,1147,981,1900,2669,1839,3961,2140,5650,2728,4624,1698,1679,5206,7474,4173,8707,1,1,263,322,777,1499,944,2401,1213,3780,1678,3210,1113,1361,4697,6875,3821,7942,45935,41884,2728,9,7905,0,0,11,5
2021-02-19T23:59:59+01:00,2,1,1147,979,1897,2664,1839,3950,2139,5641,2724,4620,1679,1670,5191,7456,4170,8702,1,1,262,320,773,1489,935,2376,1206,3738,1649,3156,1085,1322,4504,6622,3642,7641,45854,40708,2706,9,7900,0,0,11,5
2021-02-18T23:59:59+01:00,2,1,1116,897,1857,2545,1800,3813,2086,5435,2663,4447,1662,1653,5175,7424,4165,8673,1,1,235,291,727,1364,886,2170,1120,3399,1532,2859,973,1132,4006,5837,3225,6737,45702,36481,2673,9,7028,0,0,11,5
2021-02-17T23:59:59+01:00,2,1,1070,770,1776,2313,1722,3517,1976,5075,2588,4200,1637,1644,5154,7409,4156,8670,1,1,230,288,717,1346,877,2148,1108,3364,1513,2837,967,1129,3622,5310,2924,6310,45660,34678,2613,9,5396,0,0,11,5
2021-02-16T23:59:59+01:00,2,1,1029,731,1721,2209,1653,3344,1905,4869,2509,4092,1597,1630,5127,7386,4147,8658,1,1,223,282,700,1310,855,2094,1077,3246,1474,2750,943,1105,3263,4760,2580,5812,45606,32466,2446,6,4549,0,0,9,4
2021-02-15T23:59:59+01:00,2,1,1023,712,1701,2132,1635,3244,1886,4760,2495,4013,1567,1616,5097,7370,4114,8602,1,1,211,272,684,1275,836,2044,1056,3181,1432,2685,913,1074,2834,4201,2241,5233,45479,30165,2360,5,4122,0,0,9,4
2021-02-14T23:59:59+01:00,2,1,929,678,1625,2099,1573,3225,1843,4738,2460,4000,1560,1614,5088,7358,4111,8596,1,1,204,261,675,1257,818,2004,1040,3115,1401,2617,883,1028,2742,4060,2162,5034,45434,29296,2325,4,3733,0,0,8,3
2021-02-13T23:59:59+01:00,2,1,877,654,1595,2076,1558,3216,1827,4731,2452,3999,1559,1613,5088,7357,4110,8595,1,1,202,260,673,1256,818,2000,1040,3113,1400,2614,882,1027,2638,3934,2096,4933,45427,28882,2325,3,3550,0,0,8,3
2021-02-12T23:59:59+01:00,2,1,550,508,1247,1959,1387,3114,1686,4649,2345,3929,1540,1605,5078,7346,4100,8585,1,1,190,254,658,1229,804,1956,1013,3027,1345,2514,820,952,2410,3617,1948,4609,45305,27343,2324,2,1994,0,0,8,3
2021-02-11T23:59:59+01:00,2,1,389,434,1058,1845,1284,2996,1588,4534,2256,3839,1431,1560,5015,7293,4077,8535,1,1,154,192,558,985,668,1510,813,2355,1066,1920,577,698,1791,2729,1436,3327,44947,20779,2116,1,1066,0,0,8,1
2021-02-10T23:59:59+01:00,2,1,276,365,931,1739,1182,2874,1493,4349,2142,3717,1392,1547,4994,7282,4073,8533,1,1,133,129,388,625,495,1021,644,1743,898,1586,556,682,1385,2169,1120,2825,44871,16400,2007,0,7,0,0,7,1
2021-02-09T23:59:59+01:00,2,1,276,364,930,1733,1179,2864,1493,4343,2141,3712,1384,1544,4992,7280,4072,8531,1,1,130,127,379,592,476,994,622,1714,873,1555,554,679,1001,1700,840,2417,44846,14655,1983,0,5,0,0,7,0
2021-02-08T23:59:59+01:00,2,1,276,362,929,1731,1176,2854,1486,4338,2139,3708,1379,1540,4990,7280,4071,8528,1,1,125,121,368,579,468,974,610,1681,855,1529,546,674,606,1209,534,1989,44818,12870,1960,0,5,0,0,7,0
2021-02-07T23:59:59+01:00,2,1,276,362,926,1731,1175,2854,1484,4336,2139,3708,1379,1540,4990,7279,4070,8528,1,1,121,118,363,575,467,967,606,1669,845,1513,538,671,605,1199,529,1974,44814,12762,1959,0,0,0,0,7,0
2021-02-06T23:59:59+01:00,2,1,276,362,926,1731,1175,2854,1484,4336,2139,3708,1379,1540,4990,7279,4070,8528,1,1,118,115,361,571,466,965,606,1667,845,1512,537,670,605,1199,529,1974,44814,12742,1959,0,0,0,0,7,0
2021-02-05T23:59:59+01:00,2,1,275,361,924,1731,1175,2853,1482,4335,2138,3708,1379,1540,4989,7277,4070,8525,1,1,117,106,358,566,458,952,602,1657,832,1489,532,660,599,1183,519,1948,44799,12580,1959,0,0,0,0,7,0
2021-02-04T23:59:59+01:00,2,1,271,356,918,1692,1167,2806,1482,4283,2127,3665,1371,1533,4960,7245,4058,8491,1,0,89,71,240,393,332,694,473,1264,622,1120,402,522,504,967,454,1681,44463,9829,1958,0,0,0,0,7,0
2021-02-03T23:59:59+01:00,2,1,269,346,914,1666,1163,2771,1471,4234,2118,3629,1363,1517,4935,7215,4044,8461,1,0,55,34,86,168,153,347,230,597,299,546,212,279,290,603,265,1048,44155,5213,1957,0,0,0,0,7,0
2021-02-02T23:59:59+01:00,2,1,268,344,913,1654,1159,2752,1468,4202,2111,3603,1355,1511,4927,7201,4035,8435,1,0,16,10,29,53,61,101,73,165,95,124,46,76,70,133,57,209,43977,1319,1957,0,0,0,0,7,0
2021-02-01T23:59:59+01:00,2,1,268,339,913,1651,1158,2751,1467,4198,2110,3596,1353,1510,4925,7200,4035,8435,1,0,13,9,25,46,51,92,60,140,73,105,40,68,62,124,55,196,43948,1160,1957,0,0,0,0,7,0
2021-01-31T23:59:59+01:00,2,1,268,338,913,1647,1157,2746,1467,4193,2110,3593,1352,1510,4924,7199,4035,8434,1,0,12,8,22,41,44,84,54,129,63,99,35,57,53,114,52,188,43927,1056,1955,0,0,0,0,7,0
2021-01-30T23:59:59+01:00,2,1,268,338,908,1644,1149,2738,1459,4187,2106,3590,1352,1510,4871,7139,3988,8376,1,0,12,8,22,39,44,84,53,128,63,99,35,57,53,114,52,188,43698,1052,1921,0,0,0,0,7,0
2021-01-29T23:59:59+01:00,2,1,267,336,893,1636,1137,2717,1447,4157,2082,3563,1343,1504,4706,6938,3820,8167,1,0,10,8,22,39,41,84,52,126,60,98,33,52,52,114,52,188,42900,1032,1809,0,0,0,0,7,0
2021-01-28T23:59:59+01:00,2,1,263,323,873,1550,1098,2607,1410,4055,2012,3488,1317,1491,4369,6466,3543,7808,1,0,7,4,10,19,22,42,21,58,35,65,20,34,36,74,40,126,41105,614,1564,0,0,0,0,7,0
2021-01-27T23:59:59+01:00,2,1,257,320,831,1495,1051,2513,1346,3957,1938,3380,1277,1464,3956,5893,3214,7335,1,0,3,4,10,9,11,21,8,23,14,31,12,15,18,42,17,63,39112,302,1111,0,0,0,0,7,0
2021-01-26T23:59:59+01:00,2,1,250,311,794,1448,984,2428,1285,3830,1822,3273,1216,1412,3605,5334,2858,6812,1,0,1,1,6,4,4,7,4,3,3,9,7,5,5,7,4,8,36996,79,664,0,0,0,0,5,0
2021-01-25T23:59:59+01:00,2,1,240,302,743,1387,923,2309,1183,3685,1663,3151,1136,1380,3206,4819,2541,6337,1,0,1,1,6,3,2,7,2,2,3,9,7,5,5,7,4,8,34942,73,62,0,0,0,0,4,0
2021-01-24T23:59:59+01:00,2,1,237,302,737,1383,912,2293,1178,3669,1635,3121,1130,1377,3179,4783,2524,6315,1,0,1,1,4,3,2,7,2,2,3,9,7,5,5,7,4,8,34767,71,8,0,0,0,0,3,0
2021-01-23T23:59:59+01:00,2,1,236,301,736,1382,912,2289,1177,3667,1632,3119,1129,1377,3073,4657,2457,6213,1,0,1,1,4,3,2,7,2,2,3,9,7,5,5,7,4,8,34350,71,7,0,0,0,0,3,0
2021-01-22T23:59:59+01:00,2,1,235,298,733,1366,910,2276,1171,3651,1628,3115,1127,1376,2911,4462,2354,6068,1,0,1,1,4,3,2,7,2,2,3,9,7,5,5,7,4,8,33674,71,7,0,0,0,0,3,0
2021-01-21T23:59:59+01:00,2,1,230,270,668,1210,843,2064,1090,3366,1532,2911,1084,1333,2563,3997,2059,5625,1,0,1,0,3,2,2,7,2,2,3,9,7,4,5,7,4,8,30840,67,7,0,0,0,0,1,0
2021-01-20T23:59:59+01:00,2,1,206,206,508,858,668,1573,889,2666,1295,2444,986,1198,2022,3244,1635,4814,1,0,1,0,3,2,2,7,2,2,3,7,6,4,5,7,4,8,25208,64,7,0,0,0,0,0,0
2021-01-19T23:59:59+01:00,2,1,181,189,460,747,613,1418,803,2369,1119,2136,818,939,1368,2302,1149,3681,0,0,0,0,2,1,0,0,0,0,2,1,1,0,0,0,0,0,20292,7,3,0,0,0,0,0,0
2021-01-18T23:59:59+01:00,1,1,137,134,384,623,490,1062,647,1824,928,1643,606,729,694,1352,604,2249,0,0,0,0,1,0,0,0,0,0,1,0,0,0,0,0,0,0,14105,2,3,0,0,0,0,0,0
2021-01-17T23:59:59+01:00,1,1,126,119,369,588,475,997,618,1707,869,1544,557,688,643,1249,558,2084,0,0,0,0,0,0,0,0,0,0,0,0,0,0,0,0,0,0,13192,0,1,0,0,0,0,0,0
2021-01-16T23:59:59+01:00,1,1,119,115,366,584,473,985,612,1694,863,1537,556,687,642,1243,553,2070,0,0,0,0,0,0,0,0,0,0,0,0,0,0,0,0,0,0,13100,0,1,0,0,0,0,0,0
2021-01-15T23:59:59+01:00,1,1,117,108,363,577,465,969,608,1683,849,1513,550,674,634,1226,545,2044,0,0,0,0,0,0,0,0,0,0,0,0,0,0,0,0,0,0,12927,0,0,0,0,0,0,0,0
2021-01-14T23:59:59+01:00,1,1,97,87,280,468,393,790,504,1412,692,1224,432,541,551,1027,482,1843,0,0,0,0,0,0,0,0,0,0,0,0,0,0,0,0,0,0,10825,0,0,0,0,0,0,0,0
2021-01-13T23:59:59+01:00,1,1,67,47,168,285,258,523,353,924,472,788,265,328,335,677,311,1172,0,0,0,0,0,0,0,0,0,0,0,0,0,0,0,0,0,0,6975,0,0,0,0,0,0,0,0
2021-01-12T23:59:59+01:00,1,1,31,20,54,104,115,216,151,384,195,336,138,180,176,376,180,653,0,0,0,0,0,0,0,0,0,0,0,0,0,0,0,0,0,0,3311,0,0,0,0,0,0,0,0
2021-01-11T23:59:59+01:00,1,0,17,10,38,66,63,114,78,171,89,127,40,67,66,130,55,200,0,0,0,0,0,0,0,0,0,0,0,0,0,0,0,0,0,0,1332,0,0,0,0,0,0,0,0
2021-01-10T23:59:59+01:00,1,0,14,7,31,55,56,102,68,156,73,113,34,57,56,119,50,190,0,0,0,0,0,0,0,0,0,0,0,0,0,0,0,0,0,0,1182,0,0,0,0,0,0,0,0
2021-01-09T23:59:59+01:00,1,0,13,7,30,53,55,101,65,155,73,111,34,57,56,119,50,190,0,0,0,0,0,0,0,0,0,0,0,0,0,0,0,0,0,0,1170,0,0,0,0,0,0,0,0
2021-01-08T23:59:59+01:00,1,0,10,7,28,50,50,96,60,142,67,107,32,52,55,119,50,190,0,0,0,0,0,0,0,0,0,0,0,0,0,0,0,0,0,0,1116,0,0,0,0,0,0,0,0
2021-01-07T23:59:59+01:00,1,0,7,4,10,20,22,43,23,57,36,67,19,35,40,79,39,126,0,0,0,0,0,0,0,0,0,0,0,0,0,0,0,0,0,0,628,0,0,0,0,0,0,0,0
2021-01-06T23:59:59+01:00,1,0,7,4,10,16,14,30,15,40,25,55,16,25,33,69,37,110,0,0,0,0,0,0,0,0,0,0,0,0,0,0,0,0,0,0,507,0,0,0,0,0,0,0,0
2021-01-05T23:59:59+01:00,1,0,7,4,10,16,14,30,15,40,25,55,16,25,32,69,37,110,0,0,0,0,0,0,0,0,0,0,0,0,0,0,0,0,0,0,506,0,0,0,0,0,0,0,0
2021-01-04T23:59:59+01:00,1,0,2,4,9,6,4,14,4,8,6,18,7,5,9,16,5,15,0,0,0,0,0,0,0,0,0,0,0,0,0,0,0,0,0,0,133,0,0,0,0,0,0,0,0
2021-01-03T23:59:59+01:00,1,0,1,1,4,3,2,7,3,3,3,10,5,4,6,8,4,9,0,0,0,0,0,0,0,0,0,0,0,0,0,0,0,0,0,0,74,0,0,0,0,0,0,0,0
2021-01-02T23:59:59+01:00,1,0,1,1,4,3,2,7,3,3,3,10,5,4,6,8,4,9,0,0,0,0,0,0,0,0,0,0,0,0,0,0,0,0,0,0,74,0,0,0,0,0,0,0,0
2021-01-01T23:59:59+01:00,1,0,1,1,4,3,2,7,2,3,3,10,5,4,6,8,4,9,0,0,0,0,0,0,0,0,0,0,0,0,0,0,0,0,0,0,73,0,0,0,0,0,0,0,0
2020-12-31T23:59:59+01:00,1,0,1,1,4,2,2,7,2,2,3,9,5,4,6,8,4,9,0,0,0,0,0,0,0,0,0,0,0,0,0,0,0,0,0,0,70,0,0,0,0,0,0,0,0
2020-12-30T23:59:59+01:00,1,0,1,1,4,2,2,7,2,2,3,7,5,4,6,8,4,9,0,0,0,0,0,0,0,0,0,0,0,0,0,0,0,0,0,0,68,0,0,0,0,0,0,0,0
2020-12-29T23:59:59+01:00,1,0,1,1,3,1,2,6,2,2,3,6,3,2,5,8,3,8,0,0,0,0,0,0,0,0,0,0,0,0,0,0,0,0,0,0,57,0,0,0,0,0,0,0,0
2020-12-28T23:59:59+01:00,1,0,0,0,3,1,0,2,1,0,1,3,0,1,0,1,1,5,0,0,0,0,0,0,0,0,0,0,0,0,0,0,0,0,0,0,20,0,0,0,0,0,0,0,0
2020-12-27T23:59:59+01:00,0,0,0,0,0,0,0,1,1,0,1,2,0,1,0,1,1,5,0,0,0,0,0,0,0,0,0,0,0,0,0,0,0,0,0,0,13,0,0,0,0,0,0,0,0
