Datum,<15_m,<15_w,15-24_1_m,15-24_1_w,25-34_1_m,25-34_1_w,35-44_1_m,35-44_1_w,45-54_1_m,45-54_1_w,55-64_1_m,55-64_1_w,65-74_1_m,65-74_1_w,75-84_1_m,75-84_1_w,>84_1_m,>84_1_w,<24_2_m,<24_2_w,25-34_2_m,25-34_2_w,35-44_2_m,35-44_2_w,45-54_2_m,45-54_2_w,55-64_2_m,55-64_2_w,65-74_2_m,65-74_2_w,75-84_2_m,75-84_2_w,>84_2_m,>84_2_w,bp_1,bp_2,mo_1,mo_2,az_1,az_2,ja,unb_1,unb_2
2021-08-04T23:59:59+02:00,3281,3057,36628,35203,51140,43877,56276,52707,68653,67336,83923,82532,58902,62979,38549,49701,11929,21312,27123,25920,42900,36260,48689,44931,62104,60425,77807,76555,55847,59644,36952,47493,11484,20469,615442,537648,78867,73321,109404,102515,24236,36,42
2021-08-03T23:59:59+02:00,3215,3003,36431,35018,50997,43753,56159,52594,68538,67230,83847,82467,58867,62942,38532,49675,11922,21302,26121,24879,42040,35434,47858,44119,61605,59925,77390,76175,55690,59468,36895,47418,11470,20441,614147,529828,78859,73281,109402,102489,24048,36,42
2021-08-02T23:59:59+02:00,3171,2949,36287,34869,50890,43645,56068,52497,68454,67142,83764,82393,58829,62895,38518,49656,11914,21290,25224,23886,41203,34701,47130,43383,61125,59460,77010,75832,55530,59320,36845,47341,11453,20420,613194,522908,78858,73227,109401,102351,23742,36,42
2021-08-01T23:59:59+02:00,3166,2944,36272,34847,50867,43627,56052,52473,68425,67129,83751,82382,58823,62890,38517,49652,11914,21290,24965,23639,40963,34501,46903,43189,60986,59324,76895,75739,55495,59292,36831,47329,11449,20416,613060,521067,78854,73187,109400,102285,23671,36,42
2021-07-31T23:59:59+02:00,3165,2943,36266,34846,50866,43626,56050,52472,68423,67128,83751,82381,58823,62890,38517,49652,11914,21290,24958,23626,40953,34494,46898,43183,60977,59322,76893,75738,55495,59289,36831,47329,11449,20415,613046,521003,78853,73186,109400,102285,23668,36,42
2021-07-30T23:59:59+02:00,3149,2929,36211,34782,50796,43575,55993,52417,68368,67088,83715,82341,58811,62877,38513,49645,11911,21287,24641,23317,40681,34282,46645,42992,60792,59192,76745,75624,55465,59251,36817,47317,11449,20415,612766,519083,78849,73184,109397,102179,23360,36,42
2021-07-29T23:59:59+02:00,3126,2901,36073,34661,50669,43453,55903,52321,68298,67024,83645,82290,58785,62859,38502,49636,11911,21286,23689,22336,39816,33541,45757,42218,60253,58754,76388,75323,55345,59113,36780,47264,11442,20404,611904,512069,78829,73083,109397,102013,23177,36,42
2021-07-28T23:59:59+02:00,3077,2846,35836,34427,50450,43284,55710,52175,68160,66888,83530,82192,58733,62812,38480,49600,11901,21278,22482,21090,38502,32448,44451,41051,59462,58097,75886,74867,55151,58927,36712,47161,11428,20379,610552,502318,78825,72918,109397,101856,22569,36,42
2021-07-27T23:59:59+02:00,3053,2827,35730,34310,50371,43201,55636,52123,68098,66820,83470,82121,58695,62771,38468,49585,11900,21269,21248,19705,37089,31119,43090,39758,58841,57507,75470,74459,54990,58754,36654,47108,11416,20357,609835,491963,78810,72744,109397,101742,22370,36,42
2021-07-26T23:59:59+02:00,3034,2808,35668,34217,50315,43149,55595,52076,68053,66784,83435,82096,58681,62756,38456,49573,11899,21267,20228,18606,35838,30007,41827,38611,58345,57109,75187,74209,54893,58654,36633,47073,11410,20343,609322,483739,78805,72418,109397,101581,22302,36,42
2021-07-25T23:59:59+02:00,3023,2803,35617,34177,50275,43106,55570,52054,68030,66761,83406,82073,58668,62749,38453,49570,11896,21261,19830,18248,35430,29685,41427,38310,58153,56960,75032,74107,54850,58616,36612,47053,11406,20339,609041,481052,78800,72164,109397,101553,22218,36,42
2021-07-24T23:59:59+02:00,3023,2803,35613,34173,50273,43103,55568,52053,68028,66761,83404,82072,58668,62749,38453,49570,11896,21261,19825,18238,35422,29677,41421,38309,58150,56958,75028,74105,54850,58616,36612,47053,11406,20339,609032,481016,78799,72164,109397,101551,22207,36,42
2021-07-23T23:59:59+02:00,2998,2778,35463,34057,50127,43005,55452,51949,67932,66669,83314,82022,58637,62720,38443,49565,11891,21258,19596,18021,35165,29508,41155,38130,57989,56832,74895,74029,54813,58593,36600,47043,11400,20333,608413,479905,78799,71900,109397,101549,21635,36,42
2021-07-22T23:59:59+02:00,2948,2693,35029,33691,49821,42768,55191,51724,67705,66491,83140,81872,58553,62627,38408,49521,11880,21240,18820,17365,34085,28779,40040,37307,57261,56368,74349,73661,54636,58415,36536,46960,11379,20307,606287,474422,78784,70507,109393,101332,20802,36,42
2021-07-21T23:59:59+02:00,2893,2635,34720,33363,49585,42561,55004,51539,67515,66307,83014,81747,58488,62576,38377,49482,11869,21230,17998,16533,32780,27788,38781,36351,56575,55810,73904,73299,54490,58240,36471,46876,11367,20274,604480,468537,78734,68331,109392,101121,20263,36,42
2021-07-20T23:59:59+02:00,2818,2572,34365,32987,49308,42333,54833,51346,67336,66153,82877,81630,58426,62523,38350,49437,11868,21215,16855,15416,31074,26397,37059,34906,55777,55167,73365,72856,54325,58051,36422,46792,11350,20236,602424,459423,78698,66592,109391,100785,19828,36,42
2021-07-19T23:59:59+02:00,2734,2502,33808,32425,48997,42025,54560,51082,67141,65940,82707,81464,58359,62442,38306,49385,11861,21200,16207,14848,30142,25723,36209,34195,55340,54748,73040,72621,54240,57966,36385,46742,11345,20215,599232,455781,78640,64429,109390,100616,19640,36,42
2021-07-18T23:59:59+02:00,2706,2484,33709,32312,48908,41969,54505,51025,67082,65890,82665,81422,58331,62416,38295,49373,11859,21193,15892,14584,29571,25344,35716,33848,55085,54586,72895,72520,54198,57927,36377,46727,11344,20211,598633,454344,78626,62896,109389,100588,19460,36,42
2021-07-17T23:59:59+02:00,2706,2484,33707,32310,48904,41968,54504,51023,67082,65889,82665,81422,58331,62415,38295,49373,11859,21193,15887,14579,29562,25329,35711,33844,55081,54585,72895,72520,54198,57927,36377,46727,11344,20211,598623,454301,78623,62892,109389,100588,19459,36,42
2021-07-16T23:59:59+02:00,2648,2419,33101,31789,48413,41622,54112,50688,66703,65571,82354,81190,58212,62303,38245,49324,11855,21186,15476,14260,29076,24964,35268,33514,54746,54335,72638,72328,54086,57840,36342,46689,11341,20207,596412,452934,78619,62763,109388,100580,17280,36,42
2021-07-15T23:59:59+02:00,2515,2287,32240,31012,47789,41053,53540,50211,66281,65230,82104,80951,58122,62209,38211,49282,11847,21167,14644,13597,27766,24140,33976,32708,54075,53939,72230,72108,53993,57747,36313,46655,11334,20192,591417,448800,78608,60408,109388,100000,16602,36,42
2021-07-14T23:59:59+02:00,2409,2201,31695,30487,47305,40621,53123,49816,65958,64953,81870,80705,58019,62114,38180,49232,11837,21154,13406,12461,25777,22696,32076,31192,53330,53356,71727,71771,53857,57622,36272,46594,11324,20177,587590,439720,78591,58484,109387,99667,16075,36,41
2021-07-13T23:59:59+02:00,2352,2131,31426,30220,47036,40397,52877,49592,65758,64767,81704,80556,57955,62039,38154,49197,11828,21142,12425,11619,24057,21390,30141,29612,52143,52191,70912,70985,53612,57346,36186,46479,11307,20150,585453,433042,78576,55568,109379,96521,15687,36,40
2021-07-12T23:59:59+02:00,2126,1924,30564,29292,46385,39864,52308,49023,65369,64378,81430,80285,57824,61914,38112,49139,11819,21121,11679,10995,22675,20416,28409,28240,51192,51336,70173,70369,53356,57068,36122,46363,11294,20119,579235,424973,78559,53022,109379,96368,15668,36,40
2021-07-11T23:59:59+02:00,2081,1886,30443,29183,46320,39793,52256,48962,65314,64324,81370,80241,57804,61895,38106,49122,11814,21116,11513,10848,22403,20233,28049,27970,50990,51191,70003,70226,53303,56987,36100,46346,11285,20112,578418,422920,78556,52980,109378,96234,15642,36,39
2021-07-10T23:59:59+02:00,2081,1884,30438,29176,46318,39788,52253,48961,65311,64323,81369,80239,57804,61893,38105,49122,11814,21116,11501,10830,22391,20220,28034,27958,50984,51187,70000,70223,53303,56987,36099,46346,11285,20112,578389,422839,78556,52978,109378,96224,15636,36,39
2021-07-09T23:59:59+02:00,2036,1846,30206,28940,46101,39609,52070,48790,65150,64212,81265,80160,57774,61864,38089,49107,11809,21114,11120,10559,21751,19784,27370,27408,50275,50621,69420,69815,53203,56899,36076,46312,11280,20101,577190,421769,78551,52664,109373,92779,14992,36,39
2021-07-08T23:59:59+02:00,1899,1719,29542,28407,45502,39105,51515,48324,64751,63905,80968,79926,57682,61775,38058,49057,11804,21100,9937,9452,19807,18153,24915,25430,49243,49824,68796,69279,52979,56686,36001,46227,11265,20075,572956,411262,78531,50237,109356,92553,14160,36,39
2021-07-07T23:59:59+02:00,1686,1524,28437,27200,44467,38147,50418,47333,64095,63269,80431,79444,57479,61547,37992,48973,11790,21062,9406,8976,18724,17321,23524,24233,48421,49179,68254,68792,52778,56447,35925,46129,11249,20036,563713,404933,78515,48628,109355,92266,13675,36,39
2021-07-06T23:59:59+02:00,1487,1366,27352,26153,43444,37230,49482,46399,63491,62707,79998,79038,57298,61366,37937,48879,11767,21034,8688,8231,17389,16319,21919,22952,47817,48728,67878,68528,52661,56332,35876,46092,11242,20020,555459,397486,78504,48201,109352,91970,13077,36,39
2021-07-05T23:59:59+02:00,1330,1243,26207,24901,42362,36232,48433,45335,62825,62132,79565,78636,57124,61177,37885,48804,11758,21012,8437,8008,16894,16007,21362,22569,47512,48504,67684,68381,52609,56259,35851,46073,11239,20015,546158,394924,78496,47888,109351,91713,12920,36,39
2021-07-04T23:59:59+02:00,1265,1179,25885,24573,42058,35973,48182,45151,62681,61997,79451,78543,57088,61138,37875,48785,11755,21009,8183,7854,16628,15814,21083,22373,47387,48406,67607,68307,52585,56234,35836,46068,11237,20014,543850,393912,78470,47227,109349,91628,12883,36,39
2021-07-03T23:59:59+02:00,1265,1178,25879,24563,42044,35966,48180,45151,62678,61996,79450,78542,57087,61138,37875,48785,11755,21009,8178,7846,16615,15804,21076,22366,47382,48405,67603,68306,52584,56234,35836,46068,11237,20014,543821,393877,78468,47226,109349,91618,12867,36,39
2021-07-02T23:59:59+02:00,1197,1121,25560,24208,41723,35685,47924,44897,62535,61851,79377,78472,57070,61116,37868,48773,11751,21004,8000,7694,16247,15537,20635,22060,46414,47627,67109,67958,52501,56142,35821,46050,11236,20011,541435,391394,78467,47223,109344,89605,12850,36,39
2021-07-01T23:59:59+02:00,1142,1071,25184,23845,41342,35336,47529,44548,62285,61615,79188,78301,57008,61054,37837,48732,11745,20994,7611,7361,15433,14758,19469,21031,44877,46144,65897,66884,52197,55839,35724,45931,11212,19984,538294,385584,78366,46399,109335,85663,12725,36,39
2021-06-30T23:59:59+02:00,1069,1007,24761,23396,40914,34963,47120,44174,62058,61413,79020,78152,56930,60977,37810,48682,11737,20974,7238,7006,14493,13955,18042,19829,41672,43417,64205,65444,51734,55342,35576,45738,11186,19935,534861,373587,78334,45707,109333,82931,12593,36,38
2021-06-29T23:59:59+02:00,977,899,24259,22863,40400,34544,46688,43759,61796,61134,78807,77973,56854,60913,37782,48639,11731,20955,6960,6701,13829,13462,16883,18911,37354,39730,62857,64193,51248,54843,35444,45560,11155,19892,530794,358312,78325,45498,109333,82722,12485,36,38
2021-06-28T23:59:59+02:00,948,866,23920,22470,39942,34163,46267,43390,61559,60879,78618,77818,56783,60845,37753,48609,11729,20940,6650,6381,13169,12962,15871,18075,33710,36686,61734,63162,50894,54449,35350,45412,11131,19854,529044,349644,76636,40810,109333,82571,12450,36,38
2021-06-27T23:59:59+02:00,934,853,23827,22378,39869,34100,46209,43331,61529,60842,78585,77789,56768,60833,37747,48602,11728,20935,6560,6306,12936,12821,15450,17838,32878,36041,61478,62963,50805,54379,35332,45389,11129,19850,528435,346745,76632,40549,109327,82415,12429,36,38
2021-06-26T23:59:59+02:00,933,853,23821,22373,39863,34097,46208,43330,61528,60841,78585,77789,56768,60833,37747,48602,11728,20935,6557,6299,12930,12808,15443,17831,32874,36040,61471,62961,50803,54373,35332,45389,11129,19849,528410,346681,76632,40548,109327,82414,12429,36,38
2021-06-25T23:59:59+02:00,910,827,23706,22260,39778,34011,46125,43259,61484,60794,78537,77768,56757,60819,37744,48599,11727,20933,6459,6186,12820,12676,15305,17670,32156,35383,61083,62639,50725,54289,35324,45368,11126,19848,527618,343676,76632,40536,109324,82398,12428,36,38
2021-06-24T23:59:59+02:00,843,769,23318,21835,39427,33703,45773,42956,61280,60599,78377,77631,56703,60764,37722,48569,11723,20924,6120,5889,12258,12212,14599,16989,28859,32667,58805,60792,50141,53694,35190,45161,11108,19800,524664,329892,76583,40274,109322,81784,12311,36,38
2021-06-23T23:59:59+02:00,738,675,22677,21174,38851,33117,45122,42253,60915,60210,78129,77381,56601,60631,37677,48517,11713,20905,5965,5698,11890,11867,14093,16461,25495,29912,57165,59271,49617,53158,35072,44987,11087,19757,519101,320480,76529,37339,109320,81351,12300,36,38
2021-06-22T23:59:59+02:00,677,611,22253,20732,38448,32701,44690,41790,60643,59925,77926,77142,56505,60523,37640,48445,11700,20883,5774,5562,11568,11606,13670,16088,21163,26388,55094,57573,49020,52557,34895,44772,11067,19713,515314,306151,76402,37285,109315,80879,12167,36,38
2021-06-21T23:59:59+02:00,641,570,22002,20496,38198,32473,44446,41515,60457,59715,77795,77003,56452,60442,37616,48405,11691,20867,5644,5452,11260,11410,13334,15828,19618,25159,54179,56808,46798,50106,34296,44054,11044,19654,513285,300848,76199,37218,109300,74584,11964,36,38
2021-06-20T23:59:59+02:00,612,550,21712,20200,37903,32198,44162,41260,60306,59546,77658,76856,56403,60400,37596,48388,11688,20860,5588,5408,11129,11323,13181,15701,19224,24836,53913,56627,45145,48124,33729,43421,11024,19634,510895,300227,76120,36468,109289,69325,11958,36,37
2021-06-19T23:59:59+02:00,610,550,21707,20188,37888,32194,44159,41256,60300,59543,77656,76853,56400,60399,37596,48387,11688,20860,5582,5399,11125,11320,13172,15695,19217,24828,53899,56615,45136,48114,33728,43421,11024,19634,510836,300144,76115,36465,109289,69313,11958,36,37
2021-06-18T23:59:59+02:00,596,536,21610,20077,37821,32140,44085,41171,60245,59498,77612,76811,56377,60378,37591,48374,11687,20859,5487,5234,10830,10784,12800,15114,18676,23811,53047,55317,44932,47951,33700,43373,11018,19622,510082,298576,76109,36464,109284,64670,11957,36,37
2021-06-17T23:59:59+02:00,510,443,20894,19358,37065,31505,43291,40417,59838,59133,77319,76558,56264,60251,37543,48306,11674,20835,5294,5021,10446,10229,12277,14341,17750,22453,51476,53378,43785,46603,33382,42977,10971,19539,504100,291272,76017,36337,109278,60511,11773,36,37
2021-06-16T23:59:59+02:00,403,366,20094,18403,36073,30572,42277,39448,59299,58652,76929,76247,56123,60099,37487,48219,11664,20812,5106,4867,9940,9910,11542,13845,16205,21157,47615,49841,42033,44601,32918,42408,10908,19413,496741,275159,75475,36139,109263,59331,11652,36,36
2021-06-15T23:59:59+02:00,293,263,19278,17546,35151,29716,41350,38564,58861,58213,76596,75924,55981,59934,37432,48150,11649,20779,4903,4742,9417,9651,10839,13377,14697,19971,43363,45769,40485,42761,32441,41788,10841,19285,489535,258039,75360,36104,109256,58666,11493,36,35
2021-06-14T23:59:59+02:00,189,173,18158,16306,33899,28442,39888,37154,58274,57649,76203,75584,55854,59793,37387,48079,11640,20764,4776,4648,9074,9442,10363,13059,13526,18965,40731,43225,39413,41617,32151,41387,10809,19200,479783,246897,74922,36078,109252,57939,11444,35,35
2021-06-13T23:59:59+02:00,148,134,17654,15901,33417,28037,39397,36771,58061,57466,76056,75482,55827,59754,37365,48057,11637,20755,4690,4599,8929,9369,10200,12991,12921,18511,40262,42831,39178,41395,32090,41302,10803,19186,476703,245935,74620,34654,109245,57324,11316,35,35
2021-06-12T23:59:59+02:00,148,134,17650,15883,33405,28028,39390,36767,58056,57463,76052,75480,55826,59752,37364,48057,11637,20755,4683,4594,8918,9364,10188,12984,12909,18498,40079,42684,39155,41380,32086,41300,10803,19185,476636,245500,74616,34654,109245,57313,11315,35,35
2021-06-11T23:59:59+02:00,146,134,17566,15824,33260,27959,39217,36713,57936,57426,75982,75456,55814,59747,37362,48055,11637,20754,4600,4401,8757,8802,9994,12264,12673,17426,39591,41388,39001,41249,32068,41266,10801,19184,476302,245008,74205,34652,109139,52470,11307,35,35
2021-06-10T23:59:59+02:00,132,114,16720,15105,31840,27043,37973,35800,57255,56967,75574,75186,55724,59656,37323,48011,11626,20736,4345,4207,8199,8308,9313,11507,11939,16365,36752,38356,38201,40450,31902,41084,10785,19154,472414,237972,71231,34520,108858,48100,10247,35,35
2021-06-09T23:59:59+02:00,110,88,15941,14398,30560,26138,36754,34914,56680,56579,75233,74958,55643,59551,37296,47967,11613,20715,4164,4054,7839,8119,8851,11289,11325,15988,31692,33511,36711,38926,31658,40816,10764,19105,467756,224123,68787,34398,108817,46520,9743,35,35
2021-06-08T23:59:59+02:00,83,70,15020,13525,29180,25045,35386,33903,56064,56175,74939,74747,55570,59479,37274,47937,11609,20705,4084,3990,7685,8004,8698,11176,11034,15784,28888,30713,35760,37998,31498,40621,10740,19072,463179,216698,65341,34341,108777,45299,9379,35,35
2021-06-07T23:59:59+02:00,75,57,14388,12936,27809,24236,34234,33124,55589,55920,74697,74644,55534,59442,37258,47927,11609,20701,3992,3917,7491,7879,8398,11044,10668,15540,24576,26349,34303,36470,31276,40354,10712,19044,460061,204967,62313,34277,108746,43717,9025,35,34
2021-06-06T23:59:59+02:00,74,54,14066,12745,27025,23817,33585,32705,55282,55757,74543,74578,55515,59420,37244,47918,11607,20700,3925,3881,7342,7834,8243,10961,10351,15339,21772,23497,33307,35401,31137,40200,10705,19029,458927,202188,60263,29090,108722,42931,8688,35,34
2021-06-05T23:59:59+02:00,74,52,14037,12719,26982,23775,33557,32686,55277,55748,74538,74573,55511,59415,37239,47916,11607,20700,3903,3866,7307,7813,8196,10944,10290,15298,20347,21948,32515,34524,31067,40118,10701,19022,458810,197227,60158,29087,108716,42831,8687,35,34
2021-06-04T23:59:59+02:00,68,48,13807,12457,26672,23461,33221,32375,55217,55667,74499,74553,55502,59410,37238,47914,11607,20699,3872,3838,7229,7734,8139,10866,10210,15177,20240,21830,32442,34470,31035,40081,10698,19019,456914,197147,60096,29075,108683,41944,8687,35,34
2021-06-03T23:59:59+02:00,50,43,13240,11968,25635,22775,32085,31624,54727,55335,74184,74360,55431,59333,37204,47884,11601,20683,3744,3746,6957,7565,7859,10694,9884,14940,18360,19974,30475,32178,30762,39751,10675,18971,452582,188594,58596,29056,108670,40582,8279,35,31
2021-06-02T23:59:59+02:00,37,31,12550,11214,24639,21873,30944,30671,54463,55072,73993,74220,55380,59255,37188,47863,11593,20676,3709,3726,6900,7510,7803,10646,9800,14849,17841,19426,28547,30009,30663,39607,10668,18960,446272,183069,58418,29055,108669,40247,8269,34,31
2021-06-01T23:59:59+02:00,23,16,11420,10326,22505,20436,28407,28778,53052,54009,72990,73441,55079,58938,37068,47693,11559,20617,3480,3553,6403,7204,7200,10227,8948,14249,15906,17623,24782,25777,29984,38730,10592,18807,436779,169152,53946,28918,108632,38407,6966,34,29
2021-05-31T23:59:59+02:00,18,12,10555,9659,20669,19265,26358,27271,51944,53160,72287,72894,54863,58680,36995,47593,11545,20581,3339,3402,6070,6959,6800,9928,8410,13894,14845,16650,23594,24411,29597,38243,10532,18713,429987,163426,49576,28884,108615,36919,6137,34,28
2021-05-30T23:59:59+02:00,16,9,10203,9312,19946,18768,25652,26691,51604,52878,72055,72698,54787,58601,36970,47566,11537,20573,3156,3211,5720,6693,6511,9685,8193,13690,14585,16379,23301,24095,29487,38136,10517,18685,427404,162602,49168,28827,108582,35916,4678,34,28
2021-05-29T23:59:59+02:00,16,9,10187,9300,19928,18741,25634,26665,51592,52874,72050,72688,54785,58596,36969,47566,11536,20573,3154,3203,5717,6689,6506,9683,8185,13682,14575,16375,23290,24087,29483,38131,10516,18684,427247,162533,49168,28825,108582,35903,4678,34,28
2021-05-28T23:59:59+02:00,16,9,10122,9204,19791,18572,25372,26436,51433,52698,71904,72558,54748,58546,36956,47546,11533,20560,3107,3127,5625,6551,6406,9484,8072,13410,14382,16099,23138,23933,29430,38068,10509,18675,425598,162149,49131,28824,108565,34346,4677,33,27
2021-05-27T23:59:59+02:00,16,9,8858,8002,17385,16755,22589,24286,50342,51884,71238,72067,54551,58329,36865,47452,11520,20532,2810,2793,4782,5929,5513,8704,7281,12426,13260,14909,22155,22901,29048,37618,10454,18588,413669,158345,48177,28561,108429,29873,2372,33,27
2021-05-26T23:59:59+02:00,15,9,8455,7585,16507,15951,21399,23275,49737,51338,70824,71683,54400,58166,36799,47378,11509,20502,2623,2620,4415,5598,5037,8197,6804,11778,12291,13932,21259,21871,28737,37175,10408,18503,408073,154505,47446,28473,108357,26627,1624,32,26
2021-05-25T23:59:59+02:00,15,9,7880,6985,15263,15066,19949,22102,49258,50939,70578,71500,54332,58084,36777,47353,11505,20493,2547,2517,4224,5468,4791,7970,6529,11469,11737,13403,19127,19721,28369,36644,10373,18454,401307,148876,47205,28460,108313,24757,1231,32,26
2021-05-24T23:59:59+02:00,15,9,7794,6884,15040,14939,19663,21923,49157,50820,70535,71461,54331,58079,36776,47352,11503,20490,2503,2455,4140,5303,4696,7725,6405,11185,11597,13163,19013,19609,28318,36597,10366,18443,400168,148726,47127,28418,108228,23140,1216,32,25
2021-05-23T23:59:59+02:00,14,9,7778,6871,15004,14923,19609,21895,49148,50818,70531,71455,54330,58077,36776,47351,11503,20490,2501,2451,4133,5298,4687,7721,6401,11172,11576,13141,18873,19414,28287,36558,10364,18441,399985,148244,47127,28416,108228,23131,1210,32,24
2021-05-22T23:59:59+02:00,14,9,7775,6863,14994,14911,19599,21888,49148,50816,70528,71455,54330,58076,36776,47351,11503,20490,2499,2444,4126,5292,4685,7721,6398,11169,11567,13138,18861,19408,28286,36558,10364,18441,399931,148208,47127,28416,108228,23107,1208,32,24
2021-05-21T23:59:59+02:00,14,8,7701,6766,14864,14777,19394,21728,48907,50582,70386,71349,54303,58050,36769,47344,11498,20484,2428,2359,4040,5151,4582,7507,6275,10872,11398,12849,18795,19344,28270,36528,10361,18439,398361,147958,47124,28416,108203,21601,1205,31,24
2021-05-20T23:59:59+02:00,14,8,7427,6472,14280,14253,18455,20856,46224,48231,69235,70379,53951,57689,36661,47204,11467,20455,2166,2196,3678,4786,4140,6956,5721,10041,10311,11754,17522,18064,27765,35929,10288,18292,387386,142726,46962,28127,107898,17750,988,27,24
2021-05-19T23:59:59+02:00,13,7,7188,6248,13617,13770,17185,19856,42244,44743,67747,69076,53496,57167,36499,46980,11431,20403,2090,1997,3514,4445,3893,6433,5278,9360,9323,10643,16048,16418,27072,35016,10162,18083,372613,135578,46392,27984,107669,15236,969,27,14
2021-05-18T23:59:59+02:00,13,5,6989,6071,13073,13340,16087,18998,37527,40724,66296,67756,52941,56627,36352,46758,11389,20346,2043,1869,3376,4255,3708,6119,4946,8879,8459,9772,14468,14685,26364,34166,10072,17911,356518,128960,46331,27421,107512,13799,904,27,14
2021-05-17T23:59:59+02:00,13,5,6854,5975,12750,13091,15592,18608,35345,38856,65458,66974,52670,56314,36273,46650,11375,20309,1974,1808,3188,4075,3489,5892,4624,8508,7682,9072,11213,10672,25453,33019,9989,17742,352790,123753,42061,21340,107433,12498,801,27,14
2021-05-16T23:59:59+02:00,13,5,6791,5892,12625,12937,15419,18439,34856,38386,65273,66806,52615,56254,36263,46625,11370,20304,1916,1711,3085,3952,3409,5790,4518,8364,7501,8886,9022,8078,24972,32338,9955,17685,351319,122616,41557,15997,107398,11989,572,27,14
2021-05-15T23:59:59+02:00,13,5,6786,5883,12619,12931,15415,18435,34851,38383,65271,66804,52615,56253,36263,46625,11370,20304,1915,1710,3082,3946,3404,5787,4513,8361,7499,8883,9020,8076,24971,32338,9955,17685,351277,122585,41557,15997,107396,11986,569,27,14
2021-05-14T23:59:59+02:00,13,5,6589,5786,12376,12869,15183,18343,33877,37594,64735,66396,52519,56166,36246,46592,11368,20299,1799,1622,2971,3876,3347,5679,4463,8214,7453,8755,9013,8071,24970,32338,9955,17684,347913,122531,41525,15993,106935,11121,558,25,13
2021-05-13T23:59:59+02:00,13,5,6339,5599,11967,12615,14616,17894,30349,34807,62260,64321,51889,55492,36109,46373,11356,20251,1756,1584,2914,3799,3315,5587,4420,8110,7371,8636,8975,8013,24950,32297,9950,17680,333928,122284,41302,15969,106505,10601,495,25,13
2021-05-12T23:59:59+02:00,13,5,6322,5575,11895,12552,14508,17787,29714,34231,61754,63869,51717,55319,36073,46328,11349,20238,1756,1581,2913,3799,3310,5587,4418,8109,7369,8630,8968,8010,24950,32295,9950,17679,330937,122262,41292,15959,106500,10600,495,25,13
2021-05-11T23:59:59+02:00,12,5,5997,5441,11453,12275,13962,17404,25453,30744,59374,61864,51057,54639,35884,46082,11328,20175,1714,1465,2810,3538,3189,5211,4279,7664,7215,8305,8884,7929,24921,32255,9947,17668,316006,122024,41239,15770,105511,8822,371,22,12
2021-05-10T23:59:59+02:00,12,5,5870,5368,11290,12160,13743,17236,21985,27986,58129,60748,50695,54288,35792,45959,11313,20144,1676,1369,2725,3308,3087,4880,4169,7174,7093,7867,8843,7869,24909,32234,9945,17664,306097,121880,41078,15621,105219,6997,307,22,12
2021-05-09T23:59:59+02:00,12,5,5793,5336,11203,12098,13643,17155,20385,26805,57664,60364,50593,54190,35766,45918,11306,20139,1659,1347,2668,3183,3036,4739,4124,7054,7034,7769,8831,7855,24902,32228,9944,17664,305531,121820,37509,15576,105019,6340,294,22,12
2021-05-08T23:59:59+02:00,12,5,5789,5333,11191,12094,13633,17146,20377,26799,57655,60358,50590,54182,35762,45915,11304,20136,1658,1347,2668,3181,3036,4739,4121,7051,7033,7768,8830,7855,24901,32226,9944,17664,305439,121805,37508,15576,105018,6340,294,22,12
2021-05-07T23:59:59+02:00,12,5,5749,5298,11126,12044,13526,17068,19921,26441,56656,59549,50460,54051,35733,45885,11301,20122,1554,1303,2588,3137,2996,4711,4087,7027,7010,7736,8823,7847,24899,32225,9944,17663,302272,121772,37492,15569,104873,5913,289,21,12
2021-05-06T23:59:59+02:00,12,5,5494,5185,10612,11735,12820,16615,18625,25454,52398,55895,49264,52672,35402,45485,11249,20019,1329,1171,2352,2964,2826,4546,3935,6828,6858,7584,8748,7769,24878,32189,9941,17656,287138,121500,37306,15431,104318,4476,160,19,12
2021-05-05T23:59:59+02:00,12,5,5234,5086,10119,11500,12065,16165,17293,24473,48029,51753,47594,50753,34965,44916,11174,19899,1283,1076,2290,2837,2743,4366,3841,6590,6750,7385,8635,7675,24817,32115,9935,17640,269960,121024,37080,15386,103930,3515,46,19,12
2021-05-04T23:59:59+02:00,12,5,5151,5001,9801,11288,11612,15775,16318,23605,46157,49722,46527,49445,34592,44428,11108,19790,1271,1057,2261,2796,2702,4280,3789,6483,6677,7309,8593,7636,24797,32099,9934,17635,259590,120806,37056,15325,103649,3158,23,19,12
2021-05-03T23:59:59+02:00,12,5,5048,4914,9453,11120,11149,15512,15255,22741,44583,48102,45646,48491,34372,44090,11080,19701,1256,1031,2229,2765,2660,4216,3741,6429,6603,7255,8024,6948,23061,29776,9796,17398,250569,115006,37048,15243,103623,2917,15,19,12
2021-05-02T23:59:59+02:00,12,5,4986,4895,9338,11084,11005,15451,14643,22252,44064,47692,45505,48325,34325,44029,11074,19690,1252,1026,2212,2762,2647,4208,3713,6416,6583,7241,7835,6705,21096,27373,9750,17310,249361,114986,35417,10250,103568,2876,10,19,12
2021-05-01T23:59:59+02:00,12,5,4986,4893,9333,11080,11002,15449,14639,22248,44062,47688,45504,48325,34325,44029,11074,19690,1251,1026,2212,2762,2647,4208,3712,6416,6581,7241,7835,6704,21096,27373,9750,17310,249331,114982,35417,10250,103567,2875,10,19,12
2021-04-30T23:59:59+02:00,12,5,4939,4871,9266,11065,10947,15424,14564,22222,42578,46275,45169,47993,34288,43977,11069,19680,1042,931,2014,2672,2547,4147,3626,6356,6519,7183,7828,6687,21095,27371,9750,17310,245343,114973,35417,10248,103555,1842,10,19,10
2021-04-29T23:59:59+02:00,12,4,4696,4789,8796,10914,10341,15253,13879,22014,37648,41961,44159,46965,34167,43859,11065,19650,862,854,1841,2593,2461,4081,3517,6285,6446,7134,7806,6668,21090,27365,9750,17310,231614,114933,35314,10145,103215,970,10,19,10
2021-04-28T23:59:59+02:00,12,4,4521,4754,8546,10829,9989,15163,13524,21860,33010,37459,42913,45711,34041,43712,11051,19632,820,824,1804,2547,2428,4005,3481,6176,6396,7042,7787,6649,21078,27352,9745,17303,218404,114848,35296,10097,103005,478,9,17,10
2021-04-27T23:59:59+02:00,11,3,4290,4539,8203,10380,9605,14583,13056,21212,31881,36332,42634,45429,34025,43684,11047,19629,792,810,1770,2523,2410,3987,3463,6157,6361,7015,7775,6640,21073,27347,9742,17297,215680,114788,35286,10066,99551,294,9,17,10
2021-04-26T23:59:59+02:00,11,3,4268,4511,8128,10343,9497,14527,12908,21153,27472,31946,41418,44206,33945,43584,11034,19619,759,799,1740,2504,2380,3966,3439,6136,6309,6969,7728,6591,21043,27317,9742,17290,203801,114586,35277,10022,99470,90,9,16,10
2021-04-25T23:59:59+02:00,11,3,4245,4498,8096,10316,9434,14495,12815,21107,25504,29904,40716,43445,33899,43526,11030,19614,747,791,1728,2490,2362,3951,3413,6115,6276,6940,7706,6571,21026,27296,9741,17286,203134,114560,30165,9780,99335,86,8,16,10
2021-04-24T23:59:59+02:00,11,3,4226,4487,8066,10287,9393,14479,12764,21085,24002,28239,39959,42606,33834,43450,11027,19608,746,790,1725,2488,2361,3948,3413,6111,6276,6937,7704,6569,21025,27296,9741,17286,198071,114540,30165,9779,99266,84,8,16,10
2021-04-23T23:59:59+02:00,10,3,3961,4335,7596,9990,8963,14123,12202,20682,23523,27939,39873,42545,33813,43416,11021,19601,732,780,1708,2475,2341,3932,3390,6089,6254,6918,7690,6551,21020,27285,9741,17285,197723,114525,30150,9581,95700,72,8,15,10
2021-04-22T23:59:59+02:00,10,3,3868,4278,7405,9873,8685,13929,11758,20355,21197,25582,37120,39303,33286,42747,10950,19482,719,771,1680,2445,2283,3875,3317,6017,6144,6822,7611,6465,20967,27241,9738,17270,184707,114404,29961,8879,95140,70,8,15,9
2021-04-21T23:59:59+02:00,10,3,3840,4246,7278,9795,8504,13758,11424,20066,19936,24379,33910,35590,32802,42044,10888,19356,695,753,1646,2417,2239,3850,3284,5984,6102,6783,7583,6438,20949,27217,9735,17266,172956,114297,29788,8566,95062,66,8,15,9
2021-04-20T23:59:59+02:00,10,3,3806,4220,7173,9726,8290,13602,11057,19768,18841,23232,30600,31941,32329,41445,10829,19247,687,743,1631,2405,2206,3828,3241,5939,6061,6740,7543,6392,20924,27193,9729,17263,161326,114139,29766,8310,95004,64,8,15,9
2021-04-19T23:59:59+02:00,10,3,3787,4203,7099,9688,8172,13493,10802,19582,18176,22569,29727,30812,32037,41079,10787,19172,679,738,1609,2391,2182,3798,3206,5906,6027,6709,7498,6359,20893,27165,9727,17259,156488,114006,29749,8066,94938,62,8,15,9
2021-04-18T23:59:59+02:00,10,3,3784,4197,7083,9674,8157,13474,10767,19557,18088,22487,29605,30687,32009,41057,10784,19164,677,734,1594,2379,2165,3783,3181,5880,5998,6686,7476,6346,20874,27143,9724,17256,155996,113947,29681,7876,94888,61,8,14,9
2021-04-17T23:59:59+02:00,10,3,3783,4195,7081,9672,8154,13474,10761,19550,18075,22476,29583,30674,32007,41055,10784,19164,676,734,1593,2378,2164,3782,3178,5879,5996,6684,7476,6346,20874,27143,9724,17256,155917,113934,29680,7876,94882,61,8,14,9
2021-04-16T23:59:59+02:00,10,3,3616,4157,6736,9543,7787,13287,10363,19304,17625,22202,29382,30515,31925,40966,10769,19145,664,716,1581,2363,2137,3767,3124,5842,5953,6634,7383,6257,20462,26578,9694,17195,155167,112610,29672,7670,92474,58,8,14,9
2021-04-15T23:59:59+02:00,10,3,3515,4078,6384,9172,7210,12787,9587,18468,16299,20971,28185,29223,31405,40324,10689,18970,634,693,1529,2324,2055,3680,3016,5722,5625,6396,6887,5872,19732,25669,9598,17027,149424,109263,29379,7131,88455,53,8,14,9
2021-04-14T23:59:59+02:00,9,3,3460,4028,6148,8934,6880,12410,8965,17917,15182,19941,26775,27718,30773,39448,10581,18775,600,667,1483,2286,1981,3602,2874,5599,5314,6159,6342,5359,18719,24383,9513,16854,142620,105000,29180,6676,86126,47,8,13,9
2021-04-13T23:59:59+02:00,9,3,3428,3997,6056,8857,6731,12281,8663,17671,14380,19249,23422,24162,29841,38267,10477,18603,595,658,1470,2264,1953,3569,2778,5528,5098,5976,5981,5021,18421,24039,9474,16788,130990,102910,29169,6646,85917,46,8,13,8
2021-04-12T23:59:59+02:00,9,3,3406,3976,6006,8800,6643,12197,8446,17476,13763,18720,22420,23010,29417,37709,10408,18481,585,650,1460,2256,1930,3548,2722,5477,4950,5871,5664,4740,18128,23737,9436,16728,125910,101325,29150,6500,85809,46,8,13,8
2021-04-11T23:59:59+02:00,9,3,3400,3970,5988,8776,6615,12180,8406,17453,13674,18659,22290,22861,29366,37644,10399,18456,582,645,1447,2246,1917,3540,2705,5461,4912,5834,5605,4682,17955,23503,9415,16699,125368,100663,29083,6428,85677,46,8,13,8
2021-04-10T23:59:59+02:00,9,3,3392,3969,5965,8775,6593,12179,8385,17452,13649,18657,22285,22858,29362,37643,10399,18456,581,643,1441,2240,1912,3537,2699,5453,4896,5824,5593,4665,17794,23250,9401,16675,125346,100153,28992,6395,85673,46,7,13,8
2021-04-09T23:59:59+02:00,8,3,3354,3957,5917,8763,6535,12163,8346,17425,13598,18611,20332,20450,28881,37028,10369,18407,568,630,1415,2218,1885,3514,2657,5417,4825,5762,5478,4561,17217,22518,9363,16604,124657,98387,23880,6197,85592,38,7,11,8
2021-04-08T23:59:59+02:00,8,3,3330,3938,5847,8731,6460,12124,8256,17361,13454,18493,17742,17388,28357,36364,10332,18357,526,600,1327,2137,1791,3417,2477,5232,4329,5397,4675,3954,15441,20297,9178,16303,123791,91419,18022,5626,84715,27,6,11,8
2021-04-07T23:59:59+02:00,6,3,3252,3910,5637,8681,6253,12064,8047,17286,13192,18398,15080,14323,27679,35567,10302,18304,503,572,1274,2082,1697,3337,2325,5092,3917,5065,3959,3390,14590,19434,9066,16122,123583,87115,16487,5279,77898,23,5,11,8
2021-04-06T23:59:59+02:00,5,3,3224,3900,5592,8663,6183,12041,7960,17249,13118,18327,13097,11960,27047,34854,10289,18274,472,550,1205,2027,1612,3256,2163,4973,3544,4788,3433,2982,13750,18436,8992,16006,123455,83484,16285,4679,72030,19,5,11,7
2021-04-05T23:59:59+02:00,5,3,3222,3897,5556,8650,6146,12029,7915,17233,13046,18291,13051,11914,27036,34838,10288,18271,440,520,1153,1990,1560,3215,2095,4919,3456,4712,3376,2930,13607,18266,8983,15988,123432,82993,16077,4192,71867,19,4,11,7
2021-04-04T23:59:59+02:00,5,3,3221,3895,5556,8648,6144,12028,7914,17230,13046,18291,13048,11914,27035,34838,10288,18271,439,519,1152,1990,1560,3215,2095,4919,3456,4712,3376,2930,13606,18266,8983,15988,123421,82989,16077,4192,71862,19,4,11,7
2021-04-03T23:59:59+02:00,5,3,3220,3895,5556,8647,6144,12028,7914,17230,13046,18291,13048,11913,27034,34835,10288,18271,439,518,1152,1990,1559,3215,2095,4918,3450,4709,3370,2919,13519,18130,8974,15972,123416,82712,16077,4192,71860,19,4,11,7
2021-04-02T23:59:59+02:00,5,3,3220,3892,5553,8642,6140,12019,7905,17218,13021,18260,13001,11861,27006,34817,10285,18267,436,511,1150,1986,1547,3206,2085,4896,3420,4676,3339,2890,12590,16885,8909,15864,123250,80256,16074,4111,71776,19,4,11,5
2021-04-01T23:59:59+02:00,5,3,3205,3878,5514,8622,6073,11986,7834,17183,12907,18189,12885,11735,26947,34741,10276,18252,389,468,1053,1919,1448,3119,1936,4784,3222,4543,3109,2691,10571,14300,8799,15689,122932,74695,15951,3323,71338,19,3,11,5
2021-03-31T23:59:59+02:00,5,3,3204,3864,5497,8588,6040,11950,7792,17138,12827,18120,12772,11610,26896,34681,10268,18243,351,447,1017,1877,1377,3079,1832,4681,2967,4349,2698,2375,8004,11074,8624,15451,122623,67198,15912,2983,70949,18,3,11,5
2021-03-30T23:59:59+02:00,5,3,3196,3854,5472,8560,6008,11919,7753,17098,12750,18054,12686,11472,26859,34634,10263,18233,330,428,994,1845,1317,3044,1708,4601,2720,4177,2326,2127,7118,9988,8558,15325,122493,63878,15881,2708,70432,17,2,11,5
2021-03-29T23:59:59+02:00,5,3,3184,3850,5443,8541,5973,11886,7709,17065,12677,17976,12042,10715,24996,32140,10115,17977,324,426,987,1830,1296,3019,1673,4561,2574,4091,2040,1978,6468,9278,8514,15247,116507,61583,15711,2705,70066,15,2,11,5
2021-03-28T23:59:59+02:00,5,3,3154,3834,5396,8503,5924,11844,7628,17010,12567,17907,11778,10412,23011,29678,10060,17878,323,424,984,1829,1288,3015,1669,4559,2562,4083,2015,1958,6446,9265,8512,15242,116447,61455,10532,2703,69600,15,2,11,3
2021-03-27T23:59:59+01:00,5,3,3142,3830,5357,8492,5888,11829,7581,16995,12521,17860,11744,10369,23007,29670,10060,17878,323,424,984,1829,1288,3015,1668,4557,2560,4081,2013,1956,6397,9190,8479,15193,116379,61238,10531,2703,69308,15,2,11,3
2021-03-26T23:59:59+01:00,5,3,3006,3505,4908,7334,5392,10509,6969,14948,11712,15586,11525,10188,22524,28944,10015,17807,322,420,980,1826,1283,3011,1665,4555,2555,4074,2005,1950,6267,9003,8336,15008,114833,60563,10277,2691,59757,5,2,11,3
2021-03-25T23:59:59+01:00,5,3,2880,3236,4748,6567,5166,9358,6645,13228,10988,13785,10668,9385,21810,28106,9942,17652,317,411,974,1816,1268,2992,1645,4520,2518,4025,1939,1891,5977,8575,8063,14561,111934,58800,9590,2687,52635,4,2,11,3
2021-03-24T23:59:59+01:00,5,3,2832,3192,4672,6506,5032,9252,6439,13058,10477,13380,9836,8564,20801,26851,9846,17471,315,406,966,1810,1251,2981,1630,4496,2471,3968,1871,1815,5614,8103,7652,13895,107933,56568,9243,2673,51031,4,0,10,3
2021-03-23T23:59:59+01:00,5,3,2803,3159,4604,6440,4921,9158,6228,12897,10021,12958,9126,7897,20292,26248,9794,17366,303,393,948,1801,1236,2961,1602,4474,2416,3919,1791,1750,5337,7725,7264,13280,105560,54526,8911,2672,49440,3,0,9,3
2021-03-22T23:59:59+01:00,5,3,2787,3121,4544,6402,4845,9090,6089,12760,9660,12684,8522,7332,19876,25811,9734,17272,301,389,936,1795,1221,2946,1589,4460,2389,3893,1765,1729,5200,7550,6822,12468,104084,52783,8652,2667,47792,3,0,9,2
2021-03-21T23:59:59+01:00,5,3,2780,3106,4499,6380,4794,9054,5997,12692,9472,12496,8218,7074,19708,25644,9722,17247,301,389,935,1795,1219,2946,1588,4459,2386,3893,1758,1723,5191,7545,6792,12411,103884,52678,8422,2650,46576,3,0,9,2
2021-03-20T23:59:59+01:00,5,3,2780,3101,4491,6375,4788,9051,5993,12684,9452,12482,8185,7043,19534,25367,9706,17221,301,389,935,1794,1218,2946,1587,4458,2382,3885,1746,1710,5178,7496,6616,12175,103327,52187,8410,2626,46515,3,0,9,2
2021-03-19T23:59:59+01:00,5,3,2745,3078,4417,6332,4679,9001,5853,12627,9186,12294,7880,6818,19050,24776,9674,17162,301,389,934,1793,1218,2943,1584,4457,2376,3880,1730,1702,5142,7453,6214,11559,102027,51066,8168,2606,45376,3,0,9,2
2021-03-18T23:59:59+01:00,5,3,2679,3005,4254,6196,4430,8795,5495,12318,8281,11625,6617,5806,17800,23419,9526,16937,298,385,929,1783,1204,2930,1545,4442,2309,3834,1652,1660,5070,7347,5485,10451,97141,48759,7626,2564,42415,2,0,9,1
2021-03-17T23:59:59+01:00,5,3,2641,2966,4174,6099,4293,8687,5240,12043,7605,11057,5631,4911,16455,21888,9361,16683,294,384,925,1774,1200,2922,1528,4420,2242,3808,1586,1615,5025,7283,4913,9573,91740,46982,7123,2509,40870,2,0,9,1
2021-03-16T23:59:59+01:00,5,3,2621,2938,4111,6032,4201,8591,5065,11887,7155,10668,4870,4294,15604,20912,9259,16514,290,382,922,1769,1197,2915,1520,4410,2220,3789,1556,1598,4988,7240,4411,8768,88114,45544,7087,2430,39520,2,0,9,1
2021-03-15T23:59:59+01:00,5,3,2618,2927,4095,6014,4170,8565,5015,11840,7038,10554,4725,4134,15286,20502,9230,16455,288,379,921,1763,1190,2908,1506,4401,2198,3766,1515,1581,4928,7166,3834,7909,87348,43962,6991,2291,38828,1,0,9,1
2021-03-14T23:59:59+01:00,5,2,2613,2918,4074,5995,4140,8546,4972,11807,6945,10465,4621,4023,15156,20333,9214,16419,286,378,921,1761,1184,2901,1501,4390,2187,3759,1505,1574,4920,7158,3829,7896,87044,43901,6973,2249,38223,1,0,8,1
2021-03-13T23:59:59+01:00,5,2,2609,2910,4070,5983,4132,8540,4964,11798,6925,10451,4599,3997,14840,19896,9194,16383,286,378,921,1761,1184,2901,1501,4390,2187,3759,1505,1574,4920,7157,3829,7896,86160,43900,6950,2249,38180,1,0,8,1
2021-03-12T23:59:59+01:00,5,2,2546,2834,3959,5813,4013,8319,4826,11499,6747,10181,4446,3859,13918,18641,9133,16281,286,377,919,1758,1184,2898,1499,4385,2186,3752,1497,1572,4912,7138,3827,7881,83700,43823,6888,2248,36428,1,0,6,1
2021-03-11T23:59:59+01:00,4,2,2421,2608,3734,5483,3757,7881,4501,10734,6119,9367,3926,3358,12323,16654,9035,16134,286,376,915,1755,1181,2884,1490,4373,2174,3724,1455,1543,4871,7103,3815,7854,79389,43674,6726,2125,31921,1,0,5,1
2021-03-10T23:59:59+01:00,4,2,2298,2475,3581,5250,3563,7558,4235,10247,5565,8799,3355,2914,10056,13938,8890,15907,283,372,911,1746,1174,2873,1485,4357,2150,3708,1426,1535,4840,7088,3806,7846,73094,43605,6555,1996,28983,0,0,5,1
2021-03-09T23:59:59+01:00,4,2,2271,2422,3515,5164,3449,7469,4064,10052,5172,8448,2878,2556,8547,11925,8788,15758,282,371,911,1740,1167,2864,1481,4349,2142,3697,1412,1530,4832,7083,3803,7844,68238,43564,6405,1945,27836,0,0,5,1
2021-03-08T23:59:59+01:00,4,2,2247,2352,3457,5098,3375,7384,3940,9940,4880,8258,2431,2295,6628,9527,8669,15584,282,368,910,1730,1161,2848,1475,4338,2138,3690,1401,1523,4815,7061,3796,7835,62559,43453,6070,1919,27437,0,0,5,1
2021-03-07T23:59:59+01:00,4,2,2184,2296,3360,4990,3279,7295,3843,9853,4745,8163,2380,2244,6606,9506,8669,15576,282,367,909,1730,1161,2848,1474,4338,2138,3690,1401,1523,4815,7061,3796,7835,62431,43451,5389,1919,27170,0,0,5,0
2021-03-06T23:59:59+01:00,4,2,2176,2283,3348,4981,3275,7290,3834,9844,4734,8160,2378,2242,6560,9436,8637,15527,282,367,908,1726,1160,2847,1474,4335,2134,3685,1400,1518,4809,7056,3794,7826,62222,43404,5329,1919,27155,0,0,5,0
2021-03-05T23:59:59+01:00,4,2,2046,2199,3124,4792,3037,6979,3557,9448,4406,7823,2291,2181,6353,9119,8446,15266,282,365,906,1723,1160,2846,1473,4329,2131,3679,1394,1516,4803,7049,3793,7820,61246,43352,4491,1919,25331,0,0,5,0
2021-03-04T23:59:59+01:00,4,2,1792,1979,2714,4358,2580,6340,2991,8544,3721,7009,2076,2021,6062,8753,8172,14812,279,364,905,1715,1158,2829,1472,4313,2122,3667,1383,1514,4791,7035,3786,7809,59608,43228,3218,1916,21099,0,0,5,0
2021-03-03T23:59:59+01:00,4,2,1720,1892,2607,4178,2448,6113,2852,8259,3537,6746,1994,1944,5724,8280,7819,14233,278,360,905,1705,1156,2806,1468,4289,2117,3652,1359,1503,4786,7029,3782,7802,57608,43083,3075,1916,19664,0,0,5,0
2021-03-02T23:59:59+01:00,4,2,1683,1811,2539,4060,2367,5963,2747,8078,3422,6595,1922,1877,5416,7843,7420,13565,276,355,902,1686,1153,2785,1465,4270,2116,3641,1334,1497,4776,7013,3776,7795,55524,42926,2833,1916,18952,0,0,5,0
2021-03-01T23:59:59+01:00,2,2,1674,1784,2500,3952,2319,5848,2710,7976,3369,6517,1882,1857,5277,7678,6949,12701,276,353,898,1680,1151,2773,1463,4257,2114,3626,1329,1492,4773,7011,3775,7789,53668,42846,2821,1916,18503,0,0,5,0
2021-02-28T23:59:59+01:00,2,2,1657,1747,2465,3881,2289,5793,2667,7896,3342,6471,1876,1853,5269,7673,6914,12642,276,353,897,1680,1151,2773,1463,4256,2114,3625,1329,1492,4773,7010,3775,7789,53546,42843,2819,1915,18069,0,0,5,0
2021-02-27T23:59:59+01:00,2,2,1655,1741,2461,3873,2285,5793,2666,7895,3340,6468,1870,1843,5260,7629,6744,12423,276,353,887,1675,1141,2766,1453,4247,2098,3616,1328,1489,4773,7009,3775,7789,53084,42839,2819,1838,18042,0,0,5,0
2021-02-26T23:59:59+01:00,2,1,1465,1585,2336,3630,2207,5388,2574,7391,3253,6010,1855,1817,5235,7596,6485,12034,275,351,880,1668,1133,2746,1447,4226,2088,3603,1321,1480,4765,6997,3771,7776,52340,42760,2798,1769,15721,0,0,5,0
2021-02-25T23:59:59+01:00,2,1,1248,1308,2116,3195,2033,4631,2377,6445,3012,5112,1766,1745,5184,7517,5917,11194,273,343,874,1608,1099,2651,1414,4115,2032,3529,1284,1459,4725,6956,3753,7725,50473,42299,2784,1543,11542,0,0,4,0
2021-02-24T23:59:59+01:00,2,1,1195,1098,2009,2926,1928,4292,2244,6039,2842,4843,1691,1690,5126,7426,5162,10017,271,337,836,1561,1049,2560,1354,3999,1942,3401,1244,1432,4710,6930,3743,7708,48145,42042,2772,1037,9610,0,0,4,0
2021-02-23T23:59:59+01:00,2,1,1180,1048,1975,2862,1902,4194,2218,5954,2809,4782,1683,1675,5091,7377,4532,8996,271,336,809,1533,1002,2508,1301,3921,1836,3327,1192,1407,4687,6905,3732,7674,46375,41845,2746,598,9156,0,0,4,0
2021-02-22T23:59:59+01:00,2,1,1172,1007,1924,2719,1858,4048,2163,5758,2755,4676,1672,1664,5057,7329,3929,8112,269,326,766,1494,948,2425,1213,3815,1696,3232,1103,1350,4646,6835,3707,7571,44770,41390,2726,8,8347,0,0,3,0
2021-02-21T23:59:59+01:00,2,1,1170,993,1893,2657,1832,3951,2136,5654,2735,4613,1664,1658,5054,7320,3929,8108,267,324,762,1488,940,2393,1211,3779,1683,3192,1094,1335,4630,6810,3685,7530,44717,41117,2715,8,7935,0,0,3,0
2021-02-20T23:59:59+01:00,2,1,1170,993,1893,2656,1831,3951,2136,5654,2733,4608,1655,1650,5050,7314,3927,8105,267,324,762,1487,939,2389,1210,3775,1682,3190,1094,1335,4577,6749,3639,7471,44703,40885,2690,7,7933,0,0,3,0
2021-02-19T23:59:59+01:00,2,1,1170,990,1890,2651,1830,3942,2135,5645,2730,4605,1636,1642,5037,7297,3924,8099,266,323,758,1478,931,2365,1203,3733,1655,3137,1067,1297,4387,6496,3462,7180,44623,39733,2671,7,7929,0,0,3,0
2021-02-18T23:59:59+01:00,2,1,1138,907,1851,2532,1791,3804,2082,5439,2669,4430,1620,1626,5021,7263,3919,8073,238,294,713,1354,882,2160,1117,3398,1539,2842,958,1110,3904,5724,3070,6331,44468,35629,2638,7,7059,0,0,3,0
2021-02-17T23:59:59+01:00,2,1,1089,778,1770,2299,1714,3505,1973,5079,2594,4181,1597,1617,5000,7249,3911,8069,233,291,703,1336,873,2138,1105,3363,1520,2821,951,1107,3524,5203,2778,5910,44427,33851,2582,7,5416,0,0,3,0
2021-02-16T23:59:59+01:00,2,1,1048,742,1712,2195,1646,3334,1902,4873,2516,4075,1562,1603,4973,7228,3902,8057,227,285,689,1302,852,2084,1074,3246,1481,2736,928,1084,3173,4658,2440,5421,44374,31677,2420,5,4574,0,0,3,0
2021-02-15T23:59:59+01:00,2,1,1041,723,1693,2119,1627,3234,1883,4764,2502,3997,1534,1589,4944,7211,3870,8001,215,275,674,1267,833,2034,1054,3180,1439,2671,897,1053,2755,4109,2114,4860,44245,29428,2337,4,4150,0,0,3,0
2021-02-14T23:59:59+01:00,2,1,945,689,1615,2085,1566,3215,1839,4742,2467,3984,1527,1586,4935,7199,3867,7996,208,263,665,1249,814,1994,1038,3114,1409,2603,867,1008,2666,3969,2042,4677,44203,28585,2301,3,3755,0,0,1,0
2021-02-13T23:59:59+01:00,2,1,892,665,1585,2062,1551,3207,1823,4735,2459,3983,1526,1585,4935,7199,3866,7995,206,262,663,1249,814,1990,1038,3112,1408,2601,866,1008,2564,3844,1978,4577,44197,28179,2301,3,3572,0,0,1,0
2021-02-12T23:59:59+01:00,2,1,558,517,1235,1946,1379,3104,1683,4653,2352,3913,1507,1576,4926,7188,3860,7989,194,256,650,1223,800,1946,1012,3027,1352,2502,804,934,2341,3533,1836,4275,44084,26685,2301,2,2003,0,0,1,0
2021-02-11T23:59:59+01:00,2,1,392,440,1045,1833,1277,2985,1584,4539,2264,3824,1400,1532,4864,7139,3839,7942,156,192,550,979,664,1500,812,2358,1074,1912,567,685,1743,2661,1355,3088,43732,20297,2103,1,1066,0,0,1,0
2021-02-10T23:59:59+01:00,2,1,279,368,919,1728,1177,2862,1489,4354,2151,3701,1363,1519,4845,7128,3834,7940,134,130,379,618,492,1011,642,1747,906,1578,546,670,1337,2100,1040,2593,43656,15925,1999,0,4,0,0,1,0
2021-02-09T23:59:59+01:00,2,1,279,367,918,1722,1174,2853,1489,4348,2150,3696,1356,1516,4843,7126,3833,7938,131,128,370,588,473,984,621,1718,881,1547,544,667,957,1635,763,2189,43631,14198,1976,0,3,0,0,1,0
2021-02-08T23:59:59+01:00,2,1,279,365,917,1720,1171,2843,1482,4343,2148,3692,1351,1512,4841,7126,3832,7935,126,122,359,577,465,967,610,1685,863,1521,536,662,566,1148,460,1764,43603,12433,1953,0,3,0,0,1,0
2021-02-07T23:59:59+01:00,2,1,279,365,915,1720,1170,2843,1480,4341,2148,3692,1351,1512,4841,7125,3832,7935,122,119,355,571,464,960,607,1673,853,1505,528,658,565,1138,455,1749,43599,12324,1952,0,0,0,0,1,0
2021-02-06T23:59:59+01:00,2,1,279,365,915,1720,1170,2843,1480,4341,2148,3692,1351,1512,4841,7125,3832,7935,119,116,353,567,463,959,607,1671,853,1504,527,657,565,1138,455,1749,43599,12305,1952,0,0,0,0,1,0
2021-02-05T23:59:59+01:00,2,1,279,364,914,1720,1170,2842,1478,4340,2147,3692,1351,1512,4840,7123,3832,7932,118,108,350,563,455,946,603,1661,839,1481,522,647,559,1122,445,1727,43586,12148,1952,0,0,0,0,1,0
2021-02-04T23:59:59+01:00,2,1,276,359,907,1682,1163,2796,1477,4288,2134,3649,1343,1505,4812,7092,3821,7902,89,71,233,390,331,687,474,1271,628,1112,392,514,469,914,388,1485,43257,9449,1951,0,0,0,0,1,0
2021-02-03T23:59:59+01:00,2,1,274,350,902,1657,1159,2761,1466,4238,2125,3613,1335,1489,4790,7063,3809,7876,55,33,81,166,152,341,232,597,303,542,211,278,273,576,226,944,42958,5011,1951,0,0,0,0,1,0
2021-02-02T23:59:59+01:00,2,1,273,348,901,1645,1155,2742,1463,4206,2118,3587,1327,1483,4783,7050,3802,7854,16,10,26,49,60,97,73,164,97,122,45,74,67,127,50,193,42788,1271,1951,0,0,0,0,1,0
2021-02-01T23:59:59+01:00,2,1,273,343,901,1643,1154,2741,1462,4202,2117,3581,1326,1482,4781,7049,3802,7854,14,9,22,43,51,88,60,136,74,103,39,65,57,117,49,180,42762,1108,1951,0,0,0,0,1,0
2021-01-31T23:59:59+01:00,2,1,273,342,901,1639,1153,2737,1462,4197,2117,3578,1325,1482,4781,7048,3802,7854,13,8,21,38,44,80,54,125,64,97,34,54,47,108,46,174,42742,1008,1951,0,0,0,0,1,0
2021-01-30T23:59:59+01:00,2,1,273,342,896,1636,1145,2729,1454,4191,2113,3575,1325,1482,4728,6988,3756,7795,13,8,21,37,44,80,53,124,64,97,34,54,47,108,46,174,42513,1005,1917,0,0,0,0,1,0
2021-01-29T23:59:59+01:00,2,1,272,341,881,1628,1133,2708,1442,4161,2091,3548,1316,1476,4565,6785,3592,7591,11,8,21,37,41,80,52,122,61,96,32,49,46,108,46,174,41726,985,1806,0,0,0,0,1,0
2021-01-28T23:59:59+01:00,2,1,268,328,862,1541,1093,2598,1405,4061,2021,3473,1289,1464,4231,6315,3329,7238,7,4,10,17,22,39,21,56,36,63,20,31,31,70,36,117,39957,581,1561,0,0,0,0,1,0
2021-01-27T23:59:59+01:00,2,1,262,325,820,1486,1046,2504,1342,3964,1947,3366,1250,1437,3820,5750,3012,6779,3,4,10,8,12,21,8,22,14,29,11,13,15,39,14,56,38003,280,1109,0,0,0,0,1,0
2021-01-26T23:59:59+01:00,2,1,256,316,786,1440,981,2419,1281,3837,1830,3260,1192,1386,3476,5196,2664,6269,1,1,6,3,5,7,4,2,3,8,6,5,3,7,3,8,35929,73,662,0,0,0,0,1,0
2021-01-25T23:59:59+01:00,2,1,246,307,734,1379,920,2300,1180,3692,1670,3141,1113,1356,3083,4685,2355,5803,1,1,6,2,3,7,2,2,3,8,6,5,3,7,3,8,33907,68,60,0,0,0,0,0,0
2021-01-24T23:59:59+01:00,2,1,243,307,728,1375,909,2284,1175,3676,1643,3111,1107,1354,3057,4649,2338,5781,1,1,4,2,3,7,2,2,3,8,6,5,3,7,3,8,33733,66,7,0,0,0,0,0,0
2021-01-23T23:59:59+01:00,2,1,242,306,727,1375,909,2280,1174,3674,1640,3109,1106,1354,2952,4523,2272,5680,1,1,4,2,2,7,2,2,3,8,6,5,3,7,3,8,33320,65,6,0,0,0,0,0,0
2021-01-22T23:59:59+01:00,2,1,241,303,725,1359,907,2267,1168,3660,1636,3105,1104,1353,2793,4329,2170,5538,1,1,4,2,2,7,2,2,3,8,6,5,3,7,3,8,32655,65,6,0,0,0,0,0,0
2021-01-21T23:59:59+01:00,2,1,237,274,662,1203,839,2055,1087,3375,1539,2899,1061,1311,2450,3863,1881,5103,1,0,4,1,2,7,2,2,3,8,6,4,3,7,3,8,29836,62,6,0,0,0,0,0,0
2021-01-20T23:59:59+01:00,2,1,213,210,502,851,664,1565,887,2674,1302,2431,966,1177,1921,3117,1472,4339,1,0,4,1,2,7,2,2,3,6,5,4,3,7,3,8,24288,59,6,0,0,0,0,0,0
2021-01-19T23:59:59+01:00,2,1,186,191,455,744,610,1409,800,2374,1128,2124,799,920,1278,2192,1015,3275,0,0,3,1,0,0,0,0,2,1,1,0,0,0,0,0,19500,8,3,0,0,0,0,0,0
2021-01-18T23:59:59+01:00,1,1,138,136,378,619,487,1055,646,1829,937,1634,592,711,636,1272,513,1969,0,0,1,0,0,0,0,0,1,0,0,0,0,0,0,0,13552,2,2,0,0,0,0,0,0
2021-01-17T23:59:59+01:00,1,1,127,122,364,582,472,990,617,1712,878,1535,543,671,589,1175,471,1826,0,0,0,0,0,0,0,0,0,0,0,0,0,0,0,0,12676,0,0,0,0,0,0,0,0
2021-01-16T23:59:59+01:00,1,1,120,118,361,578,470,979,611,1699,872,1528,542,670,588,1170,467,1814,0,0,0,0,0,0,0,0,0,0,0,0,0,0,0,0,12589,0,0,0,0,0,0,0,0
2021-01-15T23:59:59+01:00,1,1,118,111,358,573,462,963,607,1688,857,1504,536,658,581,1154,459,1792,0,0,0,0,0,0,0,0,0,0,0,0,0,0,0,0,12423,0,0,0,0,0,0,0,0
2021-01-14T23:59:59+01:00,1,1,97,89,275,464,391,784,504,1417,700,1214,418,529,501,960,403,1607,0,0,0,0,0,0,0,0,0,0,0,0,0,0,0,0,10355,0,0,0,0,0,0,0,0
2021-01-13T23:59:59+01:00,1,1,67,49,163,282,255,519,352,924,478,780,258,324,311,635,258,1030,0,0,0,0,0,0,0,0,0,0,0,0,0,0,0,0,6687,0,0,0,0,0,0,0,0
2021-01-12T23:59:59+01:00,1,1,31,21,49,101,113,212,150,383,200,334,135,175,162,352,146,566,0,0,0,0,0,0,0,0,0,0,0,0,0,0,0,0,3132,0,0,0,0,0,0,0,0
2021-01-11T23:59:59+01:00,1,0,18,11,33,64,60,110,76,168,92,125,39,65,60,122,50,181,0,0,0,0,0,0,0,0,0,0,0,0,0,0,0,0,1275,0,0,0,0,0,0,0,0
2021-01-10T23:59:59+01:00,1,0,15,7,27,53,53,98,66,153,76,111,33,55,50,112,46,172,0,0,0,0,0,0,0,0,0,0,0,0,0,0,0,0,1128,0,0,0,0,0,0,0,0
2021-01-09T23:59:59+01:00,1,0,14,7,26,51,52,97,63,152,76,109,33,55,50,112,46,172,0,0,0,0,0,0,0,0,0,0,0,0,0,0,0,0,1116,0,0,0,0,0,0,0,0
2021-01-08T23:59:59+01:00,1,0,11,7,24,48,47,92,59,139,70,105,31,50,49,112,46,172,0,0,0,0,0,0,0,0,0,0,0,0,0,0,0,0,1063,0,0,0,0,0,0,0,0
2021-01-07T23:59:59+01:00,1,0,7,4,9,18,21,40,22,56,38,65,19,33,36,75,36,116,0,0,0,0,0,0,0,0,0,0,0,0,0,0,0,0,596,0,0,0,0,0,0,0,0
2021-01-06T23:59:59+01:00,1,0,7,4,9,15,14,30,14,39,25,53,15,25,30,67,34,101,0,0,0,0,0,0,0,0,0,0,0,0,0,0,0,0,483,0,0,0,0,0,0,0,0
2021-01-05T23:59:59+01:00,1,0,7,4,9,15,14,30,14,39,25,53,15,25,29,67,34,101,0,0,0,0,0,0,0,0,0,0,0,0,0,0,0,0,482,0,0,0,0,0,0,0,0
2021-01-04T23:59:59+01:00,1,0,2,4,8,5,4,14,3,7,6,16,6,5,6,16,4,13,0,0,0,0,0,0,0,0,0,0,0,0,0,0,0,0,120,0,0,0,0,0,0,0,0
2021-01-03T23:59:59+01:00,1,0,1,1,3,2,2,7,2,3,3,9,4,4,3,8,3,8,0,0,0,0,0,0,0,0,0,0,0,0,0,0,0,0,64,0,0,0,0,0,0,0,0
2021-01-02T23:59:59+01:00,1,0,1,1,3,2,2,7,2,3,3,9,4,4,3,8,3,8,0,0,0,0,0,0,0,0,0,0,0,0,0,0,0,0,64,0,0,0,0,0,0,0,0
2021-01-01T23:59:59+01:00,1,0,1,1,3,2,2,7,2,3,3,9,4,4,3,8,3,8,0,0,0,0,0,0,0,0,0,0,0,0,0,0,0,0,64,0,0,0,0,0,0,0,0
2020-12-31T23:59:59+01:00,1,0,1,1,3,1,2,7,2,2,3,8,4,4,3,8,3,8,0,0,0,0,0,0,0,0,0,0,0,0,0,0,0,0,61,0,0,0,0,0,0,0,0
2020-12-30T23:59:59+01:00,1,0,1,1,3,1,2,7,2,2,3,6,4,4,3,8,3,8,0,0,0,0,0,0,0,0,0,0,0,0,0,0,0,0,59,0,0,0,0,0,0,0,0
2020-12-29T23:59:59+01:00,1,0,1,1,2,1,2,6,2,2,3,6,2,2,2,8,2,7,0,0,0,0,0,0,0,0,0,0,0,0,0,0,0,0,50,0,0,0,0,0,0,0,0
2020-12-28T23:59:59+01:00,1,0,0,0,2,1,0,2,1,0,1,3,0,1,0,1,1,4,0,0,0,0,0,0,0,0,0,0,0,0,0,0,0,0,18,0,0,0,0,0,0,0,0
2020-12-27T23:59:59+01:00,0,0,0,0,0,0,0,1,1,0,1,2,0,1,0,1,1,4,0,0,0,0,0,0,0,0,0,0,0,0,0,0,0,0,12,0,0,0,0,0,0,0,0
