Datum,<24_1_m,<24_1_w,25-34_1_m,25-34_1_w,35-44_1_m,35-44_1_w,45-54_1_m,45-54_1_w,55-64_1_m,55-64_1_w,65-74_1_m,65-74_1_w,75-84_1_m,75-84_1_w,>84_1_m,>84_1_w,<24_2_m,<24_2_w,25-34_2_m,25-34_2_w,35-44_2_m,35-44_2_w,45-54_2_m,45-54_2_w,55-64_2_m,55-64_2_w,65-74_2_m,65-74_2_w,75-84_2_m,75-84_2_w,>84_2_m,>84_2_w,bp_1,bp_2,mo_1,mo_2,az_1,az_2,ja
2021-06-22T23:59:59+02:00,26165,24319,38772,32762,44841,42480,63347,62652,76607,76131,53890,58263,35204,46420,9731,17842,6581,6627,11668,11500,13539,16455,24204,29290,55160,57568,46462,50140,32645,42957,9177,16791,512905,303228,75852,37120,108767,78514,11902
2021-06-21T23:59:59+02:00,25888,24058,38554,32555,44627,42244,63180,62481,76501,75997,53843,58203,35185,46389,9724,17828,6460,6522,11410,11338,13239,16238,22794,28220,54463,56946,44353,47738,32345,42612,9161,16749,511039,298622,75649,37055,108756,73098,11813
2021-06-20T23:59:59+02:00,25543,23715,38268,32315,44360,41994,63031,62315,76382,75869,53803,58166,35167,46377,9721,17823,6408,6479,11286,11262,13117,16125,22405,27910,54242,56793,42786,45851,32106,42333,9148,16738,508720,298065,75577,36317,108745,68800,11807
2021-06-19T23:59:59+02:00,25535,23703,38254,32311,44356,41990,63026,62312,76380,75866,53800,58166,35167,46376,9721,17823,6402,6469,11279,11258,13111,16120,22398,27903,54228,56780,42778,45842,32105,42333,9148,16738,508662,297982,75572,36314,108745,68789,11807
2021-06-18T23:59:59+02:00,25418,23574,38189,32256,44284,41911,62972,62267,76339,75823,53779,58150,35164,46363,9720,17822,6294,6248,10966,10747,12741,15498,21731,26768,53512,55666,42599,45700,32082,42291,9143,16730,507917,296422,75566,36313,108741,64174,11807
2021-06-17T23:59:59+02:00,24564,22720,37454,31622,43529,41191,62578,61911,76067,75570,53675,58036,35122,46305,9708,17799,6084,5976,10577,10223,12237,14723,20707,25286,52031,53850,41551,44492,31837,41965,9101,16659,501969,289424,75511,36188,108735,60051,11636
2021-06-16T23:59:59+02:00,23565,21593,36449,30696,42570,40241,62065,61469,75706,75281,53543,57896,35078,46226,9699,17778,5870,5796,10051,9910,11494,14220,18513,23451,48710,50698,40002,42682,31445,41479,9054,16554,494603,273485,74999,35994,108724,58921,11529
2021-06-15T23:59:59+02:00,22563,20566,35536,29851,41679,39397,61656,61047,75406,74986,53414,57744,35030,46163,9689,17752,5631,5656,9521,9640,10772,13714,16165,21568,45209,47191,38620,41021,31045,40958,8997,16442,487493,256543,74884,35960,108717,58262,11385
2021-06-14T23:59:59+02:00,21223,19141,34269,28544,40274,38041,61107,60549,75055,74664,53301,57620,34991,46100,9681,17739,5482,5547,9168,9427,10287,13380,14479,20128,43027,44993,37645,39970,30818,40621,8970,16371,477801,245482,74447,35936,108712,57556,11339
2021-06-13T23:59:59+02:00,20639,18655,33791,28145,39788,37665,60901,60384,74936,74575,53274,57582,34971,46080,9679,17731,5384,5488,9023,9363,10132,13305,13813,19623,42615,44649,37444,39761,30770,40555,8964,16359,474731,244563,74145,34526,108706,56945,11214
2021-06-12T23:59:59+02:00,20636,18637,33779,28134,39782,37662,60896,60382,74933,74573,53273,57580,34970,46080,9679,17731,5377,5482,9013,9358,10121,13300,13797,19604,42435,44505,37425,39750,30767,40553,8964,16358,474667,244136,74141,34526,108706,56934,11213
2021-06-11T23:59:59+02:00,20544,18573,33618,28066,39613,37614,60779,60342,74874,74553,53265,57575,34968,46079,9679,17730,5283,5234,8850,8801,9919,12569,13558,18440,41955,43360,37285,39631,30756,40532,8962,16356,474334,243651,73732,34524,108600,52110,11206
2021-06-10T23:59:59+02:00,19543,17728,32204,27192,38414,36726,60132,59913,74514,74302,53183,57499,34936,46038,9668,17715,4986,4989,8286,8303,9238,11799,12757,17308,39079,40336,36638,38979,30615,40384,8949,16330,470451,236656,70776,34395,108319,47764,10161
2021-06-09T23:59:59+02:00,18622,16903,30955,26301,37250,35881,59591,59555,74209,74105,53114,57398,34910,45998,9657,17697,4789,4815,7918,8113,8769,11588,12094,16883,33758,35231,35510,37799,30422,40170,8933,16289,465827,222947,68374,34273,108282,46198,9663
2021-06-08T23:59:59+02:00,17540,15923,29621,25245,35940,34932,59022,59182,73961,73920,53049,57337,34889,45967,9653,17689,4696,4739,7758,8002,8631,11478,11780,16669,30720,32183,34809,37135,30297,40002,8915,16261,461370,215559,64945,34217,108243,44987,9312
2021-06-07T23:59:59+02:00,16778,15229,28264,24450,34839,34195,58592,58966,73760,73829,53020,57298,34876,45960,9653,17685,4588,4658,7548,7874,8338,11351,11345,16364,26073,27423,33806,36089,30108,39783,8896,16238,458265,203944,61952,34155,108211,43417,8966
2021-06-06T23:59:59+02:00,16387,14984,27479,24046,34221,33796,58309,58814,73628,73773,52999,57280,34866,45953,9652,17684,4511,4620,7403,7825,8180,11266,10993,16128,23001,24243,33133,35384,29992,39660,8891,16227,457145,201185,59908,29002,108188,42640,8630
2021-06-05T23:59:59+02:00,16358,14949,27434,24007,34196,33777,58304,58807,73625,73768,52994,57275,34862,45951,9652,17684,4487,4604,7370,7805,8131,11252,10919,16078,21407,22495,32526,34709,29937,39598,8887,16221,457032,196251,59803,29000,108178,42545,8630
2021-06-04T23:59:59+02:00,16091,14653,27107,23688,33871,33468,58247,58742,73584,73749,52988,57271,34861,45949,9652,17683,4450,4571,7298,7729,8072,11172,10830,15954,21307,22385,32459,34657,29909,39567,8884,16218,455087,196172,59741,28988,108146,41672,8630
2021-06-03T23:59:59+02:00,15406,14100,26067,23009,32799,32752,57787,58425,73313,73572,52925,57206,34832,45920,9648,17671,4296,4460,7017,7571,7814,10997,10445,15681,19219,20213,30730,32677,29698,39307,8864,16172,450798,187657,58278,28969,108133,40312,8223
2021-06-02T23:59:59+02:00,14611,13256,25072,22092,31725,31864,57560,58190,73131,73444,52885,57138,34817,45903,9641,17664,4256,4433,6966,7519,7754,10946,10355,15587,18489,19419,29012,30750,29618,39194,8857,16162,444545,182156,58102,28968,108131,39978,8215
2021-06-01T23:59:59+02:00,13287,12228,22921,20642,29265,30037,56219,57190,72225,72710,52618,56858,34721,45747,9608,17618,4005,4233,6448,7213,7159,10526,9451,14951,16360,17348,25458,26770,29074,38467,8795,16037,435171,168383,53692,28832,108092,38141,6939
2021-05-31T23:59:59+02:00,12266,11458,21083,19458,27284,28557,55204,56411,71611,72204,52426,56629,34655,45656,9597,17587,3834,4061,6113,6966,6758,10232,8869,14572,15246,16275,24355,25504,28769,38053,8744,15960,428444,162727,49456,28801,108075,36672,6111
2021-05-30T23:59:59+02:00,11841,11077,20368,18949,26600,27986,54900,56146,71400,72033,52362,56563,34634,45633,9590,17580,3617,3842,5770,6713,6474,9987,8652,14366,14980,16000,24076,25199,28673,37963,8733,15937,425900,161904,49057,28743,108045,35675,4660
2021-05-29T23:59:59+02:00,11823,11061,20352,18924,26582,27962,54889,56139,71396,72027,52360,56558,34632,45633,9590,17580,3615,3833,5765,6710,6471,9984,8644,14358,14969,15997,24066,25191,28670,37959,8732,15936,425746,161837,49057,28741,108045,35662,4660
2021-05-28T23:59:59+02:00,11746,10952,20196,18755,26335,27724,54740,55969,71259,71909,52329,56511,34620,45612,9587,17572,3565,3747,5675,6569,6367,9776,8523,14094,14782,15728,23920,25046,28631,37911,8726,15929,424109,161461,49020,28740,108028,34129,4659
2021-05-27T23:59:59+02:00,10247,9571,17797,16923,23637,25656,53737,55227,70651,71452,52143,56312,34548,45526,9577,17549,3203,3353,4833,5938,5494,9003,7689,13067,13679,14562,23007,24084,28313,37531,8680,15852,412230,157729,48069,28476,107894,29723,2360
2021-05-26T23:59:59+02:00,9782,9097,16873,16070,22494,24681,53174,54713,70271,71104,52008,56164,34488,45464,9569,17521,2987,3151,4451,5589,5033,8491,7175,12395,12690,13571,22182,23102,28050,37168,8642,15780,406692,153961,47342,28390,107827,26494,1612
2021-05-25T23:59:59+02:00,9093,8416,15624,15163,21092,23561,52758,54356,70047,70932,51946,56088,34469,45444,9566,17512,2891,3031,4261,5455,4791,8259,6881,12060,12093,12999,20071,20994,27756,36707,8616,15743,399963,148386,47101,28377,107784,24626,1219
2021-05-24T23:59:59+02:00,8987,8305,15398,15035,20810,23383,52670,54245,70010,70900,51945,56083,34468,45443,9564,17509,2839,2958,4179,5279,4702,8018,6746,11764,11963,12786,19961,20885,27712,36669,8611,15734,398827,148244,47025,28337,107698,23020,1205
2021-05-23T23:59:59+02:00,8968,8288,15357,15025,20761,23355,52662,54243,70008,70895,51944,56081,34468,45442,9564,17509,2836,2954,4172,5275,4693,8013,6743,11752,11942,12762,19822,20694,27684,36632,8609,15733,398648,147771,47025,28335,107698,23011,1199
2021-05-22T23:59:59+02:00,8965,8279,15345,15013,20754,23350,52662,54241,70005,70895,51944,56080,34468,45442,9564,17509,2831,2943,4166,5273,4691,8012,6741,11749,11931,12758,19812,20690,27683,36632,8609,15733,398596,147735,47025,28335,107698,22987,1197
2021-05-21T23:59:59+02:00,8880,8164,15211,14893,20523,23163,52447,54039,69879,70795,51920,56056,34462,45436,9559,17503,2755,2847,4077,5135,4587,7780,6616,11440,11770,12504,19759,20642,27671,36614,8608,15732,397040,147520,47023,28335,107673,21488,1194
2021-05-20T23:59:59+02:00,8556,7815,14619,14376,19289,22070,49990,51850,68822,69894,51623,55745,34365,45309,9536,17480,2468,2651,3709,4775,4153,7213,6006,10557,10645,11404,18574,19419,27248,36119,8548,15611,386123,142408,46865,28043,107371,17669,980
2021-05-19T23:59:59+02:00,8256,7561,13946,13889,17633,20760,46312,48596,67440,68666,51241,55270,34225,45118,9503,17435,2380,2412,3547,4446,3895,6671,5532,9822,9613,10268,17111,17806,26658,35316,8452,15437,371448,135337,46299,27900,107143,15168,961
2021-05-18T23:59:59+02:00,8025,7346,13377,13447,16260,19696,41776,44715,66076,67411,50763,54789,34097,44921,9467,17391,2326,2258,3403,4260,3709,6347,5164,9305,8671,9351,15557,16059,26056,34597,8376,15284,355432,128748,46240,27339,106989,13740,896
2021-05-17T23:59:59+02:00,7867,7232,13035,13194,15701,19212,39625,42892,65290,66659,50528,54522,34032,44827,9454,17361,2241,2184,3216,4081,3493,6117,4810,8897,7862,8605,12176,11913,25360,33679,8305,15150,351745,123575,41982,21279,106911,12442,793
2021-05-16T23:59:59+02:00,7793,7136,12910,13041,15527,19039,39129,42421,65115,66507,50485,54462,34024,44807,9449,17356,2170,2077,3125,3958,3410,6014,4697,8742,7667,8419,9879,9169,25019,33175,8279,15102,350277,122447,41480,15955,106877,11933,567
2021-05-15T23:59:59+02:00,7786,7126,12906,13036,15523,19034,39123,42420,65114,66505,50485,54461,34024,44807,9449,17356,2169,2076,3122,3952,3406,6010,4692,8740,7665,8416,9876,9167,25019,33175,8279,15102,350236,122417,41480,15955,106875,11930,564
2021-05-14T23:59:59+02:00,7561,7022,12668,12970,15302,18947,38092,41601,64642,66137,50409,54384,34012,44780,9447,17353,2042,1982,3014,3882,3358,5904,4640,8582,7618,8308,9875,9164,25018,33175,8279,15101,346908,122365,41449,15951,106417,11073,553
2021-05-13T23:59:59+02:00,7263,6811,12258,12712,14723,18486,34328,38587,62348,64228,49888,53801,33905,44586,9436,17310,1991,1935,2960,3808,3323,5808,4600,8475,7537,8196,9842,9110,24996,33137,8277,15098,332966,122122,41226,15928,105988,10553,490
2021-05-12T23:59:59+02:00,7242,6784,12181,12644,14607,18369,33643,37990,61881,63804,49750,53641,33870,44545,9431,17301,1991,1932,2959,3808,3320,5808,4599,8473,7535,8189,9835,9108,24996,33135,8277,15097,329994,122102,41216,15918,105983,10552,490
2021-05-11T23:59:59+02:00,6883,6631,11714,12360,14085,17977,29155,34318,59674,61924,49194,53042,33718,44336,9410,17249,1943,1792,2844,3531,3206,5430,4455,8016,7391,7908,9755,9034,24974,33099,8274,15088,315138,121868,41161,15728,105004,8777,367
2021-05-10T23:59:59+02:00,6742,6546,11551,12250,13866,17801,25585,31470,58558,60908,48871,52733,33642,44222,9398,17224,1898,1673,2760,3310,3110,5076,4339,7488,7280,7536,9723,8992,24963,33081,8273,15084,305347,121741,41000,15581,104716,6960,304
2021-05-09T23:59:59+02:00,6661,6508,11463,12185,13764,17717,23928,30240,58160,60594,48780,52643,33620,44191,9393,17219,1874,1633,2702,3197,3061,4932,4296,7358,7220,7458,9712,8978,24957,33077,8272,15084,304821,121680,37437,15537,104517,6303,291
2021-05-08T23:59:59+02:00,6656,6504,11452,12179,13755,17710,23922,30235,58151,60588,48777,52636,33615,44188,9392,17216,1873,1632,2702,3196,3061,4932,4293,7354,7219,7457,9711,8978,24956,33075,8272,15084,304732,121664,37436,15537,104517,6303,291
2021-05-07T23:59:59+02:00,6606,6461,11388,12132,13654,17628,23117,29615,57480,60021,48676,52533,33593,44163,9389,17203,1757,1579,2631,3157,3024,4904,4262,7330,7197,7427,9705,8972,24954,33074,8272,15083,301579,121633,37420,15531,104374,5878,286
2021-05-06T23:59:59+02:00,6323,6322,10846,11812,12924,17167,20815,27801,54164,57054,47633,51339,33320,43806,9346,17116,1500,1422,2411,3000,2860,4728,4105,7135,7047,7274,9634,8900,24937,33044,8269,15075,286570,121347,37234,15393,103827,4444,157
2021-05-05T23:59:59+02:00,6039,6205,10318,11560,12135,16702,18725,26126,50404,53405,46174,49628,32946,43316,9292,17014,1449,1305,2349,2883,2777,4537,4009,6894,6935,7090,9524,8810,24889,32976,8263,15061,269500,120875,37007,15350,103439,3483,43
2021-05-04T23:59:59+02:00,5933,6100,9985,11343,11678,16277,17523,25054,48684,51458,45189,48440,32628,42901,9234,16914,1433,1282,2322,2840,2738,4452,3953,6780,6862,7024,9487,8772,24871,32961,8262,15057,259176,120659,36984,15290,103161,3127,20
2021-05-03T23:59:59+02:00,5809,6002,9622,11164,11199,15997,16340,24085,47155,49849,44411,47580,32449,42604,9209,16840,1411,1250,2293,2815,2696,4387,3907,6726,6784,6970,8632,7668,23408,31029,8149,14860,250193,114876,36974,15208,103136,2889,12
2021-05-02T23:59:59+02:00,5737,5977,9510,11128,11056,15936,15639,23519,46715,49504,44295,47431,32407,42550,9202,16832,1406,1245,2279,2813,2681,4377,3885,6716,6765,6956,7976,6897,21914,29148,8110,14789,248991,114859,35358,10233,103082,2858,7
2021-05-01T23:59:59+02:00,5737,5974,9505,11123,11053,15935,15635,23515,46713,49500,44294,47431,32407,42550,9202,16832,1405,1245,2279,2813,2681,4377,3883,6716,6764,6956,7976,6896,21914,29148,8110,14789,248960,114855,35358,10233,103081,2857,7
2021-04-30T23:59:59+02:00,5684,5951,9437,11103,11002,15913,15544,23478,45165,48024,44035,47159,32376,42513,9200,16825,1175,1139,2093,2730,2585,4311,3806,6664,6700,6900,7972,6883,21913,29146,8110,14789,244975,114848,35358,10231,103069,1830,7
2021-04-29T23:59:59+02:00,5398,5854,8956,10957,10397,15741,14775,23214,40060,43483,43331,46418,32283,42418,9197,16797,974,1052,1933,2655,2501,4248,3698,6591,6631,6851,7953,6870,21910,29140,8110,14789,231282,114808,35257,10129,102733,962,7
2021-04-28T23:59:59+02:00,5206,5813,8704,10870,10037,15654,14414,23044,35069,38593,42471,45572,32176,42302,9187,16782,930,1015,1897,2614,2470,4163,3661,6481,6581,6767,7934,6857,21901,29126,8106,14783,218125,114725,35240,10081,102522,473,7
2021-04-27T23:59:59+02:00,4941,5554,8366,10404,9651,15081,13919,22400,33912,37425,42290,45383,32162,42279,9184,16780,901,998,1863,2593,2455,4145,3641,6461,6549,6743,7923,6850,21897,29121,8103,14777,215409,114669,35230,10052,99085,292,7
2021-04-26T23:59:59+02:00,4911,5521,8289,10364,9544,15031,13694,22278,29113,32604,41561,44692,32100,42197,9175,16773,865,987,1833,2577,2426,4119,3615,6440,6498,6701,7876,6797,21872,29098,8103,14770,203612,114471,35223,10009,99005,90,7
2021-04-25T23:59:59+02:00,4886,5505,8255,10338,9477,15001,13605,22233,26879,30248,41133,44242,32058,42157,9174,16769,851,978,1822,2564,2411,4104,3586,6419,6467,6669,7852,6778,21858,29079,8102,14767,202965,114447,30119,9766,98870,88,6
2021-04-24T23:59:59+02:00,4864,5490,8228,10310,9433,14986,13558,22208,25158,28367,40587,43615,32007,42100,9171,16764,850,977,1818,2562,2411,4099,3586,6417,6467,6665,7850,6777,21857,29079,8102,14767,197919,114427,30119,9765,98802,86,6
2021-04-23T23:59:59+02:00,4546,5300,7765,10014,9003,14623,12979,21806,24731,28099,40516,43561,31992,42072,9165,16759,836,967,1798,2547,2391,4083,3564,6396,6447,6646,7835,6757,21853,29070,8102,14767,197576,114412,30104,9567,95245,74,6
2021-04-22T23:59:59+02:00,4436,5225,7567,9903,8728,14420,12492,21444,22084,25314,38059,40686,31558,41519,9103,16649,820,955,1771,2518,2329,4022,3488,6331,6338,6551,7758,6670,21803,29025,8100,14757,184578,114294,29915,8865,94688,71,6
2021-04-21T23:59:59+02:00,4405,5190,7426,9817,8540,14243,12121,21123,20557,23772,35099,37271,31167,40931,9049,16538,794,937,1734,2489,2287,3997,3455,6299,6301,6511,7726,6641,21787,29006,8097,14753,172887,114189,29743,8552,94613,67,6
2021-04-20T23:59:59+02:00,4368,5155,7302,9748,8328,14075,11713,20807,19257,22379,31974,33813,30768,40425,9001,16448,787,926,1714,2478,2256,3972,3411,6245,6256,6476,7693,6597,21763,28985,8092,14750,161278,114033,29721,8297,94556,65,6
2021-04-19T23:59:59+02:00,4340,5136,7225,9706,8208,13961,11432,20604,18534,21620,31135,32746,30536,40115,8966,16383,777,920,1693,2464,2229,3940,3375,6211,6224,6445,7640,6562,21742,28962,8090,14747,156445,113900,29704,8052,94492,63,6
2021-04-18T23:59:59+02:00,4334,5129,7212,9690,8188,13944,11396,20568,18440,21536,31023,32634,30511,40093,8963,16378,775,916,1676,2452,2213,3923,3350,6181,6196,6425,7617,6550,21725,28941,8087,14745,155954,113841,29636,7863,94443,62,6
2021-04-17T23:59:59+02:00,4333,5126,7208,9689,8186,13944,11392,20559,18425,21527,31004,32622,30509,40092,8963,16378,774,915,1675,2452,2212,3922,3347,6179,6194,6424,7617,6550,21725,28941,8087,14745,155879,113828,29635,7863,94437,62,6
2021-04-16T23:59:59+02:00,4138,5076,6861,9551,7822,13756,10985,20299,17982,21270,30821,32471,30441,40012,8954,16363,761,896,1662,2439,2185,3908,3288,6140,6152,6370,7522,6452,21318,28389,8060,14688,155130,112506,29627,7659,92039,59,6
2021-04-15T23:59:59+02:00,4019,4974,6481,9176,7237,13229,10161,19397,16631,20028,29675,31210,29988,39459,8894,16210,727,871,1606,2397,2104,3823,3164,6007,5814,6123,7008,6042,20642,27514,7983,14546,149392,109189,29333,7122,88038,54,6
2021-04-14T23:59:59+02:00,3949,4907,6236,8936,6882,12831,9505,18805,15501,18947,28281,29733,29449,38682,8806,16048,688,842,1556,2359,2029,3745,3012,5875,5484,5857,6437,5517,19678,26253,7915,14400,142640,104924,29133,6669,85719,48,6
2021-04-13T23:59:59+02:00,3915,4872,6139,8852,6728,12706,9184,18534,14555,18120,24958,26164,28656,37671,8724,15900,681,832,1542,2333,2001,3709,2906,5802,5255,5654,6059,5167,19413,25950,7883,14338,131035,102833,29123,6639,85514,47,6
2021-04-12T23:59:59+02:00,3890,4844,6084,8796,6640,12624,8935,18304,13902,17527,23954,25027,28308,37191,8667,15793,671,824,1532,2324,1978,3689,2844,5749,5093,5535,5737,4882,19142,25662,7849,14289,125969,101251,29107,6496,85404,47,6
2021-04-11T23:59:59+02:00,3883,4837,6065,8772,6612,12605,8895,18277,13801,17457,23832,24892,28261,37126,8659,15771,668,818,1518,2314,1965,3681,2826,5733,5055,5492,5674,4820,18974,25436,7832,14262,125427,100590,29041,6425,85271,47,6
2021-04-10T23:59:59+02:00,3871,4836,6044,8772,6588,12604,8875,18276,13782,17455,23826,24888,28258,37126,8659,15771,665,816,1513,2309,1960,3678,2820,5725,5039,5482,5661,4802,18812,25184,7819,14240,125405,100081,28952,6391,85268,47,6
2021-04-09T23:59:59+02:00,3825,4822,6000,8762,6533,12584,8833,18251,13728,17403,21759,22335,27900,36661,8633,15733,649,800,1490,2285,1932,3660,2771,5680,4964,5426,5540,4695,18246,24449,7787,14182,124718,98319,23850,6192,85188,39,6
2021-04-08T23:59:59+02:00,3795,4802,5930,8733,6461,12538,8738,18187,13576,17282,19026,19083,27537,36191,8602,15695,599,765,1406,2199,1831,3564,2564,5481,4454,5050,4713,4029,16517,22287,7637,13915,123856,91358,18001,5619,84314,29,5
2021-04-07T23:59:59+02:00,3697,4769,5725,8688,6252,12477,8512,18116,13324,17177,16096,15701,27159,35738,8577,15649,575,730,1352,2145,1728,3474,2402,5321,4013,4716,3973,3435,15729,21463,7544,13762,123647,87060,16471,5273,77535,25,4
2021-04-06T23:59:59+02:00,3665,4758,5677,8668,6186,12452,8424,18078,13247,17101,13820,12992,26834,35389,8567,15624,539,706,1279,2086,1642,3391,2225,5184,3624,4447,3436,2989,14939,20509,7480,13662,123521,83441,16270,4672,71687,21,4
2021-04-05T23:59:59+02:00,3661,4753,5638,8655,6151,12442,8373,18058,13181,17066,13774,12946,26826,35375,8566,15623,505,668,1220,2052,1591,3351,2160,5125,3538,4371,3377,2946,14805,20340,7471,13646,123499,82957,16062,4185,71524,21,3
2021-04-04T23:59:59+02:00,3660,4752,5638,8654,6150,12442,8372,18055,13181,17066,13771,12946,26825,35375,8566,15623,505,667,1220,2052,1591,3351,2160,5125,3538,4371,3377,2946,14804,20340,7471,13646,123492,82955,16062,4185,71519,21,3
2021-04-03T23:59:59+02:00,3659,4752,5638,8653,6150,12442,8372,18055,13181,17066,13770,12944,26824,35373,8566,15623,505,666,1220,2052,1590,3351,2160,5123,3531,4368,3372,2936,14718,20202,7462,13632,123486,82679,16062,4185,71517,21,3
2021-04-02T23:59:59+02:00,3658,4749,5636,8648,6145,12433,8363,18042,13151,17035,13725,12888,26802,35362,8563,15619,501,658,1219,2048,1578,3344,2150,5099,3499,4333,3342,2906,13775,18935,7414,13551,123323,80224,16059,4104,71434,21,3
2021-04-01T23:59:59+02:00,3641,4735,5600,8628,6081,12398,8280,18005,13034,16959,13617,12764,26749,35293,8556,15608,442,609,1127,1976,1476,3261,1998,4984,3293,4191,3109,2704,11782,16344,7325,13411,123007,74691,15936,3317,71002,21,3
2021-03-31T23:59:59+02:00,3637,4718,5579,8593,6050,12362,8236,17959,12957,16882,13495,12645,26710,35244,8550,15599,403,585,1085,1933,1405,3219,1881,4870,3035,3982,2660,2398,9251,13114,7171,13205,122703,67199,15897,2975,70613,20,3
2021-03-30T23:59:59+02:00,3629,4707,5552,8563,6020,12332,8194,17916,12878,16806,13408,12518,26682,35201,8545,15590,381,564,1061,1901,1343,3181,1744,4787,2783,3803,2260,2138,8413,12040,7122,13102,122575,63901,15868,2701,70096,19,2
2021-03-29T23:59:59+02:00,3615,4700,5525,8546,5985,12299,8152,17882,12796,16723,12467,11330,25110,33117,8426,15377,373,562,1056,1884,1320,3156,1701,4741,2630,3717,1963,1982,7788,11330,7084,13038,116604,61608,15699,2698,69745,17,2
2021-03-28T23:59:59+02:00,3583,4675,5475,8516,5934,12255,8068,17829,12686,16646,11736,10488,23600,31192,8379,15298,372,560,1054,1883,1313,3153,1694,4739,2618,3709,1938,1961,7769,11317,7082,13034,116544,61482,10529,2695,69285,17,2
2021-03-27T23:59:59+01:00,3569,4670,5435,8507,5897,12241,8018,17814,12644,16594,11707,10450,23597,31186,8379,15298,372,560,1054,1883,1313,3153,1693,4736,2616,3707,1936,1960,7714,11232,7055,12994,116477,61264,10528,2695,68999,17,2
2021-03-26T23:59:59+01:00,3415,4232,4959,7352,5402,10883,7390,15645,11862,14588,11520,10273,23113,30475,8341,15235,371,556,1049,1880,1306,3149,1692,4733,2610,3701,1928,1954,7554,11018,6941,12835,114931,60586,10274,2683,59478,6,2
2021-03-25T23:59:59+01:00,3278,3877,4789,6595,5168,9684,7041,13836,11112,12939,10639,9462,22480,29702,8282,15099,366,548,1041,1869,1294,3131,1670,4695,2568,3650,1860,1891,7233,10511,6708,12476,112025,58824,9583,2680,52373,5,2
2021-03-24T23:59:59+01:00,3222,3833,4720,6525,5030,9579,6818,13660,10575,12490,9794,8621,21537,28504,8204,14950,364,542,1032,1864,1275,3120,1656,4665,2517,3596,1793,1810,6804,9945,6366,11915,108022,56593,9238,2666,50802,5,0
2021-03-23T23:59:59+01:00,3191,3794,4635,6454,4929,9483,6584,13478,10107,12045,9072,7949,21080,27963,8161,14852,351,528,1014,1855,1261,3100,1624,4641,2461,3543,1710,1747,6457,9458,6051,11409,105649,54541,8906,2665,49222,4,0
2021-03-22T23:59:59+01:00,3170,3756,4579,6413,4847,9413,6429,13332,9723,11738,8464,7389,20717,27574,8112,14771,345,523,1003,1849,1247,3083,1610,4627,2435,3517,1685,1727,6232,9153,5697,10729,104170,52798,8646,2660,47611,4,0
2021-03-21T23:59:59+01:00,3160,3740,4530,6389,4798,9375,6333,13254,9522,11536,8148,7127,20584,27437,8103,14749,345,523,1002,1849,1246,3083,1609,4626,2432,3517,1676,1721,6219,9143,5673,10677,103970,52694,8417,2643,46398,4,0
2021-03-20T23:59:59+01:00,3159,3735,4522,6383,4792,9373,6329,13247,9499,11519,8117,7097,20410,27161,8088,14725,345,523,1002,1848,1245,3083,1608,4625,2428,3508,1663,1707,6173,9058,5530,10478,103413,52201,8405,2619,46338,4,0
2021-03-19T23:59:59+01:00,3115,3703,4444,6345,4686,9325,6168,13182,9240,11320,7809,6873,19946,26587,8064,14673,345,523,1001,1846,1245,3081,1605,4623,2421,3503,1648,1699,6064,8925,5198,9952,102115,51076,8164,2599,45201,4,0
2021-03-18T23:59:59+01:00,3038,3619,4266,6203,4442,9119,5760,12850,8284,10611,6546,5810,18793,25340,7944,14468,341,519,997,1836,1228,3067,1564,4603,2350,3461,1573,1654,5869,8621,4596,9050,97226,48770,7622,2557,42245,2,0
2021-03-17T23:59:59+01:00,3000,3572,4176,6104,4300,8993,5480,12550,7570,10033,5539,4884,17529,23863,7804,14253,337,518,993,1827,1223,3058,1548,4582,2275,3432,1510,1611,5733,8393,4117,8336,91832,46990,7120,2501,40698,2,0
2021-03-16T23:59:59+01:00,2976,3541,4110,6032,4204,8896,5287,12381,7090,9638,4764,4226,16736,22932,7719,14107,333,516,990,1822,1219,3050,1541,4572,2250,3412,1482,1593,5600,8214,3708,7667,88195,45545,7084,2422,39360,2,0
2021-03-15T23:59:59+01:00,2972,3527,4093,6017,4172,8871,5233,12331,6961,9517,4613,4054,16435,22544,7696,14053,331,512,989,1816,1213,3043,1524,4560,2225,3389,1441,1579,5417,7983,3255,6964,87419,43960,6992,2280,38678,1,0
2021-03-14T23:59:59+01:00,2964,3516,4076,5996,4140,8854,5184,12295,6866,9420,4511,3948,16315,22379,7680,14023,329,511,988,1814,1207,3036,1520,4550,2212,3382,1431,1571,5410,7975,3250,6953,87104,43900,6974,2238,38089,1,0
2021-03-13T23:59:59+01:00,2960,3509,4073,5986,4132,8849,5176,12283,6845,9408,4488,3920,16001,21941,7661,13991,329,511,988,1814,1207,3036,1520,4550,2212,3382,1431,1571,5410,7974,3250,6953,86222,43899,6950,2238,38051,1,0
2021-03-12T23:59:59+01:00,2885,3418,3971,5818,4005,8620,5037,11972,6668,9164,4346,3784,15076,20674,7610,13910,329,509,986,1812,1207,3033,1517,4544,2212,3376,1423,1569,5402,7950,3248,6942,83761,43821,6888,2237,36309,1,0
2021-03-11T23:59:59+01:00,2740,3160,3750,5486,3750,8155,4675,11176,6039,8384,3831,3299,13530,18709,7528,13788,329,509,982,1808,1205,3020,1507,4527,2199,3352,1377,1539,5364,7916,3238,6916,79468,43671,6725,2116,31807,1,0
2021-03-10T23:59:59+01:00,2597,2998,3602,5251,3558,7824,4383,10665,5477,7827,3247,2859,11307,16016,7405,13592,326,505,976,1797,1200,3010,1500,4512,2174,3335,1347,1532,5334,7900,3231,6909,73172,43602,6555,1986,28881,0,0
2021-03-09T23:59:59+01:00,2565,2930,3536,5174,3445,7724,4192,10458,5065,7479,2743,2489,9854,14025,7328,13472,325,503,976,1790,1193,3002,1495,4504,2167,3324,1332,1528,5327,7895,3228,6907,68336,43561,6405,1935,27738,0,0
2021-03-08T23:59:59+01:00,2535,2856,3481,5105,3367,7641,4056,10335,4762,7281,2280,2226,7968,11613,7223,13336,325,498,975,1782,1186,2985,1489,4493,2162,3318,1323,1517,5308,7875,3223,6899,62653,43449,6070,1909,27342,0,0
2021-03-07T23:59:59+01:00,2468,2789,3381,4998,3270,7557,3950,10239,4641,7197,2228,2175,7951,11594,7223,13329,325,497,974,1782,1186,2985,1489,4493,2162,3318,1323,1517,5308,7875,3223,6899,62525,43447,5389,1909,27076,0,0
2021-03-06T23:59:59+01:00,2460,2773,3369,4992,3266,7552,3941,10230,4630,7193,2226,2174,7899,11515,7197,13289,325,497,973,1778,1185,2983,1489,4490,2158,3314,1320,1512,5304,7869,3221,6891,62316,43400,5329,1909,27061,0,0
2021-03-05T23:59:59+01:00,2310,2668,3142,4802,3033,7228,3652,9822,4311,6892,2160,2120,7660,11173,7036,13061,325,495,971,1775,1185,2982,1488,4484,2154,3307,1314,1511,5298,7862,3221,6886,61339,43349,4491,1909,25240,0,0
2021-03-04T23:59:59+01:00,2029,2411,2722,4351,2581,6577,3044,8858,3668,6182,1965,1977,7346,10720,6799,12699,323,494,970,1766,1182,2964,1488,4469,2142,3298,1305,1509,5287,7849,3214,6876,59700,43230,3216,1906,21013,0,0
2021-03-03T23:59:59+01:00,1952,2308,2611,4183,2454,6347,2898,8565,3500,5955,1885,1904,6952,10157,6506,12217,322,489,970,1755,1180,2940,1481,4442,2139,3288,1281,1497,5283,7844,3210,6868,57698,43083,3070,1906,19626,0,0
2021-03-02T23:59:59+01:00,1911,2211,2543,4069,2369,6191,2790,8381,3389,5821,1809,1837,6570,9601,6185,11669,318,482,969,1736,1177,2920,1477,4424,2137,3277,1258,1492,5273,7826,3204,6863,55601,42927,2829,1906,18916,0,0
2021-03-01T23:59:59+01:00,1896,2180,2502,3953,2321,6080,2753,8280,3339,5748,1767,1816,6340,9303,5807,10940,317,478,966,1732,1175,2909,1476,4409,2135,3262,1252,1489,5271,7824,3203,6857,53740,42849,2817,1906,18468,0,0
2021-02-28T23:59:59+01:00,1876,2136,2467,3887,2293,6019,2708,8204,3315,5708,1762,1813,6324,9291,5780,10888,317,478,965,1732,1175,2909,1476,4408,2135,3261,1252,1488,5271,7824,3203,6857,53620,42846,2815,1905,18036,0,0
2021-02-27T23:59:59+01:00,1872,2126,2465,3884,2289,6019,2707,8203,3313,5705,1756,1801,6283,9215,5641,10702,317,478,955,1727,1164,2899,1467,4402,2121,3252,1251,1485,5271,7823,3203,6857,53156,42842,2815,1830,18010,0,0
2021-02-26T23:59:59+01:00,1671,1947,2349,3641,2209,5592,2611,7681,3231,5305,1747,1784,6208,9124,5430,10369,316,475,948,1720,1156,2878,1460,4381,2109,3242,1246,1476,5264,7807,3199,6848,52408,42764,2794,1761,15697,0,0
2021-02-25T23:59:59+01:00,1432,1624,2134,3205,2037,4807,2399,6671,3012,4529,1664,1728,6064,8893,4956,9684,313,463,940,1657,1122,2777,1422,4273,2056,3175,1213,1458,5222,7758,3184,6804,50533,42302,2781,1535,11525,0,0
2021-02-24T23:59:59+01:00,1368,1380,2027,2940,1931,4461,2267,6258,2839,4288,1598,1685,5885,8595,4323,8721,310,452,898,1608,1069,2684,1365,4153,1964,3055,1182,1435,5205,7735,3177,6788,48203,42047,2769,1033,9594,0,0
2021-02-23T23:59:59+01:00,1352,1323,1992,2877,1904,4360,2242,6170,2807,4238,1591,1672,5727,8375,3811,7869,310,451,867,1574,1020,2626,1311,4078,1852,2987,1139,1414,5186,7708,3167,6756,46426,41851,2742,595,9142,0,0
2021-02-22T23:59:59+01:00,1339,1271,1942,2735,1858,4214,2183,5963,2764,4153,1581,1662,5564,8159,3334,7152,308,439,822,1533,963,2537,1216,3970,1707,2897,1064,1362,5144,7635,3143,6659,44818,41393,2721,6,8335,0,0
2021-02-21T23:59:59+01:00,1335,1249,1910,2673,1832,4118,2158,5850,2743,4107,1574,1656,5562,8149,3334,7150,305,436,818,1522,955,2509,1214,3931,1695,2859,1054,1349,5125,7608,3124,6620,44767,41118,2710,6,7923,0,0
2021-02-20T23:59:59+01:00,1335,1249,1910,2673,1831,4118,2158,5850,2741,4101,1565,1649,5558,8143,3332,7147,305,436,818,1520,954,2506,1213,3926,1694,2858,1054,1349,5065,7536,3086,6575,44753,40890,2685,5,7922,0,0
2021-02-19T23:59:59+01:00,1335,1246,1907,2666,1830,4111,2157,5841,2738,4097,1545,1640,5545,8128,3330,7141,303,434,814,1511,945,2479,1208,3883,1663,2808,1025,1311,4853,7242,2937,6322,44673,39733,2666,5,7918,0,0
2021-02-18T23:59:59+01:00,1302,1149,1869,2546,1790,3973,2094,5619,2683,3951,1532,1627,5531,8091,3326,7119,273,394,766,1384,895,2268,1125,3533,1542,2536,913,1114,4325,6394,2594,5565,44522,35616,2633,5,7047,0,0
2021-02-17T23:59:59+01:00,1246,989,1788,2325,1710,3662,1988,5237,2610,3753,1514,1619,5509,8077,3318,7115,267,386,757,1371,884,2244,1112,3497,1525,2518,906,1111,3898,5798,2351,5222,44481,33842,2576,5,5403,0,0
2021-02-16T23:59:59+01:00,1202,944,1728,2216,1642,3485,1919,5036,2533,3662,1478,1603,5484,8058,3311,7104,260,378,739,1333,866,2190,1076,3374,1492,2443,883,1088,3486,5172,2072,4816,44428,31664,2413,4,4564,0,0
2021-02-15T23:59:59+01:00,1192,920,1711,2139,1623,3388,1898,4923,2514,3591,1454,1592,5448,8034,3288,7056,247,365,722,1297,848,2141,1054,3306,1453,2379,853,1059,3022,4543,1789,4335,44299,29410,2328,3,4144,0,0
2021-02-14T23:59:59+01:00,1089,876,1639,2114,1562,3368,1855,4902,2480,3579,1446,1588,5442,8022,3285,7052,240,353,710,1277,832,2107,1037,3231,1420,2316,822,1010,2925,4399,1732,4160,44257,28568,2292,3,3750,0,0
2021-02-13T23:59:59+01:00,1026,848,1618,2093,1545,3361,1842,4896,2472,3578,1445,1587,5442,8022,3284,7051,237,352,709,1277,832,2103,1037,3230,1418,2314,822,1010,2813,4262,1678,4074,44251,28165,2292,3,3567,0,0
2021-02-12T23:59:59+01:00,644,684,1291,1979,1389,3261,1704,4810,2368,3519,1431,1581,5432,8011,3279,7046,224,344,698,1252,816,2055,1013,3143,1357,2218,765,937,2564,3917,1564,3810,44138,26675,2292,2,1999,0,0
2021-02-11T23:59:59+01:00,449,589,1122,1876,1286,3140,1612,4695,2274,3437,1328,1537,5374,7966,3261,7000,180,270,594,989,678,1593,808,2443,1071,1679,542,696,1906,2929,1144,2751,43787,20272,2095,1,1064,0,0
2021-02-10T23:59:59+01:00,324,498,987,1783,1201,3004,1510,4510,2170,3334,1293,1523,5355,7955,3257,6999,155,180,408,628,511,1078,636,1821,913,1409,526,682,1443,2298,889,2329,43710,15906,1989,0,4,0,0
2021-02-09T23:59:59+01:00,324,495,986,1778,1198,2996,1510,4505,2169,3329,1286,1520,5353,7953,3256,6997,152,175,397,601,491,1049,617,1790,890,1382,524,679,1014,1774,661,1986,43686,14182,1966,0,3,0,0
2021-02-08T23:59:59+01:00,324,493,985,1776,1195,2987,1504,4499,2167,3324,1281,1517,5350,7953,3255,6994,146,168,387,589,481,1031,606,1757,871,1360,518,674,565,1205,414,1640,43658,12412,1943,0,3,0,0
2021-02-07T23:59:59+01:00,324,493,983,1776,1194,2987,1502,4497,2167,3324,1281,1517,5350,7952,3255,6994,142,163,382,584,481,1024,602,1744,861,1345,512,671,564,1192,409,1628,43654,12304,1942,0,0,0,0
2021-02-06T23:59:59+01:00,324,493,983,1776,1194,2987,1502,4497,2167,3324,1281,1517,5350,7952,3255,6994,138,159,380,582,481,1023,602,1742,860,1343,512,671,564,1192,409,1628,43654,12286,1942,0,0,0,0
2021-02-05T23:59:59+01:00,324,492,982,1776,1194,2986,1500,4496,2166,3324,1281,1517,5349,7949,3255,6992,136,150,377,578,473,1011,598,1728,845,1324,508,661,557,1176,401,1606,43641,12129,1942,0,0,0,0
2021-02-04T23:59:59+01:00,319,483,976,1737,1188,2941,1497,4439,2154,3289,1274,1510,5320,7915,3245,6966,104,100,250,393,350,752,465,1313,635,993,387,532,471,973,348,1378,43312,9444,1941,0,0,0,0
2021-02-03T23:59:59+01:00,316,472,970,1713,1185,2902,1487,4390,2146,3255,1265,1497,5295,7883,3236,6942,60,48,87,165,162,369,225,608,310,495,209,290,274,619,206,870,43013,4997,1941,0,0,0,0
2021-02-02T23:59:59+01:00,315,470,968,1699,1182,2882,1483,4359,2139,3230,1257,1491,5288,7869,3229,6921,18,15,28,48,61,108,74,161,96,114,44,74,65,143,47,173,42841,1269,1941,0,0,0,0
2021-02-01T23:59:59+01:00,315,466,968,1697,1181,2881,1482,4353,2138,3226,1255,1491,5288,7869,3229,6921,15,14,25,41,51,98,60,133,73,96,39,64,56,135,46,160,42819,1106,1941,0,0,0,0
2021-01-31T23:59:59+01:00,315,463,968,1695,1180,2877,1482,4347,2138,3224,1254,1490,5288,7869,3229,6921,14,12,23,38,44,87,52,123,63,92,37,53,45,127,44,154,42799,1008,1941,0,0,0,0
2021-01-30T23:59:59+01:00,315,463,963,1691,1171,2869,1475,4341,2134,3222,1254,1490,5228,7797,3191,6876,14,12,23,37,44,87,51,122,63,92,37,53,45,127,44,154,42573,1005,1907,0,0,0,0
2021-01-29T23:59:59+01:00,313,462,949,1681,1159,2848,1463,4310,2112,3198,1247,1484,5040,7556,3053,6711,12,12,23,37,41,87,50,119,60,92,35,48,44,127,44,154,41788,985,1798,0,0,0,0
2021-01-28T23:59:59+01:00,308,438,928,1600,1117,2732,1423,4216,2045,3124,1223,1476,4665,7023,2827,6422,8,6,10,16,23,42,19,58,36,59,20,32,34,84,33,102,40014,582,1553,0,0,0,0
2021-01-27T23:59:59+01:00,301,428,883,1545,1065,2634,1363,4122,1971,3022,1188,1449,4204,6381,2562,6047,4,5,9,7,14,25,5,21,15,26,11,15,15,44,13,51,38060,280,1105,0,0,0,0
2021-01-26T23:59:59+01:00,294,417,843,1491,1002,2546,1298,3992,1849,2927,1140,1401,3800,5750,2272,5615,2,2,4,2,6,7,3,3,2,7,7,5,3,7,3,8,35979,71,658,0,0,0,0
2021-01-25T23:59:59+01:00,283,406,789,1427,938,2425,1189,3843,1688,2820,1076,1373,3366,5161,2003,5231,2,2,4,1,4,7,1,3,2,7,7,5,3,7,3,8,33961,66,57,0,0,0,0
2021-01-24T23:59:59+01:00,280,406,781,1421,928,2409,1185,3827,1658,2791,1073,1372,3336,5125,1990,5210,2,2,2,1,4,7,1,3,2,7,7,5,3,7,3,8,33787,64,5,0,0,0,0
2021-01-23T23:59:59+01:00,278,405,781,1421,928,2405,1184,3826,1654,2789,1073,1372,3221,4987,1934,5123,2,2,2,1,3,7,1,3,2,7,7,5,3,7,3,8,33377,63,4,0,0,0,0
2021-01-22T23:59:59+01:00,276,401,780,1407,926,2392,1178,3812,1650,2786,1071,1371,3039,4767,1855,5005,2,2,2,1,3,7,1,3,2,7,7,5,3,7,3,8,32712,63,4,0,0,0,0
2021-01-21T23:59:59+01:00,267,362,715,1242,859,2178,1097,3522,1554,2603,1032,1335,2643,4228,1619,4641,2,1,2,0,3,7,1,3,2,7,7,4,3,7,3,8,29893,60,4,0,0,0,0
2021-01-20T23:59:59+01:00,241,272,541,884,686,1665,886,2806,1329,2195,944,1196,2043,3395,1282,3975,2,1,2,0,3,7,1,3,2,5,6,4,3,7,3,8,24336,57,4,0,0,0,0
2021-01-19T23:59:59+01:00,211,247,491,776,629,1495,797,2483,1151,1907,779,938,1340,2371,896,3026,0,1,1,0,0,0,0,0,1,1,1,0,0,0,0,0,19535,5,2,0,0,0,0
2021-01-18T23:59:59+01:00,159,183,405,640,505,1121,649,1908,947,1465,576,725,634,1339,463,1836,0,0,0,0,0,0,0,0,0,0,0,0,0,0,0,0,13554,0,1,0,0,0,0
2021-01-17T23:59:59+01:00,147,166,391,603,490,1051,618,1786,886,1370,529,687,587,1240,424,1698,0,0,0,0,0,0,0,0,0,0,0,0,0,0,0,0,12673,0,0,0,0,0,0
2021-01-16T23:59:59+01:00,139,161,389,598,488,1041,612,1774,879,1363,529,687,586,1235,420,1685,0,0,0,0,0,0,0,0,0,0,0,0,0,0,0,0,12586,0,0,0,0,0,0
2021-01-15T23:59:59+01:00,136,153,386,592,480,1027,608,1759,863,1343,524,675,578,1219,414,1663,0,0,0,0,0,0,0,0,0,0,0,0,0,0,0,0,12420,0,0,0,0,0,0
2021-01-14T23:59:59+01:00,114,122,295,475,405,850,506,1465,703,1078,412,547,499,1033,364,1493,0,0,0,0,0,0,0,0,0,0,0,0,0,0,0,0,10361,0,0,0,0,0,0
2021-01-13T23:59:59+01:00,74,74,179,287,266,555,354,950,469,698,254,338,314,689,234,942,0,0,0,0,0,0,0,0,0,0,0,0,0,0,0,0,6677,0,0,0,0,0,0
2021-01-12T23:59:59+01:00,34,30,54,101,119,235,146,391,201,301,138,185,163,392,135,515,0,0,0,0,0,0,0,0,0,0,0,0,0,0,0,0,3140,0,0,0,0,0,0
2021-01-11T23:59:59+01:00,21,17,36,62,59,121,74,166,92,116,39,64,59,140,47,161,0,0,0,0,0,0,0,0,0,0,0,0,0,0,0,0,1274,0,0,0,0,0,0
2021-01-10T23:59:59+01:00,17,12,31,51,51,109,63,148,74,106,36,54,49,130,44,153,0,0,0,0,0,0,0,0,0,0,0,0,0,0,0,0,1128,0,0,0,0,0,0
2021-01-09T23:59:59+01:00,16,12,30,49,50,107,60,147,74,105,36,54,49,130,44,153,0,0,0,0,0,0,0,0,0,0,0,0,0,0,0,0,1116,0,0,0,0,0,0
2021-01-08T23:59:59+01:00,13,12,28,47,45,99,55,136,69,102,34,49,48,130,44,153,0,0,0,0,0,0,0,0,0,0,0,0,0,0,0,0,1064,0,0,0,0,0,0
2021-01-07T23:59:59+01:00,8,6,9,17,22,42,19,59,38,61,21,34,37,89,33,101,0,0,0,0,0,0,0,0,0,0,0,0,0,0,0,0,596,0,0,0,0,0,0
2021-01-06T23:59:59+01:00,8,6,8,14,16,31,12,43,25,49,16,24,31,78,31,90,0,0,0,0,0,0,0,0,0,0,0,0,0,0,0,0,482,0,0,0,0,0,0
2021-01-05T23:59:59+01:00,8,6,8,14,16,31,12,43,25,49,16,24,30,78,31,90,0,0,0,0,0,0,0,0,0,0,0,0,0,0,0,0,481,0,0,0,0,0,0
2021-01-04T23:59:59+01:00,3,5,6,4,6,14,1,8,6,15,6,6,6,15,4,13,0,0,0,0,0,0,0,0,0,0,0,0,0,0,0,0,118,0,0,0,0,0,0
2021-01-03T23:59:59+01:00,2,2,1,1,3,7,1,4,2,8,5,4,3,8,3,8,0,0,0,0,0,0,0,0,0,0,0,0,0,0,0,0,62,0,0,0,0,0,0
2021-01-02T23:59:59+01:00,2,2,1,1,3,7,1,4,2,8,5,4,3,8,3,8,0,0,0,0,0,0,0,0,0,0,0,0,0,0,0,0,62,0,0,0,0,0,0
2021-01-01T23:59:59+01:00,2,2,1,1,3,7,1,4,2,8,5,4,3,8,3,8,0,0,0,0,0,0,0,0,0,0,0,0,0,0,0,0,62,0,0,0,0,0,0
2020-12-31T23:59:59+01:00,2,2,1,0,3,7,1,3,2,7,5,4,3,8,3,8,0,0,0,0,0,0,0,0,0,0,0,0,0,0,0,0,59,0,0,0,0,0,0
2020-12-30T23:59:59+01:00,2,2,1,0,3,7,1,3,2,5,5,4,3,8,3,8,0,0,0,0,0,0,0,0,0,0,0,0,0,0,0,0,57,0,0,0,0,0,0
2020-12-29T23:59:59+01:00,2,2,0,0,3,6,1,3,2,5,3,2,2,8,2,7,0,0,0,0,0,0,0,0,0,0,0,0,0,0,0,0,48,0,0,0,0,0,0
2020-12-28T23:59:59+01:00,1,1,0,0,1,2,0,0,0,3,0,1,0,1,1,4,0,0,0,0,0,0,0,0,0,0,0,0,0,0,0,0,15,0,0,0,0,0,0
2020-12-27T23:59:59+01:00,0,0,0,0,1,1,0,0,0,2,0,1,0,1,1,4,0,0,0,0,0,0,0,0,0,0,0,0,0,0,0,0,11,0,0,0,0,0,0
