Datum,<15_m,<15_w,15-24_1_m,15-24_1_w,25-34_1_m,25-34_1_w,35-44_1_m,35-44_1_w,45-54_1_m,45-54_1_w,55-64_1_m,55-64_1_w,65-74_1_m,65-74_1_w,75-84_1_m,75-84_1_w,>84_1_m,>84_1_w,<24_2_m,<24_2_w,25-34_2_m,25-34_2_w,35-44_2_m,35-44_2_w,45-54_2_m,45-54_2_w,55-64_2_m,55-64_2_w,65-74_2_m,65-74_2_w,75-84_2_m,75-84_2_w,>84_2_m,>84_2_w,bp_1,bp_2,mo_1,mo_2,az_1,az_2,ja,unb_1,unb_2
2021-08-18T23:59:59+02:00,3707,3457,38038,36505,52229,44942,57233,53629,69536,68139,84730,83196,59258,63349,38726,49913,11976,21381,33359,32149,48141,40888,53513,49420,65427,63421,80369,78814,56925,60696,37363,48063,11573,20615,623488,579720,78929,75149,109495,103182,27994,38,45
2021-08-17T23:59:59+02:00,3651,3412,37891,36355,52127,44831,57159,53536,69446,68061,84659,83139,59227,63320,38715,49891,11973,21374,32996,31743,47834,40610,53237,49147,65192,63191,80182,78619,56825,60591,37325,48019,11561,20605,622618,576828,78929,75133,109490,103161,27692,38,45
2021-08-16T23:59:59+02:00,3597,3362,37747,36212,52036,44735,57088,53469,69378,67995,84609,83094,59206,63291,38701,49875,11967,21366,32439,31188,47447,40199,52861,48773,64888,62931,79966,78429,56749,60480,37293,47968,11553,20584,621732,572863,78925,75098,109490,103142,27543,38,45
2021-08-15T23:59:59+02:00,3587,3353,37715,36187,52005,44716,57062,53436,69361,67979,84598,83083,59195,63287,38698,49866,11967,21364,32365,31092,47379,40136,52798,48714,64844,62890,79925,78402,56731,60460,37285,47955,11552,20581,621545,572319,78925,75067,109489,103131,27462,38,45
2021-08-14T23:59:59+02:00,3584,3350,37708,36181,52002,44712,57055,53430,69357,67977,84591,83079,59188,63282,38697,49864,11967,21364,32360,31089,47375,40133,52788,48706,64841,62888,79919,78400,56726,60455,37284,47953,11552,20581,621515,572300,78925,75067,109489,103131,27421,38,45
2021-08-13T23:59:59+02:00,3567,3337,37640,36140,51943,44663,56993,53382,69287,67936,84528,83043,59166,63270,38686,49850,11964,21358,32224,30976,47249,40034,52673,48608,64739,62809,79832,78350,56703,60435,37271,47943,11550,20576,621217,571511,78925,75065,109489,103131,27084,38,45
2021-08-12T23:59:59+02:00,3528,3310,37514,36019,51852,44573,56925,53299,69191,67863,84455,82978,59139,63246,38672,49838,11964,21355,31698,30493,46862,39688,52290,48262,64413,62580,79618,78142,56614,60348,37229,47902,11545,20560,620502,568068,78925,75036,109487,103023,26769,38,45
2021-08-11T23:59:59+02:00,3486,3268,37366,35876,51743,44469,56809,53181,69096,67775,84372,82901,59099,63208,38651,49822,11960,21351,31067,29886,46354,39303,51865,47827,64111,62303,79407,77940,56520,60242,37193,47830,11532,20542,619624,564077,78920,75012,109485,102935,26366,38,45
2021-08-10T23:59:59+02:00,3439,3222,37208,35727,51629,44349,56706,53072,69031,67706,84308,82845,59075,63172,38633,49809,11952,21346,30177,28909,45628,38602,51205,47223,63725,61945,79160,77699,56415,60138,37148,47761,11524,20530,618687,557895,78918,75010,109482,102932,26105,37,45
2021-08-09T23:59:59+02:00,3403,3193,37114,35619,51556,44280,56648,53032,69001,67663,84278,82814,59060,63158,38621,49790,11951,21344,29470,28165,44966,38031,50633,46647,63355,61589,78882,77452,56296,60042,37105,47706,11517,20516,618108,553816,78916,73565,109482,102907,25982,37,45
2021-08-08T23:59:59+02:00,3394,3180,37088,35603,51532,44256,56630,53022,68983,67645,84258,82799,59057,63153,38616,49783,11950,21343,29342,28023,44819,37935,50539,46567,63302,61532,78834,77413,56260,60024,37095,47695,11517,20513,617937,552894,78915,73557,109481,102876,25922,37,45
2021-08-07T23:59:59+02:00,3394,3180,37084,35597,51522,44255,56628,53022,68979,67642,84257,82797,59056,63153,38616,49783,11950,21343,29331,28017,44807,37930,50538,46563,63299,61527,78831,77410,56259,60023,37095,47695,11517,20513,617927,552865,78914,73553,109481,102876,25899,37,45
2021-08-06T23:59:59+02:00,3383,3167,37020,35541,51446,44193,56564,52980,68937,67611,84225,82768,59043,63134,38605,49777,11947,21341,29094,27792,44604,37745,50357,46423,63164,61413,78733,77342,56234,59998,37080,47685,11514,20510,617656,551427,78911,73547,109481,102875,25597,37,45
2021-08-05T23:59:59+02:00,3350,3128,36868,35407,51331,44062,56449,52863,68825,67498,84101,82695,59002,63081,38582,49757,11938,21331,28399,27176,44022,37266,49806,45970,62806,61117,78441,77122,56125,59903,37042,47633,11506,20495,616872,547131,78909,73538,109481,102699,24969,37,45
2021-08-04T23:59:59+02:00,3291,3065,36670,35238,51185,43917,56310,52750,68704,67375,83988,82586,58936,63023,38565,49728,11934,21321,27253,26056,43065,36393,48844,45070,62215,60513,77947,76685,55916,59725,36984,47544,11493,20475,615808,538803,78899,73499,109481,102645,24361,37,45
2021-08-03T23:59:59+02:00,3217,3007,36453,35040,51038,43782,56190,52630,68576,67262,83901,82517,58894,62980,38547,49698,11926,21307,26179,24948,42143,35502,47947,44189,61680,59987,77501,76279,55750,59538,36925,47458,11475,20444,614476,530513,78891,73454,109479,102619,24082,37,45
2021-08-02T23:59:59+02:00,3173,2953,36309,34891,50931,43674,56098,52533,68492,67174,83818,82443,58856,62933,38533,49679,11918,21295,25281,23947,41303,34766,47218,43452,61198,59522,77119,75936,55588,59390,36875,47381,11458,20423,613522,523573,78890,73400,109478,102477,23776,37,45
2021-08-01T23:59:59+02:00,3168,2948,36294,34869,50907,43656,56083,52509,68463,67161,83804,82431,58850,62928,38532,49675,11918,21295,25022,23699,41061,34566,46991,43257,61057,59386,77003,75841,55552,59361,36860,47369,11454,20419,613387,521721,78886,73359,109477,102411,23704,37,45
2021-07-31T23:59:59+02:00,3167,2947,36288,34868,50906,43655,56081,52508,68461,67160,83804,82430,58850,62928,38532,49675,11918,21295,25015,23686,41051,34559,46985,43251,61048,59384,77001,75840,55552,59358,36860,47369,11454,20418,613373,521655,78885,73358,109477,102411,23701,37,45
2021-07-30T23:59:59+02:00,3151,2933,36230,34804,50835,43604,56022,52450,68406,67119,83767,82390,58838,62914,38528,49668,11915,21292,24697,23377,40777,34347,46730,43058,60863,59254,76853,75726,55522,59319,36846,47357,11454,20418,613086,519733,78881,73356,109474,102304,23388,37,45
2021-07-29T23:59:59+02:00,3128,2905,36092,34682,50708,43482,55931,52353,68337,67055,83697,82339,58812,62896,38517,49659,11915,21291,23743,22389,39903,33603,45833,42278,60321,58816,76496,75425,55402,59181,36808,47303,11447,20407,612222,512703,78861,73231,109474,102137,23205,37,45
2021-07-28T23:59:59+02:00,3079,2850,35855,34448,50489,43312,55738,52207,68199,66918,83582,82241,58759,62849,38495,49623,11905,21283,22530,21143,38588,32508,44527,41111,59527,58158,75993,74969,55208,58994,36740,47200,11433,20382,610868,502937,78857,73066,109474,101980,22596,37,45
2021-07-27T23:59:59+02:00,3055,2831,35748,34332,50408,43229,55664,52155,68137,66850,83521,82170,58720,62807,38483,49608,11904,21274,21291,19753,37164,31175,43162,39813,58904,57566,75573,74560,55046,58819,36682,47146,11421,20359,610150,492539,78842,72890,109474,101866,22393,37,45
2021-07-26T23:59:59+02:00,3036,2812,35686,34239,50352,43176,55623,52107,68092,66813,83486,82145,58706,62792,38471,49596,11903,21272,20270,18654,35912,30062,41897,38665,58406,57167,75289,74309,54949,58719,36661,47111,11415,20345,609634,484306,78837,72562,109474,101705,22325,37,45
2021-07-25T23:59:59+02:00,3025,2807,35635,34199,50311,43132,55597,52085,68069,66790,83457,82122,58693,62785,38468,49593,11900,21266,19871,18296,35501,29738,41495,38362,58213,57016,75132,74207,54906,58681,36640,47091,11411,20341,609350,481610,78832,72302,109474,101677,22241,37,45
2021-07-24T23:59:59+02:00,3025,2807,35631,34195,50309,43129,55595,52084,68067,66790,83455,82121,58693,62785,38467,49593,11900,21266,19866,18286,35493,29730,41489,38361,58210,57014,75128,74205,54906,58681,36639,47091,11411,20341,609341,481574,78831,72302,109474,101675,22229,37,45
2021-07-23T23:59:59+02:00,3000,2782,35481,34079,50162,43031,55479,51980,67971,66698,83365,82071,58662,62756,38457,49588,11895,21263,19630,18066,35234,29556,41219,38180,58046,56886,74992,74129,54867,58658,36627,47081,11405,20335,608722,480457,78831,72012,109474,101673,21656,37,45
2021-07-22T23:59:59+02:00,2950,2697,35046,33713,49854,42794,55218,51755,67744,66519,83191,81920,58577,62663,38422,49543,11884,21245,18846,17405,34140,28824,40100,37355,57314,56421,74441,73760,54690,58480,36563,46997,11384,20309,606591,474958,78816,70588,109470,101456,20821,37,45
2021-07-21T23:59:59+02:00,2895,2639,34737,33385,49617,42586,55031,51570,67554,66336,83064,81795,58512,62611,38391,49504,11873,21235,18024,16573,32834,27834,38839,36397,56625,55862,73996,73398,54544,58305,36498,46913,11372,20276,604781,469071,78766,68406,109469,101245,20282,37,45
2021-07-20T23:59:59+02:00,2819,2576,34381,33006,49338,42356,54860,51376,67375,66181,82927,81677,58450,62558,38363,49459,11872,21220,16875,15453,31124,26436,37115,34945,55827,55217,73456,72955,54378,58116,36448,46829,11355,20238,602712,459922,78730,66667,109468,100909,19847,37,45
2021-07-19T23:59:59+02:00,2735,2506,33823,32445,49026,42047,54587,51112,67180,65968,82756,81511,58383,62477,38318,49407,11865,21205,16225,14881,30186,25759,36262,34232,55390,54796,73130,72719,54293,58031,36411,46779,11350,20217,599516,456258,78672,64502,109467,100740,19659,37,45
2021-07-18T23:59:59+02:00,2707,2488,33724,32332,48937,41991,54531,51055,67121,65918,82714,81469,58355,62451,38307,49395,11863,21198,15908,14617,29615,25380,35769,33885,55135,54634,72985,72618,54251,57993,36403,46764,11349,20213,598916,454821,78658,62968,109466,100712,19479,37,45
2021-07-17T23:59:59+02:00,2707,2488,33722,32330,48933,41990,54530,51053,67121,65917,82714,81469,58355,62450,38307,49395,11863,21198,15903,14611,29606,25365,35764,33881,55131,54633,72985,72618,54251,57993,36403,46764,11349,20213,598906,454777,78655,62964,109466,100712,19478,37,45
2021-07-16T23:59:59+02:00,2649,2423,33113,31809,48441,41644,54138,50718,66741,65597,82402,81237,58236,62338,38257,49346,11859,21191,15488,14289,29118,24997,35321,33550,54795,54381,72726,72426,54139,57906,36368,46726,11346,20209,596694,453400,78651,62835,109465,100703,17292,37,45
2021-07-15T23:59:59+02:00,2516,2291,32252,31031,47817,41075,53566,50241,66317,65255,82150,80998,58146,62242,38223,49303,11851,21172,14655,13623,27802,24171,34021,32742,54120,53984,72318,72206,54046,57812,36339,46692,11339,20194,591691,449246,78640,60472,109465,100123,16613,37,45
2021-07-14T23:59:59+02:00,2410,2205,31706,30506,47332,40643,53149,49846,65994,64978,81916,80752,58043,62147,38191,49253,11841,21159,13416,12485,25811,22724,32121,31222,53374,53401,71813,71868,53910,57687,36298,46631,11329,20179,587861,440151,78623,58548,109464,99789,16086,37,44
2021-07-13T23:59:59+02:00,2353,2135,31437,30239,47062,40419,52902,49622,65793,64792,81750,80603,57979,62071,38165,49217,11831,21146,12432,11639,24087,21417,30182,29641,52186,52236,70998,71081,53665,57411,36212,46516,11312,20152,585718,433460,78608,55629,109456,96641,15697,37,43
2021-07-12T23:59:59+02:00,2127,1928,30575,29310,46411,39886,52333,49053,65404,64403,81476,80332,57848,61945,38123,49159,11821,21125,11685,11014,22701,20438,28445,28267,51232,51380,70259,70464,53409,57133,36148,46400,11299,20121,579498,425375,78591,53077,109456,96488,15677,37,43
2021-07-11T23:59:59+02:00,2082,1890,30454,29201,46346,39815,52281,48992,65348,64349,81415,80289,57828,61926,38117,49142,11816,21120,11519,10866,22427,20255,28084,27997,51031,51235,70089,70321,53356,57052,36126,46383,11290,20114,578682,423317,78586,53035,109455,96355,15651,37,42
2021-07-10T23:59:59+02:00,2082,1888,30449,29194,46344,39810,52277,48991,65345,64348,81414,80287,57828,61924,38116,49142,11816,21120,11507,10848,22415,20242,28069,27985,51025,51231,70086,70318,53356,57052,36125,46383,11290,20114,578652,423236,78586,53033,109455,96345,15645,37,42
2021-07-09T23:59:59+02:00,2037,1850,30217,28958,46127,39631,52094,48820,65184,64237,81310,80208,57798,61895,38100,49127,11811,21118,11126,10576,21774,19806,27404,27435,50316,50665,69505,69909,53255,56964,36102,46349,11285,20103,577453,422165,78581,52719,109450,92895,15001,37,42
2021-07-08T23:59:59+02:00,1900,1722,29553,28425,45528,39127,51539,48353,64784,63929,81012,79973,57706,61806,38069,49077,11806,21104,9944,9466,19828,18174,24947,25454,49282,49867,68880,69373,53030,56751,36027,46263,11270,20077,573213,411647,78561,50288,109433,92669,14169,37,42
2021-07-07T23:59:59+02:00,1687,1526,28447,27217,44492,38167,50441,47362,64128,63293,80475,79490,57503,61577,38003,48993,11792,21064,9413,8989,18745,17342,23555,24255,48460,49222,68337,68886,52829,56511,35951,46165,11254,20038,563959,405314,78545,48677,109432,92382,13684,37,42
2021-07-06T23:59:59+02:00,1487,1368,27362,26170,43466,37250,49505,46427,63524,62730,80040,79083,57322,61395,37948,48899,11769,21036,8694,8244,17406,16339,21944,22973,47855,48771,67961,68620,52712,56396,35902,46128,11247,20022,555698,397855,78534,48249,109429,92086,13083,37,42
2021-07-05T23:59:59+02:00,1330,1244,26215,24918,42383,36251,48453,45362,62858,62153,79606,78681,57148,61205,37896,48824,11760,21014,8443,8021,16910,16027,21385,22590,47550,48547,67766,68472,52660,56323,35877,46109,11244,20017,546384,395291,78526,47935,109428,91829,12926,37,40
2021-07-04T23:59:59+02:00,1265,1180,25893,24590,42079,35992,48201,45178,62714,62018,79491,78588,57112,61165,37886,48805,11757,21011,8189,7866,16644,15834,21106,22393,47425,48449,67689,68398,52636,56298,35862,46104,11242,20016,544073,394277,78500,47274,109426,91744,12889,37,40
2021-07-03T23:59:59+02:00,1265,1179,25886,24580,42065,35985,48199,45178,62711,62017,79490,78587,57111,61165,37886,48805,11757,21011,8184,7858,16632,15824,21099,22386,47420,48448,67685,68397,52635,56298,35862,46104,11242,20016,544043,394243,78498,47273,109426,91734,12873,37,40
2021-07-02T23:59:59+02:00,1197,1122,25568,24225,41743,35704,47942,44924,62568,61872,79416,78517,57094,61143,37879,48793,11753,21006,8006,7706,16264,15556,20656,22079,46452,47670,67188,68048,52552,56206,35847,46086,11241,20013,541655,391756,78497,47270,109421,89717,12856,37,40
2021-07-01T23:59:59+02:00,1142,1072,25190,23862,41362,35355,47547,44573,62316,61636,79225,78345,57031,61081,37848,48752,11746,20996,7616,7372,15450,14777,19490,21050,44915,46185,65976,66972,52248,55902,35750,45967,11217,19986,538504,385941,78395,46446,109412,85773,12731,37,40
2021-06-30T23:59:59+02:00,1069,1008,24767,23413,40932,34982,47138,44198,62089,61434,79055,78196,56953,61004,37821,48702,11738,20976,7243,7013,14505,13973,18059,19845,41707,43455,64279,65529,51784,55404,35602,45774,11190,19937,535065,373930,78363,45754,109410,83020,12600,37,39
2021-06-29T23:59:59+02:00,977,900,24265,22878,40418,34563,46706,43783,61827,61155,78842,78017,56876,60940,37793,48659,11732,20957,6965,6707,13841,13480,16899,18926,37386,39767,62928,64276,51297,54904,35470,45596,11159,19894,530995,358642,78354,45544,109410,82811,12492,37,39
2021-06-28T23:59:59+02:00,948,867,23926,22485,39960,34181,46284,43414,61590,60900,78653,77862,56805,60872,37764,48629,11730,20942,6655,6387,13181,12979,15888,18090,33739,36721,61805,63244,50943,54510,35376,45448,11135,19856,529243,349970,76665,40854,109410,82660,12457,37,39
2021-06-27T23:59:59+02:00,934,854,23833,22393,39887,34118,46226,43355,61559,60863,78619,77833,56790,60860,37758,48622,11729,20937,6565,6312,12948,12838,15466,17853,32906,36076,61549,63045,50853,54440,35358,45425,11133,19852,528632,347070,76661,40592,109404,82503,12436,37,39
2021-06-26T23:59:59+02:00,933,854,23827,22387,39880,34115,46225,43354,61558,60862,78619,77833,56790,60860,37758,48622,11729,20937,6562,6305,12942,12825,15459,17846,32902,36075,61542,63043,50851,54434,35358,45425,11133,19851,528605,347006,76661,40591,109404,82502,12436,37,39
2021-06-25T23:59:59+02:00,910,828,23712,22274,39794,34029,46142,43283,61514,60815,78571,77812,56779,60846,37755,48619,11728,20935,6464,6192,12832,12691,15321,17685,32184,35416,61154,62721,50773,54350,35350,45404,11130,19850,527812,343997,76661,40579,109401,82486,12435,37,39
2021-06-24T23:59:59+02:00,843,770,23322,21849,39443,33720,45790,42980,61310,60620,78411,77675,56725,60791,37733,48589,11724,20926,6125,5894,12269,12227,14615,17002,28887,32700,58873,60871,50189,53753,35216,45197,11112,19802,524855,330202,76612,40316,109399,81872,12318,37,39
2021-06-23T23:59:59+02:00,738,676,22681,21187,38866,33132,45139,42274,60944,60230,78163,77425,56622,60658,37688,48537,11714,20907,5970,5703,11901,11881,14109,16474,25522,29944,57232,59349,49665,53216,35098,45023,11091,19759,519282,320784,76558,37381,109397,81439,12307,37,39
2021-06-22T23:59:59+02:00,677,612,22256,20745,38463,32716,44707,41811,60672,59945,77960,77186,56526,60550,37651,48465,11701,20885,5779,5567,11578,11620,13685,16100,21188,26419,55159,57650,49067,52614,34921,44808,11071,19715,515494,306444,76431,37327,109392,80967,12174,37,39
2021-06-21T23:59:59+02:00,641,571,22005,20509,38213,32488,44463,41536,60485,59735,77829,77047,56473,60469,37627,48425,11692,20869,5649,5457,11270,11424,13348,15840,19640,25189,54242,56883,46843,50160,34322,44090,11048,19656,513464,301133,76228,37260,109377,74666,11971,37,39
2021-06-20T23:59:59+02:00,612,551,21715,20213,37917,32213,44179,41281,60333,59566,77692,76900,56424,60426,37607,48408,11689,20862,5593,5413,11139,11337,13195,15713,19246,24865,53975,56703,45189,48177,33755,43456,11028,19636,511071,300512,76149,36509,109366,69404,11965,37,38
2021-06-19T23:59:59+02:00,610,551,21710,20201,37902,32209,44176,41277,60327,59562,77690,76897,56421,60425,37607,48407,11689,20862,5587,5404,11135,11334,13186,15707,19239,24857,53961,56691,45180,48167,33754,43456,11028,19636,511011,300429,76144,36506,109366,69392,11965,37,38
2021-06-18T23:59:59+02:00,596,537,21613,20090,37835,32155,44102,41192,60272,59517,77646,76855,56398,60404,37602,48394,11688,20861,5492,5239,10839,10798,12814,15126,18698,23840,53109,55389,44976,48004,33726,43408,11022,19624,510257,298859,76138,36505,109361,64746,11964,37,38
2021-06-17T23:59:59+02:00,510,445,20896,19371,37078,31520,43307,40437,59864,59152,77351,76602,56285,60277,37554,48326,11675,20837,5299,5026,10455,10243,12291,14353,17769,22480,51537,53447,43825,46655,33408,43012,10975,19541,504269,291547,76046,36377,109355,60582,11780,37,38
2021-06-16T23:59:59+02:00,403,367,20096,18415,36087,30587,42294,39467,59324,58671,76962,76290,56144,60126,37498,48239,11665,20814,5110,4872,9949,9922,11556,13857,16222,21181,47666,49905,42071,44652,32944,42442,10912,19415,496909,275410,75504,36179,109340,59399,11659,37,37
2021-06-15T23:59:59+02:00,293,264,19281,17558,35164,29730,41366,38581,58885,58231,76629,75967,56002,59961,37443,48170,11650,20781,4906,4747,9425,9663,10853,13387,14713,19994,43409,45825,40522,42811,32465,41822,10845,19287,489698,258269,75388,36144,109333,58732,11500,37,36
2021-06-14T23:59:59+02:00,189,173,18161,16317,33912,28455,39903,37171,58298,57668,76235,75627,55875,59820,37398,48099,11641,20766,4779,4653,9080,9454,10376,13069,13541,18987,40776,43279,39448,41662,32173,41421,10813,19202,479942,247114,74950,36118,109329,58001,11451,36,36
2021-06-13T23:59:59+02:00,148,134,17657,15912,33430,28050,39411,36787,58084,57485,76088,75526,55848,59781,37376,48077,11638,20757,4693,4604,8935,9381,10213,13001,12936,18533,40306,42885,39212,41440,32112,41336,10807,19188,476860,246151,74648,34694,109322,57385,11323,36,36
2021-06-12T23:59:59+02:00,148,134,17653,15894,33418,28041,39404,36783,58079,57482,76084,75524,55847,59779,37375,48077,11638,20757,4686,4599,8924,9376,10201,12994,12924,18520,40123,42738,39189,41425,32108,41334,10807,19187,476793,245716,74644,34694,109322,57374,11322,36,36
2021-06-11T23:59:59+02:00,146,134,17569,15835,33273,27972,39231,36729,57959,57445,76014,75499,55835,59774,37373,48075,11638,20756,4603,4406,8763,8813,10007,12274,12688,17447,39634,41441,39035,41294,32090,41299,10805,19186,476459,245224,74233,34692,109216,52527,11313,36,36
2021-06-10T23:59:59+02:00,132,114,16723,15116,31853,27056,37986,35816,57278,56986,75606,75229,55745,59682,37334,48031,11627,20738,4348,4212,8205,8319,9326,11516,11954,16384,36788,38403,38234,40493,31924,41117,10789,19156,472570,238174,71258,34560,108935,48152,10253,36,36
2021-06-09T23:59:59+02:00,110,88,15944,14409,30574,26152,36766,34929,56703,56598,75265,75002,55664,59577,37307,47987,11614,20717,4167,4059,7845,8130,8863,11297,11337,16006,31718,33551,36740,38969,31680,40849,10768,19107,467915,224301,68813,34437,108893,46570,9749,36,36
2021-06-08T23:59:59+02:00,83,70,15022,13535,29194,25059,35397,33918,56087,56194,74970,74791,55590,59505,37285,47957,11610,20707,4087,3995,7690,8015,8710,11183,11045,15800,28909,30747,35788,38039,31520,40654,10744,19074,463335,216859,65365,34380,108853,45347,9385,36,36
2021-06-07T23:59:59+02:00,75,57,14389,12946,27823,24250,34244,33138,55612,55939,74728,74687,55554,59468,37269,47947,11610,20703,3995,3922,7496,7890,8410,11051,10678,15556,24591,26379,34329,36510,31298,40387,10716,19046,460215,205117,62335,34315,108822,43763,9031,36,35
2021-06-06T23:59:59+02:00,74,54,14067,12755,27039,23830,33594,32719,55305,55776,74574,74622,55535,59445,37255,47938,11608,20702,3928,3886,7346,7845,8255,10968,10361,15355,21782,23521,33332,35441,31159,40233,10709,19031,459080,202337,60284,29117,108798,42977,8694,36,34
2021-06-05T23:59:59+02:00,74,52,14038,12728,26997,23788,33566,32700,55300,55767,74569,74617,55531,59440,37250,47936,11608,20702,3906,3871,7310,7824,8208,10951,10300,15314,20357,21972,32539,34564,31089,40151,10705,19024,458962,197375,60179,29114,108793,42876,8693,36,34
2021-06-04T23:59:59+02:00,68,48,13808,12465,26687,23473,33229,32389,55240,55686,74530,74597,55522,59435,37249,47934,11608,20701,3875,3843,7232,7745,8151,10873,10220,15192,20250,21854,32466,34509,31057,40114,10702,19021,457063,197294,60117,29102,108760,41988,8693,36,34
2021-06-03T23:59:59+02:00,50,43,13241,11976,25650,22786,32093,31638,54749,55354,74215,74404,55451,59358,37215,47904,11602,20685,3747,3751,6960,7575,7871,10701,9893,14955,18370,19997,30497,32211,30784,39784,10679,18973,452731,188732,58617,29083,108747,40626,8283,36,31
2021-06-02T23:59:59+02:00,37,31,12551,11221,24653,21884,30952,30682,54485,55090,74024,74265,55400,59280,37199,47883,11594,20678,3712,3731,6903,7520,7815,10653,9809,14864,17851,19449,28568,30041,30685,39640,10672,18962,446416,183205,58439,29082,108746,40291,8273,35,31
2021-06-01T23:59:59+02:00,23,16,11421,10332,22517,20447,28415,28789,53074,54026,73021,73485,55099,58963,37079,47713,11560,20619,3483,3558,6405,7214,7212,10232,8957,14263,15913,17642,24798,25804,30006,38763,10596,18809,436918,169267,53967,28945,108709,38451,6970,35,29
2021-05-31T23:59:59+02:00,18,12,10556,9665,20681,19276,26365,27282,51966,53177,72318,72938,54883,58705,37006,47613,11546,20583,3342,3407,6072,6969,6811,9933,8417,13907,14851,16665,23610,24436,29619,38275,10536,18715,430126,163535,49596,28908,108692,36960,6141,35,28
2021-05-30T23:59:59+02:00,16,9,10204,9317,19958,18779,25659,26702,51626,52895,72086,72742,54807,58626,36981,47586,11538,20575,3159,3215,5722,6703,6522,9690,8200,13703,14591,16394,23317,24119,29509,38168,10521,18687,427543,162710,49188,28851,108659,35957,4681,35,28
2021-05-29T23:59:59+02:00,16,9,10188,9305,19940,18752,25641,26676,51614,52891,72081,72732,54805,58621,36980,47586,11537,20575,3157,3207,5719,6699,6517,9688,8192,13695,14581,16389,23306,24111,29505,38163,10520,18686,427386,162640,49188,28849,108659,35944,4681,35,28
2021-05-28T23:59:59+02:00,16,9,10123,9209,19802,18583,25379,26447,51455,52715,71935,72602,54768,58571,36967,47566,11534,20562,3110,3131,5627,6560,6415,9488,8079,13422,14388,16112,23154,23957,29452,38100,10513,18677,425736,162255,49151,28848,108642,34382,4680,34,27
2021-05-27T23:59:59+02:00,16,9,8859,8007,17394,16765,22596,24296,50363,51901,71269,72111,54571,58354,36876,47472,11521,20534,2812,2797,4783,5937,5522,8708,7286,12437,13263,14920,22168,22924,29068,37649,10458,18590,413803,158446,48197,28584,108507,29899,2373,34,27
2021-05-26T23:59:59+02:00,15,9,8457,7589,16516,15961,21406,23285,49758,51355,70855,71727,54420,58191,36810,47397,11510,20504,2625,2624,4415,5604,5045,8201,6809,11789,12294,13942,21271,21894,28757,37206,10412,18505,408207,154605,47465,28496,108435,26648,1625,33,26
2021-05-25T23:59:59+02:00,15,9,7882,6989,15272,15076,19956,22112,49279,50956,70609,71544,54352,58109,36789,47372,11506,20495,2548,2521,4225,5474,4799,7974,6534,11480,11738,13412,19130,19740,28388,36674,10377,18456,401442,148960,47224,28483,108391,24776,1232,33,26
2021-05-24T23:59:59+02:00,15,9,7796,6888,15049,14949,19670,21932,49178,50837,70566,71505,54351,58104,36788,47371,11504,20492,2504,2459,4141,5308,4704,7730,6410,11196,11597,13171,19016,19627,28337,36627,10370,18445,400303,148808,47145,28440,108306,23159,1217,33,25
2021-05-23T23:59:59+02:00,14,9,7780,6875,15013,14933,19616,21904,49169,50835,70562,71499,54350,58102,36788,47370,11504,20492,2502,2455,4134,5303,4695,7726,6406,11183,11576,13149,18875,19430,28306,36588,10368,18443,400120,148323,47145,28438,108306,23150,1211,33,24
2021-05-22T23:59:59+02:00,14,9,7777,6867,15003,14921,19606,21897,49169,50833,70559,71499,54350,58101,36788,47370,11504,20492,2500,2448,4127,5297,4693,7726,6403,11180,11567,13146,18863,19424,28305,36588,10368,18443,400066,148287,47145,28438,108306,23126,1209,33,24
2021-05-21T23:59:59+02:00,14,8,7703,6770,14873,14786,19401,21737,48928,50599,70417,71393,54323,58075,36781,47363,11499,20486,2429,2363,4041,5156,4590,7512,6280,10883,11398,12857,18797,19360,28289,36558,10365,18441,398495,148037,47142,28438,108281,21620,1206,32,24
2021-05-20T23:59:59+02:00,14,8,7429,6475,14289,14263,18462,20865,46244,48247,69266,70421,53971,57714,36673,47223,11468,20457,2167,2200,3679,4790,4148,6960,5726,10052,10311,11759,17522,18074,27784,35959,10292,18294,387516,142796,46980,28149,107976,17765,989,28,24
2021-05-19T23:59:59+02:00,13,7,7189,6251,13626,13780,17192,19865,42260,44758,67777,69117,53516,57193,36511,46999,11432,20405,2091,2001,3515,4449,3901,6436,5281,9368,9323,10646,16048,16426,27091,35045,10166,18085,372738,135644,46409,28006,107746,15244,970,28,14
2021-05-18T23:59:59+02:00,13,5,6990,6074,13082,13350,16094,19008,37541,40738,66326,67794,52961,56654,36364,46777,11390,20348,2044,1873,3377,4259,3715,6122,4949,8886,8458,9775,14468,14692,26383,34195,10076,17913,356639,129023,46348,27443,107589,13806,905,28,14
2021-05-17T23:59:59+02:00,13,5,6855,5978,12759,13101,15599,18617,35358,38870,65488,67012,52690,56341,36285,46669,11376,20311,1974,1812,3189,4078,3495,5894,4626,8515,7680,9075,11211,10678,25472,33046,9993,17744,352910,123811,42078,21358,107509,12503,802,28,14
2021-05-16T23:59:59+02:00,13,5,6792,5894,12634,12947,15426,18448,34869,38400,65303,66844,52634,56281,36275,46644,11371,20306,1916,1715,3086,3955,3415,5792,4520,8371,7499,8889,9019,8083,24991,32365,9959,17687,351439,122674,41574,16013,107473,11994,573,27,14
2021-05-15T23:59:59+02:00,13,5,6787,5885,12628,12941,15422,18444,34864,38397,65301,66842,52634,56280,36275,46644,11371,20306,1915,1714,3083,3949,3410,5789,4515,8368,7497,8886,9017,8081,24990,32365,9959,17687,351397,122643,41574,16013,107471,11991,570,27,14
2021-05-14T23:59:59+02:00,13,5,6590,5788,12385,12879,15190,18352,33890,37607,64765,66434,52538,56193,36258,46611,11369,20301,1799,1626,2972,3879,3353,5681,4465,8221,7451,8758,9010,8076,24989,32365,9959,17686,348031,122589,41542,16009,107010,11126,559,26,13
2021-05-13T23:59:59+02:00,13,5,6340,5601,11975,12625,14623,17902,30362,34820,62289,64357,51908,55519,36121,46392,11357,20253,1756,1588,2915,3802,3321,5589,4422,8117,7369,8639,8972,8018,24969,32324,9954,17682,334041,122342,41319,15985,106580,10606,496,26,13
2021-05-12T23:59:59+02:00,13,5,6323,5577,11903,12562,14515,17794,29727,34244,61783,63905,51736,55346,36085,46347,11350,20240,1756,1585,2914,3802,3316,5589,4420,8116,7367,8633,8965,8015,24969,32322,9954,17681,331050,122320,41308,15975,106575,10605,496,26,13
2021-05-11T23:59:59+02:00,12,5,5998,5443,11460,12285,13968,17411,25464,30755,59400,61899,51075,54665,35896,46101,11329,20177,1714,1469,2811,3540,3194,5213,4281,7672,7213,8308,8881,7933,24940,32282,9951,17670,316108,122081,41255,15786,105586,8827,371,23,12
2021-05-10T23:59:59+02:00,12,5,5871,5370,11296,12170,13749,17243,21995,27996,58153,60783,50713,54313,35804,45978,11314,20146,1676,1373,2726,3310,3092,4882,4171,7182,7091,7870,8840,7873,24928,32261,9949,17666,306193,121937,41094,15637,105294,7002,307,23,12
2021-05-09T23:59:59+02:00,12,5,5794,5338,11208,12107,13649,17162,20394,26814,57688,60399,50611,54215,35778,45937,11307,20141,1659,1351,2669,3185,3041,4741,4126,7062,7034,7773,8828,7860,24921,32255,9948,17666,305627,121881,37523,15592,105092,6345,294,23,12
2021-05-08T23:59:59+02:00,12,5,5791,5335,11196,12103,13639,17153,20386,26808,57679,60393,50608,54207,35774,45934,11305,20138,1658,1351,2669,3183,3041,4741,4123,7059,7033,7772,8827,7860,24920,32253,9948,17666,305536,121866,37522,15592,105091,6345,294,23,12
2021-05-07T23:59:59+02:00,12,5,5751,5300,11131,12053,13532,17075,19930,26450,56680,59584,50478,54076,35744,45904,11302,20124,1554,1307,2589,3138,3000,4713,4089,7035,7010,7740,8820,7852,24918,32252,9948,17665,302368,121833,37506,15585,104946,5916,289,22,12
2021-05-06T23:59:59+02:00,12,5,5496,5187,10617,11744,12825,16622,18632,25462,52419,55926,49282,52696,35413,45503,11250,20021,1329,1175,2352,2966,2830,4547,3937,6836,6858,7589,8745,7773,24897,32216,9945,17658,287224,121562,37320,15446,104389,4478,160,19,12
2021-05-05T23:59:59+02:00,12,5,5236,5088,10124,11509,12070,16171,17300,24481,48049,51783,47612,50776,34976,44934,11175,19901,1283,1080,2290,2839,2747,4367,3843,6597,6750,7390,8632,7680,24836,32142,9939,17642,270042,121086,37094,15401,104001,3517,46,19,12
2021-05-04T23:59:59+02:00,12,5,5153,5003,9806,11297,11617,15781,16325,23613,46176,49750,46544,49468,34604,44446,11109,19792,1271,1061,2261,2798,2706,4281,3791,6490,6678,7314,8590,7640,24816,32126,9938,17637,259669,120868,37070,15340,103720,3160,23,19,12
2021-05-03T23:59:59+02:00,12,5,5050,4916,9457,11129,11154,15518,15262,22748,44602,48129,45663,48513,34384,44108,11081,19703,1256,1035,2229,2767,2664,4217,3743,6436,6603,7260,8021,6951,23076,29799,9800,17400,250645,115058,37061,15258,103694,2919,15,19,12
2021-05-02T23:59:59+02:00,12,5,4988,4897,9343,11093,11010,15457,14650,22259,44082,47719,45522,48347,34337,44047,11075,19692,1252,1030,2212,2764,2651,4209,3715,6423,6583,7246,7832,6707,21107,27392,9753,17312,249437,115038,35429,10256,103640,2877,10,19,12
2021-05-01T23:59:59+02:00,12,5,4988,4895,9338,11089,11007,15454,14646,22255,44080,47715,45521,48347,34337,44047,11075,19692,1251,1030,2212,2764,2651,4209,3714,6423,6581,7246,7832,6706,21107,27392,9753,17312,249407,115034,35429,10256,103638,2876,10,19,12
2021-04-30T23:59:59+02:00,12,5,4941,4873,9271,11074,10952,15429,14571,22229,42596,46300,45186,48015,34300,43995,11070,19682,1042,935,2014,2674,2551,4148,3628,6363,6518,7187,7825,6689,21106,27390,9753,17312,245417,115025,35429,10253,103626,1842,10,19,10
2021-04-29T23:59:59+02:00,12,4,4698,4791,8801,10923,10345,15258,13886,22021,37663,41982,44175,46986,34179,43877,11066,19652,862,857,1841,2595,2465,4082,3520,6292,6444,7137,7803,6670,21101,27384,9753,17312,231679,114985,35326,10149,103285,969,10,19,10
2021-04-28T23:59:59+02:00,12,4,4522,4756,8551,10838,9993,15168,13529,21867,33024,37479,42929,45732,34053,43730,11052,19634,820,827,1803,2549,2432,4006,3484,6183,6394,7046,7784,6651,21089,27371,9748,17305,218464,114900,35308,10101,103075,477,9,17,10
2021-04-27T23:59:59+02:00,11,3,4291,4541,8206,10389,9609,14586,13061,21218,31894,36352,42650,45450,34037,43702,11048,19631,792,813,1769,2525,2414,3988,3466,6164,6359,7019,7773,6643,21084,27366,9745,17299,215739,114842,35298,10070,99616,293,9,17,10
2021-04-26T23:59:59+02:00,11,3,4269,4513,8131,10352,9501,14530,12912,21159,27485,31965,41434,44227,33957,43602,11035,19621,759,802,1739,2506,2384,3967,3442,6143,6307,6973,7726,6594,21054,27335,9745,17292,203859,114639,35289,10026,99534,89,9,16,10
2021-04-25T23:59:59+02:00,11,3,4246,4500,8099,10325,9438,14498,12819,21113,25516,29922,40732,43466,33911,43544,11031,19616,747,794,1727,2492,2366,3952,3416,6121,6275,6944,7704,6574,21037,27314,9744,17288,203191,114613,30176,9784,99399,85,8,16,10
2021-04-24T23:59:59+02:00,11,3,4227,4489,8069,10296,9397,14482,12768,21091,24014,28257,39974,42627,33846,43468,11028,19610,746,793,1724,2490,2365,3949,3416,6117,6275,6941,7702,6572,21036,27314,9744,17288,198127,114593,30176,9783,99330,83,8,16,10
2021-04-23T23:59:59+02:00,10,3,3962,4337,7598,9999,8967,14126,12206,20688,23534,27957,39888,42566,33825,43434,11022,19603,732,783,1707,2477,2345,3933,3393,6095,6253,6922,7688,6554,21031,27303,9744,17287,197780,114578,30161,9585,95762,71,8,14,10
2021-04-22T23:59:59+02:00,10,3,3869,4280,7407,9882,8689,13932,11762,20361,21208,25599,37135,39321,33298,42765,10951,19482,719,774,1679,2447,2287,3876,3321,6023,6144,6826,7609,6468,20978,27259,9741,17272,184758,114457,29972,8885,95202,69,8,14,9
2021-04-21T23:59:59+02:00,10,3,3841,4248,7280,9804,8508,13761,11428,20072,19944,24396,33924,35607,32814,42062,10889,19356,695,756,1645,2419,2243,3851,3288,5990,6102,6786,7581,6441,20960,27235,9738,17268,173003,114349,29798,8572,95124,65,8,14,9
2021-04-20T23:59:59+02:00,10,3,3807,4221,7175,9735,8294,13604,11061,19774,18849,23249,30613,31957,32341,41463,10830,19247,687,746,1630,2407,2210,3829,3245,5945,6061,6743,7541,6395,20935,27211,9732,17265,161370,114191,29776,8316,95065,63,8,14,9
2021-04-19T23:59:59+02:00,10,3,3788,4204,7101,9697,8176,13495,10806,19588,18184,22585,29740,30828,32049,41097,10788,19172,679,741,1608,2393,2186,3799,3210,5912,6027,6712,7496,6362,20904,27183,9730,17261,156531,114058,29759,8072,94999,61,8,14,9
2021-04-18T23:59:59+02:00,10,3,3785,4198,7085,9683,8161,13477,10771,19563,18096,22503,29618,30703,32021,41075,10785,19164,677,737,1593,2381,2169,3784,3185,5886,5998,6689,7474,6349,20885,27161,9727,17258,156039,113999,29692,7882,94949,60,8,13,9
2021-04-17T23:59:59+02:00,10,3,3784,4196,7083,9681,8158,13477,10765,19556,18083,22492,29596,30690,32019,41073,10785,19164,676,737,1592,2380,2168,3783,3182,5885,5996,6687,7474,6349,20885,27161,9727,17258,155960,113986,29691,7882,94943,60,8,13,9
2021-04-16T23:59:59+02:00,10,3,3617,4158,6738,9552,7790,13290,10367,19310,17631,22217,29395,30531,31937,40984,10770,19145,664,719,1580,2365,2141,3768,3128,5848,5953,6637,7381,6260,20473,26596,9697,17197,155210,112662,29683,7676,92531,57,8,13,9
2021-04-15T23:59:59+02:00,10,3,3516,4079,6386,9180,7213,12790,9591,18474,16305,20986,28198,29238,31417,40342,10690,18970,634,696,1528,2327,2059,3681,3020,5728,5625,6399,6884,5875,19741,25684,9601,17029,149465,109310,29390,7137,88512,52,8,13,9
2021-04-14T23:59:59+02:00,9,3,3461,4029,6150,8942,6883,12413,8969,17923,15187,19953,26788,27732,30786,39466,10582,18775,600,670,1482,2289,1984,3603,2878,5605,5315,6163,6341,5363,18727,24398,9516,16856,142660,105051,29191,6681,86180,46,8,12,9
2021-04-13T23:59:59+02:00,9,3,3429,3998,6058,8865,6734,12284,8667,17676,14385,19261,23435,24174,29853,38285,10478,18603,595,661,1469,2267,1956,3570,2782,5534,5099,5980,5980,5024,18429,24054,9477,16790,131026,102960,29180,6651,85971,45,8,12,8
2021-04-12T23:59:59+02:00,9,3,3407,3977,6008,8808,6646,12200,8449,17481,13768,18732,22433,23022,29429,37727,10409,18481,585,653,1459,2259,1933,3549,2726,5483,4951,5875,5663,4743,18136,23752,9439,16730,125946,101375,29161,6505,85862,45,8,12,8
2021-04-11T23:59:59+02:00,9,3,3401,3971,5990,8784,6618,12183,8409,17458,13679,18671,22303,22873,29378,37662,10400,18456,582,648,1446,2249,1920,3541,2709,5467,4913,5838,5603,4685,17963,23518,9418,16701,125404,100712,29094,6433,85730,45,8,12,8
2021-04-10T23:59:59+02:00,9,3,3393,3970,5967,8783,6596,12182,8388,17457,13654,18669,22298,22870,29374,37661,10400,18456,581,646,1440,2242,1915,3538,2703,5459,4897,5828,5591,4668,17800,23265,9404,16677,125382,100199,29003,6400,85726,45,7,12,8
2021-04-09T23:59:59+02:00,8,3,3355,3958,5919,8771,6538,12166,8349,17430,13603,18623,20345,20461,28893,37046,10370,18407,568,633,1414,2220,1888,3515,2661,5423,4826,5766,5476,4564,17223,22532,9366,16606,124692,98432,23891,6202,85645,37,7,10,8
2021-04-08T23:59:59+02:00,8,3,3331,3939,5849,8739,6463,12127,8259,17366,13459,18505,17753,17397,28369,36382,10333,18357,526,603,1326,2138,1794,3418,2481,5237,4330,5401,4673,3956,15446,20308,9180,16305,123825,91456,18030,5631,84768,26,6,10,8
2021-04-07T23:59:59+02:00,6,3,3253,3911,5639,8689,6256,12067,8050,17291,13197,18410,15088,14330,27692,35584,10303,18304,503,575,1273,2083,1700,3338,2329,5096,3918,5069,3957,3391,14592,19445,9068,16124,123618,87146,16495,5284,77945,23,5,10,8
2021-04-06T23:59:59+02:00,5,3,3225,3901,5593,8671,6186,12044,7963,17254,13123,18339,13103,11967,27060,34870,10290,18274,472,553,1204,2028,1615,3257,2167,4977,3545,4791,3431,2982,13751,18446,8994,16008,123489,83511,16293,4684,72074,19,5,10,7
2021-04-05T23:59:59+02:00,5,3,3223,3898,5557,8657,6149,12032,7918,17238,13051,18303,13057,11921,27049,34854,10289,18271,440,523,1152,1991,1563,3216,2099,4923,3457,4715,3374,2930,13608,18276,8985,15990,123465,83020,16085,4197,71911,19,4,10,7
2021-04-04T23:59:59+02:00,5,3,3222,3896,5557,8655,6147,12031,7917,17235,13051,18303,13054,11921,27048,34854,10289,18271,439,522,1151,1991,1563,3216,2098,4923,3457,4715,3374,2930,13607,18276,8985,15990,123454,83015,16085,4197,71906,19,4,10,7
2021-04-03T23:59:59+02:00,5,3,3221,3896,5557,8654,6147,12031,7917,17235,13051,18303,13054,11920,27047,34851,10289,18271,439,521,1151,1991,1562,3216,2098,4922,3451,4712,3368,2919,13520,18140,8976,15974,123449,82738,16085,4197,71904,19,4,10,7
2021-04-02T23:59:59+02:00,5,3,3221,3893,5554,8649,6143,12022,7908,17223,13026,18272,13007,11868,27019,34833,10286,18267,436,514,1149,1987,1550,3207,2088,4900,3421,4679,3337,2890,12591,16895,8911,15866,123283,80282,16082,4116,71820,19,4,10,5
2021-04-01T23:59:59+02:00,5,3,3206,3879,5515,8629,6076,11989,7837,17188,12912,18201,12891,11742,26960,34757,10277,18252,389,470,1052,1920,1451,3120,1938,4788,3223,4546,3107,2691,10569,14309,8801,15691,122965,74715,15959,3328,71382,19,3,10,5
2021-03-31T23:59:59+02:00,5,3,3205,3866,5498,8595,6043,11953,7795,17143,12832,18132,12778,11617,26909,34697,10269,18243,351,448,1016,1878,1380,3080,1834,4685,2967,4352,2695,2375,8002,11081,8626,15453,122657,67213,15920,2988,70993,18,3,10,5
2021-03-30T23:59:59+02:00,5,3,3197,3855,5473,8567,6011,11922,7756,17103,12755,18066,12692,11479,26872,34650,10264,18233,330,429,993,1846,1320,3045,1710,4605,2721,4180,2327,2128,7120,9996,8560,15326,122527,63904,15888,2712,70476,17,2,10,5
2021-03-29T23:59:59+02:00,5,3,3185,3851,5444,8548,5976,11889,7712,17070,12681,17988,12048,10721,25007,32155,10116,17977,324,427,986,1831,1299,3020,1675,4565,2575,4094,2041,1979,6470,9286,8516,15248,116536,61609,15718,2709,70110,15,2,10,5
2021-03-28T23:59:59+02:00,5,3,3155,3835,5397,8510,5927,11847,7631,17015,12571,17919,11784,10418,23021,29690,10061,17878,323,425,983,1830,1291,3016,1671,4563,2563,4086,2016,1959,6448,9273,8514,15243,116476,61481,10535,2707,69644,15,2,10,3
2021-03-27T23:59:59+01:00,5,3,3143,3831,5358,8499,5891,11832,7584,17000,12525,17872,11750,10375,23017,29682,10061,17878,323,425,983,1830,1291,3016,1670,4561,2561,4084,2014,1957,6399,9198,8481,15194,116408,61264,10534,2707,69352,15,2,10,3
2021-03-26T23:59:59+01:00,5,3,3007,3506,4908,7341,5396,10512,6971,14953,11716,15596,11531,10194,22534,28956,10016,17807,322,421,979,1827,1285,3012,1667,4559,2556,4077,2006,1951,6269,9011,8338,15009,114863,60588,10280,2695,59797,5,2,10,3
2021-03-25T23:59:59+01:00,5,3,2881,3238,4748,6574,5170,9361,6647,13232,10991,13793,10674,9389,21819,28117,9943,17652,317,412,973,1817,1270,2993,1647,4524,2519,4028,1940,1892,5979,8583,8065,14562,111962,58825,9593,2691,52670,4,2,10,3
2021-03-24T23:59:59+01:00,5,3,2833,3194,4672,6513,5036,9255,6441,13061,10480,13388,9842,8568,20809,26862,9847,17471,315,407,965,1811,1253,2982,1632,4500,2472,3971,1871,1816,5616,8111,7654,13896,107960,56592,9246,2677,51065,4,0,9,3
2021-03-23T23:59:59+01:00,5,3,2804,3161,4604,6447,4925,9161,6230,12900,10024,12966,9131,7901,20299,26259,9795,17366,303,394,947,1802,1238,2962,1604,4478,2417,3922,1791,1751,5339,7733,7266,13281,105587,54550,8914,2676,49472,3,0,8,3
2021-03-22T23:59:59+01:00,5,3,2787,3123,4544,6409,4849,9093,6091,12763,9663,12692,8527,7335,19881,25822,9735,17272,301,390,935,1796,1223,2947,1591,4464,2390,3896,1765,1730,5202,7558,6824,12469,104111,52807,8655,2671,47820,3,0,8,2
2021-03-21T23:59:59+01:00,5,3,2780,3108,4499,6387,4798,9056,5999,12695,9475,12504,8221,7077,19713,25655,9723,17247,301,390,934,1796,1221,2947,1590,4463,2387,3896,1758,1724,5193,7553,6794,12412,103911,52702,8425,2654,46601,3,0,8,2
2021-03-20T23:59:59+01:00,5,3,2780,3103,4491,6382,4792,9053,5995,12687,9455,12490,8188,7046,19539,25378,9707,17221,301,390,934,1795,1220,2947,1589,4462,2383,3888,1746,1711,5180,7504,6618,12176,103354,52211,8413,2630,46540,3,0,8,2
2021-03-19T23:59:59+01:00,5,3,2745,3080,4417,6338,4683,9003,5855,12630,9189,12302,7883,6821,19055,24786,9675,17162,301,390,933,1794,1220,2944,1586,4461,2377,3883,1730,1702,5144,7461,6216,11560,102052,51089,8171,2610,45401,3,0,8,2
2021-03-18T23:59:59+01:00,5,3,2679,3007,4254,6202,4434,8797,5497,12321,8283,11632,6619,5808,17805,23428,9527,16937,298,386,928,1784,1206,2931,1547,4446,2310,3837,1652,1660,5072,7355,5487,10452,97164,48782,7629,2568,42437,2,0,8,1
2021-03-17T23:59:59+01:00,5,3,2641,2968,4174,6104,4297,8689,5242,12046,7607,11063,5633,4912,16459,21897,9362,16683,294,385,924,1775,1202,2923,1530,4424,2243,3811,1586,1615,5027,7291,4915,9574,91759,47005,7126,2513,40892,2,0,8,1
2021-03-16T23:59:59+01:00,5,3,2621,2940,4111,6037,4205,8593,5066,11890,7157,10674,4872,4294,15608,20920,9260,16515,290,383,921,1770,1199,2916,1522,4414,2221,3792,1556,1598,4990,7248,4413,8769,88131,45567,7090,2434,39542,2,0,8,1
2021-03-15T23:59:59+01:00,5,3,2618,2929,4095,6019,4174,8567,5016,11843,7040,10560,4727,4134,15290,20510,9231,16456,288,379,920,1764,1192,2909,1508,4405,2199,3769,1515,1581,4930,7174,3836,7909,87365,43983,6994,2295,38850,1,0,8,1
2021-03-14T23:59:59+01:00,5,2,2613,2920,4074,6000,4144,8548,4974,11810,6947,10471,4623,4023,15159,20340,9215,16420,286,378,920,1762,1186,2902,1503,4394,2188,3762,1505,1574,4922,7166,3831,7896,87061,43922,6976,2253,38244,1,0,7,1
2021-03-13T23:59:59+01:00,5,2,2609,2912,4069,5988,4136,8542,4966,11801,6927,10457,4601,3997,14843,19903,9195,16384,286,378,920,1762,1186,2902,1503,4394,2188,3762,1505,1574,4922,7165,3831,7896,86177,43921,6953,2253,38200,1,0,7,1
2021-03-12T23:59:59+01:00,5,2,2546,2836,3958,5818,4017,8321,4828,11501,6749,10187,4448,3859,13921,18647,9134,16282,286,377,918,1759,1186,2899,1501,4389,2187,3755,1497,1572,4914,7146,3829,7881,83715,43844,6891,2252,36448,1,0,5,1
2021-03-11T23:59:59+01:00,4,2,2421,2610,3733,5488,3761,7883,4503,10736,6121,9373,3928,3357,12323,16659,9036,16135,286,376,914,1755,1183,2885,1492,4377,2175,3728,1455,1543,4873,7111,3817,7854,79400,43695,6729,2129,31939,1,0,5,1
2021-03-10T23:59:59+01:00,4,2,2298,2477,3581,5255,3567,7560,4236,10249,5567,8805,3358,2913,10056,13943,8891,15908,283,372,910,1746,1176,2874,1487,4361,2151,3712,1425,1535,4842,7096,3808,7846,73106,43625,6558,2000,29001,0,0,5,1
2021-03-09T23:59:59+01:00,4,2,2271,2424,3515,5169,3453,7471,4065,10054,5175,8454,2880,2556,8547,11928,8789,15759,282,371,910,1740,1169,2865,1483,4353,2143,3701,1411,1530,4834,7091,3805,7844,68250,43584,6408,1949,27853,0,0,5,1
2021-03-08T23:59:59+01:00,4,2,2247,2353,3457,5102,3379,7386,3941,9942,4883,8264,2433,2295,6628,9530,8670,15585,282,368,909,1730,1163,2849,1477,4342,2139,3694,1400,1523,4817,7069,3798,7835,62570,43473,6073,1923,27453,0,0,5,1
2021-03-07T23:59:59+01:00,4,2,2184,2297,3360,4994,3283,7297,3844,9855,4748,8169,2382,2244,6606,9509,8670,15577,282,367,908,1730,1163,2849,1476,4342,2139,3694,1400,1523,4817,7069,3798,7835,62442,43471,5392,1923,27186,0,0,5,0
2021-03-06T23:59:59+01:00,4,2,2176,2284,3348,4985,3279,7292,3835,9846,4737,8166,2380,2242,6560,9439,8638,15528,282,367,907,1726,1162,2848,1476,4339,2135,3689,1399,1518,4811,7064,3796,7826,62233,43424,5332,1923,27171,0,0,5,0
2021-03-05T23:59:59+01:00,4,2,2046,2200,3124,4796,3040,6981,3558,9450,4409,7829,2293,2181,6353,9122,8447,15267,282,365,905,1723,1162,2847,1475,4333,2132,3683,1393,1516,4805,7057,3795,7820,61256,43372,4494,1923,25347,0,0,5,0
2021-03-04T23:59:59+01:00,4,2,1792,1980,2714,4362,2582,6341,2992,8546,3724,7015,2078,2021,6062,8756,8173,14813,279,364,904,1715,1160,2830,1474,4317,2123,3671,1382,1514,4793,7043,3788,7809,59618,43248,3221,1920,21113,0,0,5,0
2021-03-03T23:59:59+01:00,4,2,1720,1893,2607,4179,2449,6114,2853,8261,3539,6751,1996,1944,5724,8283,7820,14234,278,360,904,1705,1158,2807,1470,4293,2118,3656,1358,1503,4788,7037,3784,7802,57618,43103,3078,1920,19672,0,0,5,0
2021-03-02T23:59:59+01:00,4,2,1684,1812,2539,4061,2368,5964,2748,8080,3424,6600,1924,1877,5416,7846,7421,13566,276,355,901,1686,1155,2786,1467,4274,2117,3645,1333,1497,4778,7021,3778,7795,55535,42946,2836,1920,18960,0,0,5,0
2021-03-01T23:59:59+01:00,2,2,1674,1785,2500,3953,2320,5849,2711,7978,3371,6522,1884,1857,5277,7681,6950,12702,276,353,897,1680,1153,2774,1465,4261,2115,3630,1328,1492,4775,7019,3777,7789,53678,42866,2824,1920,18511,0,0,5,0
2021-02-28T23:59:59+01:00,2,2,1657,1748,2465,3882,2290,5794,2668,7898,3344,6474,1878,1853,5269,7676,6915,12643,276,353,896,1680,1153,2774,1465,4260,2115,3629,1328,1492,4775,7018,3777,7789,53556,42863,2822,1919,18075,0,0,5,0
2021-02-27T23:59:59+01:00,2,2,1655,1742,2461,3874,2286,5794,2667,7897,3342,6471,1872,1843,5260,7632,6745,12424,276,353,886,1675,1143,2767,1455,4251,2098,3620,1327,1489,4775,7017,3777,7789,53094,42859,2822,1841,18048,0,0,5,0
2021-02-26T23:59:59+01:00,2,1,1465,1586,2336,3631,2208,5389,2575,7392,3255,6013,1857,1818,5235,7599,6486,12035,275,351,879,1668,1135,2747,1449,4230,2088,3607,1320,1480,4767,7005,3773,7777,52351,42781,2801,1772,15726,0,0,5,0
2021-02-25T23:59:59+01:00,2,1,1248,1309,2116,3196,2034,4632,2378,6446,3014,5113,1768,1746,5184,7520,5918,11195,273,343,873,1608,1101,2652,1416,4119,2032,3532,1283,1460,4727,6964,3755,7725,50484,42319,2787,1546,11545,0,0,4,0
2021-02-24T23:59:59+01:00,2,1,1195,1099,2009,2927,1929,4293,2246,6039,2843,4844,1693,1691,5126,7429,5163,10018,271,337,835,1561,1051,2561,1355,4003,1943,3403,1243,1433,4712,6938,3745,7708,48156,42062,2775,1039,9612,0,0,4,0
2021-02-23T23:59:59+01:00,2,1,1180,1049,1975,2863,1903,4195,2220,5954,2810,4783,1685,1676,5091,7380,4533,8996,271,336,808,1533,1003,2509,1302,3925,1837,3328,1191,1408,4689,6913,3734,7674,46385,41864,2749,599,9158,0,0,4,0
2021-02-22T23:59:59+01:00,2,1,1172,1007,1924,2720,1859,4049,2165,5758,2756,4677,1673,1665,5057,7332,3930,8112,269,326,765,1494,949,2426,1214,3818,1697,3233,1102,1351,4648,6843,3708,7571,44778,41407,2729,9,8349,0,0,3,0
2021-02-21T23:59:59+01:00,2,1,1170,993,1893,2658,1833,3952,2138,5654,2736,4614,1665,1659,5054,7323,3930,8108,267,324,761,1488,941,2394,1212,3782,1684,3193,1093,1336,4632,6818,3686,7530,44725,41134,2718,9,7937,0,0,3,0
2021-02-20T23:59:59+01:00,2,1,1170,993,1893,2657,1832,3952,2138,5654,2734,4609,1656,1650,5050,7317,3928,8105,267,324,761,1487,940,2390,1211,3778,1683,3191,1093,1336,4579,6757,3640,7471,44710,40902,2693,8,7935,0,0,3,0
2021-02-19T23:59:59+01:00,2,1,1170,990,1890,2652,1831,3943,2137,5645,2731,4606,1637,1642,5037,7300,3925,8099,266,323,757,1478,932,2366,1204,3736,1656,3138,1066,1298,4389,6504,3463,7180,44630,39750,2674,8,7931,0,0,3,0
2021-02-18T23:59:59+01:00,2,1,1138,907,1851,2533,1792,3805,2084,5439,2670,4432,1621,1626,5021,7266,3920,8073,238,294,712,1354,883,2161,1118,3401,1540,2843,957,1111,3906,5732,3071,6331,44476,35646,2641,8,7061,0,0,3,0
2021-02-17T23:59:59+01:00,2,1,1089,778,1770,2300,1715,3506,1975,5079,2595,4183,1597,1617,5000,7252,3912,8069,233,291,702,1336,874,2139,1106,3366,1521,2822,951,1108,3526,5209,2779,5910,44434,33867,2585,8,5418,0,0,3,0
2021-02-16T23:59:59+01:00,2,1,1048,742,1712,2196,1647,3335,1904,4873,2517,4077,1562,1603,4973,7231,3903,8057,227,285,688,1302,853,2085,1075,3249,1482,2737,928,1085,3174,4663,2440,5421,44381,31691,2423,5,4576,0,0,3,0
2021-02-15T23:59:59+01:00,2,1,1041,723,1693,2120,1628,3235,1885,4764,2503,3999,1534,1589,4944,7214,3871,8001,215,275,673,1267,834,2035,1055,3183,1440,2672,897,1054,2756,4112,2114,4860,44252,29440,2340,4,4152,0,0,3,0
2021-02-14T23:59:59+01:00,2,1,945,689,1615,2086,1567,3216,1841,4742,2468,3986,1527,1586,4935,7202,3868,7996,208,263,664,1249,815,1995,1039,3117,1410,2604,867,1009,2667,3972,2042,4677,44210,28597,2304,3,3757,0,0,1,0
2021-02-13T23:59:59+01:00,2,1,892,665,1585,2063,1552,3208,1825,4735,2460,3985,1526,1585,4935,7202,3867,7995,206,262,662,1249,815,1991,1039,3115,1409,2602,866,1009,2565,3846,1978,4577,44204,28190,2304,3,3574,0,0,1,0
2021-02-12T23:59:59+01:00,2,1,558,517,1235,1946,1380,3105,1685,4653,2353,3915,1507,1576,4926,7191,3861,7989,194,256,649,1223,801,1947,1013,3030,1353,2503,804,935,2342,3535,1836,4275,44091,26696,2304,2,2004,0,0,1,0
2021-02-11T23:59:59+01:00,2,1,392,440,1045,1833,1278,2986,1586,4539,2265,3826,1400,1532,4864,7142,3840,7942,156,192,549,979,665,1501,813,2359,1074,1913,567,686,1744,2662,1355,3088,43739,20304,2106,1,1067,0,0,1,0
2021-02-10T23:59:59+01:00,2,1,279,368,919,1728,1178,2863,1491,4354,2152,3703,1363,1519,4845,7131,3835,7940,134,130,378,618,492,1012,643,1747,906,1579,546,671,1337,2101,1040,2593,43663,15929,2002,0,5,0,0,1,0
2021-02-09T23:59:59+01:00,2,1,279,367,918,1722,1175,2854,1491,4348,2151,3698,1356,1516,4843,7129,3834,7938,131,128,369,588,473,985,622,1718,881,1548,544,668,957,1636,763,2189,43638,14202,1979,0,4,0,0,1,0
2021-02-08T23:59:59+01:00,2,1,279,365,917,1720,1172,2844,1484,4343,2149,3694,1351,1512,4841,7129,3833,7935,126,122,358,577,465,968,611,1685,863,1522,536,663,566,1149,460,1764,43610,12437,1956,0,4,0,0,1,0
2021-02-07T23:59:59+01:00,2,1,279,365,915,1720,1171,2844,1482,4341,2149,3694,1351,1512,4841,7128,3832,7935,122,119,354,571,464,961,608,1673,853,1506,528,659,565,1139,455,1749,43606,12328,1955,0,0,0,0,1,0
2021-02-06T23:59:59+01:00,2,1,279,365,915,1720,1171,2844,1482,4341,2149,3694,1351,1512,4841,7128,3832,7935,119,116,352,567,463,960,608,1671,853,1505,527,658,565,1139,455,1749,43606,12309,1955,0,0,0,0,1,0
2021-02-05T23:59:59+01:00,2,1,279,364,914,1720,1171,2843,1480,4340,2148,3694,1351,1512,4840,7126,3832,7932,118,108,349,563,455,947,604,1661,839,1482,522,648,559,1123,445,1727,43593,12152,1955,0,0,0,0,1,0
2021-02-04T23:59:59+01:00,2,1,276,359,907,1682,1164,2797,1479,4288,2135,3651,1343,1505,4812,7095,3821,7902,89,71,232,390,331,688,475,1271,628,1113,392,515,469,915,388,1485,43264,9453,1954,0,0,0,0,1,0
2021-02-03T23:59:59+01:00,2,1,274,350,902,1657,1160,2762,1468,4238,2126,3615,1335,1489,4790,7066,3809,7876,55,33,80,166,152,342,232,597,303,543,211,279,273,576,226,944,42965,5013,1954,0,0,0,0,1,0
2021-02-02T23:59:59+01:00,2,1,273,348,901,1645,1156,2743,1465,4206,2119,3589,1327,1483,4783,7053,3802,7854,16,10,25,49,60,97,73,164,97,122,45,75,67,127,50,193,42795,1271,1954,0,0,0,0,1,0
2021-02-01T23:59:59+01:00,2,1,273,343,901,1643,1155,2742,1464,4202,2118,3583,1326,1482,4781,7052,3802,7854,14,9,21,43,51,88,60,136,74,103,39,66,57,117,49,180,42769,1108,1954,0,0,0,0,1,0
2021-01-31T23:59:59+01:00,2,1,273,342,901,1639,1154,2738,1464,4197,2118,3580,1325,1482,4781,7051,3802,7854,13,8,20,38,44,80,54,125,64,97,34,55,47,108,46,174,42749,1008,1954,0,0,0,0,1,0
2021-01-30T23:59:59+01:00,2,1,273,342,896,1636,1146,2730,1456,4191,2114,3577,1325,1482,4728,6991,3756,7795,13,8,20,37,44,80,53,124,64,97,34,55,47,108,46,174,42520,1005,1920,0,0,0,0,1,0
2021-01-29T23:59:59+01:00,2,1,272,341,881,1628,1134,2709,1444,4161,2091,3550,1316,1476,4565,6788,3592,7591,11,8,20,37,41,80,52,122,61,96,32,50,46,108,46,174,41733,985,1808,0,0,0,0,1,0
2021-01-28T23:59:59+01:00,2,1,268,328,862,1541,1094,2599,1407,4061,2021,3475,1289,1464,4231,6318,3329,7238,7,4,9,17,22,39,21,56,36,63,20,32,31,70,36,117,39964,581,1563,0,0,0,0,1,0
2021-01-27T23:59:59+01:00,2,1,262,325,820,1486,1047,2505,1343,3964,1947,3368,1250,1437,3820,5752,3012,6779,3,4,9,8,12,21,8,22,14,29,11,14,15,39,14,56,38009,280,1110,0,0,0,0,1,0
2021-01-26T23:59:59+01:00,2,1,256,316,786,1440,982,2420,1282,3837,1830,3261,1192,1386,3476,5198,2664,6269,1,1,5,3,5,7,4,2,3,8,6,5,3,7,3,8,35935,72,662,0,0,0,0,1,0
2021-01-25T23:59:59+01:00,2,1,246,307,734,1379,921,2301,1181,3692,1670,3142,1113,1356,3083,4686,2355,5803,1,1,5,2,3,7,2,2,3,8,6,5,3,7,3,8,33912,67,60,0,0,0,0,0,0
2021-01-24T23:59:59+01:00,2,1,243,307,728,1375,910,2285,1176,3676,1643,3112,1107,1354,3057,4650,2338,5781,1,1,3,2,3,7,2,2,3,8,6,5,3,7,3,8,33738,65,7,0,0,0,0,0,0
2021-01-23T23:59:59+01:00,2,1,242,306,727,1375,910,2281,1175,3674,1640,3110,1106,1354,2952,4523,2272,5680,1,1,3,2,2,7,2,2,3,8,6,5,3,7,3,8,33324,64,6,0,0,0,0,0,0
2021-01-22T23:59:59+01:00,2,1,241,303,725,1359,908,2268,1169,3660,1636,3106,1104,1353,2793,4329,2170,5538,1,1,3,2,2,7,2,2,3,8,6,5,3,7,3,8,32659,64,6,0,0,0,0,0,0
2021-01-21T23:59:59+01:00,2,1,237,274,662,1203,840,2056,1088,3375,1539,2900,1061,1311,2450,3863,1881,5103,1,0,3,1,2,7,2,2,3,8,6,4,3,7,3,8,29840,61,6,0,0,0,0,0,0
2021-01-20T23:59:59+01:00,2,1,213,210,502,851,664,1566,888,2674,1302,2432,966,1177,1921,3117,1472,4339,1,0,3,1,2,7,2,2,3,6,5,4,3,7,3,8,24291,58,6,0,0,0,0,0,0
2021-01-19T23:59:59+01:00,2,1,186,191,455,744,610,1410,801,2374,1128,2125,799,920,1278,2192,1015,3275,0,0,2,1,0,0,0,0,2,1,1,0,0,0,0,0,19503,7,3,0,0,0,0,0,0
2021-01-18T23:59:59+01:00,1,1,138,136,378,619,487,1056,647,1829,937,1635,592,711,636,1272,513,1969,0,0,1,0,0,0,0,0,1,0,0,0,0,0,0,0,13555,2,2,0,0,0,0,0,0
2021-01-17T23:59:59+01:00,1,1,127,122,364,582,472,991,618,1712,878,1536,543,671,589,1175,471,1826,0,0,0,0,0,0,0,0,0,0,0,0,0,0,0,0,12679,0,0,0,0,0,0,0,0
2021-01-16T23:59:59+01:00,1,1,120,118,361,578,470,980,612,1699,872,1529,542,670,588,1170,467,1814,0,0,0,0,0,0,0,0,0,0,0,0,0,0,0,0,12592,0,0,0,0,0,0,0,0
2021-01-15T23:59:59+01:00,1,1,118,111,358,573,462,964,608,1688,857,1505,536,658,581,1154,459,1792,0,0,0,0,0,0,0,0,0,0,0,0,0,0,0,0,12426,0,0,0,0,0,0,0,0
2021-01-14T23:59:59+01:00,1,1,97,89,275,464,391,785,505,1417,700,1215,418,529,501,960,403,1607,0,0,0,0,0,0,0,0,0,0,0,0,0,0,0,0,10358,0,0,0,0,0,0,0,0
2021-01-13T23:59:59+01:00,1,1,67,49,163,282,255,520,353,924,478,781,258,324,311,635,258,1030,0,0,0,0,0,0,0,0,0,0,0,0,0,0,0,0,6690,0,0,0,0,0,0,0,0
2021-01-12T23:59:59+01:00,1,1,31,21,49,101,113,212,151,383,200,334,135,175,162,352,146,566,0,0,0,0,0,0,0,0,0,0,0,0,0,0,0,0,3133,0,0,0,0,0,0,0,0
2021-01-11T23:59:59+01:00,1,0,18,11,33,64,60,110,77,168,92,125,39,65,60,122,50,181,0,0,0,0,0,0,0,0,0,0,0,0,0,0,0,0,1276,0,0,0,0,0,0,0,0
2021-01-10T23:59:59+01:00,1,0,15,7,27,53,53,98,67,153,76,111,33,55,50,112,46,172,0,0,0,0,0,0,0,0,0,0,0,0,0,0,0,0,1129,0,0,0,0,0,0,0,0
2021-01-09T23:59:59+01:00,1,0,14,7,26,51,52,97,64,152,76,109,33,55,50,112,46,172,0,0,0,0,0,0,0,0,0,0,0,0,0,0,0,0,1117,0,0,0,0,0,0,0,0
2021-01-08T23:59:59+01:00,1,0,11,7,24,48,47,92,60,139,70,105,31,50,49,112,46,172,0,0,0,0,0,0,0,0,0,0,0,0,0,0,0,0,1064,0,0,0,0,0,0,0,0
2021-01-07T23:59:59+01:00,1,0,7,4,9,18,21,40,23,56,38,65,19,33,36,75,36,116,0,0,0,0,0,0,0,0,0,0,0,0,0,0,0,0,597,0,0,0,0,0,0,0,0
2021-01-06T23:59:59+01:00,1,0,7,4,9,15,14,30,15,39,25,53,15,25,30,67,34,101,0,0,0,0,0,0,0,0,0,0,0,0,0,0,0,0,484,0,0,0,0,0,0,0,0
2021-01-05T23:59:59+01:00,1,0,7,4,9,15,14,30,15,39,25,53,15,25,29,67,34,101,0,0,0,0,0,0,0,0,0,0,0,0,0,0,0,0,483,0,0,0,0,0,0,0,0
2021-01-04T23:59:59+01:00,1,0,2,4,8,5,4,14,4,7,6,16,6,5,6,16,4,13,0,0,0,0,0,0,0,0,0,0,0,0,0,0,0,0,121,0,0,0,0,0,0,0,0
2021-01-03T23:59:59+01:00,1,0,1,1,3,2,2,7,3,3,3,9,4,4,3,8,3,8,0,0,0,0,0,0,0,0,0,0,0,0,0,0,0,0,65,0,0,0,0,0,0,0,0
2021-01-02T23:59:59+01:00,1,0,1,1,3,2,2,7,3,3,3,9,4,4,3,8,3,8,0,0,0,0,0,0,0,0,0,0,0,0,0,0,0,0,65,0,0,0,0,0,0,0,0
2021-01-01T23:59:59+01:00,1,0,1,1,3,2,2,7,2,3,3,9,4,4,3,8,3,8,0,0,0,0,0,0,0,0,0,0,0,0,0,0,0,0,64,0,0,0,0,0,0,0,0
2020-12-31T23:59:59+01:00,1,0,1,1,3,1,2,7,2,2,3,8,4,4,3,8,3,8,0,0,0,0,0,0,0,0,0,0,0,0,0,0,0,0,61,0,0,0,0,0,0,0,0
2020-12-30T23:59:59+01:00,1,0,1,1,3,1,2,7,2,2,3,6,4,4,3,8,3,8,0,0,0,0,0,0,0,0,0,0,0,0,0,0,0,0,59,0,0,0,0,0,0,0,0
2020-12-29T23:59:59+01:00,1,0,1,1,2,1,2,6,2,2,3,6,2,2,2,8,2,7,0,0,0,0,0,0,0,0,0,0,0,0,0,0,0,0,50,0,0,0,0,0,0,0,0
2020-12-28T23:59:59+01:00,1,0,0,0,2,1,0,2,1,0,1,3,0,1,0,1,1,4,0,0,0,0,0,0,0,0,0,0,0,0,0,0,0,0,18,0,0,0,0,0,0,0,0
2020-12-27T23:59:59+01:00,0,0,0,0,0,0,0,1,1,0,1,2,0,1,0,1,1,4,0,0,0,0,0,0,0,0,0,0,0,0,0,0,0,0,12,0,0,0,0,0,0,0,0
