Datum,<15_m,<15_w,15-24_1_m,15-24_1_w,25-34_1_m,25-34_1_w,35-44_1_m,35-44_1_w,45-54_1_m,45-54_1_w,55-64_1_m,55-64_1_w,65-74_1_m,65-74_1_w,75-84_1_m,75-84_1_w,>84_1_m,>84_1_w,<24_2_m,<24_2_w,25-34_2_m,25-34_2_w,35-44_2_m,35-44_2_w,45-54_2_m,45-54_2_w,55-64_2_m,55-64_2_w,65-74_2_m,65-74_2_w,75-84_2_m,75-84_2_w,>84_2_m,>84_2_w,bp_1,bp_2,mo_1,mo_2,az_1,az_2,ja,unb_1,unb_2
2021-07-29T23:59:59+02:00,3120,2894,36024,34609,50603,43422,55849,52289,68244,66981,83596,82259,58767,62839,38490,49620,11910,21282,23540,22181,39654,33412,45604,42086,60106,58649,76280,75246,55296,59068,36753,47240,11440,20396,611623,510972,78804,72997,109350,101888,22986,35,39
2021-07-28T23:59:59+02:00,3073,2842,35814,34398,50416,43266,55677,52161,68124,66861,83499,82172,58718,62795,38472,49587,11901,21276,22462,21057,38461,32420,44403,41023,59405,58060,75830,74836,55119,58897,36697,47146,11427,20373,610367,502046,78802,72850,109350,101788,22498,35,39
2021-07-27T23:59:59+02:00,3049,2823,35708,34281,50340,43183,55606,52110,68064,66794,83439,82102,58680,62754,38460,49574,11900,21267,21230,19676,37051,31093,43046,39732,58788,57474,75417,74429,54959,58724,36639,47094,11415,20352,609652,491711,78794,72685,109350,101674,22303,35,39
2021-07-26T23:59:59+02:00,3030,2804,35651,34193,50292,43134,55571,52066,68026,66761,83413,82079,58668,62739,38450,49564,11899,21266,20216,18584,35809,29985,41790,38588,58303,57080,75144,74182,54864,58624,36620,47061,11409,20339,609140,483499,78789,72362,109350,101513,22292,35,39
2021-07-25T23:59:59+02:00,3019,2800,35601,34154,50252,43091,55547,52044,68003,66738,83386,82056,58655,62732,38447,49561,11896,21261,19819,18227,35402,29664,41392,38288,58111,56931,74991,74080,54821,58586,36599,47041,11405,20336,608860,480815,78784,72109,109350,101485,22214,35,39
2021-07-24T23:59:59+02:00,3019,2800,35597,34150,50250,43088,55545,52043,68001,66738,83384,82055,58655,62732,38447,49561,11896,21261,19814,18217,35394,29656,41386,38287,58108,56929,74987,74078,54821,58586,36599,47041,11405,20336,608851,480779,78783,72109,109350,101483,22203,35,39
2021-07-23T23:59:59+02:00,2994,2775,35447,34034,50104,42990,55429,51939,67905,66646,83294,82005,58625,62704,38437,49556,11891,21258,19586,18001,35137,29487,41121,38108,57947,56803,74854,74002,54784,58563,36587,47031,11399,20330,608234,479670,78783,71845,109350,101482,21631,35,39
2021-07-22T23:59:59+02:00,2944,2690,35013,33668,49798,42753,55168,51714,67678,66468,83120,81855,58541,62611,38402,49512,11880,21240,18810,17347,34058,28760,40009,37287,57219,56339,74308,73635,54607,58385,36523,46948,11378,20304,606108,474199,78768,70453,109346,101264,20798,35,39
2021-07-21T23:59:59+02:00,2889,2632,34704,33340,49562,42546,54981,51529,67488,66284,82994,81730,58476,62560,38371,49473,11869,21230,17988,16516,32755,27770,38752,36332,56536,55781,73865,73273,54462,58210,36458,46865,11366,20271,604301,468323,78718,68282,109345,101053,20259,35,39
2021-07-20T23:59:59+02:00,2814,2569,34349,32965,49285,42318,54810,51336,67309,66130,82857,81613,58414,62507,38344,49428,11868,21215,16846,15401,31051,26379,37031,34889,55740,55138,73327,72830,54297,58021,36409,46781,11349,20233,602245,459217,78682,66545,109344,100717,19825,35,39
2021-07-19T23:59:59+02:00,2730,2499,33792,32404,48975,42010,54537,51073,67114,65917,82687,81447,58347,62426,38300,49376,11861,21200,16200,14833,30124,25707,36184,34182,55304,54719,73003,72595,54212,57936,36372,46731,11344,20212,599056,455582,78624,64394,109343,100548,19637,35,39
2021-07-18T23:59:59+02:00,2702,2481,33693,32291,48886,41954,54482,51016,67055,65867,82646,81405,58319,62400,38289,49364,11859,21193,15886,14569,29553,25329,35691,33835,55049,54558,72858,72494,54170,57897,36364,46716,11343,20208,598458,454148,78610,62861,109342,100520,19457,35,39
2021-07-17T23:59:59+02:00,2702,2481,33691,32289,48882,41953,54481,51014,67055,65866,82646,81405,58319,62399,38289,49364,11859,21193,15881,14564,29544,25314,35686,33831,55045,54557,72858,72494,54170,57897,36364,46716,11343,20208,598448,454105,78607,62857,109342,100520,19456,35,39
2021-07-16T23:59:59+02:00,2644,2416,33085,31768,48391,41607,54089,50679,66676,65548,82335,81173,58200,62287,38239,49315,11855,21186,15470,14246,29059,24949,35243,33501,54710,54307,72601,72302,54058,57811,36329,46678,11340,20204,596237,452740,78603,62729,109341,100512,17277,35,39
2021-07-15T23:59:59+02:00,2511,2284,32224,30992,47767,41038,53517,50202,66255,65208,82085,80934,58110,62193,38205,49273,11847,21167,14638,13584,27749,24127,33952,32697,54042,53913,72193,72082,53965,57718,36300,46644,11333,20189,591244,448614,78592,60376,109341,99932,16600,35,39
2021-07-14T23:59:59+02:00,2405,2198,31679,30467,47283,40606,53100,49807,65932,64931,81851,80688,58007,62098,38174,49223,11837,21154,13400,12449,25762,22683,32055,31181,53297,53329,71691,71746,53829,57593,36259,46583,11323,20174,587417,439542,78575,58452,109340,99598,16073,35,38
2021-07-13T23:59:59+02:00,2348,2128,31410,30200,47014,40382,52854,49583,65733,64745,81685,80539,57943,62023,38148,49188,11828,21142,12419,11608,24042,21377,30120,29601,52111,52166,70875,70960,53585,57317,36173,46468,11306,20147,585281,432866,78560,55538,109332,96452,15685,35,37
2021-07-12T23:59:59+02:00,2123,1921,30548,29272,46363,39849,52286,49014,65344,64356,81411,80268,57812,61898,38106,49130,11819,21121,11673,10984,22661,20405,28392,28229,51160,51312,70136,70344,53329,57039,36109,46352,11293,20116,579065,424803,78543,52994,109332,96299,15666,35,37
2021-07-11T23:59:59+02:00,2078,1883,30427,29163,46299,39778,52234,48953,65289,64302,81351,80224,57792,61879,38100,49113,11814,21116,11507,10837,22389,20222,28033,27959,50958,51167,69967,70201,53276,56958,36087,46335,11284,20109,578249,422752,78540,52952,109331,96165,15640,35,36
2021-07-10T23:59:59+02:00,2078,1882,30422,29156,46297,39773,52231,48952,65286,64301,81350,80222,57792,61877,38099,49113,11814,21116,11495,10819,22377,20209,28019,27947,50952,51163,69964,70198,53276,56958,36086,46335,11284,20109,578221,422672,78540,52950,109331,96155,15634,35,36
2021-07-09T23:59:59+02:00,2033,1844,30190,28920,46080,39594,52049,48781,65125,64190,81246,80143,57762,61848,38083,49098,11809,21114,11114,10548,21737,19773,27356,27397,50245,50597,69385,69790,53176,56870,36063,46301,11279,20098,577022,421602,78535,52637,109326,92712,14991,35,36
2021-07-08T23:59:59+02:00,1896,1717,29527,28387,45483,39092,51494,48317,64729,63884,80951,79910,57670,61759,38052,49048,11804,21100,9932,9443,19795,18146,24901,25420,49216,49802,68763,69256,52952,56658,35988,46216,11264,20072,572802,411113,78515,50211,109309,92487,14159,35,36
2021-07-07T23:59:59+02:00,1683,1522,28424,27180,44448,38135,50400,47328,64073,63251,80415,79432,57467,61532,37986,48964,11790,21062,9401,8967,18713,17314,23510,24223,48394,49158,68223,68769,52751,56419,35912,46118,11248,20033,563577,404789,78499,48602,109308,92200,13673,35,36
2021-07-06T23:59:59+02:00,1484,1364,27339,26133,43425,37218,49464,46394,63471,62690,79984,79027,57288,61352,37931,48870,11767,21034,8684,8222,17379,16314,21907,22942,47794,48708,67847,68506,52636,56306,35863,46081,11241,20017,555333,397352,78488,48181,109305,91905,13074,35,36
2021-07-05T23:59:59+02:00,1327,1241,26195,24883,42346,36221,48415,45331,62806,62117,79551,78626,57114,61163,37879,48795,11758,21012,8433,7999,16885,16001,21350,22560,47490,48487,67654,68359,52584,56234,35838,46062,11238,20012,546044,394797,78480,47869,109304,91647,12917,35,36
2021-07-04T23:59:59+02:00,1262,1177,25873,24555,42042,35962,48165,45148,62663,61983,79437,78535,57079,61124,37869,48777,11755,21009,8179,7846,16619,15808,21071,22364,47365,48389,67577,68286,52560,56209,35823,46057,11236,20011,543744,393786,78454,47208,109302,91563,12880,35,36
2021-07-03T23:59:59+02:00,1262,1176,25867,24545,42028,35955,48163,45148,62660,61982,79436,78534,57078,61124,37869,48777,11755,21009,8174,7838,16606,15798,21064,22357,47360,48388,67573,68285,52559,56209,35823,46057,11236,20011,543715,393751,78452,47207,109302,91553,12864,35,36
2021-07-02T23:59:59+02:00,1194,1119,25549,24191,41707,35674,47907,44894,62518,61837,79363,78464,57061,61102,37862,48765,11751,21004,7996,7686,16238,15531,20624,22051,46392,47610,67080,67937,52476,56117,35808,46039,11235,20008,541331,391269,78451,47204,109298,89541,12847,35,36
2021-07-01T23:59:59+02:00,1139,1069,25173,23828,41326,35325,47512,44545,62268,61602,79174,78293,56999,61040,37831,48724,11745,20994,7607,7353,15424,14752,19459,21024,44855,46128,65869,66863,52172,55814,35711,45921,11211,19981,538191,385461,78350,46380,109289,85603,12722,35,36
2021-06-30T23:59:59+02:00,1066,1005,24750,23379,40898,34952,47103,44171,62041,61400,79006,78144,56921,60963,37804,48674,11737,20974,7234,6998,14484,13949,18033,19822,41652,43401,64178,65423,51709,55317,35564,45728,11185,19932,534758,373468,78318,45688,109287,82872,12590,35,35
2021-06-29T23:59:59+02:00,974,897,24250,22846,40385,34533,46671,43756,61779,61122,78793,77965,56845,60899,37776,48631,11731,20955,6956,6693,13821,13456,16874,18905,37334,39716,62830,64172,51223,54819,35432,45550,11154,19889,530694,358198,78310,45479,109287,82663,12482,35,35
2021-06-28T23:59:59+02:00,945,864,23911,22453,39928,34152,46251,43387,61542,60867,78604,77810,56774,60831,37747,48602,11729,20940,6646,6373,13161,12956,15862,18069,33691,36672,61708,63141,50869,54425,35338,45402,11130,19851,528946,349531,76622,40792,109287,82512,12447,35,35
2021-06-27T23:59:59+02:00,931,852,23818,22362,39855,34089,46193,43328,61512,60830,78571,77781,56759,60820,37741,48595,11728,20935,6556,6299,12928,12815,15441,17832,32859,36027,61452,62942,50780,54355,35320,45379,11128,19847,528340,346633,76618,40531,109281,82356,12426,35,35
2021-06-26T23:59:59+02:00,930,852,23812,22357,39849,34086,46192,43327,61511,60829,78571,77781,56759,60820,37741,48595,11728,20935,6553,6292,12922,12802,15435,17825,32855,36026,61445,62940,50778,54349,35320,45379,11128,19846,528315,346569,76618,40531,109281,82355,12426,35,35
2021-06-25T23:59:59+02:00,907,826,23697,22244,39764,34000,46109,43256,61467,60782,78523,77760,56748,60806,37738,48592,11727,20933,6455,6179,12812,12670,15297,17664,32137,35370,61057,62618,50700,54265,35312,45358,11125,19845,527523,343565,76618,40519,109278,82339,12425,35,35
2021-06-24T23:59:59+02:00,841,769,23309,21820,39413,33692,45757,42953,61263,60587,78363,77623,56694,60751,37716,48562,11723,20924,6116,5882,12250,12206,14591,16983,28840,32654,58779,60773,50125,53674,35179,45154,11107,19797,524572,329781,76569,40257,109276,81744,12308,35,35
2021-06-23T23:59:59+02:00,736,675,22668,21159,38838,33106,45107,42250,60898,60198,78115,77373,56592,60618,37671,48510,11713,20905,5961,5691,11883,11861,14086,16455,25476,29900,57139,59253,49601,53138,35061,44980,11086,19754,519011,320371,76515,37324,109274,81311,12297,35,35
2021-06-22T23:59:59+02:00,677,611,22245,20720,38437,32690,44675,41787,60626,59914,77912,77136,56497,60510,37634,48438,11700,20883,5770,5555,11562,11600,13663,16082,21146,26376,55069,57556,49004,52537,34884,44765,11066,19710,515234,306045,76388,37270,109269,80839,12166,35,35
2021-06-21T23:59:59+02:00,641,570,21994,20484,38187,32462,44432,41512,60440,59705,77781,76998,56444,60429,37610,48398,11691,20867,5640,5445,11254,11404,13327,15822,19603,25147,54154,56791,46783,50086,34285,44046,11043,19651,513208,300742,76185,37203,109254,74546,11963,35,35
2021-06-20T23:59:59+02:00,612,550,21704,20188,37892,32189,44148,41257,60289,59536,77644,76851,56396,60387,37590,48381,11688,20860,5584,5401,11123,11317,13174,15695,19210,24824,53888,56610,45130,48104,33718,43413,11023,19631,510820,300122,76107,36453,109243,69287,11957,35,34
2021-06-19T23:59:59+02:00,610,550,21699,20176,37877,32185,44145,41253,60283,59533,77642,76848,56393,60386,37590,48380,11688,20860,5578,5392,11119,11314,13165,15689,19203,24816,53874,56598,45121,48094,33717,43413,11023,19631,510761,300039,76102,36450,109243,69275,11957,35,34
2021-06-18T23:59:59+02:00,596,536,21602,20067,37810,32132,44071,41168,60228,59488,77599,76806,56370,60365,37585,48367,11687,20859,5483,5227,10824,10778,12793,15108,18662,23800,53022,55300,44917,47932,33689,43365,11017,19619,510011,298473,76096,36449,109238,64632,11956,35,34
2021-06-17T23:59:59+02:00,510,443,20886,19350,37056,31497,43279,40414,59822,59123,77307,76553,56257,60238,37537,48299,11674,20835,5291,5014,10442,10224,12270,14335,17737,22442,51453,53363,43770,46584,33371,42969,10970,19536,504037,291172,76004,36322,109232,60479,11772,35,34
2021-06-16T23:59:59+02:00,403,366,20087,18395,36064,30564,42266,39445,59283,58642,76917,76242,56116,60086,37481,48212,11664,20812,5103,4860,9936,9905,11536,13840,16192,21147,47592,49827,42018,44582,32908,42400,10907,19410,496680,275064,75462,36124,109217,59299,11651,35,33
2021-06-15T23:59:59+02:00,293,263,19271,17538,35142,29709,41339,38562,58846,58203,76584,75919,55974,59921,37426,48143,11649,20779,4900,4735,9413,9647,10834,13372,14687,19961,43341,45758,40470,42742,32431,41780,10840,19282,489477,257952,75347,36090,109210,58634,11492,35,32
2021-06-14T23:59:59+02:00,189,173,18151,16298,33890,28435,39877,37151,58259,57639,76191,75579,55847,59780,37381,48072,11640,20764,4773,4641,9071,9439,10359,13054,13516,18956,40712,43214,39398,41599,32141,41379,10808,19197,479724,246815,74909,36067,109206,57907,11443,34,32
2021-06-13T23:59:59+02:00,148,134,17647,15893,33408,28030,39386,36768,58046,57456,76044,75477,55820,59741,37359,48050,11637,20755,4687,4592,8926,9366,10196,12986,12911,18502,40243,42820,39163,41377,32081,41294,10802,19183,476644,245853,74607,34643,109199,57293,11315,34,32
2021-06-12T23:59:59+02:00,148,134,17643,15875,33396,28021,39379,36764,58041,57453,76040,75475,55819,59739,37358,48050,11637,20755,4680,4587,8915,9361,10184,12979,12899,18489,40060,42673,39140,41362,32077,41292,10802,19182,476577,245418,74603,34643,109199,57282,11314,34,32
2021-06-11T23:59:59+02:00,146,134,17559,15816,33251,27952,39206,36710,57921,57416,75970,75451,55807,59734,37356,48048,11637,20754,4597,4394,8754,8799,9990,12259,12663,17418,39572,41377,38986,41231,32059,41258,10800,19181,476243,244926,74192,34641,109093,52440,11306,34,32
2021-06-10T23:59:59+02:00,132,114,16713,15097,31831,27036,37962,35797,57239,56957,75562,75181,55717,59643,37317,48004,11626,20736,4342,4200,8196,8305,9310,11503,11930,16358,36734,38345,38186,40433,31893,41076,10784,19151,472354,237895,71218,34509,108812,48071,10246,34,32
2021-06-09T23:59:59+02:00,110,88,15934,14390,30552,26131,36743,34911,56664,56569,75221,74953,55636,59538,37290,47960,11613,20715,4161,4047,7836,8116,8848,11285,11317,15981,31681,33502,36698,38910,31649,40808,10763,19102,467696,224057,68775,34387,108771,46493,9742,34,32
2021-06-08T23:59:59+02:00,83,70,15013,13517,29172,25038,35375,33900,56048,56165,74927,74742,55563,59466,37268,47930,11609,20705,4081,3983,7682,8001,8695,11172,11026,15777,28878,30704,35747,37983,31489,40613,10739,19069,463119,216633,65329,34330,108731,45273,9378,34,32
2021-06-07T23:59:59+02:00,75,57,14381,12928,27801,24229,34223,33121,55573,55910,74685,74639,55527,59429,37252,47920,11609,20701,3989,3911,7488,7876,8395,11040,10660,15533,24566,26341,34290,36455,31267,40346,10711,19041,460001,204903,62301,34266,108700,43692,9024,34,31
2021-06-06T23:59:59+02:00,74,54,14059,12737,27017,23811,33574,32702,55266,55747,74531,74573,55508,59406,37238,47911,11607,20700,3922,3875,7339,7831,8240,10957,10343,15332,21764,23490,33294,35386,31128,40192,10704,19026,458867,202124,60251,29082,108676,42906,8687,34,31
2021-06-05T23:59:59+02:00,74,52,14030,12711,26974,23769,33546,32683,55261,55738,74526,74568,55504,59401,37233,47909,11607,20700,3900,3860,7304,7810,8193,10940,10282,15291,20339,21941,32502,34509,31058,40110,10700,19019,458750,197163,60146,29079,108670,42806,8686,34,31
2021-06-04T23:59:59+02:00,68,48,13801,12449,26664,23455,33210,32372,55201,55657,74487,74548,55495,59396,37232,47907,11607,20699,3869,3832,7226,7731,8136,10862,10202,15170,20232,21823,32429,34455,31026,40073,10697,19016,456854,197083,60084,29067,108638,41919,8686,34,31
2021-06-03T23:59:59+02:00,50,43,13234,11960,25627,22769,32074,31621,54711,55325,74172,74355,55424,59319,37198,47877,11601,20683,3741,3740,6954,7562,7856,10690,9876,14933,18351,19967,30462,32163,30753,39743,10674,18968,452522,188529,58584,29048,108625,40557,8278,34,28
2021-06-02T23:59:59+02:00,37,31,12544,11206,24631,21867,30933,30668,54447,55062,73981,74215,55373,59241,37182,47856,11593,20676,3706,3720,6897,7507,7800,10642,9792,14842,17832,19420,28534,29994,30654,39599,10667,18957,446212,183005,58406,29047,108624,40222,8268,33,28
2021-06-01T23:59:59+02:00,23,16,11415,10318,22497,20430,28396,28775,53036,53999,72978,73436,55072,58924,37062,47686,11559,20617,3478,3548,6400,7201,7197,10223,8940,14242,15897,17618,24770,25764,29975,38722,10591,18804,436719,169093,53934,28910,108587,38382,6966,33,26
2021-05-31T23:59:59+02:00,18,12,10550,9651,20661,19259,26349,27268,51929,53150,72275,72890,54856,58666,36989,47586,11545,20581,3337,3398,6067,6956,6798,9924,8402,13887,14836,16645,23582,24398,29588,38235,10531,18710,429929,163367,49567,28876,108569,36896,6137,33,25
2021-05-30T23:59:59+02:00,16,9,10198,9304,19938,18762,25644,26688,51589,52868,72043,72694,54780,58587,36964,47559,11537,20573,3154,3207,5717,6690,6509,9681,8185,13683,14576,16374,23289,24082,29478,38128,10516,18682,427347,162543,49159,28819,108536,35893,4678,33,25
2021-05-29T23:59:59+02:00,16,9,10182,9292,19920,18735,25626,26662,51577,52864,72038,72684,54778,58582,36963,47559,11536,20573,3152,3199,5714,6686,6504,9679,8177,13675,14566,16370,23278,24074,29474,38123,10515,18681,427190,162474,49159,28817,108536,35880,4678,33,25
2021-05-28T23:59:59+02:00,16,9,10117,9196,19784,18566,25364,26433,51418,52688,71892,72554,54741,58532,36950,47539,11533,20560,3106,3123,5622,6548,6404,9481,8066,13405,14374,16094,23126,23920,29421,38060,10508,18672,425542,162090,49122,28816,108519,34329,4677,32,25
2021-05-27T23:59:59+02:00,16,9,8853,7994,17377,16750,22581,24283,50328,51875,71226,72064,54544,58315,36859,47445,11520,20532,2809,2789,4780,5926,5511,8701,7277,12421,13253,14904,22144,22889,29039,37610,10453,18585,413615,158288,48168,28553,108384,29860,2372,32,25
2021-05-26T23:59:59+02:00,15,9,8450,7577,16500,15946,21391,23272,49723,51329,70813,71680,54393,58152,36793,47371,11509,20502,2622,2616,4414,5595,5035,8194,6800,11773,12286,13927,21249,21859,28728,37167,10407,18500,408019,154450,47437,28466,108314,26615,1624,31,24
2021-05-25T23:59:59+02:00,15,9,7875,6977,15257,15062,19941,22099,49244,50930,70567,71497,54325,58070,36771,47346,11505,20493,2547,2513,4223,5465,4790,7967,6525,11464,11732,13398,19120,19712,28360,36636,10372,18451,401255,148828,47196,28453,108270,24746,1231,31,24
2021-05-24T23:59:59+02:00,15,9,7789,6876,15033,14935,19655,21920,49143,50811,70524,71458,54324,58065,36770,47345,11503,20490,2503,2451,4139,5300,4695,7722,6401,11180,11592,13158,19006,19600,28309,36589,10365,18440,400115,148678,47118,28411,108185,23129,1216,31,23
2021-05-23T23:59:59+02:00,14,9,7773,6863,14997,14919,19601,21892,49134,50809,70520,71452,54323,58063,36770,47344,11503,20490,2501,2447,4132,5295,4686,7718,6397,11167,11571,13136,18867,19405,28278,36550,10363,18438,399932,148197,47118,28409,108185,23120,1210,31,22
2021-05-22T23:59:59+02:00,14,9,7770,6855,14987,14907,19591,21885,49134,50807,70517,71452,54323,58062,36770,47344,11503,20490,2499,2440,4125,5289,4684,7718,6394,11164,11562,13133,18855,19399,28277,36550,10363,18438,399878,148161,47118,28409,108185,23096,1208,31,22
2021-05-21T23:59:59+02:00,14,8,7696,6758,14857,14773,19386,21725,48893,50573,70375,71346,54296,58036,36763,47337,11498,20484,2428,2355,4039,5148,4581,7504,6271,10867,11393,12844,18789,19335,28261,36520,10360,18436,398308,147911,47115,28409,108160,21590,1205,30,22
2021-05-20T23:59:59+02:00,14,8,7422,6464,14273,14249,18447,20852,46210,48222,69224,70375,53944,57675,36655,47197,11467,20455,2166,2192,3677,4783,4139,6954,5717,10036,10307,11749,17517,18057,27756,35921,10287,18289,387333,142681,46953,28120,107854,17742,988,25,22
2021-05-19T23:59:59+02:00,13,7,7183,6240,13610,13766,17177,19852,42231,44734,67737,69072,53489,57153,36493,46973,11431,20403,2090,1993,3513,4443,3892,6431,5275,9355,9319,10638,16043,16412,27063,35009,10162,18080,372562,135535,46383,27977,107625,15231,969,25,12
2021-05-18T23:59:59+02:00,13,5,6984,6063,13067,13336,16080,18994,37514,40717,66286,67752,52934,56613,36346,46751,11389,20346,2043,1864,3375,4253,3707,6117,4943,8875,8455,9767,14465,14680,26355,34159,10072,17908,356470,128919,46323,27414,107468,13795,904,25,12
2021-05-17T23:59:59+02:00,13,5,6849,5967,12744,13087,15585,18604,35333,38849,65448,66970,52663,56300,36267,46643,11375,20309,1974,1804,3187,4073,3488,5890,4621,8505,7678,9067,11211,10668,25444,33012,9989,17739,352742,123713,42054,21335,107389,12495,801,25,12
2021-05-16T23:59:59+02:00,13,5,6786,5884,12619,12933,15412,18435,34844,38379,65263,66802,52608,56240,36257,46618,11370,20304,1917,1707,3084,3950,3408,5788,4515,8361,7497,8881,9021,8075,24963,32331,9955,17682,351271,122578,41550,15993,107354,11986,572,25,12
2021-05-15T23:59:59+02:00,13,5,6781,5875,12613,12927,15408,18431,34839,38376,65261,66800,52608,56239,36257,46618,11370,20304,1916,1706,3081,3944,3403,5785,4510,8358,7495,8878,9019,8073,24962,32331,9955,17682,351229,122547,41550,15993,107352,11983,569,25,12
2021-05-14T23:59:59+02:00,13,5,6584,5778,12370,12865,15176,18339,33865,37588,64725,66392,52512,56152,36240,46585,11368,20299,1800,1618,2970,3874,3346,5677,4460,8212,7449,8750,9012,8068,24961,32331,9955,17681,347866,122493,41518,15989,106891,11118,558,23,12
2021-05-13T23:59:59+02:00,13,5,6334,5591,11961,12611,14609,17890,30338,34801,62250,64317,51882,55478,36103,46366,11356,20251,1757,1580,2913,3797,3314,5585,4417,8108,7367,8631,8975,8010,24941,32290,9950,17677,333882,122247,41295,15965,106461,10598,495,23,12
2021-05-12T23:59:59+02:00,13,5,6318,5568,11889,12548,14501,17783,29703,34225,61744,63865,51710,55305,36067,46321,11349,20238,1757,1577,2912,3797,3309,5585,4415,8107,7365,8625,8968,8007,24941,32288,9950,17676,330893,122225,41285,15955,106456,10597,495,23,12
2021-05-11T23:59:59+02:00,12,5,5994,5434,11447,12271,13956,17400,25443,30739,59364,61860,51050,54625,35878,46075,11328,20175,1715,1461,2809,3536,3188,5209,4276,7662,7211,8300,8884,7926,24912,32248,9947,17665,315964,121987,41232,15766,105469,8819,371,20,11
2021-05-10T23:59:59+02:00,12,5,5867,5361,11284,12156,13737,17232,21977,27981,58119,60744,50688,54275,35786,45952,11313,20144,1677,1366,2725,3307,3086,4878,4167,7172,7089,7862,8843,7866,24900,32227,9945,17661,306058,121844,41071,15617,105177,6997,307,20,11
2021-05-09T23:59:59+02:00,12,5,5790,5329,11198,12094,13637,17151,20377,26800,57654,60360,50586,54177,35760,45911,11306,20139,1660,1346,2668,3182,3035,4737,4122,7052,7030,7764,8831,7852,24893,32221,9944,17661,305492,121786,37503,15572,104977,6340,294,20,11
2021-05-08T23:59:59+02:00,12,5,5786,5326,11186,12090,13627,17142,20369,26794,57645,60354,50583,54169,35756,45908,11304,20136,1659,1346,2668,3180,3035,4737,4119,7049,7029,7763,8830,7852,24892,32219,9944,17661,305400,121771,37502,15572,104976,6340,294,20,11
2021-05-07T23:59:59+02:00,12,5,5746,5291,11121,12040,13521,17064,19913,26437,56647,59545,50453,54038,35727,45878,11301,20122,1555,1302,2588,3136,2995,4709,4085,7025,7006,7731,8823,7844,24890,32218,9944,17660,302234,121738,37486,15565,104832,5913,289,20,11
2021-05-06T23:59:59+02:00,12,5,5492,5179,10608,11731,12816,16611,18619,25450,52389,55892,49257,52659,35396,45478,11249,20019,1330,1170,2352,2963,2825,4544,3933,6826,6854,7579,8748,7766,24869,32182,9941,17653,287104,121466,37300,15427,104280,4476,160,18,11
2021-05-05T23:59:59+02:00,12,5,5232,5080,10115,11496,12061,16161,17287,24470,48020,51750,47587,50740,34959,44909,11174,19899,1284,1075,2290,2836,2742,4364,3839,6588,6746,7380,8635,7673,24808,32108,9935,17637,269927,120991,37074,15382,103892,3515,46,18,11
2021-05-04T23:59:59+02:00,12,5,5149,4995,9798,11284,11608,15771,16312,23602,46148,49719,46520,49432,34586,44421,11108,19790,1272,1056,2261,2795,2701,4278,3787,6481,6673,7304,8593,7634,24788,32092,9934,17632,259558,120773,37050,15321,103611,3158,23,18,11
2021-05-03T23:59:59+02:00,12,5,5046,4908,9450,11116,11145,15508,15249,22738,44574,48099,45639,48479,34366,44082,11080,19701,1257,1031,2229,2764,2659,4214,3739,6427,6599,7250,8024,6946,23055,29772,9796,17395,250537,114980,37042,15239,103585,2917,15,18,11
2021-05-02T23:59:59+02:00,12,5,4984,4889,9335,11080,11001,15447,14637,22249,44055,47689,45498,48313,34319,44020,11074,19690,1253,1026,2212,2761,2646,4206,3711,6414,6579,7236,7835,6703,21090,27370,9750,17307,249329,114960,35410,10247,103530,2876,10,18,11
2021-05-01T23:59:59+02:00,12,5,4984,4887,9330,11076,10998,15445,14633,22245,44053,47685,45497,48313,34319,44020,11074,19690,1252,1026,2212,2761,2646,4206,3710,6414,6577,7236,7835,6702,21090,27370,9750,17307,249299,114956,35410,10247,103529,2875,10,18,11
2021-04-30T23:59:59+02:00,12,5,4937,4865,9263,11061,10943,15420,14558,22219,42569,46272,45162,47981,34282,43968,11069,19680,1043,931,2014,2671,2546,4145,3624,6354,6515,7178,7828,6685,21089,27368,9750,17307,245311,114947,35410,10245,103517,1842,10,18,9
2021-04-29T23:59:59+02:00,12,4,4694,4783,8793,10910,10337,15249,13873,22011,37641,41958,44152,46953,34161,43850,11065,19650,863,854,1841,2592,2460,4079,3515,6284,6443,7129,7806,6666,21084,27362,9750,17307,231584,114907,35307,10143,103177,971,10,18,9
2021-04-28T23:59:59+02:00,12,4,4519,4748,8543,10825,9985,15159,13518,21857,33003,37457,42906,45699,34035,43703,11051,19632,821,824,1804,2546,2427,4003,3479,6175,6393,7037,7787,6647,21072,27349,9745,17300,218375,114822,35289,10095,102967,479,9,16,9
2021-04-27T23:59:59+02:00,11,3,4288,4533,8200,10376,9601,14579,13050,21209,31875,36330,42627,45417,34019,43675,11047,19629,793,810,1770,2522,2409,3985,3461,6156,6358,7010,7775,6638,21067,27344,9742,17294,215651,114762,35279,10064,99514,295,9,16,9
2021-04-26T23:59:59+02:00,11,3,4267,4505,8125,10339,9493,14523,12902,21150,27466,31944,41411,44194,33939,43575,11034,19619,760,799,1740,2503,2379,3964,3437,6135,6306,6964,7728,6589,21037,27314,9742,17287,203773,114560,35270,10020,99433,91,9,15,9
2021-04-25T23:59:59+02:00,11,3,4244,4492,8093,10312,9430,14491,12809,21104,25499,29902,40709,43433,33893,43517,11030,19614,748,791,1728,2489,2361,3949,3411,6114,6273,6935,7706,6569,21020,27293,9741,17283,203106,114534,30159,9778,99298,87,8,15,9
2021-04-24T23:59:59+02:00,11,3,4225,4481,8063,10283,9389,14475,12758,21082,23997,28237,39952,42594,33828,43441,11027,19608,747,790,1725,2487,2360,3946,3411,6110,6273,6932,7704,6567,21019,27293,9741,17283,198043,114514,30159,9777,99229,85,8,15,9
2021-04-23T23:59:59+02:00,10,3,3960,4329,7593,9986,8959,14119,12196,20679,23519,27937,39866,42533,33807,43407,11021,19601,733,780,1708,2474,2340,3930,3388,6088,6251,6913,7690,6549,21014,27282,9741,17282,197695,114499,30144,9579,95664,73,8,14,9
2021-04-22T23:59:59+02:00,10,3,3867,4272,7403,9869,8681,13925,11753,20352,21193,25580,37113,39291,33280,42738,10950,19482,720,771,1680,2444,2282,3873,3315,6016,6141,6817,7611,6463,20961,27238,9738,17267,184681,114378,29955,8877,95104,71,8,14,8
2021-04-21T23:59:59+02:00,10,3,3839,4240,7276,9791,8500,13754,11419,20063,19932,24377,33903,35578,32796,42035,10888,19356,696,753,1646,2416,2238,3849,3282,5983,6099,6778,7583,6436,20943,27214,9735,17263,172930,114272,29782,8564,95026,67,8,14,8
2021-04-20T23:59:59+02:00,10,3,3805,4214,7171,9722,8286,13598,11052,19765,18838,23230,30593,31931,32323,41436,10829,19247,688,743,1631,2404,2205,3827,3239,5938,6058,6735,7543,6390,20918,27190,9729,17260,161302,114114,29760,8308,94969,65,8,14,8
2021-04-19T23:59:59+02:00,10,3,3786,4197,7097,9684,8168,13489,10797,19579,18173,22567,29720,30803,32031,41070,10787,19172,680,738,1609,2390,2181,3797,3204,5905,6024,6704,7498,6357,20887,27162,9727,17256,156465,113981,29743,8064,94903,63,8,14,8
2021-04-18T23:59:59+02:00,10,3,3783,4191,7081,9670,8153,13470,10762,19555,18085,22485,29598,30678,32003,41048,10784,19164,678,734,1594,2378,2164,3782,3180,5879,5995,6681,7476,6344,20868,27140,9724,17253,155973,113922,29675,7875,94853,62,8,14,8
2021-04-17T23:59:59+02:00,10,3,3782,4189,7079,9668,8150,13470,10756,19548,18072,22474,29576,30665,32001,41046,10784,19164,677,734,1593,2377,2163,3781,3177,5878,5993,6679,7476,6344,20868,27140,9724,17253,155894,113909,29674,7875,94847,62,8,14,8
2021-04-16T23:59:59+02:00,10,3,3615,4151,6734,9539,7784,13283,10358,19302,17622,22200,29375,30506,31919,40957,10769,19145,665,716,1581,2362,2136,3766,3123,5841,5950,6629,7383,6255,20456,26575,9694,17192,155144,112585,29666,7669,92440,59,8,14,8
2021-04-15T23:59:59+02:00,10,3,3514,4072,6382,9168,7207,12783,9582,18466,16296,20969,28178,29214,31399,40316,10689,18970,635,693,1529,2323,2054,3679,3015,5721,5622,6392,6887,5870,19727,25666,9598,17024,149401,109240,29373,7130,88422,54,8,14,8
2021-04-14T23:59:59+02:00,9,3,3459,4022,6146,8930,6877,12406,8960,17915,15180,19939,26768,27710,30767,39440,10581,18775,600,667,1483,2285,1980,3601,2873,5598,5311,6156,6341,5357,18714,24381,9513,16851,142598,104977,29174,6675,86094,48,8,13,8
2021-04-13T23:59:59+02:00,9,3,3427,3991,6054,8853,6728,12277,8658,17669,14378,19247,23416,24156,29835,38259,10477,18603,595,658,1470,2263,1953,3568,2777,5527,5095,5973,5980,5021,18416,24037,9474,16785,130971,102889,29163,6645,85885,47,8,13,8
2021-04-12T23:59:59+02:00,9,3,3405,3970,6004,8796,6640,12193,8441,17474,13761,18718,22414,23004,29411,37701,10408,18481,585,650,1460,2255,1930,3547,2721,5476,4947,5869,5664,4740,18123,23735,9436,16725,125891,101306,29144,6499,85777,47,8,13,8
2021-04-11T23:59:59+02:00,9,3,3399,3964,5986,8772,6612,12176,8401,17451,13672,18657,22284,22856,29360,37636,10399,18456,582,645,1447,2245,1917,3539,2704,5460,4910,5832,5605,4682,17950,23501,9415,16696,125350,100645,29077,6427,85645,47,8,13,8
2021-04-10T23:59:59+02:00,9,3,3391,3963,5963,8771,6590,12175,8380,17450,13647,18655,22279,22853,29356,37635,10399,18456,581,643,1441,2239,1912,3536,2698,5452,4894,5822,5593,4665,17789,23248,9401,16672,125328,100135,28986,6394,85641,47,7,13,8
2021-04-09T23:59:59+02:00,8,3,3353,3951,5915,8759,6532,12159,8341,17423,13596,18609,20326,20445,28875,37020,10369,18407,568,630,1416,2217,1885,3513,2656,5416,4823,5760,5478,4561,17212,22516,9363,16601,124639,98370,23874,6196,85560,39,7,11,8
2021-04-08T23:59:59+02:00,8,3,3329,3932,5845,8727,6457,12120,8251,17359,13452,18491,17738,17384,28351,36356,10332,18357,526,600,1328,2136,1791,3416,2476,5231,4327,5395,4675,3954,15436,20295,9178,16300,123773,91402,18019,5625,84683,28,6,11,8
2021-04-07T23:59:59+02:00,6,3,3251,3904,5635,8677,6250,12061,8043,17284,13190,18396,15076,14319,27673,35559,10302,18304,503,572,1275,2081,1697,3336,2324,5091,3916,5063,3959,3390,14585,19433,9066,16119,123565,87099,16484,5279,77868,24,5,11,8
2021-04-06T23:59:59+02:00,5,3,3223,3894,5590,8659,6180,12038,7956,17247,13116,18325,13093,11956,27041,34846,10289,18274,472,550,1206,2026,1612,3255,2162,4973,3543,4786,3433,2982,13745,18435,8992,16003,123437,83469,16282,4679,72000,20,5,11,7
2021-04-05T23:59:59+02:00,5,3,3221,3891,5554,8646,6143,12026,7911,17231,13044,18289,13047,11910,27030,34830,10288,18271,440,520,1154,1989,1560,3214,2094,4919,3455,4710,3376,2930,13602,18265,8983,15985,123414,82978,16074,4192,71837,20,4,11,7
2021-04-04T23:59:59+02:00,5,3,3220,3889,5554,8644,6141,12025,7910,17228,13044,18289,13044,11910,27029,34830,10288,18271,439,519,1153,1989,1560,3214,2094,4919,3455,4710,3376,2930,13601,18265,8983,15985,123403,82974,16074,4192,71832,20,4,11,7
2021-04-03T23:59:59+02:00,5,3,3219,3889,5554,8643,6141,12025,7910,17228,13044,18289,13044,11909,27028,34827,10288,18271,439,518,1153,1989,1559,3214,2094,4918,3449,4707,3370,2919,13514,18129,8974,15969,123398,82697,16074,4192,71830,20,4,11,7
2021-04-02T23:59:59+02:00,5,3,3219,3886,5551,8638,6137,12016,7901,17216,13019,18258,12997,11857,27000,34809,10285,18267,436,511,1151,1985,1547,3205,2084,4896,3419,4674,3339,2890,12585,16884,8909,15861,123232,80241,16071,4111,71746,20,4,11,5
2021-04-01T23:59:59+02:00,5,3,3204,3872,5512,8618,6070,11983,7830,17181,12905,18187,12881,11731,26941,34733,10276,18252,389,468,1054,1918,1448,3118,1935,4784,3221,4541,3109,2691,10567,14299,8799,15686,122914,74681,15948,3323,71308,20,3,11,5
2021-03-31T23:59:59+02:00,5,3,3203,3858,5495,8584,6038,11947,7788,17136,12825,18118,12768,11606,26890,34673,10268,18243,351,447,1018,1876,1377,3078,1831,4681,2966,4347,2698,2375,8000,11073,8624,15448,122605,67184,15909,2983,70920,19,3,11,5
2021-03-30T23:59:59+02:00,5,3,3195,3848,5470,8556,6006,11916,7749,17096,12748,18052,12682,11468,26853,34626,10263,18233,330,428,995,1844,1317,3043,1707,4601,2719,4175,2326,2127,7115,9987,8558,15322,122475,63865,15878,2708,70403,18,2,11,5
2021-03-29T23:59:59+02:00,5,3,3183,3844,5441,8537,5971,11883,7705,17063,12675,17974,12038,10711,24992,32134,10115,17977,324,426,988,1829,1296,3018,1672,4561,2573,4089,2040,1978,6465,9277,8514,15244,116493,61570,15708,2705,70037,16,2,11,5
2021-03-28T23:59:59+02:00,5,3,3153,3828,5394,8499,5922,11841,7624,17008,12565,17905,11775,10409,23007,29673,10060,17878,323,424,985,1828,1288,3014,1668,4559,2561,4081,2015,1958,6443,9263,8512,15239,116433,61442,10530,2702,69573,16,2,11,3
2021-03-27T23:59:59+01:00,5,3,3141,3824,5355,8488,5886,11826,7577,16993,12519,17858,11741,10366,23003,29665,10060,17878,323,424,985,1828,1288,3014,1667,4557,2559,4079,2013,1956,6394,9188,8479,15190,116365,61225,10529,2702,69281,16,2,11,3
2021-03-26T23:59:59+01:00,5,3,3005,3499,4906,7330,5390,10506,6965,14946,11710,15584,11522,10185,22520,28940,10015,17807,322,420,980,1825,1283,3010,1664,4555,2554,4072,2005,1950,6264,9001,8336,15005,114820,60550,10275,2690,59730,5,2,11,3
2021-03-25T23:59:59+01:00,5,3,2879,3230,4746,6564,5164,9356,6641,13226,10986,13784,10665,9383,21806,28102,9942,17652,317,411,974,1815,1268,2991,1644,4520,2517,4023,1939,1891,5974,8573,8063,14559,111921,58788,9588,2686,52612,4,2,11,3
2021-03-24T23:59:59+01:00,5,3,2831,3186,4670,6503,5030,9250,6435,13056,10475,13379,9833,8562,20797,26847,9846,17471,315,406,966,1809,1251,2980,1629,4496,2471,3966,1871,1815,5611,8101,7652,13893,107920,56557,9241,2672,51008,4,0,10,3
2021-03-23T23:59:59+01:00,5,3,2802,3153,4602,6437,4920,9156,6224,12895,10019,12957,9123,7896,20288,26244,9794,17366,303,393,948,1800,1236,2960,1601,4474,2416,3917,1791,1750,5335,7723,7264,13278,105549,54516,8909,2671,49417,3,0,9,3
2021-03-22T23:59:59+01:00,5,3,2786,3116,4542,6399,4844,9088,6085,12758,9658,12684,8519,7331,19872,25807,9734,17272,301,389,936,1794,1221,2945,1588,4460,2389,3891,1765,1729,5198,7548,6822,12467,104074,52774,8650,2666,47770,3,0,9,2
2021-03-21T23:59:59+01:00,5,3,2779,3101,4497,6377,4793,9052,5994,12690,9470,12496,8215,7073,19704,25640,9722,17247,301,389,935,1794,1219,2945,1587,4459,2386,3891,1758,1723,5189,7543,6792,12410,103874,52669,8421,2649,46554,3,0,9,2
2021-03-20T23:59:59+01:00,5,3,2779,3096,4489,6372,4787,9049,5990,12682,9450,12482,8182,7042,19530,25363,9706,17221,301,389,935,1793,1218,2945,1586,4458,2382,3883,1746,1710,5176,7494,6616,12174,103317,52178,8409,2625,46493,3,0,9,2
2021-03-19T23:59:59+01:00,5,3,2744,3073,4415,6329,4678,8999,5850,12625,9184,12294,7877,6817,19046,24772,9674,17162,301,389,934,1792,1218,2942,1583,4457,2376,3878,1730,1702,5140,7451,6214,11558,102017,51057,8167,2605,45354,3,0,9,2
2021-03-18T23:59:59+01:00,5,3,2678,3000,4253,6193,4429,8793,5492,12316,8279,11625,6615,5805,17796,23415,9526,16937,298,385,929,1782,1204,2929,1545,4442,2309,3832,1652,1660,5068,7345,5485,10450,97133,48751,7625,2563,42393,2,0,9,1
2021-03-17T23:59:59+01:00,5,3,2640,2961,4173,6096,4292,8685,5237,12041,7603,11057,5629,4910,16451,21884,9361,16683,294,384,925,1773,1200,2921,1528,4420,2242,3806,1586,1615,5023,7281,4913,9572,91732,46974,7122,2508,40848,2,0,9,1
2021-03-16T23:59:59+01:00,5,3,2620,2933,4110,6029,4200,8589,5062,11885,7153,10668,4868,4293,15600,20908,9259,16514,290,382,922,1768,1197,2914,1520,4410,2220,3787,1556,1598,4986,7238,4411,8767,88106,45536,7086,2429,39498,2,0,9,1
2021-03-15T23:59:59+01:00,5,3,2617,2922,4094,6011,4169,8563,5012,11838,7036,10554,4723,4133,15282,20498,9230,16455,288,379,921,1762,1190,2907,1506,4401,2198,3764,1515,1581,4926,7164,3834,7908,87340,43954,6990,2290,38806,1,0,9,1
2021-03-14T23:59:59+01:00,5,2,2612,2913,4073,5992,4139,8544,4969,11805,6943,10465,4619,4022,15152,20329,9214,16419,286,378,921,1760,1184,2900,1501,4390,2187,3757,1505,1574,4918,7156,3829,7895,87036,43893,6972,2248,38201,1,0,8,1
2021-03-13T23:59:59+01:00,5,2,2608,2905,4069,5980,4131,8538,4961,11796,6923,10451,4597,3996,14836,19892,9194,16383,286,378,921,1760,1184,2900,1501,4390,2187,3757,1505,1574,4918,7155,3829,7895,86152,43892,6949,2248,38158,1,0,8,1
2021-03-12T23:59:59+01:00,5,2,2545,2829,3958,5810,4012,8317,4823,11497,6745,10181,4444,3858,13914,18638,9133,16281,286,377,919,1757,1184,2897,1499,4385,2186,3750,1497,1572,4910,7136,3827,7880,83693,43815,6887,2247,36406,1,0,6,1
2021-03-11T23:59:59+01:00,4,2,2420,2603,3734,5481,3756,7879,4498,10732,6117,9367,3924,3357,12320,16651,9035,16134,286,376,915,1754,1181,2883,1490,4373,2174,3722,1455,1543,4869,7101,3815,7853,79383,43666,6725,2124,31901,1,0,5,1
2021-03-10T23:59:59+01:00,4,2,2297,2470,3581,5248,3562,7556,4232,10245,5564,8799,3355,2914,10053,13935,8890,15907,283,372,911,1745,1174,2872,1485,4357,2150,3706,1426,1535,4838,7086,3806,7845,73088,43597,6555,1995,28966,0,0,5,1
2021-03-09T23:59:59+01:00,4,2,2270,2417,3515,5162,3449,7467,4061,10050,5171,8448,2878,2556,8545,11922,8788,15758,282,371,911,1739,1167,2863,1481,4349,2142,3695,1412,1530,4830,7081,3803,7843,68233,43556,6405,1944,27820,0,0,5,1
2021-03-08T23:59:59+01:00,4,2,2246,2347,3457,5096,3375,7382,3937,9938,4879,8258,2431,2295,6626,9524,8669,15584,282,368,910,1729,1161,2847,1475,4338,2138,3688,1401,1523,4813,7059,3796,7834,62554,43445,6070,1918,27421,0,0,5,1
2021-03-07T23:59:59+01:00,4,2,2183,2291,3360,4988,3279,7293,3840,9851,4744,8163,2380,2244,6604,9503,8669,15576,282,367,909,1729,1161,2847,1474,4338,2138,3688,1401,1523,4813,7059,3796,7834,62426,43443,5389,1918,27154,0,0,5,0
2021-03-06T23:59:59+01:00,4,2,2175,2278,3348,4979,3275,7288,3831,9842,4733,8160,2378,2242,6558,9433,8637,15527,282,367,908,1725,1160,2846,1474,4335,2134,3683,1400,1518,4807,7054,3794,7825,62217,43396,5329,1918,27139,0,0,5,0
2021-03-05T23:59:59+01:00,4,2,2045,2194,3124,4790,3037,6977,3554,9446,4405,7823,2291,2181,6351,9116,8446,15266,282,365,906,1722,1160,2845,1473,4329,2131,3677,1394,1516,4801,7047,3793,7819,61241,43344,4491,1918,25315,0,0,5,0
2021-03-04T23:59:59+01:00,4,2,1791,1974,2714,4356,2580,6338,2988,8542,3720,7009,2076,2021,6060,8750,8172,14812,279,364,905,1714,1158,2828,1472,4313,2122,3665,1383,1514,4789,7033,3786,7808,59603,43220,3218,1915,21083,0,0,5,0
2021-03-03T23:59:59+01:00,4,2,1720,1887,2607,4176,2448,6113,2852,8258,3537,6746,1994,1944,5722,8277,7819,14233,278,360,905,1704,1156,2805,1468,4289,2117,3650,1359,1503,4784,7027,3782,7801,57603,43075,3075,1915,19656,0,0,5,0
2021-03-02T23:59:59+01:00,4,2,1683,1806,2539,4058,2367,5963,2747,8077,3422,6595,1922,1877,5414,7840,7420,13565,276,355,902,1685,1153,2784,1465,4270,2116,3639,1334,1497,4774,7011,3776,7794,55519,42918,2833,1915,18944,0,0,5,0
2021-03-01T23:59:59+01:00,2,2,1674,1780,2500,3950,2319,5848,2710,7975,3369,6517,1882,1857,5275,7675,6949,12701,276,353,898,1679,1151,2772,1463,4257,2114,3624,1329,1492,4771,7009,3775,7788,53663,42838,2821,1915,18496,0,0,5,0
2021-02-28T23:59:59+01:00,2,2,1657,1743,2465,3879,2289,5793,2667,7895,3342,6471,1876,1853,5267,7670,6914,12642,276,353,897,1679,1151,2772,1463,4256,2114,3623,1329,1492,4771,7008,3775,7788,53541,42835,2819,1914,18062,0,0,5,0
2021-02-27T23:59:59+01:00,2,2,1655,1737,2461,3871,2285,5793,2666,7894,3340,6468,1870,1843,5258,7626,6744,12423,276,353,887,1674,1141,2765,1453,4247,2098,3614,1328,1489,4771,7007,3775,7788,53079,42831,2819,1837,18035,0,0,5,0
2021-02-26T23:59:59+01:00,2,1,1465,1581,2336,3628,2207,5388,2574,7390,3253,6010,1855,1817,5233,7593,6485,12034,275,351,880,1667,1133,2745,1447,4226,2088,3601,1321,1480,4763,6995,3771,7775,52335,42752,2798,1768,15714,0,0,5,0
2021-02-25T23:59:59+01:00,2,1,1248,1304,2116,3194,2033,4631,2377,6445,3012,5112,1766,1745,5182,7514,5917,11194,273,343,874,1607,1099,2650,1414,4115,2032,3527,1284,1459,4723,6954,3753,7724,50468,42291,2784,1542,11537,0,0,4,0
2021-02-24T23:59:59+01:00,2,1,1195,1094,2009,2925,1928,4292,2244,6039,2842,4843,1691,1690,5124,7424,5162,10017,271,337,836,1560,1049,2559,1354,3999,1942,3399,1244,1432,4708,6928,3743,7707,48140,42034,2772,1036,9606,0,0,4,0
2021-02-23T23:59:59+01:00,2,1,1180,1045,1975,2861,1902,4194,2218,5954,2809,4781,1683,1675,5089,7375,4532,8996,271,336,809,1532,1002,2507,1301,3921,1836,3326,1192,1407,4685,6903,3732,7673,46370,41837,2745,598,9153,0,0,4,0
2021-02-22T23:59:59+01:00,2,1,1172,1004,1924,2718,1858,4048,2163,5758,2755,4675,1672,1664,5055,7327,3929,8112,269,326,766,1493,948,2424,1213,3815,1696,3231,1103,1350,4644,6833,3707,7570,44765,41382,2725,8,8344,0,0,3,0
2021-02-21T23:59:59+01:00,2,1,1170,990,1893,2656,1832,3951,2136,5654,2735,4612,1664,1658,5052,7318,3929,8108,267,324,762,1487,940,2392,1211,3779,1683,3191,1094,1335,4628,6808,3685,7529,44712,41109,2714,8,7932,0,0,3,0
2021-02-20T23:59:59+01:00,2,1,1170,990,1893,2655,1831,3951,2136,5654,2733,4607,1655,1650,5048,7312,3927,8105,267,324,762,1486,939,2388,1210,3775,1682,3189,1094,1335,4575,6747,3639,7470,44698,40877,2689,7,7930,0,0,3,0
2021-02-19T23:59:59+01:00,2,1,1170,987,1890,2650,1830,3942,2135,5645,2730,4604,1636,1642,5035,7295,3924,8099,266,323,758,1477,931,2364,1203,3733,1655,3136,1067,1297,4385,6494,3462,7179,44618,39725,2670,7,7926,0,0,3,0
2021-02-18T23:59:59+01:00,2,1,1138,904,1851,2531,1791,3804,2082,5439,2669,4429,1620,1626,5019,7261,3919,8073,238,294,713,1353,882,2159,1117,3398,1539,2841,958,1110,3902,5723,3070,6330,44463,35622,2637,7,7056,0,0,3,0
2021-02-17T23:59:59+01:00,2,1,1089,775,1770,2298,1714,3505,1973,5079,2594,4180,1597,1617,4998,7247,3911,8069,233,291,703,1335,873,2137,1105,3363,1520,2820,951,1107,3522,5202,2778,5909,44422,33844,2581,7,5413,0,0,3,0
2021-02-16T23:59:59+01:00,2,1,1048,739,1712,2194,1646,3334,1902,4873,2516,4074,1562,1603,4971,7226,3902,8057,227,285,689,1301,852,2083,1074,3246,1481,2735,928,1084,3171,4657,2440,5420,44369,31670,2419,5,4571,0,0,3,0
2021-02-15T23:59:59+01:00,2,1,1041,723,1693,2118,1627,3234,1883,4764,2502,3996,1534,1589,4942,7209,3870,8001,215,275,674,1266,833,2033,1054,3180,1439,2670,897,1053,2753,4108,2114,4859,44240,29421,2336,4,4150,0,0,3,0
2021-02-14T23:59:59+01:00,2,1,945,689,1615,2084,1566,3215,1839,4742,2467,3983,1527,1586,4933,7197,3867,7996,208,263,665,1248,814,1993,1038,3114,1409,2602,867,1008,2664,3968,2042,4676,44198,28578,2300,3,3755,0,0,1,0
2021-02-13T23:59:59+01:00,2,1,892,665,1585,2061,1551,3207,1823,4735,2459,3982,1526,1585,4933,7197,3866,7995,206,262,663,1248,814,1989,1038,3112,1408,2600,866,1008,2562,3843,1978,4576,44192,28172,2300,3,3572,0,0,1,0
2021-02-12T23:59:59+01:00,2,1,558,517,1235,1945,1379,3104,1683,4653,2352,3912,1507,1576,4924,7186,3860,7989,194,256,650,1222,800,1945,1012,3027,1352,2501,804,934,2339,3532,1836,4275,44079,26679,2300,2,2003,0,0,1,0
2021-02-11T23:59:59+01:00,2,1,392,440,1045,1832,1277,2985,1584,4539,2264,3823,1400,1532,4862,7137,3839,7942,156,192,550,979,664,1500,812,2358,1074,1911,567,685,1741,2660,1355,3088,43727,20293,2102,1,1066,0,0,1,0
2021-02-10T23:59:59+01:00,2,1,279,368,919,1727,1177,2862,1489,4354,2151,3700,1363,1519,4843,7126,3834,7940,134,130,379,618,492,1011,642,1747,906,1577,546,670,1335,2099,1040,2593,43651,15921,1998,0,4,0,0,1,0
2021-02-09T23:59:59+01:00,2,1,279,367,918,1721,1174,2853,1489,4348,2150,3695,1356,1516,4841,7124,3833,7938,131,128,370,588,473,984,621,1718,881,1546,544,667,956,1634,763,2189,43626,14195,1975,0,3,0,0,1,0
2021-02-08T23:59:59+01:00,2,1,279,365,917,1719,1171,2843,1482,4343,2148,3691,1351,1512,4839,7124,3832,7935,126,122,359,577,465,967,610,1685,863,1520,536,662,565,1147,460,1764,43598,12430,1952,0,3,0,0,1,0
2021-02-07T23:59:59+01:00,2,1,279,365,915,1719,1170,2843,1480,4341,2148,3691,1351,1512,4839,7123,3832,7935,122,119,355,571,464,960,607,1673,853,1504,528,658,564,1137,455,1749,43594,12321,1951,0,0,0,0,1,0
2021-02-06T23:59:59+01:00,2,1,279,365,915,1719,1170,2843,1480,4341,2148,3691,1351,1512,4839,7123,3832,7935,119,116,353,567,463,959,607,1671,853,1503,527,657,564,1137,455,1749,43594,12302,1951,0,0,0,0,1,0
2021-02-05T23:59:59+01:00,2,1,279,364,914,1719,1170,2842,1478,4340,2147,3691,1351,1512,4838,7121,3832,7932,118,108,350,563,455,946,603,1661,839,1480,522,647,558,1121,445,1727,43581,12145,1951,0,0,0,0,1,0
2021-02-04T23:59:59+01:00,2,1,276,359,907,1681,1163,2796,1477,4288,2134,3648,1343,1505,4810,7090,3821,7902,89,71,233,390,331,687,474,1271,628,1111,392,514,468,913,388,1485,43252,9446,1950,0,0,0,0,1,0
2021-02-03T23:59:59+01:00,2,1,274,350,902,1656,1159,2761,1466,4238,2125,3612,1335,1489,4788,7061,3809,7876,55,33,81,166,152,341,232,597,303,541,211,278,273,575,226,944,42953,5009,1950,0,0,0,0,1,0
2021-02-02T23:59:59+01:00,2,1,273,348,901,1644,1155,2742,1463,4206,2118,3586,1327,1483,4781,7048,3802,7854,16,10,26,49,60,97,73,164,97,121,45,74,67,126,50,193,42783,1269,1950,0,0,0,0,1,0
2021-02-01T23:59:59+01:00,2,1,273,343,901,1642,1154,2741,1462,4202,2117,3580,1326,1482,4779,7047,3802,7854,14,9,22,43,51,88,60,136,74,102,39,65,57,116,49,180,42757,1106,1950,0,0,0,0,1,0
2021-01-31T23:59:59+01:00,2,1,273,342,901,1638,1153,2737,1462,4197,2117,3577,1325,1482,4779,7046,3802,7854,13,8,21,38,44,80,54,125,64,96,34,54,47,108,46,174,42737,1007,1950,0,0,0,0,1,0
2021-01-30T23:59:59+01:00,2,1,273,342,896,1635,1145,2729,1454,4191,2113,3574,1325,1482,4726,6986,3756,7795,13,8,21,37,44,80,53,124,64,96,34,54,47,108,46,174,42508,1004,1916,0,0,0,0,1,0
2021-01-29T23:59:59+01:00,2,1,272,341,881,1627,1133,2708,1442,4161,2091,3547,1316,1476,4563,6783,3592,7591,11,8,21,37,41,80,52,122,61,95,32,49,46,108,46,174,41721,984,1805,0,0,0,0,1,0
2021-01-28T23:59:59+01:00,2,1,268,328,862,1540,1093,2598,1405,4061,2021,3472,1289,1464,4229,6314,3329,7238,7,4,10,17,22,39,21,56,36,63,20,31,31,70,36,117,39953,581,1560,0,0,0,0,1,0
2021-01-27T23:59:59+01:00,2,1,262,325,820,1485,1046,2504,1342,3964,1947,3365,1250,1437,3818,5749,3012,6779,3,4,10,8,12,21,8,22,14,29,11,13,15,39,14,56,37999,280,1108,0,0,0,0,1,0
2021-01-26T23:59:59+01:00,2,1,256,316,786,1439,981,2419,1281,3837,1830,3260,1192,1386,3474,5195,2664,6269,1,1,6,3,5,7,4,2,3,8,6,5,3,7,3,8,35925,73,662,0,0,0,0,1,0
2021-01-25T23:59:59+01:00,2,1,246,307,734,1378,920,2300,1180,3692,1670,3141,1113,1356,3081,4684,2355,5803,1,1,6,2,3,7,2,2,3,8,6,5,3,7,3,8,33903,68,60,0,0,0,0,0,0
2021-01-24T23:59:59+01:00,2,1,243,307,728,1374,909,2284,1175,3676,1643,3111,1107,1354,3055,4648,2338,5781,1,1,4,2,3,7,2,2,3,8,6,5,3,7,3,8,33729,66,7,0,0,0,0,0,0
2021-01-23T23:59:59+01:00,2,1,242,306,727,1374,909,2280,1174,3674,1640,3109,1106,1354,2950,4522,2272,5680,1,1,4,2,2,7,2,2,3,8,6,5,3,7,3,8,33316,65,6,0,0,0,0,0,0
2021-01-22T23:59:59+01:00,2,1,241,303,725,1358,907,2267,1168,3660,1636,3105,1104,1353,2791,4328,2170,5538,1,1,4,2,2,7,2,2,3,8,6,5,3,7,3,8,32651,65,6,0,0,0,0,0,0
2021-01-21T23:59:59+01:00,2,1,237,274,662,1202,839,2055,1087,3375,1539,2899,1061,1311,2448,3862,1881,5103,1,0,4,1,2,7,2,2,3,8,6,4,3,7,3,8,29832,62,6,0,0,0,0,0,0
2021-01-20T23:59:59+01:00,2,1,213,210,502,851,664,1565,887,2674,1302,2431,966,1177,1919,3116,1472,4339,1,0,4,1,2,7,2,2,3,6,5,4,3,7,3,8,24285,59,6,0,0,0,0,0,0
2021-01-19T23:59:59+01:00,2,1,186,191,455,744,610,1409,800,2374,1128,2124,799,920,1277,2191,1015,3275,0,0,3,1,0,0,0,0,2,1,1,0,0,0,0,0,19498,8,3,0,0,0,0,0,0
2021-01-18T23:59:59+01:00,1,1,138,136,378,619,487,1055,646,1829,937,1634,592,711,635,1271,513,1969,0,0,1,0,0,0,0,0,1,0,0,0,0,0,0,0,13550,2,2,0,0,0,0,0,0
2021-01-17T23:59:59+01:00,1,1,127,122,364,582,472,990,617,1712,878,1535,543,671,588,1174,471,1826,0,0,0,0,0,0,0,0,0,0,0,0,0,0,0,0,12674,0,0,0,0,0,0,0,0
2021-01-16T23:59:59+01:00,1,1,120,118,361,578,470,979,611,1699,872,1528,542,670,587,1169,467,1814,0,0,0,0,0,0,0,0,0,0,0,0,0,0,0,0,12587,0,0,0,0,0,0,0,0
2021-01-15T23:59:59+01:00,1,1,118,111,358,573,462,963,607,1688,857,1504,536,658,580,1153,459,1792,0,0,0,0,0,0,0,0,0,0,0,0,0,0,0,0,12421,0,0,0,0,0,0,0,0
2021-01-14T23:59:59+01:00,1,1,97,89,275,464,391,784,504,1417,700,1214,418,529,500,959,403,1607,0,0,0,0,0,0,0,0,0,0,0,0,0,0,0,0,10353,0,0,0,0,0,0,0,0
2021-01-13T23:59:59+01:00,1,1,67,49,163,282,255,519,352,924,478,780,258,324,311,634,258,1030,0,0,0,0,0,0,0,0,0,0,0,0,0,0,0,0,6686,0,0,0,0,0,0,0,0
2021-01-12T23:59:59+01:00,1,1,31,21,49,101,113,212,150,383,200,334,135,175,162,351,146,566,0,0,0,0,0,0,0,0,0,0,0,0,0,0,0,0,3131,0,0,0,0,0,0,0,0
2021-01-11T23:59:59+01:00,1,0,18,11,33,64,60,110,76,168,92,125,39,65,60,121,50,181,0,0,0,0,0,0,0,0,0,0,0,0,0,0,0,0,1274,0,0,0,0,0,0,0,0
2021-01-10T23:59:59+01:00,1,0,15,7,27,53,53,98,66,153,76,111,33,55,50,112,46,172,0,0,0,0,0,0,0,0,0,0,0,0,0,0,0,0,1128,0,0,0,0,0,0,0,0
2021-01-09T23:59:59+01:00,1,0,14,7,26,51,52,97,63,152,76,109,33,55,50,112,46,172,0,0,0,0,0,0,0,0,0,0,0,0,0,0,0,0,1116,0,0,0,0,0,0,0,0
2021-01-08T23:59:59+01:00,1,0,11,7,24,48,47,92,59,139,70,105,31,50,49,112,46,172,0,0,0,0,0,0,0,0,0,0,0,0,0,0,0,0,1063,0,0,0,0,0,0,0,0
2021-01-07T23:59:59+01:00,1,0,7,4,9,18,21,40,22,56,38,65,19,33,36,75,36,116,0,0,0,0,0,0,0,0,0,0,0,0,0,0,0,0,596,0,0,0,0,0,0,0,0
2021-01-06T23:59:59+01:00,1,0,7,4,9,15,14,30,14,39,25,53,15,25,30,67,34,101,0,0,0,0,0,0,0,0,0,0,0,0,0,0,0,0,483,0,0,0,0,0,0,0,0
2021-01-05T23:59:59+01:00,1,0,7,4,9,15,14,30,14,39,25,53,15,25,29,67,34,101,0,0,0,0,0,0,0,0,0,0,0,0,0,0,0,0,482,0,0,0,0,0,0,0,0
2021-01-04T23:59:59+01:00,1,0,2,4,8,5,4,14,3,7,6,16,6,5,6,16,4,13,0,0,0,0,0,0,0,0,0,0,0,0,0,0,0,0,120,0,0,0,0,0,0,0,0
2021-01-03T23:59:59+01:00,1,0,1,1,3,2,2,7,2,3,3,9,4,4,3,8,3,8,0,0,0,0,0,0,0,0,0,0,0,0,0,0,0,0,64,0,0,0,0,0,0,0,0
2021-01-02T23:59:59+01:00,1,0,1,1,3,2,2,7,2,3,3,9,4,4,3,8,3,8,0,0,0,0,0,0,0,0,0,0,0,0,0,0,0,0,64,0,0,0,0,0,0,0,0
2021-01-01T23:59:59+01:00,1,0,1,1,3,2,2,7,2,3,3,9,4,4,3,8,3,8,0,0,0,0,0,0,0,0,0,0,0,0,0,0,0,0,64,0,0,0,0,0,0,0,0
2020-12-31T23:59:59+01:00,1,0,1,1,3,1,2,7,2,2,3,8,4,4,3,8,3,8,0,0,0,0,0,0,0,0,0,0,0,0,0,0,0,0,61,0,0,0,0,0,0,0,0
2020-12-30T23:59:59+01:00,1,0,1,1,3,1,2,7,2,2,3,6,4,4,3,8,3,8,0,0,0,0,0,0,0,0,0,0,0,0,0,0,0,0,59,0,0,0,0,0,0,0,0
2020-12-29T23:59:59+01:00,1,0,1,1,2,1,2,6,2,2,3,6,2,2,2,8,2,7,0,0,0,0,0,0,0,0,0,0,0,0,0,0,0,0,50,0,0,0,0,0,0,0,0
2020-12-28T23:59:59+01:00,1,0,0,0,2,1,0,2,1,0,1,3,0,1,0,1,1,4,0,0,0,0,0,0,0,0,0,0,0,0,0,0,0,0,18,0,0,0,0,0,0,0,0
2020-12-27T23:59:59+01:00,0,0,0,0,0,0,0,1,1,0,1,2,0,1,0,1,1,4,0,0,0,0,0,0,0,0,0,0,0,0,0,0,0,0,12,0,0,0,0,0,0,0,0
