Datum,<15_m,<15_w,15-24_1_m,15-24_1_w,25-34_1_m,25-34_1_w,35-44_1_m,35-44_1_w,45-54_1_m,45-54_1_w,55-64_1_m,55-64_1_w,65-74_1_m,65-74_1_w,75-84_1_m,75-84_1_w,>84_1_m,>84_1_w,<24_2_m,<24_2_w,25-34_2_m,25-34_2_w,35-44_2_m,35-44_2_w,45-54_2_m,45-54_2_w,55-64_2_m,55-64_2_w,65-74_2_m,65-74_2_w,75-84_2_m,75-84_2_w,>84_2_m,>84_2_w,bp_1,bp_2,mo_1,mo_2,az_1,az_2,ja,unb_1,unb_2
2021-07-23T23:59:59+02:00,2986,2762,35396,33985,50041,42932,55373,51904,67853,66598,83244,81961,58597,62668,38426,49542,11888,21254,19510,17915,35029,29393,40996,38024,57849,56738,74745,73945,54698,58461,36547,46982,11394,20320,607803,479042,78758,71646,109301,101236,21502,46,41
2021-07-22T23:59:59+02:00,2938,2684,34986,33635,49754,42712,55131,51694,67647,66435,83089,81823,58520,62579,38394,49501,11878,21236,18774,17303,34002,28711,39958,37235,57168,56296,74233,73594,54532,58288,36485,46901,11374,20295,605785,473797,78743,70357,109298,101023,20764,46,41
2021-07-21T23:59:59+02:00,2883,2626,34678,33307,49518,42507,54945,51509,67458,66251,82964,81698,58455,62529,38363,49462,11867,21226,17958,16483,32704,27722,38705,36287,56490,55740,73793,73233,54387,58113,36421,46818,11362,20262,603982,467958,78693,68190,109297,100816,20228,46,41
2021-07-20T23:59:59+02:00,2808,2563,34323,32932,49241,42279,54773,51316,67279,66097,82828,81581,58393,62476,38336,49417,11866,21211,16819,15372,31001,26334,36986,34847,55694,55097,73258,72792,54222,57923,36372,46734,11345,20224,601926,458870,78657,66453,109295,100481,19795,46,41
2021-07-19T23:59:59+02:00,2724,2493,33766,32372,48931,41971,54501,51053,67085,65884,82657,81415,58326,62395,38292,49365,11859,21196,16176,14807,30081,25670,36144,34147,55263,54678,72935,72558,54138,57838,36335,46684,11340,20203,598738,455242,78599,64335,109294,100312,19608,46,41
2021-07-18T23:59:59+02:00,2696,2475,33667,32259,48842,41915,54447,50996,67026,65834,82616,81373,58300,62370,38282,49353,11857,21189,15863,14543,29511,25293,35652,33800,55007,54518,72791,72458,54098,57800,36328,46670,11339,20199,598140,453813,78585,62803,109293,100284,19433,46,41
2021-07-17T23:59:59+02:00,2696,2475,33665,32257,48838,41914,54446,50994,67026,65833,82616,81373,58300,62369,38282,49353,11857,21189,15858,14538,29502,25278,35647,33796,55003,54517,72791,72458,54098,57800,36328,46670,11339,20199,598130,453770,78582,62799,109293,100284,19432,46,41
2021-07-16T23:59:59+02:00,2638,2410,33060,31737,48347,41569,54054,50659,66647,65515,82305,81142,58182,62257,38232,49304,11853,21182,15448,14223,29019,24914,35204,33467,54670,54267,72535,72268,53987,57714,36293,46632,11336,20195,595922,452417,78578,62671,109292,100276,17255,46,41
2021-07-15T23:59:59+02:00,2505,2280,32200,30961,47724,41001,53482,50182,66226,65175,82055,80903,58092,62163,38198,49262,11845,21163,14618,13564,27712,24094,33918,32665,54003,53874,72127,72049,53894,57621,36264,46599,11329,20180,590934,448312,78567,60318,109292,99696,16578,46,41
2021-07-14T23:59:59+02:00,2399,2194,31656,30436,47241,40571,53066,49787,65904,64899,81821,80657,57989,62069,38167,49212,11836,21150,13385,12435,25731,22655,32027,31156,53261,53295,71631,71713,53759,57496,36223,46538,11320,20165,587115,439266,78550,58417,109291,99364,16052,46,40
2021-07-13T23:59:59+02:00,2342,2124,31388,30169,46975,40349,52821,49564,65705,64713,81655,80509,57925,61994,38141,49177,11827,21138,12406,11596,24017,21351,30095,29577,52077,52135,70815,70928,53515,57220,36137,46423,11303,20138,584980,432598,78535,55503,109283,96225,15672,46,38
2021-07-12T23:59:59+02:00,2117,1917,30526,29241,46324,39816,52253,48995,65316,64325,81381,80238,57794,61869,38099,49119,11818,21117,11662,10973,22643,20384,28369,28205,51126,51281,70077,70312,53259,56942,36073,46307,11290,20107,578765,424548,78518,52964,109283,96072,15653,46,38
2021-07-11T23:59:59+02:00,2072,1879,30405,29132,46260,39745,52201,48934,65261,64271,81321,80194,57774,61850,38093,49102,11813,21112,11496,10826,22371,20201,28010,27935,50924,51136,69908,70169,53206,56861,36051,46290,11281,20100,577949,422497,78515,52922,109282,95938,15627,46,37
2021-07-10T23:59:59+02:00,2072,1878,30400,29125,46258,39740,52198,48933,65258,64270,81320,80192,57774,61848,38092,49102,11813,21112,11487,10808,22359,20188,27996,27923,50920,51132,69906,70167,53206,56861,36050,46290,11281,20100,577921,422417,78515,52920,109282,95935,15621,46,37
2021-07-09T23:59:59+02:00,2027,1840,30168,28889,46041,39561,52017,48762,65098,64159,81216,80113,57744,61819,38076,49087,11808,21110,11106,10537,21719,19753,27335,27373,50214,50567,69327,69760,53106,56774,36027,46256,11276,20089,576722,421348,78510,52607,109277,92496,14980,46,37
2021-07-08T23:59:59+02:00,1890,1713,29505,28357,45444,39061,51462,48298,64702,63854,80922,79880,57652,61729,38045,49037,11803,21096,9924,9433,19778,18129,24882,25396,49185,49773,68707,69226,52882,56564,35952,46171,11261,20063,572504,410867,78490,50182,109260,92272,14150,46,37
2021-07-07T23:59:59+02:00,1677,1518,28402,27151,44409,38105,50369,47309,64047,63222,80387,79402,57450,61502,37979,48953,11789,21058,9394,8958,18698,17298,23492,24199,48365,49130,68167,68739,52682,56325,35876,46073,11245,20024,563282,404548,78474,48574,109259,91985,13668,46,37
2021-07-06T23:59:59+02:00,1478,1360,27317,26105,43386,37188,49434,46374,63445,62662,79956,78997,57271,61322,37924,48859,11766,21030,8677,8214,17367,16298,21892,22919,47765,48681,67791,68476,52566,56212,35827,46036,11238,20008,555038,397116,78463,48153,109256,91691,13071,46,37
2021-07-05T23:59:59+02:00,1321,1237,26173,24855,42308,36192,48385,45311,62781,62089,79523,78596,57097,61133,37872,48784,11757,21008,8426,7991,16873,15986,21336,22537,47461,48460,67598,68329,52514,56140,35802,46017,11235,20003,545751,394562,78455,47841,109255,91433,12915,46,37
2021-07-04T23:59:59+02:00,1256,1173,25851,24527,42004,35933,48135,45128,62638,61955,79409,78505,57062,61094,37862,48766,11754,21005,8172,7838,16607,15793,21057,22341,47336,48361,67521,68256,52490,56115,35787,46012,11233,20002,543451,393550,78429,47180,109253,91349,12878,46,37
2021-07-03T23:59:59+02:00,1256,1172,25845,24517,41990,35926,48133,45128,62635,61954,79408,78504,57061,61094,37862,48766,11754,21005,8167,7830,16594,15783,21050,22334,47331,48360,67517,68255,52489,56115,35787,46012,11233,20002,543422,393515,78427,47179,109253,91339,12862,46,37
2021-07-02T23:59:59+02:00,1188,1115,25529,24163,41669,35645,47877,44874,62493,61810,79335,78434,57044,61072,37855,48754,11750,21000,7989,7678,16228,15516,20610,22028,46363,47583,67025,67907,52406,56024,35772,45994,11232,19999,541041,391034,78426,47176,109249,89331,12845,46,37
2021-07-01T23:59:59+02:00,1133,1065,25153,23800,41288,35297,47483,44525,62243,61575,79146,78263,56982,61011,37824,48713,11744,20990,7600,7346,15414,14738,19445,21001,44827,46103,65815,66833,52102,55721,35675,45876,11208,19972,537903,385232,78326,46352,109240,85393,12720,46,37
2021-06-30T23:59:59+02:00,1061,1001,24730,23351,40860,34924,47075,44152,62016,61373,78978,78114,56904,60934,37797,48663,11736,20970,7227,6991,14474,13935,18022,19800,41625,43378,64124,65393,51639,55224,35528,45683,11182,19923,534473,373245,78294,45660,109238,82663,12588,46,36
2021-06-29T23:59:59+02:00,969,893,24230,22818,40347,34507,46643,43737,61754,61096,78765,77936,56828,60870,37769,48620,11730,20951,6950,6686,13811,13442,16864,18885,37307,39695,62777,64142,51153,54726,35396,45505,11151,19880,530413,357982,78286,45451,109238,82454,12480,46,36
2021-06-28T23:59:59+02:00,940,860,23891,22425,39890,34126,46223,43368,61517,60841,78577,77782,56757,60802,37740,48591,11728,20936,6640,6367,13151,12943,15852,18050,33665,36652,61656,63111,50799,54332,35302,45357,11127,19842,528667,349318,76598,40767,109238,82303,12445,46,36
2021-06-27T23:59:59+02:00,926,848,23798,22334,39817,34063,46165,43309,61487,60804,78544,77753,56742,60791,37734,48584,11727,20931,6550,6293,12918,12802,15431,17813,32833,36008,61400,62912,50710,54262,35284,45334,11125,19838,528061,346421,76594,40506,109232,82147,12424,46,36
2021-06-26T23:59:59+02:00,925,848,23792,22329,39811,34060,46164,43308,61486,60803,78544,77753,56742,60791,37734,48584,11727,20931,6547,6286,12912,12789,15425,17806,32829,36007,61393,62910,50708,54256,35284,45334,11125,19837,528036,346357,76594,40506,109232,82146,12424,46,36
2021-06-25T23:59:59+02:00,902,822,23677,22216,39726,33974,46082,43237,61442,60756,78496,77732,56731,60777,37731,48581,11726,20929,6449,6173,12802,12657,15287,17645,32112,35352,61008,62588,50630,54172,35276,45313,11122,19836,527245,343358,76594,40494,109229,82130,12423,46,36
2021-06-24T23:59:59+02:00,836,765,23290,21792,39375,33666,45730,42934,61238,60561,78336,77597,56677,60722,37709,48551,11722,20920,6111,5876,12239,12194,14581,16964,28816,32638,58730,60743,50056,53581,35143,45109,11104,19788,524296,329579,76546,40231,109227,81536,12306,46,36
2021-06-23T23:59:59+02:00,735,675,22658,21144,38812,33086,45088,42237,60876,60176,78089,77349,56575,60590,37665,48500,11712,20901,5956,5685,11872,11849,14076,16437,25452,29884,57090,59225,49532,53045,35025,44935,11083,19745,518810,320171,76492,37299,109225,81103,12295,46,36
2021-06-22T23:59:59+02:00,676,611,22235,20706,38412,32670,44656,41774,60605,59893,77886,77113,56480,60482,37628,48428,11699,20879,5765,5550,11551,11589,13653,16065,21126,26360,55022,57528,48937,52444,34848,44721,11063,19701,515037,305856,76366,37246,109220,80631,12164,46,36
2021-06-21T23:59:59+02:00,640,570,21984,20470,38162,32442,44413,41499,60419,59685,77755,76976,56427,60401,37604,48388,11690,20863,5635,5440,11243,11393,13318,15806,19584,25132,54107,56764,46717,49993,34249,44002,11040,19642,513013,300558,76163,37179,109205,74339,11961,46,36
2021-06-20T23:59:59+02:00,611,550,21695,20175,37869,32173,44130,41245,60269,59518,77621,76831,56380,60362,37584,48372,11687,20856,5580,5396,11112,11306,13165,15681,19193,24809,53843,56583,45111,48065,33707,43400,11020,19625,510648,299939,76085,36431,109194,69244,11955,46,35
2021-06-19T23:59:59+02:00,609,550,21690,20163,37854,32169,44127,41241,60263,59515,77619,76828,56377,60362,37584,48371,11687,20856,5574,5387,11108,11303,13156,15675,19186,24801,53829,56571,45102,48055,33706,43400,11020,19625,510590,299856,76080,36428,109194,69232,11955,46,35
2021-06-18T23:59:59+02:00,595,536,21593,20055,37787,32116,44053,41156,60208,59470,77576,76786,56354,60341,37579,48358,11686,20855,5479,5222,10813,10767,12784,15094,18646,23785,52979,55275,44898,47893,33678,43353,11014,19613,509841,298291,76074,36427,109189,64594,11954,46,35
2021-06-17T23:59:59+02:00,509,443,20877,19338,37034,31482,43260,40402,59802,59105,77284,76533,56241,60214,37531,48290,11673,20831,5288,5009,10432,10214,12263,14324,17722,22428,51412,53338,43752,46546,33360,42957,10967,19530,503868,291004,75982,36300,109183,60441,11770,46,35
2021-06-16T23:59:59+02:00,402,366,20079,18386,36042,30550,42251,39433,59263,58625,76893,76222,56100,60062,37475,48203,11663,20808,5100,4855,9926,9896,11532,13832,16181,21137,47556,49803,42000,44545,32897,42389,10904,19404,496519,274919,75441,36102,109168,59261,11649,46,34
2021-06-15T23:59:59+02:00,292,263,19263,17529,35121,29696,41324,38550,58826,58188,76560,75899,55959,59897,37420,48134,11648,20775,4897,4730,9404,9639,10830,13365,14676,19951,43310,45735,40454,42705,32420,41769,10837,19276,489332,257817,75326,36068,109161,58597,11490,35,33
2021-06-14T23:59:59+02:00,188,173,18144,16291,33870,28424,39864,37140,58240,57626,76167,75559,55832,59756,37375,48063,11639,20760,4770,4636,9062,9432,10355,13047,13505,18946,40685,43193,39383,41563,32130,41368,10805,19191,479591,246687,74888,36045,109157,57872,11441,34,33
2021-06-13T23:59:59+02:00,148,134,17640,15887,33389,28019,39373,36757,58027,57443,76020,75457,55805,59717,37353,48041,11636,20751,4684,4587,8917,9359,10192,12979,12900,18492,40216,42799,39148,41341,32070,41283,10799,19177,476514,245725,74586,34621,109150,57258,11313,34,33
2021-06-12T23:59:59+02:00,148,134,17637,15869,33377,28010,39366,36753,58022,57440,76016,75455,55804,59715,37352,48041,11636,20751,4677,4582,8906,9354,10180,12972,12888,18479,40033,42652,39125,41326,32066,41281,10799,19176,476448,245290,74582,34621,109150,57247,11312,34,33
2021-06-11T23:59:59+02:00,146,134,17553,15810,33232,27942,39193,36699,57902,57403,75946,75431,55792,59710,37350,48039,11636,20750,4594,4389,8745,8793,9986,12252,12652,17409,39545,41357,38971,41195,32048,41247,10797,19175,476115,244799,74171,34619,109044,52407,11304,34,33
2021-06-10T23:59:59+02:00,132,114,16708,15092,31812,27026,37949,35786,57220,56944,75538,75161,55702,59619,37311,47995,11625,20732,4339,4196,8188,8299,9306,11497,11921,16349,36707,38328,38171,40398,31882,41065,10781,19145,472228,237771,71197,34487,108763,48043,10245,33,33
2021-06-09T23:59:59+02:00,110,88,15929,14385,30533,26122,36730,34901,56646,56557,75198,74935,55621,59514,37284,47951,11612,20711,4158,4043,7829,8110,8844,11279,11308,15972,31656,33490,36683,38877,31639,40797,10760,19096,467578,223942,68754,34365,108721,46467,9741,33,33
2021-06-08T23:59:59+02:00,83,70,15008,13513,29154,25029,35362,33890,56030,56154,74905,74725,55548,59442,37262,47921,11608,20701,4078,3979,7675,7995,8692,11166,11017,15769,28858,30693,35734,37951,31479,40602,10736,19063,463005,216528,65309,34308,108681,45248,9377,33,33
2021-06-07T23:59:59+02:00,75,57,14378,12924,27783,24220,34211,33111,55555,55899,74662,74622,55512,59405,37246,47911,11608,20697,3986,3907,7481,7871,8392,11034,10651,15526,24548,26332,34277,36425,31257,40335,10708,19035,459888,204805,62282,34244,108650,43668,9023,33,32
2021-06-06T23:59:59+02:00,74,54,14056,12733,26999,23802,33562,32692,55248,55737,74508,74556,55493,59382,37232,47902,11606,20696,3919,3871,7333,7826,8237,10951,10336,15326,21749,23482,33283,35356,31118,40181,10701,19020,458754,202027,60233,29065,108626,42886,8686,33,32
2021-06-05T23:59:59+02:00,74,52,14027,12707,26957,23760,33534,32673,55243,55728,74503,74551,55489,59377,37227,47900,11606,20696,3897,3856,7298,7805,8190,10934,10275,15285,20325,21935,32491,34479,31048,40099,10697,19013,458638,197069,60128,29062,108620,42786,8685,33,32
2021-06-04T23:59:59+02:00,68,48,13798,12445,26647,23446,33198,32362,55183,55647,74464,74531,55480,59372,37226,47898,11606,20695,3866,3828,7220,7726,8133,10856,10195,15164,20218,21817,32418,34425,31016,40062,10694,19010,456742,196989,60066,29050,108588,41899,8685,33,32
2021-06-03T23:59:59+02:00,50,43,13231,11956,25610,22760,32062,31611,54693,55314,74149,74338,55410,59295,37192,47868,11600,20679,3738,3736,6948,7557,7853,10684,9870,14928,18341,19962,30451,32134,30743,39732,10671,18962,452410,188441,58566,29031,108575,40539,8277,33,29
2021-06-02T23:59:59+02:00,37,31,12541,11202,24614,21857,30922,30659,54429,55051,73958,74198,55359,59217,37176,47847,11592,20672,3704,3716,6891,7502,7797,10636,9786,14837,17822,19415,28523,29967,30644,39588,10664,18951,446101,182919,58388,29030,108574,40205,8267,32,29
2021-06-01T23:59:59+02:00,23,16,11412,10314,22480,20420,28387,28767,53018,53988,72955,73419,55058,58900,37056,47677,11558,20613,3476,3544,6395,7196,7194,10217,8934,14237,15889,17615,24759,25742,29966,38711,10588,18798,436610,169018,53917,28893,108537,38365,6965,32,27
2021-05-31T23:59:59+02:00,18,12,10548,9648,20645,19249,26341,27260,51912,53139,72252,72873,54842,58642,36983,47577,11544,20577,3335,3395,6063,6951,6795,9918,8396,13882,14829,16642,23571,24376,29580,38225,10528,18704,429824,163295,49551,28859,108519,36881,6136,32,26
2021-05-30T23:59:59+02:00,16,9,10196,9302,19922,18752,25636,26680,51574,52857,72021,72677,54766,58563,36958,47550,11536,20569,3152,3205,5713,6685,6506,9675,8179,13678,14569,16371,23278,24061,29470,38118,10513,18676,427242,162472,49143,28802,108489,35878,4678,32,26
2021-05-29T23:59:59+02:00,16,9,10180,9290,19904,18725,25618,26654,51562,52853,72016,72667,54764,58558,36957,47550,11535,20569,3150,3197,5710,6681,6501,9673,8171,13670,14559,16367,23267,24053,29466,38113,10512,18675,427085,162403,49143,28800,108489,35865,4678,32,26
2021-05-28T23:59:59+02:00,16,9,10115,9194,19768,18556,25356,26425,51403,52677,71870,72537,54727,58508,36944,47530,11532,20556,3104,3121,5619,6543,6401,9477,8060,13401,14367,16091,23115,23899,29413,38050,10505,18666,425437,162021,49106,28799,108472,34317,4677,31,25
2021-05-27T23:59:59+02:00,16,9,8851,7991,17361,16740,22575,24276,50313,51864,71204,72047,54530,58291,36853,47436,11519,20528,2807,2787,4777,5922,5508,8697,7271,12419,13247,14901,22133,22868,29031,37600,10450,18579,413512,158221,48152,28536,108337,29850,2372,31,25
2021-05-26T23:59:59+02:00,15,9,8448,7574,16484,15937,21385,23265,49709,51318,70791,71663,54379,58129,36787,47362,11508,20498,2620,2614,4411,5592,5032,8191,6794,11771,12280,13926,21238,21840,28720,37157,10404,18494,407918,154384,47422,28449,108267,26610,1624,30,24
2021-05-25T23:59:59+02:00,15,9,7873,6974,15244,15054,19935,22093,49230,50919,70545,71480,54311,58047,36765,47337,11504,20489,2545,2511,4220,5462,4787,7964,6519,11462,11726,13397,19111,19697,28352,36627,10369,18445,401159,148769,47181,28436,108223,24741,1231,30,24
2021-05-24T23:59:59+02:00,15,9,7787,6873,15020,14927,19649,21914,49129,50800,70502,71441,54310,58042,36764,47336,11502,20486,2501,2449,4136,5298,4692,7719,6395,11178,11586,13157,18997,19585,28301,36580,10362,18434,400019,148619,47103,28394,108138,23125,1216,30,23
2021-05-23T23:59:59+02:00,14,9,7771,6860,14984,14911,19595,21886,49120,50798,70498,71435,54309,58040,36764,47335,11502,20486,2499,2445,4129,5293,4683,7715,6391,11165,11565,13135,18859,19391,28270,36541,10360,18432,399836,148140,47103,28392,108138,23116,1210,30,22
2021-05-22T23:59:59+02:00,14,9,7768,6852,14974,14899,19585,21879,49120,50796,70495,71435,54309,58039,36764,47335,11502,20486,2497,2438,4122,5287,4681,7715,6388,11162,11556,13132,18847,19385,28269,36541,10360,18432,399782,148104,47103,28392,108138,23092,1208,30,22
2021-05-21T23:59:59+02:00,14,8,7694,6755,14844,14765,19379,21719,48879,50562,70353,71329,54282,58013,36757,47328,11497,20480,2426,2353,4036,5146,4578,7501,6265,10865,11387,12843,18781,19321,28253,36511,10357,18430,398211,147854,47100,28392,108113,21586,1205,29,22
2021-05-20T23:59:59+02:00,14,8,7420,6461,14260,14240,18441,20846,46196,48212,69202,70358,53930,57652,36649,47188,11466,20451,2164,2190,3674,4781,4138,6951,5714,10034,10301,11748,17509,18043,27748,35912,10284,18283,387236,142626,46938,28103,107807,17740,989,24,22
2021-05-19T23:59:59+02:00,13,7,7181,6237,13597,13757,17174,19846,42218,44724,67715,69055,53476,57130,36487,46964,11430,20399,2088,1991,3510,4441,3891,6428,5272,9354,9314,10637,16035,16402,27055,35000,10159,18074,372470,135485,46368,27960,107578,15230,970,24,12
2021-05-18T23:59:59+02:00,13,5,6983,6060,13054,13327,16078,18989,37501,40708,66264,67735,52921,56590,36340,46742,11388,20342,2042,1862,3372,4251,3706,6114,4940,8875,8450,9766,14457,14671,26347,34150,10069,17902,356382,128871,46308,27397,107421,13795,905,24,12
2021-05-17T23:59:59+02:00,13,5,6848,5964,12731,13078,15583,18599,35321,38840,65426,66953,52650,56277,36261,46634,11374,20305,1973,1802,3184,4072,3487,5887,4618,8505,7673,9066,11204,10663,25436,33003,9986,17733,352654,123666,42040,21323,107342,12495,802,24,12
2021-05-16T23:59:59+02:00,13,5,6785,5881,12606,12924,15410,18430,34832,38371,65241,66785,52594,56217,36251,46609,11369,20300,1916,1705,3081,3949,3407,5785,4512,8361,7492,8880,9016,8072,24956,32322,9952,17676,351184,122532,41535,15985,107307,11986,573,24,12
2021-05-15T23:59:59+02:00,13,5,6780,5872,12600,12918,15406,18426,34827,38368,65239,66783,52594,56216,36251,46609,11369,20300,1915,1704,3078,3943,3402,5782,4507,8358,7490,8877,9014,8070,24955,32322,9952,17676,351142,122501,41535,15985,107305,11983,570,24,12
2021-05-14T23:59:59+02:00,13,5,6583,5775,12357,12856,15174,18334,33854,37582,64705,66375,52499,56129,36234,46576,11367,20295,1799,1616,2967,3873,3345,5674,4457,8212,7444,8749,9007,8065,24954,32322,9952,17675,347785,122447,41503,15981,106844,11118,559,22,12
2021-05-13T23:59:59+02:00,13,5,6333,5588,11948,12603,14608,17885,30327,34796,62231,64300,51869,55455,36097,46357,11355,20247,1756,1578,2910,3796,3313,5582,4414,8108,7363,8630,8970,8007,24934,32281,9947,17671,333804,122202,41280,15957,106415,10598,496,22,12
2021-05-12T23:59:59+02:00,13,5,6317,5565,11876,12540,14500,17778,29692,34220,61725,63848,51697,55282,36061,46312,11348,20234,1756,1575,2909,3796,3308,5582,4412,8106,7361,8624,8963,8004,24934,32279,9947,17670,330815,122179,41270,15947,106410,10597,496,22,12
2021-05-11T23:59:59+02:00,12,5,5993,5431,11434,12264,13955,17395,25432,30734,59346,61843,51038,54602,35872,46066,11327,20171,1714,1459,2806,3535,3187,5206,4273,7661,7206,8299,8879,7923,24905,32239,9944,17659,315887,121941,41217,15758,105425,8818,372,19,11
2021-05-10T23:59:59+02:00,12,5,5865,5358,11272,12149,13737,17227,21969,27977,58103,60727,50676,54252,35780,45943,11312,20140,1676,1364,2722,3306,3085,4875,4164,7170,7084,7861,8838,7863,24893,32218,9942,17655,305988,121798,41056,15609,105134,6996,307,19,11
2021-05-09T23:59:59+02:00,12,5,5788,5326,11187,12087,13637,17146,20369,26796,57638,60344,50574,54154,35754,45902,11305,20135,1659,1344,2665,3181,3034,4734,4119,7050,7023,7762,8826,7849,24886,32212,9941,17655,305422,121736,37489,15565,104935,6339,294,19,11
2021-05-08T23:59:59+02:00,12,5,5784,5323,11175,12083,13627,17137,20361,26790,57629,60338,50571,54146,35750,45899,11303,20132,1658,1344,2665,3179,3034,4734,4116,7047,7022,7761,8825,7849,24885,32210,9941,17655,305330,121721,37488,15565,104934,6339,294,19,11
2021-05-07T23:59:59+02:00,12,5,5744,5288,11110,12033,13521,17060,19905,26433,56631,59529,50441,54015,35721,45869,11300,20118,1554,1300,2585,3135,2994,4706,4082,7023,7000,7729,8818,7841,24883,32209,9941,17654,302165,121689,37472,15558,104790,5912,289,19,11
2021-05-06T23:59:59+02:00,12,5,5490,5176,10597,11724,12816,16607,18611,25446,52375,55877,49246,52636,35390,45470,11248,20015,1329,1168,2350,2962,2824,4541,3930,6824,6848,7577,8743,7763,24862,32173,9938,17647,287040,121418,37286,15420,104238,4475,160,17,11
2021-05-05T23:59:59+02:00,12,5,5230,5077,10104,11489,12061,16157,17279,24466,48007,51736,47576,50717,34953,44901,11173,19895,1283,1073,2288,2835,2741,4361,3836,6586,6740,7378,8630,7670,24801,32099,9932,17631,269865,120943,37060,15375,103850,3514,46,17,11
2021-05-04T23:59:59+02:00,12,5,5147,4992,9788,11277,11608,15768,16304,23598,46135,49705,46509,49409,34580,44413,11107,19786,1271,1054,2259,2793,2700,4275,3784,6479,6667,7302,8588,7631,24781,32083,9931,17626,259497,120725,37036,15314,103570,3156,23,17,11
2021-05-03T23:59:59+02:00,12,5,5044,4905,9440,11109,11145,15505,15241,22734,44561,48085,45628,48456,34360,44074,11079,19697,1256,1029,2227,2762,2658,4211,3736,6425,6593,7248,8019,6943,23048,29764,9793,17389,250476,114933,37028,15232,103544,2915,15,17,11
2021-05-02T23:59:59+02:00,12,5,4982,4886,9325,11073,11001,15444,14629,22245,44042,47675,45487,48290,34313,44012,11073,19686,1252,1024,2210,2760,2645,4203,3708,6412,6573,7235,7830,6700,21084,27363,9747,17301,249268,114913,35396,10244,103489,2874,10,17,11
2021-05-01T23:59:59+02:00,12,5,4982,4884,9320,11069,10998,15442,14625,22241,44040,47671,45486,48290,34313,44012,11073,19686,1251,1024,2210,2760,2645,4203,3707,6412,6571,7235,7830,6699,21084,27363,9747,17301,249238,114909,35396,10244,103488,2873,10,17,11
2021-04-30T23:59:59+02:00,12,5,4935,4862,9253,11054,10943,15417,14550,22215,42556,46258,45151,47958,34276,43960,11068,19676,1042,929,2012,2670,2545,4142,3621,6352,6509,7177,7823,6682,21083,27361,9747,17301,245250,114900,35396,10242,103476,1840,10,17,9
2021-04-29T23:59:59+02:00,12,4,4692,4780,8784,10903,10337,15246,13865,22007,37630,41945,44141,46932,34155,43842,11064,19646,862,852,1839,2591,2459,4076,3512,6282,6437,7128,7801,6663,21078,27355,9747,17301,231529,114860,35293,10140,103136,969,10,17,9
2021-04-28T23:59:59+02:00,12,4,4517,4745,8534,10818,9985,15156,13510,21853,32993,37444,42896,45679,34029,43695,11050,19628,820,823,1802,2545,2426,4000,3476,6173,6387,7036,7782,6644,21066,27342,9743,17294,218323,114776,35275,10092,102926,478,9,15,9
2021-04-27T23:59:59+02:00,11,3,4286,4530,8191,10369,9601,14576,13043,21205,31865,36316,42617,45397,34013,43667,11046,19625,793,809,1768,2522,2408,3982,3459,6154,6353,7010,7770,6635,21061,27337,9740,17288,215598,114719,35265,10062,99474,295,9,15,9
2021-04-26T23:59:59+02:00,11,3,4265,4502,8116,10332,9493,14520,12895,21146,27456,31932,41401,44175,33933,43567,11033,19615,760,798,1738,2503,2378,3961,3435,6133,6301,6964,7723,6586,21031,27307,9740,17281,203722,114517,35256,10018,99394,91,9,14,9
2021-04-25T23:59:59+02:00,11,3,4242,4489,8084,10305,9430,14488,12802,21100,25489,29890,40701,43414,33887,43509,11029,19610,748,791,1726,2489,2360,3947,3409,6112,6268,6935,7701,6566,21014,27286,9739,17277,203055,114493,30147,9776,99259,87,8,14,9
2021-04-24T23:59:59+02:00,11,3,4223,4478,8054,10276,9389,14472,12751,21078,23987,28227,39944,42575,33822,43433,11026,19604,747,790,1723,2487,2359,3944,3409,6108,6268,6932,7699,6564,21013,27286,9739,17277,197994,114473,30147,9775,99190,85,8,14,9
2021-04-23T23:59:59+02:00,10,3,3958,4326,7585,9979,8959,14116,12189,20675,23509,27928,39858,42514,33801,43399,11020,19597,733,780,1706,2474,2339,3928,3386,6086,6246,6913,7685,6546,21008,27275,9739,17276,197647,114458,30132,9577,95626,73,8,13,9
2021-04-22T23:59:59+02:00,10,3,3865,4269,7395,9863,8681,13922,11746,20347,21184,25572,37105,39273,33274,42730,10949,19478,720,771,1678,2444,2281,3871,3313,6014,6136,6817,7606,6460,20955,27231,9736,17261,184636,114337,29943,8875,95066,71,8,13,8
2021-04-21T23:59:59+02:00,10,3,3837,4237,7268,9785,8500,13751,11412,20058,19923,24369,33895,35560,32790,42027,10887,19352,696,753,1644,2416,2237,3847,3280,5981,6094,6778,7578,6433,20937,27207,9733,17257,172885,114231,29770,8562,94988,67,8,13,8
2021-04-20T23:59:59+02:00,10,3,3803,4211,7163,9716,8286,13595,11045,19760,18830,23222,30585,31916,32317,41428,10828,19243,688,743,1629,2404,2204,3825,3237,5936,6053,6735,7538,6387,20912,27183,9727,17254,161261,114073,29748,8306,94931,65,8,13,8
2021-04-19T23:59:59+02:00,10,3,3784,4194,7089,9678,8168,13486,10790,19574,18165,22560,29712,30788,32025,41062,10786,19168,680,738,1607,2390,2180,3795,3202,5903,6019,6704,7493,6354,20881,27155,9725,17250,156425,113940,29731,8062,94865,63,8,13,8
2021-04-18T23:59:59+02:00,10,3,3781,4188,7073,9664,8153,13467,10755,19550,18077,22478,29590,30663,31997,41040,10783,19160,678,734,1592,2378,2163,3780,3178,5877,5990,6681,7471,6341,20862,27133,9722,17247,155933,113881,29663,7873,94815,62,8,13,8
2021-04-17T23:59:59+02:00,10,3,3780,4186,7071,9662,8150,13467,10749,19543,18064,22467,29568,30650,31995,41038,10783,19160,677,734,1591,2377,2162,3779,3175,5876,5988,6679,7471,6341,20862,27133,9722,17247,155854,113868,29662,7873,94809,62,8,13,8
2021-04-16T23:59:59+02:00,10,3,3613,4148,6726,9533,7784,13280,10351,19297,17615,22193,29367,30491,31913,40949,10768,19141,665,716,1579,2362,2135,3764,3121,5839,5945,6629,7378,6252,20450,26569,9692,17186,155104,112545,29654,7667,92403,59,8,13,8
2021-04-15T23:59:59+02:00,10,3,3512,4069,6375,9162,7207,12780,9575,18461,16289,20962,28170,29199,31393,40308,10688,18966,635,693,1527,2323,2053,3677,3013,5719,5617,6392,6882,5867,19721,25660,9596,17018,149361,109200,29361,7128,88386,54,8,13,8
2021-04-14T23:59:59+02:00,9,3,3457,4019,6140,8924,6877,12403,8953,17910,15174,19932,26760,27699,30761,39432,10580,18771,600,667,1481,2285,1979,3599,2871,5596,5306,6156,6336,5353,18709,24375,9511,16845,142563,104936,29162,6674,86059,48,8,12,8
2021-04-13T23:59:59+02:00,9,3,3425,3988,6048,8847,6728,12274,8651,17664,14372,19240,23408,24145,29829,38252,10476,18599,595,658,1468,2263,1952,3566,2775,5525,5090,5973,5975,5017,18411,24032,9472,16779,130937,102849,29151,6644,85850,47,8,12,8
2021-04-12T23:59:59+02:00,9,3,3403,3967,5998,8790,6640,12190,8434,17469,13755,18711,22406,22993,29405,37694,10407,18477,585,650,1458,2255,1929,3545,2719,5474,4942,5869,5659,4736,18118,23730,9434,16719,125857,101266,29132,6498,85742,47,8,12,8
2021-04-11T23:59:59+02:00,9,3,3397,3961,5980,8766,6612,12173,8394,17446,13666,18650,22276,22845,29354,37629,10398,18452,582,645,1445,2245,1916,3537,2702,5458,4905,5832,5600,4678,17945,23496,9413,16690,125316,100605,29065,6426,85610,47,8,12,8
2021-04-10T23:59:59+02:00,9,3,3389,3960,5957,8765,6590,12172,8373,17445,13641,18648,22271,22842,29350,37628,10398,18452,581,643,1439,2239,1911,3534,2696,5450,4889,5822,5588,4661,17784,23243,9399,16666,125294,100095,28974,6393,85606,47,7,12,8
2021-04-09T23:59:59+02:00,8,3,3351,3948,5909,8753,6532,12156,8334,17418,13590,18602,20319,20434,28869,37013,10368,18403,568,630,1414,2217,1884,3511,2654,5414,4818,5760,5473,4558,17207,22511,9361,16595,124605,98331,23863,6195,85525,39,7,10,8
2021-04-08T23:59:59+02:00,8,3,3327,3929,5840,8721,6457,12117,8245,17355,13446,18484,17731,17373,28346,36349,10331,18353,526,600,1326,2136,1790,3415,2475,5229,4322,5395,4672,3952,15432,20290,9176,16294,123741,91369,18010,5624,84648,28,6,10,8
2021-04-07T23:59:59+02:00,6,3,3249,3901,5630,8671,6250,12058,8037,17280,13184,18389,15071,14311,27668,35553,10301,18300,503,572,1273,2081,1696,3335,2323,5089,3912,5063,3956,3389,14581,19428,9064,16113,123533,87068,16478,5278,77836,24,5,10,8
2021-04-06T23:59:59+02:00,5,3,3221,3891,5585,8653,6180,12035,7950,17243,13110,18318,13088,11948,27036,34840,10288,18270,472,550,1205,2026,1611,3254,2161,4971,3539,4786,3430,2981,13741,18430,8990,15997,123405,83439,16276,4678,71968,20,5,10,7
2021-04-05T23:59:59+02:00,5,3,3219,3888,5549,8640,6143,12023,7905,17227,13038,18282,13042,11902,27025,34824,10287,18267,440,520,1153,1989,1559,3213,2093,4917,3451,4710,3373,2929,13598,18260,8981,15979,123382,82948,16068,4191,71805,20,4,10,7
2021-04-04T23:59:59+02:00,5,3,3218,3887,5549,8638,6141,12023,7904,17224,13038,18282,13039,11902,27024,34824,10287,18267,439,519,1152,1989,1559,3213,2093,4917,3451,4710,3373,2929,13597,18260,8981,15979,123373,82944,16068,4191,71800,20,4,10,7
2021-04-03T23:59:59+02:00,5,3,3217,3887,5549,8637,6141,12023,7904,17224,13038,18282,13039,11901,27023,34821,10287,18267,439,518,1152,1989,1558,3213,2093,4916,3445,4707,3367,2918,13510,18124,8972,15963,123368,82667,16068,4191,71798,20,4,10,7
2021-04-02T23:59:59+02:00,5,3,3217,3884,5546,8632,6137,12014,7895,17212,13013,18251,12992,11849,26995,34803,10284,18263,436,511,1150,1985,1546,3204,2083,4894,3415,4674,3336,2889,12581,16880,8907,15855,123202,80212,16065,4110,71714,20,4,10,5
2021-04-01T23:59:59+02:00,5,3,3202,3870,5507,8612,6070,11981,7824,17177,12899,18180,12875,11724,26936,34727,10275,18248,389,468,1053,1918,1447,3117,1934,4782,3219,4541,3107,2690,10565,14297,8797,15680,122883,74659,15942,3322,71277,20,3,10,5
2021-03-31T23:59:59+02:00,5,3,3201,3856,5490,8578,6038,11945,7782,17132,12819,18111,12762,11599,26885,34667,10267,18239,351,447,1017,1876,1377,3077,1830,4679,2964,4347,2696,2374,7998,11071,8622,15442,122574,67163,15903,2982,70889,19,3,10,5
2021-03-30T23:59:59+02:00,5,3,3193,3846,5465,8550,6006,11914,7744,17092,12742,18045,12676,11461,26848,34620,10262,18229,330,428,994,1844,1317,3042,1706,4599,2718,4175,2324,2126,7113,9985,8556,15316,122444,63845,15873,2707,70372,18,2,10,5
2021-03-29T23:59:59+02:00,5,3,3181,3842,5436,8531,5970,11881,7700,17059,12669,17967,12033,10704,24987,32128,10114,17973,324,426,987,1829,1296,3018,1671,4559,2572,4089,2038,1977,6463,9275,8512,15238,116463,61551,15703,2704,70005,16,2,10,5
2021-03-28T23:59:59+02:00,5,3,3151,3826,5389,8494,5921,11839,7619,17004,12559,17899,11770,10403,23002,29668,10059,17874,323,424,984,1828,1288,3014,1667,4557,2560,4081,2013,1957,6441,9261,8510,15233,116403,61423,10529,2701,69541,16,2,10,3
2021-03-27T23:59:59+01:00,5,3,3139,3822,5350,8484,5885,11824,7572,16989,12513,17852,11736,10360,22998,29660,10059,17874,323,424,984,1828,1288,3014,1666,4555,2558,4079,2011,1955,6392,9186,8477,15184,116335,61206,10528,2701,69250,16,2,10,3
2021-03-26T23:59:59+01:00,5,3,3003,3497,4902,7326,5389,10504,6960,14942,11705,15580,11517,10179,22515,28935,10014,17803,322,420,979,1825,1283,3010,1663,4553,2553,4072,2003,1949,6262,8999,8334,14999,114790,60531,10274,2689,59703,5,2,10,3
2021-03-25T23:59:59+01:00,5,3,2876,3228,4742,6560,5163,9354,6636,13221,10981,13780,10661,9377,21801,28097,9941,17648,317,411,973,1815,1268,2991,1643,4518,2516,4023,1937,1890,5972,8571,8061,14553,111890,58769,9587,2685,52585,4,2,10,3
2021-03-24T23:59:59+01:00,5,3,2828,3184,4667,6499,5029,9248,6433,13051,10471,13375,9829,8556,20792,26842,9845,17467,315,406,965,1809,1251,2980,1628,4494,2470,3966,1869,1814,5609,8099,7650,13887,107889,56538,9240,2671,50986,4,0,9,3
2021-03-23T23:59:59+01:00,5,3,2799,3151,4599,6433,4919,9154,6222,12890,10015,12953,9119,7890,20283,26240,9793,17362,303,393,947,1800,1236,2960,1600,4472,2415,3917,1789,1749,5333,7721,7262,13272,105519,54497,8908,2670,49395,3,0,8,3
2021-03-22T23:59:59+01:00,5,3,2783,3115,4539,6395,4843,9086,6083,12753,9654,12681,8515,7325,19867,25803,9733,17268,301,389,935,1794,1221,2945,1587,4458,2388,3891,1763,1728,5196,7546,6820,12461,104044,52755,8649,2665,47750,3,0,8,2
2021-03-21T23:59:59+01:00,5,3,2776,3100,4494,6373,4792,9050,5992,12685,9466,12493,8211,7068,19699,25636,9721,17243,301,389,934,1794,1219,2945,1586,4457,2385,3891,1756,1722,5187,7541,6790,12404,103844,52650,8420,2648,46535,3,0,8,2
2021-03-20T23:59:59+01:00,5,3,2776,3095,4486,6368,4786,9047,5988,12677,9446,12479,8178,7037,19525,25359,9705,17217,301,389,934,1793,1218,2945,1585,4456,2381,3883,1744,1709,5174,7492,6614,12168,103287,52159,8408,2624,46474,3,0,8,2
2021-03-19T23:59:59+01:00,5,3,2741,3072,4412,6325,4677,8997,5848,12620,9180,12291,7873,6813,19041,24768,9673,17158,301,389,933,1792,1218,2942,1582,4455,2375,3878,1728,1701,5138,7449,6212,11552,101988,51038,8166,2604,45335,3,0,8,2
2021-03-18T23:59:59+01:00,5,3,2675,2999,4250,6189,4428,8791,5490,12311,8275,11622,6612,5802,17791,23411,9525,16933,298,385,928,1782,1204,2929,1544,4440,2308,3832,1650,1659,5066,7343,5484,10447,97106,48736,7624,2562,42374,2,0,8,1
2021-03-17T23:59:59+01:00,5,3,2637,2960,4170,6092,4291,8683,5235,12036,7600,11054,5626,4908,16446,21880,9360,16679,294,384,924,1773,1200,2921,1527,4418,2241,3806,1584,1614,5021,7279,4912,9569,91707,46959,7121,2507,40829,2,0,8,1
2021-03-16T23:59:59+01:00,5,3,2617,2932,4107,6026,4199,8587,5060,11880,7151,10666,4865,4291,15596,20904,9258,16509,290,382,921,1768,1197,2914,1519,4408,2219,3787,1554,1597,4984,7236,4410,8766,88084,45523,7085,2428,39479,2,0,8,1
2021-03-15T23:59:59+01:00,5,3,2614,2921,4091,6008,4168,8561,5010,11833,7034,10552,4720,4132,15278,20494,9229,16450,288,379,920,1762,1190,2907,1505,4399,2197,3764,1513,1580,4924,7162,3834,7907,87318,43942,6990,2289,38787,1,0,8,1
2021-03-14T23:59:59+01:00,5,2,2609,2912,4070,5989,4138,8542,4967,11800,6941,10463,4616,4021,15148,20325,9213,16414,286,378,920,1760,1184,2900,1500,4388,2186,3757,1503,1573,4916,7154,3829,7894,87014,43881,6972,2247,38182,1,0,7,1
2021-03-13T23:59:59+01:00,5,2,2605,2904,4066,5977,4130,8536,4959,11791,6921,10449,4594,3995,14832,19888,9193,16378,286,378,920,1760,1184,2900,1500,4388,2186,3757,1503,1573,4916,7153,3829,7894,86130,43880,6949,2247,38139,1,0,7,1
2021-03-12T23:59:59+01:00,5,2,2543,2828,3955,5807,4011,8315,4822,11492,6743,10179,4441,3857,13910,18634,9132,16276,286,377,918,1757,1184,2897,1498,4383,2185,3750,1495,1571,4908,7134,3827,7879,83671,43803,6887,2246,36389,1,0,5,1
2021-03-11T23:59:59+01:00,4,2,2418,2602,3731,5478,3755,7877,4497,10727,6116,9365,3922,3356,12318,16647,9034,16129,286,376,914,1754,1181,2883,1489,4371,2173,3722,1452,1542,4867,7099,3815,7852,79364,43653,6725,2123,31884,1,0,5,1
2021-03-10T23:59:59+01:00,4,2,2296,2469,3578,5245,3561,7554,4232,10240,5563,8797,3353,2913,10051,13932,8889,15902,283,372,910,1745,1174,2872,1484,4355,2149,3706,1423,1534,4836,7084,3806,7844,73070,43584,6555,1994,28951,0,0,5,1
2021-03-09T23:59:59+01:00,4,2,2269,2416,3513,5159,3448,7465,4061,10045,5170,8446,2876,2555,8543,11920,8787,15753,282,371,910,1739,1167,2863,1480,4347,2141,3695,1409,1529,4828,7079,3803,7842,68217,43543,6405,1943,27805,0,0,5,1
2021-03-08T23:59:59+01:00,4,2,2245,2346,3456,5094,3374,7380,3937,9933,4878,8256,2429,2294,6625,9522,8668,15579,282,368,909,1729,1161,2847,1474,4336,2137,3688,1398,1522,4811,7057,3796,7833,62539,43432,6070,1917,27408,0,0,5,1
2021-03-07T23:59:59+01:00,4,2,2182,2290,3359,4986,3278,7291,3840,9846,4743,8161,2378,2243,6603,9501,8668,15571,282,367,908,1729,1161,2847,1473,4336,2137,3688,1398,1522,4811,7057,3796,7833,62411,43430,5389,1917,27141,0,0,5,0
2021-03-06T23:59:59+01:00,4,2,2174,2277,3347,4977,3274,7286,3831,9837,4732,8158,2376,2241,6557,9431,8636,15522,282,367,907,1725,1160,2846,1473,4333,2133,3683,1397,1517,4805,7052,3794,7824,62202,43383,5329,1917,27126,0,0,5,0
2021-03-05T23:59:59+01:00,4,2,2044,2193,3123,4788,3036,6975,3554,9441,4404,7821,2289,2180,6350,9114,8445,15261,282,365,905,1722,1160,2845,1472,4327,2130,3677,1391,1515,4799,7045,3793,7818,61226,43331,4491,1917,25302,0,0,5,0
2021-03-04T23:59:59+01:00,4,2,1790,1973,2713,4355,2579,6336,2988,8537,3719,7007,2074,2020,6059,8748,8171,14807,279,364,904,1714,1158,2828,1471,4311,2121,3665,1380,1513,4787,7031,3786,7807,59588,43207,3218,1914,21071,0,0,5,0
2021-03-03T23:59:59+01:00,4,2,1719,1887,2606,4176,2447,6113,2852,8255,3537,6746,1992,1943,5721,8275,7818,14228,278,360,904,1704,1156,2805,1467,4287,2116,3650,1356,1502,4782,7025,3782,7800,57588,43062,3075,1914,19653,0,0,5,0
2021-03-02T23:59:59+01:00,4,2,1682,1806,2538,4058,2366,5963,2747,8074,3422,6595,1920,1876,5413,7838,7419,13560,276,355,901,1685,1153,2784,1464,4269,2115,3639,1331,1496,4772,7009,3776,7793,55504,42906,2833,1914,18941,0,0,5,0
2021-03-01T23:59:59+01:00,2,2,1673,1780,2499,3950,2318,5848,2710,7972,3369,6517,1880,1856,5274,7673,6948,12696,276,353,897,1679,1151,2772,1462,4256,2113,3624,1326,1491,4769,7007,3775,7787,53648,42826,2821,1914,18493,0,0,5,0
2021-02-28T23:59:59+01:00,2,2,1656,1743,2464,3879,2288,5793,2667,7892,3342,6471,1874,1852,5266,7668,6913,12637,276,353,896,1679,1151,2772,1462,4255,2113,3623,1326,1491,4769,7006,3775,7787,53526,42823,2819,1913,18059,0,0,5,0
2021-02-27T23:59:59+01:00,2,2,1654,1737,2460,3871,2284,5793,2666,7891,3340,6468,1868,1842,5257,7624,6743,12418,276,353,886,1674,1141,2765,1452,4246,2097,3614,1325,1488,4769,7005,3775,7787,53064,42819,2819,1836,18032,0,0,5,0
2021-02-26T23:59:59+01:00,2,1,1465,1581,2335,3628,2206,5388,2574,7388,3253,6010,1853,1816,5232,7591,6484,12029,275,351,879,1667,1133,2745,1446,4225,2087,3601,1318,1479,4761,6993,3771,7774,52320,42740,2798,1767,15713,0,0,5,0
2021-02-25T23:59:59+01:00,2,1,1248,1304,2115,3194,2033,4631,2377,6443,3012,5112,1764,1744,5181,7512,5916,11189,273,343,873,1607,1099,2650,1413,4114,2031,3527,1281,1458,4721,6952,3753,7723,50453,42279,2784,1541,11537,0,0,4,0
2021-02-24T23:59:59+01:00,2,1,1195,1094,2008,2925,1928,4292,2244,6037,2842,4843,1689,1689,5123,7422,5162,10015,271,337,835,1560,1049,2559,1353,3998,1941,3399,1241,1431,4706,6926,3743,7706,48129,42022,2772,1035,9606,0,0,4,0
2021-02-23T23:59:59+01:00,2,1,1180,1045,1974,2861,1902,4194,2218,5952,2809,4781,1681,1674,5088,7373,4532,8995,271,336,808,1532,1002,2507,1300,3920,1835,3326,1189,1406,4684,6901,3732,7672,46360,41825,2745,598,9153,0,0,4,0
2021-02-22T23:59:59+01:00,2,1,1172,1004,1923,2718,1858,4048,2163,5756,2755,4675,1670,1663,5054,7325,3929,8111,269,326,765,1493,948,2424,1212,3814,1695,3231,1100,1349,4643,6831,3707,7569,44755,41370,2725,8,8344,0,0,3,0
2021-02-21T23:59:59+01:00,2,1,1170,990,1892,2656,1832,3951,2136,5652,2735,4612,1662,1657,5051,7316,3929,8107,267,324,761,1487,940,2392,1210,3778,1682,3191,1091,1334,4627,6806,3685,7528,44702,41097,2714,8,7932,0,0,3,0
2021-02-20T23:59:59+01:00,2,1,1170,990,1892,2655,1831,3951,2136,5652,2733,4607,1653,1649,5047,7310,3927,8104,267,324,761,1486,939,2388,1209,3774,1681,3189,1091,1334,4574,6745,3639,7469,44688,40865,2689,7,7930,0,0,3,0
2021-02-19T23:59:59+01:00,2,1,1170,987,1889,2650,1830,3942,2135,5643,2730,4604,1634,1641,5034,7293,3924,8098,266,323,757,1477,931,2364,1202,3732,1654,3136,1064,1296,4385,6492,3462,7178,44608,39714,2670,7,7926,0,0,3,0
2021-02-18T23:59:59+01:00,2,1,1138,904,1850,2531,1791,3804,2082,5437,2669,4429,1618,1625,5018,7259,3919,8072,238,294,712,1353,882,2159,1117,3397,1538,2841,955,1109,3902,5721,3070,6329,44453,35612,2637,7,7056,0,0,3,0
2021-02-17T23:59:59+01:00,2,1,1089,775,1769,2298,1714,3505,1973,5077,2594,4180,1595,1616,4997,7245,3911,8068,233,291,702,1335,873,2137,1105,3362,1519,2820,948,1106,3522,5202,2778,5908,44412,33836,2581,7,5413,0,0,3,0
2021-02-16T23:59:59+01:00,2,1,1048,739,1711,2194,1646,3334,1902,4871,2516,4074,1560,1602,4970,7224,3902,8056,227,285,688,1301,852,2083,1074,3245,1480,2735,925,1083,3171,4657,2440,5419,44359,31662,2419,5,4571,0,0,3,0
2021-02-15T23:59:59+01:00,2,1,1041,723,1692,2118,1627,3234,1883,4762,2502,3996,1532,1588,4941,7207,3870,8000,215,275,673,1266,833,2033,1054,3179,1438,2670,894,1052,2753,4108,2114,4858,44230,29413,2336,4,4150,0,0,3,0
2021-02-14T23:59:59+01:00,2,1,945,689,1614,2084,1566,3215,1839,4740,2467,3983,1525,1585,4932,7195,3867,7995,208,263,664,1248,814,1993,1038,3113,1408,2602,864,1007,2664,3968,2042,4675,44188,28570,2300,3,3755,0,0,1,0
2021-02-13T23:59:59+01:00,2,1,892,665,1584,2061,1551,3207,1823,4733,2459,3982,1524,1584,4932,7195,3866,7994,206,262,662,1248,814,1989,1038,3111,1407,2600,863,1007,2562,3843,1978,4575,44182,28164,2300,3,3572,0,0,1,0
2021-02-12T23:59:59+01:00,2,1,558,517,1234,1945,1379,3104,1683,4651,2352,3912,1505,1575,4923,7184,3860,7988,194,256,650,1222,800,1945,1012,3026,1351,2501,801,933,2339,3532,1836,4274,44069,26672,2300,2,2003,0,0,1,0
2021-02-11T23:59:59+01:00,2,1,392,440,1044,1832,1277,2985,1584,4537,2264,3823,1398,1531,4861,7135,3839,7941,156,192,550,979,664,1500,812,2357,1073,1911,566,685,1741,2660,1355,3087,43717,20289,2102,1,1066,0,0,1,0
2021-02-10T23:59:59+01:00,2,1,279,368,918,1727,1177,2862,1489,4352,2151,3700,1361,1518,4842,7124,3834,7939,134,130,379,618,492,1011,642,1746,905,1577,545,670,1335,2099,1040,2592,43641,15917,1998,0,4,0,0,1,0
2021-02-09T23:59:59+01:00,2,1,279,367,917,1721,1174,2853,1489,4347,2150,3695,1354,1515,4840,7122,3833,7937,131,128,370,588,473,984,621,1717,880,1546,543,667,956,1634,763,2188,43617,14191,1975,0,3,0,0,1,0
2021-02-08T23:59:59+01:00,2,1,279,365,916,1719,1171,2843,1482,4342,2148,3691,1349,1511,4838,7122,3832,7934,126,122,359,577,465,967,610,1684,862,1520,535,662,565,1147,460,1764,43589,12427,1952,0,3,0,0,1,0
2021-02-07T23:59:59+01:00,2,1,279,365,914,1719,1170,2843,1480,4340,2148,3691,1349,1511,4838,7121,3832,7934,122,119,355,571,464,960,607,1672,853,1504,527,658,564,1137,455,1749,43585,12319,1951,0,0,0,0,1,0
2021-02-06T23:59:59+01:00,2,1,279,365,914,1719,1170,2843,1480,4340,2148,3691,1349,1511,4838,7121,3832,7934,119,116,353,567,463,959,607,1670,853,1503,526,657,564,1137,455,1749,43585,12300,1951,0,0,0,0,1,0
2021-02-05T23:59:59+01:00,2,1,279,364,913,1719,1170,2842,1478,4339,2147,3691,1349,1511,4837,7119,3832,7931,118,108,350,563,455,946,603,1660,839,1480,521,647,558,1121,445,1727,43572,12143,1951,0,0,0,0,1,0
2021-02-04T23:59:59+01:00,2,1,276,359,906,1681,1163,2796,1477,4287,2134,3648,1341,1504,4809,7088,3821,7901,89,71,233,390,331,687,474,1270,628,1111,391,514,468,913,388,1485,43243,9444,1950,0,0,0,0,1,0
2021-02-03T23:59:59+01:00,2,1,274,350,901,1656,1159,2761,1466,4237,2125,3612,1333,1488,4787,7059,3809,7875,55,33,81,166,152,341,232,596,303,541,210,278,273,575,226,944,42944,5007,1950,0,0,0,0,1,0
2021-02-02T23:59:59+01:00,2,1,273,348,900,1644,1155,2742,1463,4205,2118,3586,1325,1482,4780,7046,3802,7853,16,10,26,49,60,97,73,164,97,121,45,74,67,126,50,193,42774,1269,1950,0,0,0,0,1,0
2021-02-01T23:59:59+01:00,2,1,273,343,900,1642,1154,2741,1462,4201,2117,3580,1324,1481,4778,7045,3802,7853,14,9,22,43,51,88,60,136,74,102,39,65,57,116,49,180,42748,1106,1950,0,0,0,0,1,0
2021-01-31T23:59:59+01:00,2,1,273,342,900,1638,1153,2737,1462,4196,2117,3577,1323,1481,4778,7044,3802,7853,13,8,21,38,44,80,54,125,64,96,34,54,47,108,46,174,42728,1007,1950,0,0,0,0,1,0
2021-01-30T23:59:59+01:00,2,1,273,342,895,1635,1145,2729,1454,4190,2113,3574,1323,1481,4725,6984,3756,7794,13,8,21,37,44,80,53,124,64,96,34,54,47,108,46,174,42499,1004,1916,0,0,0,0,1,0
2021-01-29T23:59:59+01:00,2,1,272,341,880,1627,1133,2708,1442,4160,2091,3547,1314,1475,4563,6781,3592,7590,11,8,21,37,41,80,52,122,61,95,32,49,46,108,46,174,41713,984,1805,0,0,0,0,1,0
2021-01-28T23:59:59+01:00,2,1,268,328,861,1540,1093,2598,1405,4060,2021,3472,1287,1463,4229,6312,3329,7237,7,4,10,17,22,39,21,56,36,63,20,31,31,70,36,117,39945,581,1560,0,0,0,0,1,0
2021-01-27T23:59:59+01:00,2,1,262,325,819,1485,1046,2504,1342,3963,1947,3365,1248,1436,3818,5749,3012,6778,3,4,10,8,12,21,8,22,14,29,11,13,15,39,14,56,37993,280,1108,0,0,0,0,1,0
2021-01-26T23:59:59+01:00,2,1,256,316,785,1439,981,2419,1281,3836,1830,3260,1190,1385,3474,5195,2664,6268,1,1,6,3,5,7,4,2,3,8,6,5,3,7,3,8,35919,73,662,0,0,0,0,1,0
2021-01-25T23:59:59+01:00,2,1,246,307,733,1378,920,2300,1180,3691,1670,3141,1111,1355,3081,4684,2355,5802,1,1,6,2,3,7,2,2,3,8,6,5,3,7,3,8,33897,68,60,0,0,0,0,0,0
2021-01-24T23:59:59+01:00,2,1,243,307,727,1374,909,2284,1175,3675,1643,3111,1105,1353,3055,4648,2338,5780,1,1,4,2,3,7,2,2,3,8,6,5,3,7,3,8,33723,66,7,0,0,0,0,0,0
2021-01-23T23:59:59+01:00,2,1,242,306,726,1374,909,2280,1174,3673,1640,3109,1104,1353,2950,4522,2272,5679,1,1,4,2,2,7,2,2,3,8,6,5,3,7,3,8,33310,65,6,0,0,0,0,0,0
2021-01-22T23:59:59+01:00,2,1,241,303,724,1358,907,2267,1168,3659,1636,3105,1102,1352,2791,4328,2170,5537,1,1,4,2,2,7,2,2,3,8,6,5,3,7,3,8,32645,65,6,0,0,0,0,0,0
2021-01-21T23:59:59+01:00,2,1,237,274,661,1202,839,2055,1087,3374,1539,2899,1060,1310,2448,3862,1881,5102,1,0,4,1,2,7,2,2,3,8,6,4,3,7,3,8,29827,62,6,0,0,0,0,0,0
2021-01-20T23:59:59+01:00,2,1,213,210,501,851,664,1565,887,2673,1302,2431,965,1176,1919,3116,1472,4338,1,0,4,1,2,7,2,2,3,6,5,4,3,7,3,8,24280,59,6,0,0,0,0,0,0
2021-01-19T23:59:59+01:00,2,1,186,191,454,744,610,1409,800,2373,1128,2124,798,920,1277,2191,1015,3274,0,0,3,1,0,0,0,0,2,1,1,0,0,0,0,0,19494,8,3,0,0,0,0,0,0
2021-01-18T23:59:59+01:00,1,1,138,136,378,619,487,1055,646,1828,937,1634,592,711,635,1271,513,1969,0,0,1,0,0,0,0,0,1,0,0,0,0,0,0,0,13549,2,2,0,0,0,0,0,0
2021-01-17T23:59:59+01:00,1,1,127,122,364,582,472,990,617,1711,878,1535,543,671,588,1174,471,1826,0,0,0,0,0,0,0,0,0,0,0,0,0,0,0,0,12673,0,0,0,0,0,0,0,0
2021-01-16T23:59:59+01:00,1,1,120,118,361,578,470,979,611,1698,872,1528,542,670,587,1169,467,1814,0,0,0,0,0,0,0,0,0,0,0,0,0,0,0,0,12586,0,0,0,0,0,0,0,0
2021-01-15T23:59:59+01:00,1,1,118,111,358,573,462,963,607,1687,857,1504,536,658,580,1153,459,1792,0,0,0,0,0,0,0,0,0,0,0,0,0,0,0,0,12420,0,0,0,0,0,0,0,0
2021-01-14T23:59:59+01:00,1,1,97,89,275,464,391,784,504,1416,700,1214,418,529,500,959,403,1607,0,0,0,0,0,0,0,0,0,0,0,0,0,0,0,0,10352,0,0,0,0,0,0,0,0
2021-01-13T23:59:59+01:00,1,1,67,49,163,282,255,519,352,923,478,780,258,324,311,634,258,1030,0,0,0,0,0,0,0,0,0,0,0,0,0,0,0,0,6685,0,0,0,0,0,0,0,0
2021-01-12T23:59:59+01:00,1,1,31,21,49,101,113,212,150,382,200,334,135,175,162,351,146,566,0,0,0,0,0,0,0,0,0,0,0,0,0,0,0,0,3130,0,0,0,0,0,0,0,0
2021-01-11T23:59:59+01:00,1,0,18,11,33,64,60,110,76,168,92,125,39,65,60,121,50,181,0,0,0,0,0,0,0,0,0,0,0,0,0,0,0,0,1274,0,0,0,0,0,0,0,0
2021-01-10T23:59:59+01:00,1,0,15,7,27,53,53,98,66,153,76,111,33,55,50,112,46,172,0,0,0,0,0,0,0,0,0,0,0,0,0,0,0,0,1128,0,0,0,0,0,0,0,0
2021-01-09T23:59:59+01:00,1,0,14,7,26,51,52,97,63,152,76,109,33,55,50,112,46,172,0,0,0,0,0,0,0,0,0,0,0,0,0,0,0,0,1116,0,0,0,0,0,0,0,0
2021-01-08T23:59:59+01:00,1,0,11,7,24,48,47,92,59,139,70,105,31,50,49,112,46,172,0,0,0,0,0,0,0,0,0,0,0,0,0,0,0,0,1063,0,0,0,0,0,0,0,0
2021-01-07T23:59:59+01:00,1,0,7,4,9,18,21,40,22,56,38,65,19,33,36,75,36,116,0,0,0,0,0,0,0,0,0,0,0,0,0,0,0,0,596,0,0,0,0,0,0,0,0
2021-01-06T23:59:59+01:00,1,0,7,4,9,15,14,30,14,39,25,53,15,25,30,67,34,101,0,0,0,0,0,0,0,0,0,0,0,0,0,0,0,0,483,0,0,0,0,0,0,0,0
2021-01-05T23:59:59+01:00,1,0,7,4,9,15,14,30,14,39,25,53,15,25,29,67,34,101,0,0,0,0,0,0,0,0,0,0,0,0,0,0,0,0,482,0,0,0,0,0,0,0,0
2021-01-04T23:59:59+01:00,1,0,2,4,8,5,4,14,3,7,6,16,6,5,6,16,4,13,0,0,0,0,0,0,0,0,0,0,0,0,0,0,0,0,120,0,0,0,0,0,0,0,0
2021-01-03T23:59:59+01:00,1,0,1,1,3,2,2,7,2,3,3,9,4,4,3,8,3,8,0,0,0,0,0,0,0,0,0,0,0,0,0,0,0,0,64,0,0,0,0,0,0,0,0
2021-01-02T23:59:59+01:00,1,0,1,1,3,2,2,7,2,3,3,9,4,4,3,8,3,8,0,0,0,0,0,0,0,0,0,0,0,0,0,0,0,0,64,0,0,0,0,0,0,0,0
2021-01-01T23:59:59+01:00,1,0,1,1,3,2,2,7,2,3,3,9,4,4,3,8,3,8,0,0,0,0,0,0,0,0,0,0,0,0,0,0,0,0,64,0,0,0,0,0,0,0,0
2020-12-31T23:59:59+01:00,1,0,1,1,3,1,2,7,2,2,3,8,4,4,3,8,3,8,0,0,0,0,0,0,0,0,0,0,0,0,0,0,0,0,61,0,0,0,0,0,0,0,0
2020-12-30T23:59:59+01:00,1,0,1,1,3,1,2,7,2,2,3,6,4,4,3,8,3,8,0,0,0,0,0,0,0,0,0,0,0,0,0,0,0,0,59,0,0,0,0,0,0,0,0
2020-12-29T23:59:59+01:00,1,0,1,1,2,1,2,6,2,2,3,6,2,2,2,8,2,7,0,0,0,0,0,0,0,0,0,0,0,0,0,0,0,0,50,0,0,0,0,0,0,0,0
2020-12-28T23:59:59+01:00,1,0,0,0,2,1,0,2,1,0,1,3,0,1,0,1,1,4,0,0,0,0,0,0,0,0,0,0,0,0,0,0,0,0,18,0,0,0,0,0,0,0,0
2020-12-27T23:59:59+01:00,0,0,0,0,0,0,0,1,1,0,1,2,0,1,0,1,1,4,0,0,0,0,0,0,0,0,0,0,0,0,0,0,0,0,12,0,0,0,0,0,0,0,0
