Datum,<15_m,<15_w,15-24_1_m,15-24_1_w,25-34_1_m,25-34_1_w,35-44_1_m,35-44_1_w,45-54_1_m,45-54_1_w,55-64_1_m,55-64_1_w,65-74_1_m,65-74_1_w,75-84_1_m,75-84_1_w,>84_1_m,>84_1_w,<24_2_m,<24_2_w,25-34_2_m,25-34_2_w,35-44_2_m,35-44_2_w,45-54_2_m,45-54_2_w,55-64_2_m,55-64_2_w,65-74_2_m,65-74_2_w,75-84_2_m,75-84_2_w,>84_2_m,>84_2_w,bp_1,bp_2,mo_1,mo_2,az_1,az_2,ja,unb_1,unb_2
2021-07-20T23:59:59+02:00,2798,2548,34196,32806,49144,42183,54677,51240,67191,66022,82772,81535,58371,62447,38326,49406,11863,21207,16757,15330,30942,26284,36913,34765,55622,55048,73213,72743,54181,57875,36354,46716,11344,20224,601113,458456,78637,66386,109277,100388,19656,49,41
2021-07-19T23:59:59+02:00,2724,2490,33736,32339,48899,41940,54462,51018,67035,65844,82631,81395,58312,62378,38288,49359,11858,21193,16136,14789,30044,25637,36090,34090,55206,54638,72897,72516,54099,57790,36318,46669,11339,20203,598527,454960,78579,64303,109276,100225,19470,49,41
2021-07-18T23:59:59+02:00,2696,2472,33637,32226,48810,41884,54408,50961,66976,65795,82590,81353,58286,62353,38278,49347,11856,21186,15824,14525,29474,25261,35600,33745,54951,54478,72754,72416,54059,57752,36311,46655,11338,20199,597930,453539,78565,62771,109275,100197,19295,49,41
2021-07-17T23:59:59+02:00,2696,2472,33635,32224,48806,41883,54407,50959,66976,65794,82590,81353,58286,62352,38278,49347,11856,21186,15819,14520,29465,25246,35595,33741,54947,54477,72754,72416,54059,57752,36311,46655,11338,20199,597920,453496,78562,62767,109275,100197,19294,49,41
2021-07-16T23:59:59+02:00,2638,2409,33041,31715,48327,41543,54029,50633,66615,65490,82290,81127,58170,62244,38228,49299,11852,21179,15419,14210,28994,24888,35171,33425,54632,54241,72512,72234,53950,57669,36276,46618,11335,20195,595729,452166,78558,62639,109274,100189,17219,49,41
2021-07-15T23:59:59+02:00,2505,2279,32181,30939,47704,40975,53459,50156,66194,65150,82040,80889,58080,62150,38194,49257,11844,21160,14593,13555,27692,24071,33887,32626,53968,53850,72106,72016,53858,57577,36247,46585,11328,20180,590743,448077,78548,60301,109274,99610,16542,49,41
2021-07-14T23:59:59+02:00,2399,2193,31637,30413,47221,40545,53043,49761,65872,64874,81806,80643,57977,62056,38163,49207,11835,21147,13362,12426,25714,22633,31998,31123,53227,53271,71611,71681,53723,57453,36206,46524,11319,20165,586923,439047,78531,58401,109273,99279,16016,49,40
2021-07-13T23:59:59+02:00,2342,2123,31374,30148,46958,40326,52802,49542,65679,64689,81640,80494,57915,61981,38137,49172,11826,21135,12389,11589,24005,21332,30070,29548,52050,52112,70795,70896,53480,57177,36120,46409,11302,20138,584789,432381,78516,55488,109265,96142,15664,49,38
2021-07-12T23:59:59+02:00,2117,1916,30512,29220,46307,39792,52233,48973,65290,64301,81366,80223,57784,61856,38095,49114,11817,21114,11646,10968,22632,20368,28348,28178,51100,51260,70057,70280,53224,56899,36056,46293,11289,20107,578572,424346,78499,52950,109265,95989,15645,49,38
2021-07-11T23:59:59+02:00,2072,1878,30391,29111,46243,39721,52181,48912,65235,64247,81306,80179,57764,61837,38089,49097,11812,21109,11480,10821,22361,20185,27989,27908,50898,51115,69888,70137,53171,56818,36034,46276,11280,20100,577756,422296,78496,52908,109264,95855,15619,49,37
2021-07-10T23:59:59+02:00,2072,1877,30386,29104,46241,39716,52178,48911,65232,64246,81305,80177,57764,61835,38088,49097,11812,21109,11471,10803,22349,20172,27975,27896,50894,51112,69886,70135,53171,56818,36033,46276,11280,20100,577728,422216,78496,52906,109264,95853,15613,49,37
2021-07-09T23:59:59+02:00,2027,1839,30155,28868,46024,39538,51997,48740,65072,64135,81201,80098,57734,61806,38072,49082,11807,21107,11091,10532,21709,19737,27314,27346,50187,50547,69307,69728,53071,56731,36010,46242,11275,20089,576531,421148,78491,52593,109259,92413,14972,49,37
2021-07-08T23:59:59+02:00,1890,1712,29493,28337,45427,39038,51443,48276,64676,63830,80907,79865,57642,61716,38041,49032,11802,21093,9911,9429,19769,18111,24862,25369,49160,49753,68687,69194,52847,56521,35935,46157,11260,20063,572316,410673,78471,50168,109242,92189,14142,49,37
2021-07-07T23:59:59+02:00,1677,1517,28391,27133,44394,38082,50351,47287,64022,63199,80373,79387,57440,61489,37976,48948,11788,21056,9383,8955,18689,17281,23473,24177,48340,49111,68147,68707,52647,56282,35859,46059,11244,20024,563105,404364,78455,48560,109241,91903,13660,49,37
2021-07-06T23:59:59+02:00,1478,1359,27306,26087,43371,37165,49417,46352,63422,62639,79942,78982,57261,61309,37921,48854,11765,21028,8667,8212,17359,16284,21876,22901,47741,48664,67771,68444,52532,56169,35810,46022,11237,20008,554864,396950,78444,48139,109238,91609,13063,49,37
2021-07-05T23:59:59+02:00,1321,1236,26162,24837,42293,36169,48369,45289,62757,62067,79509,78581,57087,61120,37869,48779,11756,21006,8416,7989,16866,15972,21322,22520,47438,48444,67578,68297,52480,56097,35785,46003,11234,20003,545576,394398,78436,47827,109237,91353,12909,49,37
2021-07-04T23:59:59+02:00,1256,1172,25840,24509,41989,35910,48119,45106,62614,61933,79395,78490,57052,61081,37859,48761,11753,21003,8162,7836,16600,15779,21043,22324,47313,48346,67501,68224,52456,56072,35770,45998,11232,20002,543276,393387,78410,47166,109235,91269,12872,49,37
2021-07-03T23:59:59+02:00,1256,1171,25834,24499,41975,35903,48117,45106,62611,61932,79394,78489,57051,61081,37859,48761,11753,21003,8157,7828,16587,15769,21036,22317,47308,48345,67497,68223,52455,56072,35770,45998,11232,20002,543247,393352,78408,47165,109235,91259,12856,49,37
2021-07-02T23:59:59+02:00,1188,1114,25518,24145,41654,35622,47862,44853,62470,61789,79321,78419,57034,61059,37852,48749,11749,20998,7979,7676,16221,15502,20596,22011,46340,47568,67006,67875,52372,55981,35755,45980,11231,19999,540870,390872,78407,47162,109231,89251,12839,49,37
2021-07-01T23:59:59+02:00,1133,1064,25144,23782,41273,35274,47468,44504,62220,61554,79132,78248,56972,60998,37821,48708,11743,20988,7591,7344,15407,14724,19431,20985,44804,46088,65797,66800,52068,55679,35658,45862,11207,19972,537733,385071,78307,46339,109222,85314,12715,49,36
2021-06-30T23:59:59+02:00,1061,1000,24721,23333,40845,34901,47060,44131,61993,61352,78965,78099,56894,60921,37794,48658,11735,20968,7218,6989,14467,13923,18009,19784,41602,43364,64106,65361,51605,55182,35511,45669,11181,19923,534304,373087,78275,45647,109220,82585,12583,49,36
2021-06-29T23:59:59+02:00,969,892,24222,22801,40333,34484,46628,43716,61731,61075,78752,77921,56818,60857,37766,48615,11729,20949,6942,6684,13806,13430,16852,18870,37288,39683,62759,64110,51119,54684,35379,45491,11150,19880,530246,357833,78267,45438,109220,82377,12476,49,36
2021-06-28T23:59:59+02:00,940,859,23883,22408,39876,34103,46208,43347,61494,60821,78564,77767,56747,60789,37737,48586,11727,20934,6633,6365,13146,12932,15842,18035,33647,36642,61640,63081,50766,54292,35285,45343,11126,19842,528500,349177,76579,40758,109220,82227,12442,49,36
2021-06-27T23:59:59+02:00,926,847,23790,22317,39803,34040,46150,43288,61464,60784,78531,77738,56732,60778,37731,48579,11726,20929,6543,6291,12913,12792,15421,17799,32815,35998,61384,62882,50677,54223,35267,45320,11124,19838,527894,346283,76575,40497,109214,82071,12421,49,36
2021-06-26T23:59:59+02:00,925,847,23784,22312,39797,34037,46149,43287,61463,60783,78531,77738,56732,60778,37731,48579,11726,20929,6540,6284,12907,12779,15415,17792,32811,35997,61377,62880,50675,54217,35267,45320,11124,19837,527869,346219,76575,40497,109214,82070,12421,49,36
2021-06-25T23:59:59+02:00,902,821,23669,22199,39712,33951,46067,43216,61419,60736,78483,77717,56721,60764,37728,48576,11725,20927,6443,6172,12798,12649,15279,17633,32097,35343,60993,62560,50597,54133,35259,45299,11121,19836,527078,343236,76575,40485,109211,82054,12420,49,36
2021-06-24T23:59:59+02:00,836,764,23283,21775,39361,33643,45715,42913,61218,60541,78323,77582,56667,60709,37706,48546,11721,20918,6107,5875,12235,12187,14573,16952,28802,32630,58715,60717,50023,53542,35126,45095,11103,19788,524133,329463,76527,40222,109209,81461,12303,49,36
2021-06-23T23:59:59+02:00,735,674,22651,21130,38798,33063,45076,42216,60857,60158,78077,77334,56565,60577,37662,48495,11711,20899,5952,5684,11868,11842,14069,16426,25440,29877,57075,59200,49499,53007,35008,44921,11082,19745,518657,320062,76473,37290,109207,81028,12292,49,36
2021-06-22T23:59:59+02:00,676,610,22228,20694,38398,32648,44644,41753,60585,59875,77874,77098,56470,60470,37625,48423,11698,20877,5761,5549,11547,11582,13646,16055,21119,26355,55007,57505,48904,52406,34831,44707,11062,19701,514887,305757,76347,37237,109202,80556,12161,49,36
2021-06-21T23:59:59+02:00,640,569,21977,20458,38149,32421,44402,41478,60399,59667,77743,76961,56417,60389,37602,48384,11689,20862,5632,5439,11239,11386,13311,15796,19577,25127,54092,56741,46684,49955,34232,43988,11039,19642,512869,300460,76144,37170,109187,74264,11958,49,36
2021-06-20T23:59:59+02:00,611,549,21688,20163,37856,32152,44119,41224,60249,59500,77609,76816,56370,60350,37582,48368,11686,20855,5577,5395,11108,11299,13158,15671,19186,24804,53828,56561,45097,48049,33702,43390,11019,19625,510504,299843,76066,36422,109176,69225,11952,49,35
2021-06-19T23:59:59+02:00,609,549,21683,20151,37841,32148,44116,41220,60243,59497,77607,76813,56367,60350,37582,48367,11686,20855,5571,5386,11104,11296,13149,15665,19179,24796,53814,56549,45088,48039,33701,43390,11019,19625,510446,299760,76061,36419,109176,69213,11952,49,35
2021-06-18T23:59:59+02:00,595,535,21586,20043,37774,32095,44042,41135,60188,59453,77565,76771,56345,60329,37577,48354,11685,20854,5476,5221,10809,10760,12777,15084,18639,23780,52964,55253,44884,47877,33673,43343,11013,19613,509700,298195,76055,36418,109171,64575,11951,49,35
2021-06-17T23:59:59+02:00,509,442,20870,19328,37021,31462,43249,40381,59784,59088,77273,76520,56233,60202,37529,48286,11672,20830,5285,5008,10428,10207,12256,14314,17715,22423,51398,53317,43738,46530,33355,42947,10966,19530,503736,290909,75962,36291,109165,60423,11767,49,35
2021-06-16T23:59:59+02:00,402,365,20073,18377,36030,30530,42241,39412,59245,58608,76881,76209,56093,60050,37473,48199,11662,20807,5097,4854,9922,9889,11526,13824,16174,21132,47543,49782,41985,44529,32892,42379,10903,19404,496391,274826,75421,36093,109150,59244,11646,49,34
2021-06-15T23:59:59+02:00,292,262,19257,17520,35109,29677,41314,38530,58807,58171,76549,75886,55953,59885,37418,48131,11647,20774,4894,4729,9400,9632,10824,13357,14670,19946,43298,45717,40440,42689,32415,41759,10836,19276,489208,257730,75306,36059,109143,58580,11487,38,33
2021-06-14T23:59:59+02:00,188,173,18138,16282,33858,28406,39854,37120,58221,57610,76156,75546,55826,59745,37373,48060,11638,20759,4767,4635,9058,9426,10350,13039,13499,18941,40674,43175,39369,41547,32125,41358,10804,19191,479470,246603,74869,36036,109139,57855,11438,37,33
2021-06-13T23:59:59+02:00,148,134,17634,15878,33377,28001,39363,36737,58008,57427,76009,75444,55799,59706,37351,48038,11635,20750,4681,4586,8914,9354,10187,12971,12894,18487,40205,42783,39134,41325,32065,41273,10798,19177,476393,245644,74567,34613,109132,57241,11310,37,33
2021-06-12T23:59:59+02:00,148,134,17631,15860,33365,27992,39356,36733,58003,57424,76005,75442,55798,59704,37350,48038,11635,20750,4674,4581,8904,9349,10175,12964,12882,18474,40023,42636,39111,41310,32061,41271,10798,19176,476327,245211,74563,34613,109132,57230,11309,37,33
2021-06-11T23:59:59+02:00,146,134,17547,15801,33220,27924,39183,36679,57883,57387,75935,75418,55786,59699,37348,48036,11635,20749,4591,4388,8743,8788,9982,12245,12646,17404,39535,41342,38957,41179,32043,41237,10796,19175,475994,244720,74152,34611,109026,52393,11301,37,33
2021-06-10T23:59:59+02:00,132,114,16703,15084,31802,27009,37940,35770,57201,56929,75527,75151,55696,59608,37309,47992,11624,20731,4336,4195,8186,8295,9302,11490,11915,16344,36698,38314,38157,40383,31877,41055,10780,19145,472117,237696,71182,34479,108745,48029,10242,36,33
2021-06-09T23:59:59+02:00,110,88,15924,14379,30523,26107,36721,34887,56627,56543,75187,74925,55615,59503,37282,47948,11611,20711,4155,4042,7827,8106,8840,11272,11302,15968,31650,33481,36670,38864,31634,40787,10759,19096,467476,223879,68738,34357,108703,46453,9738,36,33
2021-06-08T23:59:59+02:00,83,70,15003,13509,29145,25016,35355,33879,56014,56141,74895,74716,55542,59431,37260,47918,11607,20701,4075,3978,7674,7991,8687,11159,11011,15765,28852,30685,35721,37938,31474,40592,10735,19063,462913,216465,65298,34300,108663,45234,9375,36,33
2021-06-07T23:59:59+02:00,75,57,14373,12921,27775,24207,34204,33102,55539,55886,74652,74613,55506,59394,37244,47908,11607,20697,3983,3906,7480,7867,8387,11028,10645,15522,24542,26324,34265,36412,31252,40325,10707,19035,459799,204743,62271,34236,108632,43654,9022,36,32
2021-06-06T23:59:59+02:00,74,54,14051,12730,26991,23789,33555,32683,55233,55724,74498,74547,55487,59371,37230,47899,11605,20696,3917,3870,7332,7822,8232,10945,10330,15322,21743,23475,33271,35343,31113,40172,10700,19020,458666,201966,60222,29058,108608,42873,8685,36,32
2021-06-05T23:59:59+02:00,74,52,14022,12704,26949,23747,33527,32664,55228,55715,74493,74542,55483,59366,37225,47897,11605,20696,3895,3855,7297,7801,8185,10928,10269,15281,20319,21929,32479,34466,31043,40090,10696,19013,458550,197009,60117,29055,108602,42773,8684,36,32
2021-06-04T23:59:59+02:00,68,48,13793,12443,26639,23433,33191,32353,55168,55634,74454,74522,55474,59361,37224,47895,11605,20695,3864,3827,7219,7722,8128,10850,10189,15160,20212,21811,32406,34412,31011,40053,10693,19010,456655,196929,60055,29043,108570,41886,8684,36,32
2021-06-03T23:59:59+02:00,50,43,13227,11954,25602,22747,32056,31603,54679,55302,74139,74329,55404,59284,37190,47865,11599,20679,3736,3735,6947,7553,7848,10678,9864,14924,18337,19956,30440,32123,30738,39723,10670,18962,452327,188386,58556,29024,108557,40526,8276,36,29
2021-06-02T23:59:59+02:00,37,31,12537,11200,24606,21845,30916,30651,54415,55039,73948,74189,55353,59206,37174,47844,11591,20672,3702,3715,6890,7498,7792,10630,9780,14833,17818,19410,28513,29957,30639,39579,10663,18951,446018,182868,58378,29023,108556,40191,8266,36,29
2021-06-01T23:59:59+02:00,23,16,11408,10312,22473,20409,28380,28760,53004,53976,72945,73410,55052,58888,37054,47674,11557,20613,3473,3543,6394,7192,7190,10213,8929,14233,15886,17610,24751,25733,29961,38703,10587,18798,436526,168974,53909,28887,108519,38351,6964,36,27
2021-05-31T23:59:59+02:00,18,12,10545,9646,20638,19238,26334,27253,51899,53127,72242,72864,54836,58630,36981,47574,11543,20577,3332,3394,6061,6947,6791,9914,8391,13878,14826,16637,23563,24367,29575,38217,10527,18704,429741,163251,49544,28852,108501,36867,6135,36,26
2021-05-30T23:59:59+02:00,16,9,10193,9300,19915,18741,25629,26673,51561,52845,72011,72668,54760,58551,36956,47547,11535,20569,3149,3204,5711,6681,6502,9671,8174,13674,14566,16366,23270,24052,29465,38110,10512,18676,427159,162428,49136,28795,108471,35864,4677,36,26
2021-05-29T23:59:59+02:00,16,9,10177,9288,19897,18714,25611,26647,51549,52841,72006,72658,54758,58546,36955,47547,11534,20569,3147,3196,5708,6677,6497,9669,8166,13666,14556,16362,23259,24044,29461,38105,10511,18675,427002,162359,49136,28793,108471,35851,4677,36,26
2021-05-28T23:59:59+02:00,16,9,10112,9192,19761,18545,25349,26418,51390,52665,71860,72528,54721,58496,36942,47527,11531,20556,3101,3120,5617,6539,6397,9473,8055,13397,14364,16086,23107,23890,29408,38042,10504,18666,425354,161977,49099,28792,108454,34303,4676,35,25
2021-05-27T23:59:59+02:00,16,9,8848,7989,17354,16730,22569,24270,50300,51852,71194,72038,54524,58279,36851,47433,11518,20528,2804,2786,4775,5917,5504,8694,7266,12416,13245,14896,22125,22859,29026,37592,10449,18579,413432,158177,48145,28529,108319,29838,2371,35,25
2021-05-26T23:59:59+02:00,15,9,8445,7572,16478,15927,21379,23259,49696,51306,70781,71654,54373,58117,36785,47359,11507,20498,2618,2613,4409,5587,5028,8189,6789,11769,12279,13921,21230,21831,28715,37149,10403,18494,407839,154342,47415,28442,108249,26600,1623,34,24
2021-05-25T23:59:59+02:00,15,9,7870,6971,15238,15045,19929,22087,49219,50907,70535,71471,54305,58035,36763,47334,11503,20489,2543,2510,4218,5457,4783,7962,6514,11460,11725,13393,19105,19690,28347,36619,10368,18445,401083,148732,47173,28429,108205,24731,1230,34,24
2021-05-24T23:59:59+02:00,15,9,7785,6870,15015,14919,19643,21908,49118,50788,70492,71432,54304,58030,36762,47333,11501,20486,2499,2448,4134,5293,4688,7717,6390,11176,11585,13153,18992,19578,28296,36573,10361,18434,399946,148583,47095,28387,108120,23116,1215,34,23
2021-05-23T23:59:59+02:00,14,9,7769,6857,14980,14904,19589,21880,49109,50786,70488,71426,54303,58028,36762,47332,11501,20486,2497,2444,4127,5288,4679,7713,6386,11163,11564,13131,18855,19385,28265,36534,10359,18432,399765,148106,47095,28385,108120,23107,1209,34,22
2021-05-22T23:59:59+02:00,14,9,7766,6849,14970,14892,19579,21873,49109,50784,70485,71426,54303,58027,36762,47332,11501,20486,2495,2437,4120,5282,4677,7713,6383,11160,11555,13128,18843,19379,28264,36534,10359,18432,399711,148070,47095,28385,108120,23083,1207,34,22
2021-05-21T23:59:59+02:00,14,8,7692,6752,14840,14758,19373,21713,48868,50550,70343,71320,54276,58001,36755,47325,11496,20480,2424,2352,4034,5141,4574,7500,6260,10863,11386,12839,18778,19315,28248,36504,10356,18430,398140,147821,47092,28385,108095,21578,1204,33,22
2021-05-20T23:59:59+02:00,14,8,7418,6458,14256,14233,18435,20840,46186,48201,69191,70349,53924,57640,36647,47185,11465,20451,2162,2189,3672,4776,4134,6950,5710,10032,10300,11746,17506,18037,27743,35905,10283,18282,387167,142594,46930,28096,107789,17733,988,27,22
2021-05-19T23:59:59+02:00,13,7,7179,6234,13593,13751,17168,19840,42208,44713,67705,69046,53470,57118,36485,46961,11429,20399,2086,1990,3508,4436,3887,6427,5268,9353,9313,10635,16032,16398,27050,34993,10158,18073,372402,135455,46361,27953,107560,15224,969,27,12
2021-05-18T23:59:59+02:00,13,5,6982,6057,13051,13321,16072,18983,37491,40697,66254,67726,52915,56578,36338,46739,11387,20342,2040,1861,3370,4246,3702,6113,4936,8874,8449,9764,14454,14667,26342,34143,10068,17901,356316,128841,46301,27390,107403,13789,904,27,12
2021-05-17T23:59:59+02:00,13,5,6847,5961,12728,13072,15578,18593,35311,38832,65417,66945,52645,56266,36259,46631,11373,20305,1971,1801,3182,4067,3483,5886,4614,8504,7672,9064,11201,10660,25432,32996,9985,17732,352594,123637,42035,21317,107324,12489,801,27,12
2021-05-16T23:59:59+02:00,13,5,6785,5878,12603,12918,15405,18424,34822,38363,65232,66777,52589,56207,36249,46606,11368,20300,1914,1704,3079,3944,3404,5784,4508,8360,7491,8878,9014,8070,24952,32315,9951,17675,351126,122505,41530,15980,107289,11980,572,27,12
2021-05-15T23:59:59+02:00,13,5,6780,5869,12597,12912,15401,18420,34817,38360,65230,66775,52589,56206,36249,46606,11368,20300,1913,1703,3076,3938,3399,5781,4503,8357,7489,8875,9012,8068,24951,32315,9951,17675,351084,122474,41530,15980,107287,11977,569,27,12
2021-05-14T23:59:59+02:00,13,5,6583,5772,12354,12850,15169,18328,33844,37575,64696,66367,52494,56119,36232,46573,11366,20295,1797,1615,2965,3868,3342,5674,4453,8211,7443,8749,9005,8063,24950,32315,9951,17674,347731,122420,41498,15976,106826,11115,558,22,12
2021-05-13T23:59:59+02:00,13,5,6333,5585,11946,12597,14603,17879,30318,34789,62222,64292,51864,55445,36095,46354,11354,20247,1754,1577,2908,3792,3310,5582,4410,8107,7362,8630,8968,8005,24930,32274,9946,17670,333752,122175,41275,15953,106397,10595,495,22,12
2021-05-12T23:59:59+02:00,13,5,6317,5563,11874,12534,14495,17772,29684,34213,61716,63841,51692,55272,36059,46309,11347,20234,1754,1574,2907,3792,3305,5582,4408,8105,7360,8624,8961,8002,24930,32272,9946,17669,330766,122152,41265,15943,106392,10594,495,22,12
2021-05-11T23:59:59+02:00,12,5,5993,5429,11433,12258,13950,17389,25424,30728,59337,61837,51033,54593,35870,46063,11326,20171,1712,1458,2803,3531,3184,5206,4269,7660,7205,8299,8877,7921,24901,32232,9943,17658,315841,121913,41212,15754,105408,8815,371,19,11
2021-05-10T23:59:59+02:00,12,5,5865,5356,11271,12143,13732,17221,21965,27971,58094,60721,50671,54243,35778,45940,11311,20140,1674,1363,2719,3302,3083,4875,4160,7169,7083,7861,8836,7861,24889,32211,9941,17654,305946,121770,41051,15605,105117,6994,306,19,11
2021-05-09T23:59:59+02:00,12,5,5788,5324,11186,12081,13632,17140,20365,26790,57629,60338,50569,54145,35752,45899,11304,20135,1657,1343,2662,3177,3032,4734,4115,7049,7022,7762,8824,7847,24882,32205,9940,17654,305380,121708,37484,15561,104918,6337,293,19,11
2021-05-08T23:59:59+02:00,12,5,5784,5321,11174,12077,13622,17131,20357,26784,57620,60332,50566,54137,35748,45896,11302,20132,1656,1343,2662,3175,3032,4734,4112,7046,7021,7761,8823,7847,24881,32203,9940,17654,305288,121693,37483,15561,104917,6337,293,19,11
2021-05-07T23:59:59+02:00,12,5,5744,5286,11109,12027,13516,17054,19901,26427,56622,59523,50436,54006,35719,45866,11299,20118,1552,1299,2582,3131,2992,4706,4078,7022,6999,7729,8816,7839,24879,32202,9940,17653,302123,121661,37467,15554,104773,5910,288,19,11
2021-05-06T23:59:59+02:00,12,5,5490,5174,10596,11719,12812,16601,18607,25440,52369,55871,49241,52627,35388,45467,11247,20015,1328,1167,2347,2958,2822,4541,3927,6823,6847,7577,8741,7761,24858,32166,9937,17646,287003,121391,37281,15416,104221,4474,159,17,11
2021-05-05T23:59:59+02:00,12,5,5230,5075,10103,11484,12057,16152,17275,24460,48001,51730,47571,50708,34951,44898,11172,19895,1283,1072,2285,2831,2739,4361,3833,6585,6738,7378,8628,7668,24798,32092,9931,17630,269829,120917,37055,15371,103833,3513,45,17,11
2021-05-04T23:59:59+02:00,12,5,5147,4990,9787,11272,11604,15763,16300,23592,46130,49699,46504,49400,34578,44410,11106,19786,1271,1053,2256,2789,2698,4275,3781,6478,6665,7302,8586,7629,24778,32076,9930,17625,259462,120699,37031,15310,103553,3155,22,17,11
2021-05-03T23:59:59+02:00,12,5,5044,4903,9439,11105,11141,15500,15237,22728,44556,48079,45623,48447,34357,44070,11078,19697,1256,1028,2224,2758,2656,4211,3733,6424,6591,7249,8017,6941,23045,29758,9792,17388,250440,114909,37023,15228,103527,2914,14,17,11
2021-05-02T23:59:59+02:00,12,5,4982,4884,9324,11069,10997,15439,14625,22239,44037,47670,45482,48281,34310,44008,11072,19686,1252,1023,2207,2756,2643,4203,3705,6411,6571,7236,7828,6698,21081,27358,9746,17300,249233,114889,35391,10241,103472,2873,9,17,11
2021-05-01T23:59:59+02:00,12,5,4982,4882,9319,11065,10994,15437,14621,22235,44035,47666,45481,48281,34310,44008,11072,19686,1251,1023,2207,2756,2643,4203,3704,6411,6569,7236,7828,6697,21081,27358,9746,17300,249203,114885,35391,10241,103471,2872,9,17,11
2021-04-30T23:59:59+02:00,12,5,4935,4860,9252,11050,10939,15412,14546,22209,42552,46254,45146,47949,34273,43956,11067,19676,1042,928,2009,2666,2543,4142,3619,6351,6507,7178,7821,6680,21080,27356,9746,17300,245217,114876,35391,10239,103459,1840,9,17,9
2021-04-29T23:59:59+02:00,12,4,4692,4778,8783,10899,10333,15241,13861,22002,37626,41941,44136,46924,34152,43838,11063,19646,862,851,1837,2587,2457,4076,3510,6281,6435,7128,7799,6661,21075,27350,9746,17300,231498,114836,35288,10137,103119,969,9,17,9
2021-04-28T23:59:59+02:00,12,4,4517,4743,8533,10814,9981,15151,13506,21848,32989,37440,42891,45672,34026,43691,11049,19628,820,822,1800,2541,2424,4000,3474,6172,6385,7036,7780,6642,21063,27337,9742,17293,218293,114752,35270,10089,102909,478,8,15,9
2021-04-27T23:59:59+02:00,11,3,4286,4528,8190,10365,9597,14571,13040,21200,31861,36312,42612,45390,34010,43663,11045,19625,793,808,1766,2518,2406,3982,3457,6153,6351,7010,7768,6633,21058,27332,9739,17287,215568,114695,35260,10059,99458,295,8,15,9
2021-04-26T23:59:59+02:00,11,3,4265,4500,8115,10328,9489,14515,12892,21141,27452,31928,41396,44168,33930,43563,11032,19615,760,797,1736,2499,2376,3961,3433,6132,6299,6964,7721,6584,21028,27302,9739,17280,203692,114493,35251,10015,99378,91,8,14,9
2021-04-25T23:59:59+02:00,11,3,4242,4487,8083,10301,9426,14483,12799,21095,25485,29886,40696,43407,33884,43505,11028,19610,748,790,1724,2485,2358,3947,3407,6111,6266,6935,7699,6564,21011,27281,9738,17276,203025,114469,30142,9773,99243,87,7,14,9
2021-04-24T23:59:59+02:00,11,3,4223,4476,8053,10272,9385,14467,12748,21073,23983,28223,39939,42568,33819,43429,11025,19604,747,789,1721,2483,2357,3944,3407,6107,6266,6932,7697,6562,21010,27281,9738,17276,197964,114449,30142,9772,99174,85,7,14,9
2021-04-23T23:59:59+02:00,10,3,3958,4324,7584,9975,8955,14111,12186,20670,23505,27925,39853,42507,33798,43395,11019,19597,733,779,1704,2470,2337,3928,3384,6085,6244,6913,7683,6544,21005,27270,9738,17275,197617,114434,30127,9574,95611,73,7,13,9
2021-04-22T23:59:59+02:00,10,3,3865,4267,7394,9859,8677,13917,11743,20342,21180,25569,37101,39267,33271,42726,10948,19478,720,770,1676,2440,2279,3871,3311,6013,6134,6817,7604,6458,20952,27226,9735,17260,184608,114313,29938,8872,95051,71,7,13,8
2021-04-21T23:59:59+02:00,10,3,3837,4235,7267,9781,8496,13746,11409,20053,19919,24366,33891,35554,32787,42023,10886,19352,696,752,1642,2412,2235,3847,3278,5980,6092,6778,7576,6431,20934,27202,9732,17256,172857,114207,29765,8559,94973,67,7,13,8
2021-04-20T23:59:59+02:00,10,3,3803,4209,7162,9712,8283,13591,11042,19755,18826,23219,30582,31911,32314,41424,10827,19243,688,742,1627,2400,2202,3825,3235,5935,6051,6735,7537,6385,20909,27178,9726,17253,161237,114049,29743,8304,94916,65,7,13,8
2021-04-19T23:59:59+02:00,10,3,3784,4192,7088,9674,8165,13482,10787,19569,18161,22557,29709,30783,32022,41058,10785,19168,680,737,1605,2386,2178,3795,3200,5902,6017,6704,7492,6352,20878,27150,9724,17249,156401,113916,29726,8060,94850,63,7,13,8
2021-04-18T23:59:59+02:00,10,3,3781,4186,7072,9660,8150,13463,10752,19545,18073,22475,29587,30658,31994,41036,10782,19160,678,733,1590,2374,2161,3780,3176,5876,5988,6681,7470,6339,20859,27128,9721,17246,155909,113857,29658,7871,94800,62,7,13,8
2021-04-17T23:59:59+02:00,10,3,3780,4184,7070,9658,8147,13463,10746,19538,18060,22464,29565,30645,31992,41034,10782,19160,677,733,1589,2373,2160,3779,3173,5875,5986,6679,7470,6339,20859,27128,9721,17246,155830,113844,29657,7871,94794,62,7,13,8
2021-04-16T23:59:59+02:00,10,3,3613,4146,6725,9529,7781,13276,10348,19292,17611,22190,29365,30486,31910,40945,10767,19141,665,715,1577,2358,2133,3764,3119,5838,5943,6629,7377,6250,20447,26564,9691,17185,155081,112521,29649,7665,92388,59,7,13,8
2021-04-15T23:59:59+02:00,10,3,3512,4067,6374,9158,7204,12776,9572,18456,16285,20959,28168,29194,31390,40304,10687,18966,635,692,1525,2319,2051,3677,3011,5718,5615,6392,6881,5865,19718,25655,9595,17017,149338,109176,29354,7126,88373,54,7,13,8
2021-04-14T23:59:59+02:00,9,3,3457,4017,6139,8921,6874,12399,8950,17905,15171,19929,26758,27694,30758,39428,10579,18771,600,666,1479,2281,1977,3599,2869,5595,5304,6156,6335,5351,18706,24370,9510,16844,142540,104912,29155,6672,86048,48,7,12,8
2021-04-13T23:59:59+02:00,9,3,3425,3986,6047,8844,6725,12271,8648,17660,14369,19237,23408,24141,29826,38248,10475,18599,595,657,1466,2259,1950,3566,2773,5524,5088,5973,5974,5015,18408,24027,9471,16778,130918,102825,29144,6642,85840,47,7,12,8
2021-04-12T23:59:59+02:00,9,3,3403,3965,5997,8788,6637,12188,8431,17465,13752,18708,22406,22989,29402,37690,10406,18477,585,649,1456,2251,1927,3545,2717,5473,4940,5869,5658,4734,18115,23725,9433,16718,125839,101242,29126,6496,85732,47,7,12,8
2021-04-11T23:59:59+02:00,9,3,3397,3959,5979,8764,6609,12171,8391,17442,13663,18647,22276,22841,29351,37625,10397,18452,582,644,1443,2241,1914,3537,2700,5457,4903,5832,5599,4676,17942,23491,9412,16689,125298,100581,29059,6424,85600,47,7,12,8
2021-04-10T23:59:59+02:00,9,3,3389,3958,5956,8764,6587,12170,8370,17441,13638,18645,22271,22838,29347,37624,10397,18452,581,642,1437,2236,1909,3534,2694,5449,4887,5822,5587,4659,17781,23238,9398,16665,125276,100071,28968,6391,85596,47,7,12,8
2021-04-09T23:59:59+02:00,8,3,3351,3946,5908,8752,6529,12154,8331,17414,13587,18600,20319,20432,28866,37009,10367,18403,568,629,1412,2214,1883,3511,2652,5413,4816,5760,5472,4556,17204,22506,9360,16594,124588,98308,23859,6193,85515,39,7,10,8
2021-04-08T23:59:59+02:00,8,3,3327,3927,5839,8720,6454,12115,8242,17351,13443,18482,17731,17371,28343,36345,10330,18353,526,599,1324,2133,1789,3415,2474,5228,4320,5395,4671,3950,15429,20285,9175,16293,123724,91347,18006,5622,84638,28,6,10,8
2021-04-07T23:59:59+02:00,6,3,3249,3899,5629,8670,6247,12056,8034,17276,13181,18387,15071,14309,27665,35549,10300,18300,503,571,1271,2078,1695,3335,2322,5088,3910,5063,3955,3387,14578,19424,9063,16112,123516,87047,16474,5276,77826,24,5,10,8
2021-04-06T23:59:59+02:00,5,3,3221,3889,5584,8652,6177,12033,7947,17239,13107,18316,13088,11947,27033,34836,10287,18270,472,549,1203,2023,1610,3254,2160,4970,3538,4786,3429,2979,13738,18427,8989,15996,123388,83420,16272,4676,71959,20,5,10,7
2021-04-05T23:59:59+02:00,5,3,3219,3886,5548,8639,6140,12021,7902,17223,13035,18280,13042,11901,27022,34820,10286,18267,440,519,1151,1986,1558,3213,2092,4916,3450,4710,3372,2927,13595,18257,8980,15978,123365,82929,16064,4189,71796,20,4,10,7
2021-04-04T23:59:59+02:00,5,3,3218,3885,5548,8637,6139,12021,7901,17220,13035,18280,13039,11901,27021,34820,10286,18267,439,518,1150,1986,1558,3213,2092,4916,3450,4710,3372,2927,13594,18257,8980,15978,123357,82925,16064,4189,71791,20,4,10,7
2021-04-03T23:59:59+02:00,5,3,3217,3885,5548,8636,6139,12021,7901,17220,13035,18280,13039,11900,27020,34817,10286,18267,439,517,1150,1986,1557,3213,2092,4915,3444,4707,3367,2916,13507,18121,8971,15962,123352,82649,16064,4189,71789,20,4,10,7
2021-04-02T23:59:59+02:00,5,3,3217,3882,5545,8631,6135,12012,7892,17208,13010,18249,12992,11848,26993,34799,10283,18263,436,510,1148,1982,1545,3204,2082,4893,3414,4674,3336,2887,12579,16877,8906,15854,123187,80195,16061,4108,71705,20,4,10,5
2021-04-01T23:59:59+02:00,5,3,3202,3868,5507,8611,6068,11979,7821,17173,12896,18178,12875,11723,26934,34723,10274,18248,389,467,1051,1915,1446,3117,1933,4781,3218,4541,3107,2688,10563,14294,8796,15679,122869,74642,15938,3320,71268,20,3,10,5
2021-03-31T23:59:59+02:00,5,3,3201,3854,5490,8577,6036,11943,7779,17128,12816,18109,12762,11598,26883,34663,10266,18239,351,446,1015,1873,1376,3077,1829,4678,2963,4347,2696,2373,7997,11070,8622,15441,122560,67151,15899,2980,70880,19,3,10,5
2021-03-30T23:59:59+02:00,5,3,3193,3844,5465,8549,6004,11912,7741,17088,12739,18043,12676,11460,26846,34616,10261,18229,330,427,992,1841,1316,3042,1705,4598,2717,4175,2324,2125,7112,9984,8556,15315,122430,63833,15869,2705,70363,18,2,10,5
2021-03-29T23:59:59+02:00,5,3,3181,3840,5436,8530,5968,11879,7697,17055,12666,17965,12033,10703,24986,32125,10113,17973,324,425,985,1826,1295,3018,1670,4558,2571,4089,2038,1976,6462,9274,8512,15237,116451,61539,15699,2702,69996,16,2,10,5
2021-03-28T23:59:59+02:00,5,3,3151,3824,5389,8493,5919,11837,7616,17000,12556,17897,11770,10402,23001,29665,10058,17874,323,423,983,1825,1287,3014,1666,4556,2559,4081,2013,1956,6440,9260,8510,15232,116391,61412,10525,2699,69532,16,2,10,3
2021-03-27T23:59:59+01:00,5,3,3139,3820,5350,8483,5883,11822,7569,16985,12510,17850,11736,10359,22997,29657,10058,17874,323,423,983,1825,1287,3014,1665,4554,2557,4079,2011,1954,6391,9185,8477,15183,116323,61195,10524,2699,69241,16,2,10,3
2021-03-26T23:59:59+01:00,5,3,3003,3495,4902,7325,5387,10503,6957,14938,11702,15579,11517,10178,22514,28932,10013,17803,322,419,978,1822,1282,3010,1662,4552,2552,4072,2003,1948,6261,8998,8334,14998,114778,60520,10270,2687,59696,5,2,10,3
2021-03-25T23:59:59+01:00,5,3,2876,3226,4742,6559,5161,9353,6633,13217,10978,13780,10661,9376,21800,28094,9940,17648,317,410,972,1812,1267,2991,1642,4517,2515,4023,1937,1889,5971,8570,8061,14552,111878,58758,9583,2683,52579,4,2,10,3
2021-03-24T23:59:59+01:00,5,3,2828,3182,4667,6498,5027,9247,6430,13047,10468,13376,9829,8555,20791,26839,9844,17467,315,405,964,1806,1250,2980,1627,4493,2469,3966,1869,1813,5608,8098,7650,13886,107878,56527,9236,2669,50980,4,0,9,3
2021-03-23T23:59:59+01:00,5,3,2799,3149,4599,6432,4918,9153,6219,12886,10012,12954,9119,7889,20282,26237,9792,17362,303,392,946,1797,1235,2960,1599,4471,2414,3917,1789,1748,5332,7720,7262,13271,105508,54486,8905,2668,49389,3,0,8,3
2021-03-22T23:59:59+01:00,5,3,2783,3113,4539,6394,4842,9085,6080,12749,9651,12682,8515,7324,19866,25800,9732,17268,301,388,934,1791,1220,2945,1586,4457,2387,3891,1763,1727,5195,7545,6820,12461,104033,52745,8646,2663,47744,3,0,8,2
2021-03-21T23:59:59+01:00,5,3,2776,3098,4494,6372,4791,9049,5989,12681,9463,12494,8211,7067,19698,25633,9720,17243,301,388,933,1791,1219,2945,1585,4456,2384,3891,1756,1721,5186,7540,6790,12404,103833,52641,8417,2646,46529,3,0,8,2
2021-03-20T23:59:59+01:00,5,3,2776,3093,4486,6367,4785,9046,5985,12673,9443,12480,8178,7036,19524,25356,9704,17217,301,388,933,1790,1218,2945,1584,4455,2380,3883,1744,1708,5173,7491,6614,12168,103276,52150,8405,2622,46468,3,0,8,2
2021-03-19T23:59:59+01:00,5,3,2741,3070,4412,6324,4676,8996,5845,12616,9177,12292,7873,6812,19040,24765,9672,17158,301,388,932,1789,1218,2942,1581,4454,2374,3878,1728,1700,5137,7448,6212,11552,101977,51029,8163,2602,45329,3,0,8,2
2021-03-18T23:59:59+01:00,5,3,2675,2997,4250,6188,4427,8790,5488,12307,8272,11623,6612,5801,17790,23408,9524,16933,298,384,927,1779,1204,2929,1543,4439,2307,3832,1650,1658,5065,7342,5484,10447,97096,48727,7621,2560,42368,2,0,8,1
2021-03-17T23:59:59+01:00,5,3,2637,2958,4170,6091,4290,8682,5233,12032,7598,11055,5626,4907,16445,21878,9359,16679,294,383,923,1770,1200,2921,1526,4417,2240,3806,1584,1613,5020,7278,4912,9569,91699,46950,7118,2505,40823,2,0,8,1
2021-03-16T23:59:59+01:00,5,3,2617,2930,4107,6025,4198,8586,5058,11876,7149,10667,4865,4290,15595,20902,9257,16509,290,381,920,1765,1197,2914,1518,4407,2218,3787,1554,1596,4983,7235,4410,8766,88076,45514,7082,2426,39473,2,0,8,1
2021-03-15T23:59:59+01:00,5,3,2614,2919,4091,6007,4167,8560,5008,11829,7032,10553,4720,4131,15277,20492,9228,16450,288,378,919,1759,1190,2907,1504,4398,2196,3764,1513,1579,4923,7161,3834,7907,87310,43933,6987,2287,38781,1,0,8,1
2021-03-14T23:59:59+01:00,5,2,2609,2910,4070,5988,4137,8541,4965,11796,6939,10464,4616,4020,15147,20323,9212,16414,286,377,919,1757,1184,2900,1499,4387,2185,3757,1503,1572,4915,7153,3829,7894,87006,43872,6969,2245,38176,1,0,7,1
2021-03-13T23:59:59+01:00,5,2,2605,2902,4066,5976,4129,8535,4957,11787,6919,10450,4594,3994,14831,19886,9192,16378,286,377,919,1757,1184,2900,1499,4387,2185,3757,1503,1572,4915,7152,3829,7894,86122,43871,6946,2245,38133,1,0,7,1
2021-03-12T23:59:59+01:00,5,2,2543,2826,3955,5806,4010,8314,4820,11488,6741,10180,4441,3856,13909,18632,9131,16276,286,376,917,1754,1184,2897,1497,4382,2184,3750,1495,1570,4907,7133,3827,7879,83663,43794,6884,2244,36383,1,0,5,1
2021-03-11T23:59:59+01:00,4,2,2418,2600,3731,5477,3754,7876,4495,10723,6114,9366,3922,3355,12317,16645,9033,16129,286,376,913,1751,1181,2883,1488,4370,2172,3722,1452,1541,4866,7098,3815,7852,79356,43644,6722,2122,31878,1,0,5,1
2021-03-10T23:59:59+01:00,4,2,2296,2467,3578,5244,3560,7553,4230,10236,5561,8798,3353,2913,10051,13931,8888,15902,283,372,909,1742,1174,2872,1483,4354,2148,3706,1423,1533,4835,7083,3806,7844,73065,43575,6552,1993,28945,0,0,5,1
2021-03-09T23:59:59+01:00,4,2,2269,2414,3513,5158,3447,7464,4059,10041,5168,8447,2876,2555,8543,11919,8786,15753,282,371,909,1736,1167,2863,1479,4346,2140,3695,1409,1528,4827,7078,3803,7842,68212,43534,6402,1942,27799,0,0,5,1
2021-03-08T23:59:59+01:00,4,2,2245,2344,3456,5093,3373,7379,3935,9929,4876,8257,2429,2294,6625,9522,8667,15579,282,368,908,1726,1161,2847,1473,4335,2136,3688,1398,1521,4810,7056,3796,7833,62535,43423,6067,1916,27402,0,0,5,1
2021-03-07T23:59:59+01:00,4,2,2182,2288,3359,4985,3277,7290,3838,9842,4741,8162,2378,2243,6603,9501,8667,15571,282,367,907,1726,1161,2847,1472,4335,2136,3688,1398,1521,4810,7056,3796,7833,62407,43421,5386,1916,27135,0,0,5,0
2021-03-06T23:59:59+01:00,4,2,2174,2275,3347,4976,3273,7285,3829,9833,4730,8159,2376,2241,6557,9431,8635,15522,282,367,906,1722,1160,2846,1472,4332,2132,3683,1397,1516,4804,7051,3794,7824,62198,43374,5326,1916,27120,0,0,5,0
2021-03-05T23:59:59+01:00,4,2,2044,2191,3123,4787,3035,6974,3552,9438,4402,7822,2289,2180,6350,9114,8444,15261,282,365,904,1719,1160,2845,1471,4326,2129,3677,1391,1514,4798,7044,3793,7818,61222,43322,4488,1916,25297,0,0,5,0
2021-03-04T23:59:59+01:00,4,2,1790,1971,2713,4354,2578,6335,2986,8534,3717,7008,2074,2020,6059,8748,8170,14807,279,364,903,1711,1158,2828,1470,4310,2120,3665,1380,1512,4786,7030,3786,7807,59584,43198,3215,1913,21066,0,0,5,0
2021-03-03T23:59:59+01:00,4,2,1719,1885,2606,4175,2446,6112,2850,8254,3536,6747,1992,1943,5721,8275,7817,14228,278,360,903,1701,1156,2805,1466,4286,2115,3650,1356,1501,4781,7024,3782,7800,57584,43053,3072,1913,19651,0,0,5,0
2021-03-02T23:59:59+01:00,4,2,1682,1804,2538,4057,2365,5963,2745,8073,3421,6596,1920,1876,5413,7838,7419,13560,276,355,900,1682,1153,2784,1463,4268,2114,3639,1331,1495,4771,7008,3776,7793,55501,42897,2830,1913,18940,0,0,5,0
2021-03-01T23:59:59+01:00,2,2,1673,1778,2499,3949,2317,5848,2708,7971,3368,6518,1880,1856,5274,7673,6948,12696,276,353,896,1676,1151,2772,1461,4255,2112,3624,1326,1490,4768,7006,3775,7787,53645,42817,2818,1913,18492,0,0,5,0
2021-02-28T23:59:59+01:00,2,2,1656,1741,2464,3878,2288,5793,2665,7891,3341,6472,1874,1852,5266,7668,6913,12637,276,353,895,1676,1151,2772,1461,4254,2112,3623,1326,1490,4768,7005,3775,7787,53524,42814,2816,1912,18058,0,0,5,0
2021-02-27T23:59:59+01:00,2,2,1654,1735,2460,3870,2284,5793,2664,7890,3339,6469,1868,1842,5257,7624,6743,12418,276,353,885,1671,1141,2765,1451,4245,2097,3614,1325,1487,4768,7004,3775,7787,53062,42810,2816,1836,18031,0,0,5,0
2021-02-26T23:59:59+01:00,2,1,1465,1579,2335,3627,2206,5388,2572,7387,3252,6011,1853,1816,5232,7591,6484,12029,275,351,878,1664,1133,2745,1445,4224,2087,3601,1318,1478,4760,6992,3771,7774,52318,42731,2795,1767,15712,0,0,5,0
2021-02-25T23:59:59+01:00,2,1,1248,1303,2115,3193,2033,4631,2375,6442,3011,5113,1764,1744,5181,7512,5916,11189,273,343,872,1604,1099,2650,1412,4113,2031,3527,1281,1457,4720,6951,3753,7723,50451,42270,2782,1541,11536,0,0,4,0
2021-02-24T23:59:59+01:00,2,1,1195,1093,2008,2924,1928,4292,2242,6036,2841,4843,1689,1689,5123,7422,5162,10015,271,337,834,1557,1049,2559,1352,3997,1941,3399,1241,1430,4705,6925,3743,7706,48126,42013,2770,1035,9605,0,0,4,0
2021-02-23T23:59:59+01:00,2,1,1180,1044,1974,2860,1902,4194,2216,5951,2808,4781,1681,1674,5088,7373,4532,8995,271,336,807,1529,1002,2507,1299,3919,1835,3326,1189,1405,4683,6900,3732,7672,46357,41816,2743,598,9152,0,0,4,0
2021-02-22T23:59:59+01:00,2,1,1172,1003,1923,2717,1858,4048,2161,5755,2754,4675,1670,1663,5054,7325,3929,8111,269,326,764,1490,948,2424,1211,3813,1695,3231,1100,1348,4642,6830,3707,7569,44752,41361,2723,8,8343,0,0,3,0
2021-02-21T23:59:59+01:00,2,1,1170,989,1892,2655,1832,3951,2134,5651,2734,4612,1662,1657,5051,7316,3929,8107,267,324,760,1484,940,2392,1209,3777,1682,3191,1091,1333,4626,6805,3685,7528,44699,41088,2712,8,7931,0,0,3,0
2021-02-20T23:59:59+01:00,2,1,1170,989,1892,2654,1831,3951,2134,5651,2732,4607,1653,1649,5047,7310,3927,8104,267,324,760,1483,939,2388,1208,3773,1681,3189,1091,1333,4573,6744,3639,7469,44685,40856,2687,7,7929,0,0,3,0
2021-02-19T23:59:59+01:00,2,1,1170,986,1889,2649,1830,3942,2133,5642,2729,4604,1634,1641,5034,7293,3924,8098,266,323,756,1474,931,2364,1201,3731,1654,3136,1064,1295,4384,6491,3462,7178,44605,39705,2668,7,7925,0,0,3,0
2021-02-18T23:59:59+01:00,2,1,1138,903,1850,2530,1791,3804,2080,5436,2668,4429,1618,1625,5018,7259,3919,8072,238,294,711,1351,882,2159,1116,3396,1538,2841,955,1108,3901,5720,3070,6329,44450,35604,2635,7,7055,0,0,3,0
2021-02-17T23:59:59+01:00,2,1,1089,774,1769,2297,1714,3505,1971,5076,2593,4180,1595,1616,4997,7245,3911,8068,233,291,701,1333,873,2137,1104,3361,1519,2820,948,1105,3522,5201,2778,5908,44409,33829,2579,7,5412,0,0,3,0
2021-02-16T23:59:59+01:00,2,1,1048,738,1711,2193,1646,3334,1900,4870,2515,4074,1560,1602,4970,7224,3902,8056,227,285,687,1299,852,2083,1073,3244,1480,2735,925,1082,3171,4656,2440,5419,44356,31655,2417,5,4570,0,0,3,0
2021-02-15T23:59:59+01:00,2,1,1041,722,1692,2117,1627,3234,1881,4761,2501,3996,1532,1588,4941,7207,3870,8000,215,275,672,1264,833,2033,1053,3178,1438,2670,894,1051,2753,4107,2114,4858,44227,29406,2334,4,4149,0,0,3,0
2021-02-14T23:59:59+01:00,2,1,945,688,1614,2083,1566,3215,1837,4739,2466,3983,1525,1585,4932,7195,3867,7995,208,263,663,1246,814,1993,1037,3112,1408,2602,864,1006,2664,3967,2042,4675,44185,28563,2298,3,3754,0,0,1,0
2021-02-13T23:59:59+01:00,2,1,892,664,1584,2060,1551,3207,1821,4732,2458,3982,1524,1584,4932,7195,3866,7994,206,262,661,1246,814,1989,1037,3111,1407,2600,863,1006,2562,3842,1978,4575,44179,28158,2298,3,3571,0,0,1,0
2021-02-12T23:59:59+01:00,2,1,558,516,1234,1944,1379,3104,1681,4650,2351,3912,1505,1575,4923,7184,3860,7988,194,256,649,1221,800,1945,1011,3026,1351,2501,801,932,2339,3531,1836,4274,44066,26667,2298,2,2002,0,0,1,0
2021-02-11T23:59:59+01:00,2,1,392,440,1044,1831,1277,2985,1583,4536,2263,3823,1398,1531,4861,7135,3839,7941,156,192,549,978,664,1500,812,2357,1073,1911,566,684,1741,2659,1355,3087,43714,20285,2101,1,1066,0,0,1,0
2021-02-10T23:59:59+01:00,2,1,279,368,918,1726,1177,2862,1488,4351,2150,3700,1361,1518,4842,7124,3834,7939,134,130,378,617,492,1011,642,1746,905,1577,545,669,1335,2098,1040,2592,43638,15913,1997,0,4,0,0,1,0
2021-02-09T23:59:59+01:00,2,1,279,367,917,1720,1174,2853,1488,4346,2149,3695,1354,1515,4840,7122,3833,7937,131,128,369,587,473,984,621,1717,880,1546,543,666,956,1634,763,2188,43614,14188,1974,0,3,0,0,1,0
2021-02-08T23:59:59+01:00,2,1,279,365,916,1718,1171,2843,1481,4341,2147,3691,1349,1511,4838,7122,3832,7934,126,122,358,576,465,967,610,1684,862,1520,535,661,565,1147,460,1764,43586,12424,1951,0,3,0,0,1,0
2021-02-07T23:59:59+01:00,2,1,279,365,914,1718,1170,2843,1479,4339,2147,3691,1349,1511,4838,7121,3832,7934,122,119,354,570,464,960,607,1672,853,1504,527,657,564,1137,455,1749,43582,12316,1950,0,0,0,0,1,0
2021-02-06T23:59:59+01:00,2,1,279,365,914,1718,1170,2843,1479,4339,2147,3691,1349,1511,4838,7121,3832,7934,119,116,352,566,463,959,607,1670,853,1503,526,656,564,1137,455,1749,43582,12297,1950,0,0,0,0,1,0
2021-02-05T23:59:59+01:00,2,1,279,364,913,1718,1170,2842,1477,4338,2146,3691,1349,1511,4837,7119,3832,7931,118,108,349,562,455,946,603,1660,839,1480,521,646,558,1121,445,1727,43569,12140,1950,0,0,0,0,1,0
2021-02-04T23:59:59+01:00,2,1,276,359,906,1680,1163,2796,1476,4286,2133,3648,1341,1504,4809,7088,3821,7901,89,71,232,389,331,687,474,1270,628,1111,391,513,468,913,388,1485,43240,9441,1949,0,0,0,0,1,0
2021-02-03T23:59:59+01:00,2,1,274,350,901,1655,1159,2761,1465,4236,2124,3612,1333,1488,4787,7059,3809,7875,55,33,80,166,152,341,232,596,303,541,210,278,273,575,226,944,42941,5006,1949,0,0,0,0,1,0
2021-02-02T23:59:59+01:00,2,1,273,348,900,1643,1155,2742,1462,4204,2117,3586,1325,1482,4780,7046,3802,7853,16,10,25,49,60,97,73,164,97,121,45,74,67,126,50,193,42771,1268,1949,0,0,0,0,1,0
2021-02-01T23:59:59+01:00,2,1,273,343,900,1641,1154,2741,1461,4200,2116,3580,1324,1481,4778,7045,3802,7853,14,9,21,43,51,88,60,136,74,102,39,65,57,116,49,180,42745,1105,1949,0,0,0,0,1,0
2021-01-31T23:59:59+01:00,2,1,273,342,900,1637,1153,2737,1461,4195,2116,3577,1323,1481,4778,7044,3802,7853,13,8,20,38,44,80,54,125,64,96,34,54,47,108,46,174,42725,1006,1949,0,0,0,0,1,0
2021-01-30T23:59:59+01:00,2,1,273,342,895,1634,1145,2729,1453,4189,2112,3574,1323,1481,4725,6984,3756,7794,13,8,20,37,44,80,53,124,64,96,34,54,47,108,46,174,42496,1003,1915,0,0,0,0,1,0
2021-01-29T23:59:59+01:00,2,1,272,341,880,1626,1133,2708,1441,4159,2091,3547,1314,1475,4563,6781,3592,7590,11,8,20,37,41,80,52,122,61,95,32,49,46,108,46,174,41710,983,1805,0,0,0,0,1,0
2021-01-28T23:59:59+01:00,2,1,268,328,861,1539,1093,2598,1404,4059,2021,3472,1287,1463,4229,6312,3329,7237,7,4,9,17,22,39,21,56,36,63,20,31,31,70,36,117,39942,580,1560,0,0,0,0,1,0
2021-01-27T23:59:59+01:00,2,1,262,325,819,1484,1046,2504,1341,3962,1947,3365,1248,1436,3818,5749,3012,6778,3,4,9,8,12,21,8,22,14,29,11,13,15,39,14,56,37990,279,1108,0,0,0,0,1,0
2021-01-26T23:59:59+01:00,2,1,256,316,785,1438,981,2419,1280,3835,1830,3260,1190,1385,3474,5195,2664,6268,1,1,5,3,5,7,4,2,3,8,6,5,3,7,3,8,35916,72,662,0,0,0,0,1,0
2021-01-25T23:59:59+01:00,2,1,246,307,733,1377,920,2300,1179,3690,1670,3141,1111,1355,3081,4684,2355,5802,1,1,5,2,3,7,2,2,3,8,6,5,3,7,3,8,33894,67,60,0,0,0,0,0,0
2021-01-24T23:59:59+01:00,2,1,243,307,727,1373,909,2284,1174,3674,1643,3111,1105,1353,3055,4648,2338,5780,1,1,3,2,3,7,2,2,3,8,6,5,3,7,3,8,33720,65,7,0,0,0,0,0,0
2021-01-23T23:59:59+01:00,2,1,242,306,726,1373,909,2280,1173,3673,1640,3109,1104,1353,2950,4522,2272,5679,1,1,3,2,2,7,2,2,3,8,6,5,3,7,3,8,33308,64,6,0,0,0,0,0,0
2021-01-22T23:59:59+01:00,2,1,241,303,724,1358,907,2267,1167,3659,1636,3105,1102,1352,2791,4328,2170,5537,1,1,3,2,2,7,2,2,3,8,6,5,3,7,3,8,32644,64,6,0,0,0,0,0,0
2021-01-21T23:59:59+01:00,2,1,237,274,661,1202,839,2055,1086,3374,1539,2899,1060,1310,2448,3862,1881,5102,1,0,3,1,2,7,2,2,3,8,6,4,3,7,3,8,29826,61,6,0,0,0,0,0,0
2021-01-20T23:59:59+01:00,2,1,213,210,501,851,664,1565,886,2673,1302,2431,965,1176,1919,3116,1472,4338,1,0,3,1,2,7,2,2,3,6,5,4,3,7,3,8,24279,58,6,0,0,0,0,0,0
2021-01-19T23:59:59+01:00,2,1,186,191,454,744,610,1409,799,2373,1128,2124,798,920,1277,2191,1015,3274,0,0,2,1,0,0,0,0,2,1,1,0,0,0,0,0,19493,7,3,0,0,0,0,0,0
2021-01-18T23:59:59+01:00,1,1,138,136,378,619,487,1055,646,1828,937,1634,592,711,635,1271,513,1969,0,0,1,0,0,0,0,0,1,0,0,0,0,0,0,0,13549,2,2,0,0,0,0,0,0
2021-01-17T23:59:59+01:00,1,1,127,122,364,582,472,990,617,1711,878,1535,543,671,588,1174,471,1826,0,0,0,0,0,0,0,0,0,0,0,0,0,0,0,0,12673,0,0,0,0,0,0,0,0
2021-01-16T23:59:59+01:00,1,1,120,118,361,578,470,979,611,1698,872,1528,542,670,587,1169,467,1814,0,0,0,0,0,0,0,0,0,0,0,0,0,0,0,0,12586,0,0,0,0,0,0,0,0
2021-01-15T23:59:59+01:00,1,1,118,111,358,573,462,963,607,1687,857,1504,536,658,580,1153,459,1792,0,0,0,0,0,0,0,0,0,0,0,0,0,0,0,0,12420,0,0,0,0,0,0,0,0
2021-01-14T23:59:59+01:00,1,1,97,89,275,464,391,784,504,1416,700,1214,418,529,500,959,403,1607,0,0,0,0,0,0,0,0,0,0,0,0,0,0,0,0,10352,0,0,0,0,0,0,0,0
2021-01-13T23:59:59+01:00,1,1,67,49,163,282,255,519,352,923,478,780,258,324,311,634,258,1030,0,0,0,0,0,0,0,0,0,0,0,0,0,0,0,0,6685,0,0,0,0,0,0,0,0
2021-01-12T23:59:59+01:00,1,1,31,21,49,101,113,212,150,382,200,334,135,175,162,351,146,566,0,0,0,0,0,0,0,0,0,0,0,0,0,0,0,0,3130,0,0,0,0,0,0,0,0
2021-01-11T23:59:59+01:00,1,0,18,11,33,64,60,110,76,168,92,125,39,65,60,121,50,181,0,0,0,0,0,0,0,0,0,0,0,0,0,0,0,0,1274,0,0,0,0,0,0,0,0
2021-01-10T23:59:59+01:00,1,0,15,7,27,53,53,98,66,153,76,111,33,55,50,112,46,172,0,0,0,0,0,0,0,0,0,0,0,0,0,0,0,0,1128,0,0,0,0,0,0,0,0
2021-01-09T23:59:59+01:00,1,0,14,7,26,51,52,97,63,152,76,109,33,55,50,112,46,172,0,0,0,0,0,0,0,0,0,0,0,0,0,0,0,0,1116,0,0,0,0,0,0,0,0
2021-01-08T23:59:59+01:00,1,0,11,7,24,48,47,92,59,139,70,105,31,50,49,112,46,172,0,0,0,0,0,0,0,0,0,0,0,0,0,0,0,0,1063,0,0,0,0,0,0,0,0
2021-01-07T23:59:59+01:00,1,0,7,4,9,18,21,40,22,56,38,65,19,33,36,75,36,116,0,0,0,0,0,0,0,0,0,0,0,0,0,0,0,0,596,0,0,0,0,0,0,0,0
2021-01-06T23:59:59+01:00,1,0,7,4,9,15,14,30,14,39,25,53,15,25,30,67,34,101,0,0,0,0,0,0,0,0,0,0,0,0,0,0,0,0,483,0,0,0,0,0,0,0,0
2021-01-05T23:59:59+01:00,1,0,7,4,9,15,14,30,14,39,25,53,15,25,29,67,34,101,0,0,0,0,0,0,0,0,0,0,0,0,0,0,0,0,482,0,0,0,0,0,0,0,0
2021-01-04T23:59:59+01:00,1,0,2,4,8,5,4,14,3,7,6,16,6,5,6,16,4,13,0,0,0,0,0,0,0,0,0,0,0,0,0,0,0,0,120,0,0,0,0,0,0,0,0
2021-01-03T23:59:59+01:00,1,0,1,1,3,2,2,7,2,3,3,9,4,4,3,8,3,8,0,0,0,0,0,0,0,0,0,0,0,0,0,0,0,0,64,0,0,0,0,0,0,0,0
2021-01-02T23:59:59+01:00,1,0,1,1,3,2,2,7,2,3,3,9,4,4,3,8,3,8,0,0,0,0,0,0,0,0,0,0,0,0,0,0,0,0,64,0,0,0,0,0,0,0,0
2021-01-01T23:59:59+01:00,1,0,1,1,3,2,2,7,2,3,3,9,4,4,3,8,3,8,0,0,0,0,0,0,0,0,0,0,0,0,0,0,0,0,64,0,0,0,0,0,0,0,0
2020-12-31T23:59:59+01:00,1,0,1,1,3,1,2,7,2,2,3,8,4,4,3,8,3,8,0,0,0,0,0,0,0,0,0,0,0,0,0,0,0,0,61,0,0,0,0,0,0,0,0
2020-12-30T23:59:59+01:00,1,0,1,1,3,1,2,7,2,2,3,6,4,4,3,8,3,8,0,0,0,0,0,0,0,0,0,0,0,0,0,0,0,0,59,0,0,0,0,0,0,0,0
2020-12-29T23:59:59+01:00,1,0,1,1,2,1,2,6,2,2,3,6,2,2,2,8,2,7,0,0,0,0,0,0,0,0,0,0,0,0,0,0,0,0,50,0,0,0,0,0,0,0,0
2020-12-28T23:59:59+01:00,1,0,0,0,2,1,0,2,1,0,1,3,0,1,0,1,1,4,0,0,0,0,0,0,0,0,0,0,0,0,0,0,0,0,18,0,0,0,0,0,0,0,0
2020-12-27T23:59:59+01:00,0,0,0,0,0,0,0,1,1,0,1,2,0,1,0,1,1,4,0,0,0,0,0,0,0,0,0,0,0,0,0,0,0,0,12,0,0,0,0,0,0,0,0
