Datum,<15_1_m,<15_1_w,15-24_1_m,15-24_1_w,25-34_1_m,25-34_1_w,35-44_1_m,35-44_1_w,45-54_1_m,45-54_1_w,55-64_1_m,55-64_1_w,65-74_1_m,65-74_1_w,75-84_1_m,75-84_1_w,>84_1_m,>84_1_w,<15_2_m,<15_2_w,15-24_2_m,15-24_2_w,25-34_2_m,25-34_2_w,35-44_2_m,35-44_2_w,45-54_2_m,45-54_2_w,55-64_2_m,55-64_2_w,65-74_2_m,65-74_2_w,75-84_2_m,75-84_2_w,>84_2_m,>84_2_w,bp_1,bp_2,mo_1,mo_2,az_1,az_2,ja,unb_1,unb_2
2021-11-07T23:59:59+01:00,6626,6409,47639,45301,62099,53657,65096,60909,76075,73916,89481,87001,60972,65198,39853,51226,12651,22752,5395,5228,42351,40589,56363,48527,60262,56134,71110,68868,85096,82929,59056,62987,38649,49597,12149,21808,692645,642130,79730,76311,109701,103817,44779,48,61
2021-11-06T23:59:59+01:00,6617,6404,47628,45293,62083,53644,65082,60902,76072,73912,89473,86996,60972,65198,39853,51226,12651,22752,5395,5228,42350,40587,56359,48526,60261,56131,71109,68868,85096,82929,59056,62987,38649,49597,12149,21808,692547,642119,79726,76310,109701,103817,44778,48,61
2021-11-05T23:59:59+01:00,6574,6361,47485,45178,61912,53510,64955,60808,75972,73819,89402,86946,60966,65186,39853,51220,12651,22747,5380,5212,42306,40556,56303,48482,60227,56094,71069,68837,85074,82913,59049,62980,38643,49594,12148,21806,691482,641850,79720,76307,109697,103816,44639,48,61
2021-11-04T23:59:59+01:00,6433,6235,46960,44731,61383,53052,64518,60447,75646,73533,89211,86814,60935,65132,39834,51200,12644,22739,5313,5127,42131,40364,56140,48295,60082,55954,70954,68717,84975,82838,59018,62943,38627,49549,12143,21799,687669,640397,79665,76287,109697,103815,44409,48,61
2021-11-03T23:59:59+01:00,6358,6148,46552,44391,60863,52701,64167,60157,75349,73297,89019,86672,60906,65086,39820,51180,12639,22725,5278,5071,41971,40227,55938,48132,59967,55826,70843,68605,84894,82766,58984,62907,38610,49524,12139,21784,684463,639072,79610,76268,109697,103812,44253,48,61
2021-11-02T23:59:59+01:00,6306,6093,46285,44179,60496,52464,63878,59986,75146,73162,88901,86590,60886,65055,39809,51158,12632,22716,5254,5047,41864,40146,55844,48049,59880,55764,70772,68537,84844,82716,58961,62880,38597,49509,12132,21771,682353,638331,79583,76262,109697,103812,44101,48,61
2021-11-01T23:59:59+01:00,6251,6039,46067,43994,60243,52295,63642,59814,74974,73048,88814,86534,60874,65039,39799,51152,12630,22713,5229,5021,41797,40079,55751,47972,59781,55715,70699,68489,84794,82684,58954,62864,38589,49494,12128,21757,680813,637827,79572,76260,109691,103811,43838,48,61
2021-10-31T23:59:59+01:00,6246,6039,46063,43991,60238,52291,63638,59811,74973,73045,88813,86532,60874,65039,39799,51152,12630,22713,5227,5019,41797,40077,55751,47971,59780,55715,70698,68489,84794,82684,58954,62864,38589,49493,12128,21756,680779,637817,79572,76260,109691,103811,43837,48,61
2021-10-30T23:59:59+02:00,6246,6039,46063,43990,60236,52287,63638,59811,74971,73044,88812,86532,60874,65039,39799,51152,12630,22713,5227,5019,41797,40077,55750,47966,59779,55714,70698,68489,84794,82684,58954,62864,38588,49491,12128,21756,680769,637809,79572,76258,109691,103811,43836,48,61
2021-10-29T23:59:59+02:00,6220,6009,45935,43872,60020,52133,63444,59694,74833,72929,88719,86496,60865,65034,39788,51143,12628,22707,5208,5006,41739,40023,55672,47900,59697,55670,70640,68440,84764,82667,58948,62859,38586,49488,12127,21754,679675,637511,79543,76253,109691,103811,43552,48,61
2021-10-28T23:59:59+02:00,6148,5942,45669,43643,59689,51933,63183,59503,74613,72791,88599,86413,60835,65014,39780,51132,12627,22703,5180,4957,41625,39919,55521,47799,59582,55594,70546,68362,84694,82617,58930,62838,38570,49471,12121,21741,677706,636652,79509,76241,109691,103810,43303,48,61
2021-10-27T23:59:59+02:00,6077,5875,45437,43446,59415,51723,63008,59339,74460,72667,88504,86337,60818,64994,39778,51120,12623,22698,5141,4911,41446,39763,55364,47647,59480,55476,70451,68281,84643,82542,58906,62813,38548,49446,12116,21731,675978,635452,79489,76228,109690,103810,43154,48,61
2021-10-26T23:59:59+02:00,5974,5780,45134,43186,59065,51492,62786,59148,74269,72516,88405,86250,60800,64961,39770,51105,12614,22693,5065,4833,41248,39549,55188,47471,59355,55359,70369,68169,84561,82471,58875,62775,38527,49417,12114,21717,673802,634000,79475,76218,109689,103810,42974,48,61
2021-10-25T23:59:59+02:00,5968,5774,45106,43168,59026,51470,62763,59137,74244,72503,88390,86235,60799,64959,39768,51105,12614,22693,5061,4833,41237,39547,55170,47464,59340,55357,70361,68160,84556,82463,58875,62772,38526,49417,12114,21717,673626,633956,79474,76218,109689,103810,42925,48,61
2021-10-24T23:59:59+02:00,5941,5751,45012,43103,58907,51381,62672,59070,74157,72450,88344,86205,60791,64948,39765,51098,12612,22690,5052,4822,41180,39503,55100,47411,59293,55316,70327,68129,84531,82441,58863,62759,38520,49411,12113,21716,672956,633631,79467,76209,109689,103810,42776,48,61
2021-10-23T23:59:59+02:00,5941,5751,45012,43103,58907,51380,62672,59069,74157,72450,88344,86205,60791,64948,39765,51098,12612,22690,5052,4822,41180,39503,55099,47411,59293,55316,70327,68129,84531,82441,58863,62759,38520,49411,12113,21716,672954,633630,79467,76209,109689,103810,42776,48,61
2021-10-22T23:59:59+02:00,5917,5719,44917,43035,58800,51291,62561,58990,74082,72385,88294,86177,60791,64944,39763,51096,12610,22690,5034,4803,41111,39449,55044,47359,59232,55271,70297,68094,84493,82429,58856,62754,38515,49404,12112,21716,672299,633288,79455,76207,109689,103808,42609,48,61
2021-10-21T23:59:59+02:00,5856,5677,44769,42911,58635,51155,62407,58872,73961,72294,88206,86124,60773,64930,39752,51079,12606,22683,4986,4765,40987,39316,54933,47244,59130,55146,70212,68022,84433,82382,58834,62720,38498,49386,12107,21707,671086,632276,79437,76195,109689,103808,42468,48,61
2021-10-20T23:59:59+02:00,5820,5625,44631,42780,58462,51002,62284,58775,73860,72220,88158,86078,60764,64913,39734,51063,12601,22671,4936,4693,40838,39157,54770,47085,59010,55004,70122,67925,84359,82318,58797,62683,38480,49364,12104,21696,669955,630923,79414,76176,109688,103808,42373,48,61
2021-10-19T23:59:59+02:00,5792,5586,44506,42674,58327,50899,62213,58704,73817,72152,88116,86046,60740,64896,39717,51048,12594,22659,4872,4636,40635,38973,54603,46920,58907,54861,70037,67829,84294,82258,58757,62640,38464,49343,12102,21674,669073,629463,79405,76165,109688,103807,42309,48,61
2021-10-18T23:59:59+02:00,5774,5573,44451,42614,58268,50846,62182,58665,73788,72118,88094,86033,60722,64881,39714,51039,12592,22654,4857,4622,40580,38924,54550,46858,58874,54810,70001,67787,84259,82229,58739,62625,38457,49326,12099,21664,668660,628993,79403,76156,109688,103805,42246,48,61
2021-10-17T23:59:59+02:00,5762,5555,44415,42593,58237,50817,62151,58641,73770,72099,88072,86017,60715,64877,39708,51030,12590,22645,4839,4599,40540,38895,54528,46822,58850,54783,69984,67771,84239,82210,58729,62616,38455,49322,12098,21659,668380,628702,79395,76151,109688,103805,42220,48,61
2021-10-16T23:59:59+02:00,5760,5553,44415,42593,58237,50815,62151,58641,73770,72099,88072,86017,60715,64877,39708,51030,12590,22645,4839,4598,40539,38893,54528,46820,58850,54783,69984,67771,84239,82210,58729,62616,38455,49322,12098,21659,668374,628697,79395,76150,109688,103805,42220,48,61
2021-10-15T23:59:59+02:00,5745,5533,44356,42543,58181,50768,62106,58611,73733,72061,88042,85992,60702,64874,39703,51025,12587,22642,4817,4577,40483,38842,54485,46787,58810,54741,69950,67741,84211,82192,58724,62611,38446,49319,12097,21655,667978,628336,79393,76150,109686,103805,42136,48,61
2021-10-14T23:59:59+02:00,5699,5502,44280,42454,58106,50675,62036,58542,73671,71999,87981,85956,60689,64855,39691,51007,12580,22628,4770,4518,40377,38705,54421,46709,58729,54646,69876,67662,84173,82152,58690,62589,38439,49302,12094,21646,667246,627477,79384,76133,109686,103803,42024,48,61
2021-10-13T23:59:59+02:00,5658,5439,44177,42339,57997,50573,61961,58456,73615,71931,87933,85915,60671,64828,39683,50996,12577,22619,4682,4448,40193,38469,54272,46480,58603,54474,69790,67534,84086,82075,58660,62551,38419,49262,12089,21632,666332,625777,79371,76110,109686,103803,41968,48,61
2021-10-12T23:59:59+02:00,5619,5409,44051,42215,57881,50455,61875,58372,73528,71867,87872,85869,60647,64796,39677,50979,12573,22606,4630,4382,39951,38241,54060,46283,58454,54324,69697,67422,84006,82004,58626,62507,38398,49232,12080,21619,665339,624054,79366,76108,109685,103803,41890,48,61
2021-10-11T23:59:59+02:00,5601,5395,44005,42161,57829,50394,61836,58330,73488,71834,87843,85845,60632,64783,39670,50965,12567,22594,4612,4367,39904,38194,54005,46233,58408,54279,69667,67385,83983,81970,58605,62483,38385,49205,12072,21597,664865,623536,79359,76103,109685,103802,41852,48,61
2021-10-10T23:59:59+02:00,5587,5382,43978,42132,57794,50369,61803,58302,73468,71814,87828,85833,60624,64778,39669,50961,12566,22591,4603,4357,39873,38170,53967,46199,58374,54257,69643,67368,83969,81958,58600,62476,38379,49199,12070,21595,664623,623291,79354,76098,109685,103801,41806,48,61
2021-10-09T23:59:59+02:00,5586,5381,43977,42127,57794,50369,61801,58302,73468,71814,87828,85833,60624,64778,39669,50961,12566,22591,4602,4357,39871,38168,53966,46199,58372,54257,69643,67368,83969,81958,58599,62476,38379,49199,12070,21595,664615,623286,79354,76098,109685,103799,41804,48,61
2021-10-08T23:59:59+02:00,5560,5360,43929,42080,57740,50312,61752,58268,73421,71787,87804,85821,60616,64769,39663,50952,12564,22588,4590,4335,39836,38128,53937,46165,58336,54215,69608,67347,83952,81945,58595,62464,38376,49195,12069,21593,664216,623010,79353,76095,109685,103799,41721,48,61
2021-10-07T23:59:59+02:00,5496,5282,43782,41944,57615,50184,61661,58182,73344,71712,87750,85783,60603,64745,39653,50942,12561,22580,4499,4241,39646,37901,53795,45972,58209,54053,69503,67238,83897,81883,58566,62420,38355,49179,12062,21585,663161,621439,79338,76081,109685,103799,41624,48,61
2021-10-06T23:59:59+02:00,5470,5241,43642,41830,57500,50096,61581,58090,73277,71645,87691,85739,60587,64720,39640,50917,12558,22563,4438,4187,39482,37723,53663,45818,58106,53916,69412,67129,83832,81809,58531,62380,38340,49153,12060,21567,662234,620071,79319,76078,109684,103799,41537,48,61
2021-10-05T23:59:59+02:00,5430,5203,43512,41688,57387,49961,61463,58011,73207,71581,87639,85680,60568,64700,39629,50899,12554,22545,4391,4139,39351,37576,53546,45690,58010,53794,69312,67051,83773,81749,58506,62348,38322,49128,12054,21563,661190,618917,79313,76070,109684,103798,41457,48,61
2021-10-04T23:59:59+02:00,5401,5190,43434,41618,57318,49886,61416,57970,73154,71535,87605,85655,60549,64681,39624,50891,12550,22533,4372,4120,39279,37524,53478,45628,57973,53746,69275,66998,83744,81722,58480,62328,38312,49118,12052,21560,660637,618439,79309,76048,109684,103794,41367,48,61
2021-10-03T23:59:59+02:00,5391,5174,43403,41581,57266,49851,61381,57935,73125,71509,87581,85631,60538,64672,39614,50883,12547,22522,4364,4110,39248,37492,53447,45609,57947,53715,69255,66978,83723,81704,58469,62314,38306,49117,12051,21555,660311,618213,79307,76047,109684,103794,41289,48,61
2021-10-02T23:59:59+02:00,5391,5174,43402,41580,57263,49850,61381,57934,73125,71508,87581,85631,60538,64672,39614,50883,12547,22522,4364,4110,39248,37492,53447,45609,57947,53715,69255,66978,83723,81704,58469,62314,38306,49117,12051,21555,660305,618213,79305,76047,109684,103794,41289,48,61
2021-10-01T23:59:59+02:00,5378,5153,43327,41514,57195,49786,61319,57899,73074,71470,87543,85600,60523,64662,39609,50875,12547,22522,4347,4098,39193,37438,53399,45580,57907,53677,69220,66952,83699,81681,58462,62313,38303,49115,12051,21554,659826,617920,79304,76046,109684,103793,41169,48,61
2021-09-30T23:59:59+02:00,5306,5073,43149,41324,57034,49617,61196,57756,72979,71361,87471,85552,60500,64623,39591,50855,12543,22514,4228,3969,38960,37168,53239,45389,57767,53506,69118,66832,83622,81608,58445,62276,38287,49089,12045,21551,658518,616265,79291,76045,109684,103790,40938,48,61
2021-09-29T23:59:59+02:00,5270,5037,43005,41174,56891,49483,61100,57655,72894,71273,87412,85502,60475,64600,39574,50836,12539,22504,4144,3910,38771,36944,53097,45240,57675,53379,69024,66723,83556,81523,58402,62250,38275,49073,12042,21541,657488,614904,79264,76040,109684,103789,40775,48,61
2021-09-28T23:59:59+02:00,5228,4993,42797,41016,56744,49345,60996,57548,72812,71184,87352,85435,60446,64576,39560,50815,12532,22483,4085,3856,38576,36757,52955,45103,57575,53266,68941,66638,83480,81453,58374,62219,38259,49053,12040,21534,656295,613663,79256,76039,109683,103786,40615,48,61
2021-09-27T23:59:59+02:00,5196,4971,42705,40937,56648,49261,60910,57469,72749,71130,87303,85394,60423,64549,39538,50793,12523,22449,4071,3840,38490,36698,52873,45052,57502,53212,68904,66595,83437,81418,58351,62197,38249,49038,12037,21523,655634,613269,79249,76008,109683,103780,40369,48,61
2021-09-26T23:59:59+02:00,5183,4945,42660,40903,56617,49226,60892,57445,72725,71110,87289,85372,60415,64542,39534,50788,12522,22448,4061,3833,38468,36681,52838,45023,57479,53195,68882,66572,83418,81404,58345,62189,38244,49034,12037,21523,655389,613094,79243,76003,109683,103780,40288,48,61
2021-09-25T23:59:59+02:00,5183,4944,42656,40901,56617,49225,60892,57444,72724,71108,87289,85372,60415,64542,39534,50788,12522,22448,4061,3833,38465,36678,52837,45023,57479,53193,68881,66570,83418,81404,58344,62188,38244,49034,12037,21523,655383,613084,79241,76003,109683,103780,40284,48,61
2021-09-24T23:59:59+02:00,5164,4933,42569,40819,56552,49160,60826,57389,72663,71048,87250,85333,60403,64533,39529,50784,12521,22446,4056,3825,38406,36627,52788,44978,57428,53151,68835,66514,83384,81380,58333,62182,38241,49031,12036,21521,655036,612923,79237,76000,109683,103780,39952,48,61
2021-09-23T23:59:59+02:00,5091,4832,42298,40548,56324,48948,60655,57187,72509,70911,87118,85240,60350,64491,39511,50746,12515,22417,3978,3738,38167,36448,52596,44813,57277,53011,68703,66404,83284,81295,58296,62143,38228,49005,12029,21504,653441,611762,79224,75989,109682,103778,39329,48,61
2021-09-22T23:59:59+02:00,5052,4777,42144,40364,56147,48767,60507,57031,72399,70775,87026,85159,60314,64442,39491,50709,12512,22401,3937,3688,38029,36302,52436,44678,57149,52885,68625,66305,83194,81213,58262,62108,38210,48984,12026,21494,652136,610728,79210,75985,109681,103776,38975,48,61
2021-09-21T23:59:59+02:00,5016,4721,41944,40118,55921,48543,60342,56882,72306,70654,86937,85077,60275,64398,39474,50669,12503,22387,3890,3654,37867,36156,52284,44537,57028,52788,68556,66225,83118,81149,58233,62084,38186,48962,12020,21481,650561,609696,79209,75985,109681,103775,38701,48,61
2021-09-20T23:59:59+02:00,4990,4699,41837,40036,55790,48448,60239,56798,72228,70589,86879,85022,60250,64378,39461,50649,12497,22368,3882,3641,37785,36083,52168,44462,56945,52728,68494,66174,83067,81106,58210,62066,38176,48935,12017,21476,649852,609248,79199,75933,109681,103762,38411,48,61
2021-09-19T23:59:59+02:00,4985,4695,41792,40008,55715,48401,60189,56757,72187,70576,86852,85008,60243,64369,39460,50641,12497,22366,3872,3638,37753,36060,52123,44444,56911,52717,68458,66158,83044,81087,58202,62060,38173,48931,12017,21474,649593,609111,79197,75931,109678,103761,38258,48,61
2021-09-18T23:59:59+02:00,4983,4693,41780,40003,55697,48387,60170,56747,72175,70564,86842,85004,60238,64366,39459,50641,12497,22365,3871,3638,37749,36057,52107,44439,56898,52707,68449,66150,83034,81083,58197,62057,38171,48930,12017,21474,649540,609094,79196,75931,109678,103761,38181,48,61
2021-09-17T23:59:59+02:00,4929,4642,41631,39883,55581,48240,60028,56623,72039,70449,86773,84931,60202,64344,39450,50635,12494,22359,3839,3611,37642,35970,52011,44322,56807,52614,68341,66072,82974,81025,58166,62040,38164,48922,12015,21470,648709,608619,79195,75931,109678,103761,37633,48,61
2021-09-16T23:59:59+02:00,4832,4541,41350,39610,55325,47954,59793,56351,71848,70270,86644,84799,60150,64287,39427,50612,12483,22344,3734,3508,37364,35751,51806,44086,56624,52410,68195,65926,82864,80926,58113,62005,38146,48898,12006,21459,646787,607136,79191,75925,109671,103746,36953,48,61
2021-09-15T23:59:59+02:00,4767,4476,41115,39356,55087,47670,59578,56132,71691,70127,86524,84694,60107,64231,39399,50582,12474,22320,3674,3460,37158,35565,51632,43876,56485,52266,68087,65825,82768,80824,58067,61972,38122,48873,12004,21445,644994,605918,79189,75922,109671,103746,36456,48,61
2021-09-14T23:59:59+02:00,4739,4446,40992,39230,54959,47579,59489,56016,71593,70033,86447,84635,60088,64204,39385,50570,12471,22316,3660,3447,37084,35492,51539,43820,56413,52196,68011,65763,82710,80787,58049,61946,38107,48853,11998,21437,644233,605505,79189,75922,109671,103745,36079,48,61
2021-09-13T23:59:59+02:00,4711,4432,40888,39126,54869,47483,59425,55916,71521,69977,86404,84594,60058,64172,39379,50559,12467,22311,3639,3429,37009,35422,51452,43759,56354,52131,67946,65729,82670,80760,58025,61919,38098,48842,11997,21431,643524,605060,79188,75871,109670,103730,35890,48,61
2021-09-12T23:59:59+02:00,4702,4418,40856,39099,54848,47460,59399,55885,71492,69945,86390,84574,60050,64163,39377,50556,12465,22307,3630,3425,36972,35391,51434,43740,56329,52113,67925,65701,82649,80741,58014,61906,38093,48831,11997,21429,643308,604855,79179,75866,109669,103728,35810,48,61
2021-09-11T23:59:59+02:00,4693,4416,40841,39073,54821,47433,59380,55868,71469,69933,86379,84566,60049,64160,39376,50555,12465,22305,3627,3423,36955,35380,51413,43721,56316,52100,67903,65690,82636,80737,58012,61905,38091,48831,11997,21428,643213,604810,79179,75865,109669,103728,35701,48,61
2021-09-10T23:59:59+02:00,4648,4376,40662,38902,54664,47297,59262,55716,71344,69830,86291,84484,60021,64132,39366,50543,12461,22298,3609,3404,36829,35291,51304,43628,56223,52009,67809,65624,82563,80681,57993,61884,38082,48817,11990,21422,642308,604387,79177,75865,109669,103728,35121,48,61
2021-09-09T23:59:59+02:00,4574,4288,40420,38684,54470,47075,59085,55496,71197,69663,86189,84389,59996,64089,39347,50518,12453,22293,3551,3340,36617,35117,51128,43477,56072,51844,67666,65504,82453,80602,57953,61838,38065,48795,11985,21414,640834,603246,79176,75863,109669,103728,34524,48,60
2021-09-08T23:59:59+02:00,4475,4193,40193,38425,54271,46893,58909,55328,71086,69546,86097,84310,59960,64049,39339,50486,12447,22286,3441,3235,36332,34848,50893,43262,55871,51658,67529,65373,82339,80498,57919,61782,38042,48756,11974,21400,639412,601492,79171,75855,109669,103728,34017,48,60
2021-09-07T23:59:59+02:00,4401,4131,39991,38255,54140,46773,58807,55220,71009,69457,86035,84243,59936,64021,39328,50471,12444,22283,3412,3209,36203,34741,50788,43181,55788,51594,67459,65304,82274,80441,57886,61749,38030,48733,11968,21392,638395,600829,79165,75841,109665,103727,33695,48,60
2021-09-06T23:59:59+02:00,4360,4083,39889,38153,54060,46701,58740,55144,70964,69402,85991,84205,59916,64004,39325,50466,12442,22279,3379,3185,36088,34626,50692,43110,55705,51509,67399,65233,82220,80379,57859,61718,38019,48720,11967,21390,637717,600067,79165,75803,109663,103715,33553,48,60
2021-09-05T23:59:59+02:00,4347,4065,39854,38123,54038,46670,58704,55117,70936,69379,85967,84182,59913,64001,39322,50461,12441,22275,3375,3179,36062,34605,50663,43087,55672,51488,67380,65216,82202,80363,57851,61713,38016,48714,11965,21387,637494,599915,79164,75799,109662,103715,33449,48,60
2021-09-04T23:59:59+02:00,4347,4063,39845,38120,54035,46662,58703,55115,70934,69375,85963,84175,59913,63999,39322,50461,12441,22275,3374,3178,36050,34602,50660,43080,55668,51487,67378,65212,82199,80359,57850,61711,38016,48714,11965,21387,637474,599897,79164,75798,109662,103713,33422,48,60
2021-09-03T23:59:59+02:00,4309,4033,39732,38008,53935,46592,58624,55033,70864,69315,85899,84144,59895,63983,39316,50456,12438,22272,3361,3163,35971,34534,50574,43033,55605,51431,67319,65169,82154,80327,57835,61697,38008,48708,11959,21386,636902,599575,79164,75792,109662,103713,33094,48,60
2021-09-02T23:59:59+02:00,4268,3990,39554,37850,53792,46432,58483,54906,70738,69197,85821,84079,59847,63946,39293,50428,12436,22262,3344,3149,35844,34448,50461,42949,55505,51343,67218,65088,82080,80265,57788,61665,37991,48684,11954,21379,635888,599014,79164,75791,109662,103708,32582,48,60
2021-09-01T23:59:59+02:00,4207,3920,39360,37677,53629,46290,58363,54792,70644,69110,85760,84002,59803,63915,39277,50415,12434,22251,3210,3028,35509,34103,50227,42686,55306,51147,67056,64921,81948,80158,57739,61608,37959,48657,11949,21373,634766,596793,79153,75781,109661,103707,32243,48,60
2021-08-31T23:59:59+02:00,4158,3873,39224,37527,53497,46177,58259,54686,70557,69036,85682,83946,59774,63887,39259,50386,12432,22248,3189,3011,35388,34000,50083,42586,55193,51062,66961,64854,81866,80104,57700,61572,37945,48637,11943,21370,633836,596207,79151,75780,109659,103480,31937,47,60
2021-08-30T23:59:59+02:00,4107,3828,39114,37401,53393,46092,58174,54607,70495,68958,85621,83899,59756,63862,39248,50375,12430,22242,3176,2992,35314,33927,50005,42526,55117,50991,66900,64791,81812,80046,57674,61545,37931,48616,11942,21359,632994,595615,79148,75745,109659,103468,31776,47,60
2021-08-29T23:59:59+02:00,4096,3819,39096,37383,53374,46075,58159,54588,70487,68948,85605,83882,59754,63860,39244,50371,12429,22241,3170,2985,35285,33902,49974,42507,55105,50965,66877,64764,81789,80032,57664,61529,37926,48611,11939,21358,632875,595419,79145,75728,109659,103468,31707,47,60
2021-08-28T23:59:59+02:00,4096,3819,39095,37383,53373,46074,58159,54588,70486,68946,85605,83882,59754,63860,39244,50371,12429,22241,3170,2985,35285,33901,49974,42507,55103,50965,66876,64763,81789,80032,57664,61529,37926,48611,11939,21358,632871,595416,79145,75728,109659,103468,31705,47,60
2021-08-27T23:59:59+02:00,4060,3777,38974,37284,53272,45968,58077,54493,70396,68868,85542,83823,59728,63836,39232,50361,12429,22239,3164,2969,35182,33843,49872,42444,55031,50892,66784,64700,81735,79993,57639,61509,37915,48601,11938,21357,632230,595009,79145,75728,109654,103466,31305,47,60
2021-08-26T23:59:59+02:00,3976,3714,38781,37101,53100,45800,57940,54343,70266,68753,85414,83731,59681,63789,39208,50341,12422,22229,3137,2931,35004,33670,49718,42276,54870,50731,66653,64570,81588,79880,57591,61447,37886,48575,11933,21349,631042,593842,79142,75717,109651,103461,30729,47,60
2021-08-25T23:59:59+02:00,3880,3645,38613,36902,52946,45605,57824,54201,70165,68652,85320,83638,59645,63748,39190,50322,12420,22222,3020,2797,34622,33255,49444,41955,54630,50467,66459,64367,81407,79708,57503,61365,37864,48537,11921,21337,629792,591093,79141,75715,109651,103461,30329,47,60
2021-08-24T23:59:59+02:00,3859,3629,38526,36828,52867,45535,57767,54148,70111,68606,85274,83598,59613,63722,39181,50305,12417,22212,2977,2767,34474,33127,49322,41866,54542,50382,66356,64273,81316,79631,57454,61320,37856,48521,11916,21328,629353,590167,79137,75711,109649,103456,30034,47,60
2021-08-23T23:59:59+02:00,3831,3593,38431,36732,52784,45471,57710,54083,70052,68553,85220,83559,59595,63695,39171,50292,12415,22204,2959,2736,34334,32991,49197,41789,54441,50297,66262,64177,81226,79568,57418,61270,37836,48501,11915,21317,628818,589286,79133,75677,109647,103443,29768,47,60
2021-08-22T23:59:59+02:00,3823,3592,38401,36718,52769,45452,57693,54070,70026,68534,85203,83545,59585,63685,39169,50283,12410,22202,2951,2718,34286,32952,49169,41752,54405,50270,66219,64152,81190,79541,57403,61256,37833,48492,11910,21314,628711,588998,79131,75666,109646,103442,29647,47,60
2021-08-21T23:59:59+02:00,3820,3589,38381,36712,52759,45441,57678,54064,70012,68522,85197,83536,59578,63683,39168,50283,12410,22202,2951,2718,34274,32948,49158,41743,54391,50265,66207,64141,81184,79534,57399,61255,37833,48492,11910,21314,628669,588985,79130,75664,109645,103442,29566,47,60
2021-08-20T23:59:59+02:00,3800,3557,38311,36641,52676,45369,57601,54000,69938,68469,85134,83488,59561,63663,39165,50279,12410,22196,2933,2704,34176,32842,49043,41674,54298,50190,66112,64073,81114,79480,57379,61231,37827,48487,11909,21310,628299,588461,79128,75661,109645,103439,29161,47,60
2021-08-19T23:59:59+02:00,3772,3523,38140,36499,52514,45228,57479,53896,69809,68348,85035,83412,59531,63619,39150,50262,12406,22184,2899,2651,33823,32592,48754,41427,54080,49994,65904,63885,80938,79346,57324,61158,37781,48449,11904,21299,627407,586547,79126,75563,109636,103425,28613,47,60
2021-08-18T23:59:59+02:00,3722,3473,37951,36343,52384,45104,57383,53791,69700,68253,84959,83348,59492,63576,39135,50242,12404,22176,2829,2578,33441,32180,48451,41170,53823,49715,65683,63671,80753,79184,57242,61071,37745,48407,11900,21287,626403,583967,79123,75434,109634,103418,28251,47,60
2021-08-17T23:59:59+02:00,3661,3425,37787,36183,52262,44976,57302,53694,69605,68167,84885,83286,59457,63543,39122,50219,12399,22167,2729,2501,33050,31736,48123,40852,53531,49424,65437,63428,80552,78974,57133,60960,37703,48358,11888,21276,625437,580852,79123,75420,109629,103397,27926,47,60
2021-08-16T23:59:59+02:00,3605,3370,37641,36041,52166,44880,57229,53624,69535,68098,84832,83241,59435,63514,39108,50202,12393,22159,2596,2393,32489,31177,47730,40438,53138,49036,65131,63159,80329,78778,57057,60844,37670,48303,11879,21254,624529,576808,79119,75385,109629,103377,27771,47,60
2021-08-15T23:59:59+02:00,3596,3361,37607,36017,52133,44862,57202,53590,69519,68082,84821,83230,59423,63510,39105,50193,12393,22157,2579,2382,32410,31080,47658,40374,53074,48974,65087,63117,80286,78750,57039,60824,37662,48290,11878,21250,624339,576243,79119,75355,109628,103366,27690,47,60
2021-08-14T23:59:59+02:00,3591,3356,37599,36010,52127,44858,57196,53583,69515,68079,84813,83226,59416,63505,39104,50191,12393,22157,2578,2380,32402,31072,47647,40370,53065,48965,65084,63114,80279,78748,57034,60819,37661,48288,11878,21250,624306,576210,79116,75354,109628,103366,27644,47,60
2021-08-13T23:59:59+02:00,3574,3342,37528,35968,52066,44806,57129,53532,69446,68038,84747,83190,59394,63493,39093,50176,12390,22151,2555,2352,32261,30957,47520,40271,52943,48864,64982,63034,80190,78698,57011,60798,37648,48278,11876,21245,623993,575403,79116,75353,109628,103366,27301,47,60
2021-08-12T23:59:59+02:00,3535,3315,37399,35845,51976,44716,57058,53449,69352,67965,84673,83124,59365,63469,39081,50163,12390,22148,2476,2262,31731,30470,47136,39919,52550,48509,64656,62801,79969,78486,56919,60711,37603,48235,11871,21228,623276,571911,79115,75321,109626,103259,26981,47,60
2021-08-11T23:59:59+02:00,3493,3275,37247,35701,51864,44607,56935,53326,69254,67875,84588,83043,59325,63431,39060,50147,12386,22144,2356,2182,31084,29848,46627,39531,52121,48073,64353,62523,79756,78282,56823,60605,37567,48162,11858,21211,622372,567864,79109,75297,109624,103171,26570,47,60
2021-08-10T23:59:59+02:00,3445,3230,37089,35554,51750,44485,56830,53221,69189,67805,84522,82986,59301,63394,39042,50133,12379,22139,2189,2033,30197,28868,45890,38832,51453,47467,63966,62159,79507,78039,56718,60500,37522,48093,11850,21199,621432,561650,79107,75296,109621,103168,26308,47,60
2021-08-09T23:59:59+02:00,3409,3201,36993,35446,51671,44417,56771,53178,69158,67762,84492,82954,59284,63380,39030,50114,12378,22137,2053,1913,29486,28123,45219,38246,50881,46881,63595,61801,79226,77789,56597,60403,37478,48038,11843,21185,620846,557528,79105,73849,109620,103142,26178,47,60
2021-08-08T23:59:59+02:00,3400,3187,36965,35428,51646,44391,56754,53167,69140,67743,84472,82938,59280,63375,39025,50107,12377,22136,2019,1888,29359,27982,45074,38151,50782,46796,63539,61744,79177,77748,56560,60385,37468,48027,11843,21182,620669,556600,79104,73841,109619,103110,26113,47,60
2021-08-07T23:59:59+02:00,3400,3187,36963,35422,51636,44390,56752,53167,69136,67740,84471,82936,59279,63375,39025,50107,12377,22136,2019,1888,29350,27974,45059,38148,50781,46791,63536,61739,79174,77745,56557,60384,37467,48027,11843,21181,620661,556565,79103,73839,109619,103109,26090,47,60
2021-08-06T23:59:59+02:00,3389,3172,36897,35367,51555,44325,56686,53127,69094,67707,84439,82909,59267,63356,39014,50101,12374,22134,1981,1845,29111,27740,44846,37964,50598,46644,63398,61619,79075,77677,56532,60358,37452,48017,11840,21178,620388,555096,79099,73831,109619,103107,25781,47,60
2021-08-05T23:59:59+02:00,3356,3134,36744,35235,51441,44190,56565,53012,68979,67593,84313,82833,59224,63303,38991,50081,12365,22124,1861,1714,28412,27120,44260,37477,50039,46188,63040,61320,78783,77457,56422,60263,37413,47963,11832,21162,619592,550770,79098,73821,109619,102927,25148,47,60
2021-08-04T23:59:59+02:00,3297,3071,36543,35066,51292,44042,56427,52897,68855,67464,84197,82720,59157,63245,38973,50052,12361,22114,1660,1537,27266,26003,43301,36600,49078,45282,62449,60713,78286,77017,56211,60081,37354,47873,11818,21142,618508,542426,79087,73780,109619,102874,24531,47,60
2021-08-03T23:59:59+02:00,3223,3013,36325,34870,51140,43904,56303,52775,68724,67351,84109,82647,59114,63201,38953,50022,12352,22099,1458,1332,26185,24887,42359,35700,48179,44394,61903,60181,77838,76612,56042,59894,37292,47785,11799,21110,617166,534074,79079,73731,109615,102848,24237,47,60
2021-08-02T23:59:59+02:00,3178,2959,36182,34720,51031,43792,56211,52676,68638,67260,84024,82572,59074,63153,38938,50002,12344,22087,1269,1167,25283,23897,41508,34956,47451,43652,61420,59705,77451,76268,55878,59745,37242,47706,11782,21089,616191,527098,79078,73676,109614,102705,23930,47,60
2021-08-01T23:59:59+02:00,3173,2953,36165,34698,51004,43773,56191,52649,68608,67247,84010,82560,59068,63148,38936,49998,12344,22087,1224,1136,25024,23648,41259,34754,47218,43455,61279,59568,77335,76171,55842,59716,37227,47693,11778,21085,616045,525230,79075,73634,109613,102637,23851,47,60
2021-07-31T23:59:59+02:00,3172,2952,36160,34697,51004,43772,56189,52648,68607,67246,84010,82559,59068,63148,38936,49998,12344,22086,1221,1135,25017,23632,41251,34745,47213,43449,61270,59566,77333,76168,55842,59712,37227,47693,11778,21084,616032,525159,79075,73633,109613,102636,23848,47,60
2021-07-30T23:59:59+02:00,3155,2939,36099,34634,50935,43723,56126,52587,68551,67205,83972,82519,59056,63135,38932,49991,12341,22083,1164,1080,24694,23324,40979,34532,46952,43254,61081,59435,77183,76052,55810,59673,37213,47681,11778,21084,615742,523223,79071,73630,109610,102525,23532,47,59
2021-07-29T23:59:59+02:00,3132,2911,35960,34512,50806,43597,56031,52487,68480,67140,83901,82467,59031,63117,38920,49982,12341,22082,1020,963,23738,22341,40096,33780,46050,42469,60533,58990,76822,75747,55690,59535,37173,47626,11771,21073,614869,516160,79052,73504,109610,102356,23338,47,59
2021-07-28T23:59:59+02:00,3082,2856,35718,34274,50587,43423,55833,52336,68334,66997,83787,82369,58980,63070,38898,49944,12331,22074,821,807,22518,21108,38772,32672,44731,41290,59730,58328,76316,75286,55495,59347,37104,47522,11757,21048,613495,506348,79045,73333,109609,102198,22714,47,59
2021-07-27T23:59:59+02:00,3057,2837,35610,34156,50502,43341,55754,52285,68272,66928,83726,82297,58939,63027,38886,49929,12330,22065,666,648,21282,19722,37347,31341,43364,39987,59101,57731,75895,74874,55332,59170,37046,47467,11746,21025,612769,495941,79029,73154,109608,102085,22505,47,59
2021-07-26T23:59:59+02:00,3038,2818,35549,34060,50444,43287,55712,52237,68228,66892,83690,82270,58925,63011,38874,49917,12329,22063,564,563,20265,18625,36098,30225,42093,38836,58606,57326,75608,74620,55235,59070,37025,47432,11740,21011,612248,487698,79022,72828,109608,101921,22436,47,59
2021-07-25T23:59:59+02:00,3028,2813,35502,34018,50399,43239,55684,52214,68205,66867,83660,82247,58909,63004,38871,49914,12326,22057,495,492,19867,18261,35680,29894,41684,38529,58410,57170,75449,74511,55188,59031,37003,47413,11737,21007,611953,484969,79016,72553,109608,101890,22350,47,59
2021-07-24T23:59:59+02:00,3028,2813,35496,34015,50397,43235,55682,52213,68204,66867,83658,82246,58909,63004,38870,49914,12326,22057,495,492,19859,18247,35668,29883,41677,38528,58406,57167,75445,74509,55188,59031,37002,47413,11737,21007,611945,484919,79015,72552,109608,101888,22336,47,59
2021-07-23T23:59:59+02:00,3004,2787,35346,33897,50249,43134,55564,52107,68107,66772,83567,82195,58878,62976,38860,49909,12321,22054,469,476,19620,18024,35405,29705,41406,38343,58239,57037,75309,74431,55149,59007,36990,47403,11731,21001,611318,483785,79015,72259,109608,101886,21756,47,59
2021-07-22T23:59:59+02:00,2953,2703,34907,33530,49942,42902,55302,51881,67878,66589,83391,82046,58792,62884,38824,49862,12310,22036,425,427,18831,17363,34309,28971,40279,37510,57500,56568,74756,74056,54968,58828,36924,47319,11710,20975,609182,478259,79001,70824,109604,101666,20912,47,58
2021-07-21T23:59:59+02:00,2898,2645,34597,33206,49702,42690,55114,51692,67686,66404,83263,81921,58727,62831,38793,49823,12299,22026,383,386,18005,16544,32994,27977,39019,36552,56803,56004,74304,73693,54822,58653,36858,47235,11698,20942,607360,472357,78948,68632,109603,101452,20373,47,58
2021-07-20T23:59:59+02:00,2822,2582,34239,32818,49420,42458,54944,51496,67506,66247,83123,81801,58665,62775,38765,49778,12298,22011,327,307,16857,15431,31281,26580,37283,35095,56004,55354,73757,73245,54652,58464,36807,47149,11680,20904,605268,463182,78913,66894,109601,101111,19932,47,58
2021-07-19T23:59:59+02:00,2738,2511,33679,32256,49113,42148,54670,51231,67310,66034,82949,81632,58598,62693,38720,49726,12291,21996,293,259,16199,14865,30330,25900,36416,34379,55564,54931,73428,73006,54565,58378,36770,47097,11674,20882,602069,459473,78852,64728,109600,100937,19740,47,58
2021-07-18T23:59:59+02:00,2710,2493,33580,32138,49021,42093,54614,51171,67249,65985,82905,81590,58571,62667,38709,49713,12289,21989,277,238,15881,14605,29762,25522,35922,34027,55308,54768,73282,72905,54523,58338,36762,47082,11673,20878,601460,458025,78836,63204,109599,100909,19558,47,57
2021-07-17T23:59:59+02:00,2710,2493,33579,32135,49015,42092,54611,51169,67249,65984,82905,81589,58571,62666,38709,49713,12289,21989,277,238,15876,14598,29746,25506,35917,34022,55303,54767,73282,72905,54523,58338,36762,47082,11673,20878,601449,457973,78834,63200,109594,100906,19557,47,57
2021-07-16T23:59:59+02:00,2651,2428,32971,31614,48523,41743,54218,50833,66867,65661,82592,81358,58452,62553,38659,49664,12285,21982,269,227,15460,14275,29252,25130,35469,33690,54965,54512,73022,72713,54412,58250,36727,47044,11670,20874,599229,456570,78830,63071,109593,100899,17364,47,57
2021-07-15T23:59:59+02:00,2519,2297,32110,30830,47904,41169,53646,50352,66440,65313,82338,81116,58361,62456,38625,49621,12277,21964,240,201,14624,13603,27925,24304,34164,32874,54284,54111,72608,72487,54318,58153,36698,47010,11663,20858,594214,452369,78818,60708,109592,100316,16675,47,57
2021-07-14T23:59:59+02:00,2413,2211,31568,30303,47416,40734,53229,49955,66113,65035,82100,80866,58258,62360,38592,49571,12267,21951,193,162,13384,12473,25929,22845,32260,31350,53532,53514,72096,72146,54178,58027,36655,46949,11653,20842,590370,443215,78799,58797,109591,99978,16142,47,56
2021-07-13T23:59:59+02:00,2356,2141,31303,30033,47145,40510,52980,49726,65908,64848,81932,80718,58191,62284,38566,49534,12257,21939,169,140,12393,11631,24197,21536,30316,29759,52337,52342,71274,71352,53929,57750,36568,46834,11635,20815,588219,436478,78785,55878,109583,96821,15744,47,56
2021-07-12T23:59:59+02:00,2129,1934,30443,29104,46491,39976,52409,49158,65517,64459,81654,80447,58056,62158,38524,49477,12247,21918,148,123,11643,11007,22803,20554,28574,28380,51374,51479,70531,70732,53670,57469,36501,46716,11622,20784,581992,428360,78766,53308,109583,96666,15720,47,56
2021-07-11T23:59:59+02:00,2084,1896,30323,28997,46426,39905,52356,49095,65460,64404,81593,80404,58035,62138,38518,49459,12242,21913,145,115,11481,10859,22529,20364,28208,28107,51169,51333,70358,70587,53617,57389,36479,46699,11613,20777,581173,426288,78760,53265,109581,96529,15694,47,53
2021-07-10T23:59:59+02:00,2084,1894,30320,28990,46422,39899,52354,49093,65457,64403,81591,80401,58035,62136,38517,49459,12242,21913,145,115,11469,10841,22514,20348,28192,28094,51162,51328,70355,70584,53617,57389,36478,46699,11613,20777,581143,426199,78759,53263,109581,96518,15687,47,53
2021-07-09T23:59:59+02:00,2040,1856,30087,28760,46206,39718,52170,48923,65295,64290,81486,80320,58005,62106,38502,49444,12238,21911,144,109,11085,10570,21869,19909,27525,27541,50454,50759,69772,70172,53515,57302,36455,46665,11608,20766,579946,425117,78753,52948,109576,93059,15043,46,53
2021-07-08T23:59:59+02:00,1901,1729,29427,28230,45598,39214,51615,48455,64892,63979,81185,80085,57913,62014,38470,49393,12233,21897,106,81,9906,9471,19925,18280,25055,25559,49417,49956,69144,69632,53289,57088,36379,46578,11593,20740,575684,414580,78731,50523,109560,92827,14216,46,53
2021-07-07T23:59:59+02:00,1688,1531,28311,27029,44551,38247,50518,47458,64234,63339,80642,79601,57710,61783,38403,49308,12220,21856,82,70,9370,8997,18835,17440,23657,24356,48591,49308,68597,69141,53089,56847,36303,46479,11577,20700,566407,408235,78715,48907,109558,92534,13710,46,53
2021-07-06T23:59:59+02:00,1486,1373,27234,25992,43532,37325,49580,46523,63634,62777,80207,79192,57527,61600,38347,49213,12196,21829,61,45,8658,8258,17504,16435,22044,23075,47982,48854,68220,68874,52972,56733,36253,46442,11570,20685,558151,400773,78704,48479,109555,92242,13118,46,53
2021-07-05T23:59:59+02:00,1329,1249,26093,24749,42455,36331,48527,45452,62969,62201,79770,78788,57353,61412,38294,49137,12187,21806,49,35,8406,8031,17001,16111,21478,22687,47674,48626,68024,68726,52919,56660,36227,46422,11567,20680,548856,398168,78696,48162,109555,91987,12955,46,51
2021-07-04T23:59:59+02:00,1264,1185,25771,24425,42145,36070,48275,45265,62823,62065,79656,78691,57317,61372,38283,49118,12185,21803,42,34,8150,7872,16728,15914,21193,22489,47549,48526,67944,68649,52895,56636,36212,46417,11565,20679,546540,397128,78666,47500,109554,91902,12913,46,51
2021-07-03T23:59:59+02:00,1264,1184,25763,24410,42132,36064,48273,45265,62819,62064,79655,78690,57316,61372,38283,49118,12185,21803,42,34,8144,7864,16717,15904,21186,22482,47542,48525,67939,68648,52894,56636,36212,46417,11565,20679,546507,397094,78665,47499,109554,91892,12894,46,51
2021-07-02T23:59:59+02:00,1196,1127,25447,24059,41810,35787,48015,45008,62676,61918,79581,78619,57299,61349,38277,49106,12181,21798,41,31,7965,7715,16345,15638,20741,22175,46575,47745,67441,68298,52810,56544,36197,46399,11564,20676,544125,394605,78663,47496,109549,89872,12876,46,51
2021-07-01T23:59:59+02:00,1141,1077,25071,23695,41427,35436,47618,44657,62426,61677,79391,78448,57236,61286,38246,49065,12174,21788,35,27,7573,7376,15531,14853,19569,21140,45036,46258,66225,67221,52501,56241,36100,46279,11540,20649,540976,388770,78561,46670,109539,85920,12743,46,51
2021-06-30T23:59:59+02:00,1068,1011,24647,23252,40999,35066,47207,44276,62196,61469,79220,78299,57156,61208,38218,49014,12166,21767,28,20,7197,7017,14582,14052,18134,19931,41817,43527,64525,65775,52031,55740,35950,46085,11513,20599,537524,376725,78528,45972,109535,83163,12612,46,51
2021-06-29T23:59:59+02:00,977,902,24141,22717,40478,34642,46775,43860,61935,61186,79007,78120,57077,61144,38189,48970,12160,21748,19,18,6920,6707,13913,13553,16973,19003,37483,39838,63167,64514,51543,55240,35817,45906,11482,20556,533436,361387,78519,45759,109535,82957,12498,46,51
2021-06-28T23:59:59+02:00,948,869,23803,22327,40017,34250,46357,43493,61695,60931,78815,77965,57003,61075,38160,48940,12157,21733,17,10,6609,6390,13256,13051,15954,18164,33841,36787,62040,63478,51188,54844,35722,45756,11457,20518,531670,352707,76833,41062,109533,82800,12462,46,51
2021-06-27T23:59:59+02:00,934,856,23711,22236,39942,34188,46298,43433,61662,60893,78779,77935,56988,61064,38154,48933,12156,21728,16,9,6516,6319,13018,12910,15531,17927,33002,36139,61781,63277,51097,54773,35705,45734,11455,20514,531059,349798,76827,40793,109527,82644,12437,46,51
2021-06-26T23:59:59+02:00,934,856,23705,22230,39932,34184,46296,43431,61660,60892,78779,77935,56988,61064,38154,48932,12156,21728,16,9,6513,6311,13009,12896,15523,17920,32998,36138,61774,63274,51095,54767,35705,45734,11455,20513,531027,349727,76826,40792,109526,82643,12437,46,51
2021-06-25T23:59:59+02:00,911,829,23592,22113,39845,34096,46214,43359,61615,60844,78732,77913,56977,61052,38151,48929,12155,21726,15,8,6417,6196,12901,12766,15384,17757,32281,35477,61383,62948,51017,54683,35697,45713,11452,20512,530227,346716,76825,40780,109525,82624,12436,46,51
2021-06-24T23:59:59+02:00,844,771,23205,21695,39490,33784,45863,43054,61410,60650,78572,77775,56923,60998,38129,48899,12150,21715,14,5,6078,5900,12338,12305,14674,17069,28974,32762,59094,61087,50431,54085,35561,45504,11434,20464,527270,332888,76775,40513,109523,82008,12319,46,51
2021-06-23T23:59:59+02:00,740,677,22561,21037,38918,33196,45205,42345,61043,60256,78322,77524,56819,60863,38082,48846,12140,21695,12,4,5922,5705,11969,11951,14164,16539,25613,30003,57448,59554,49907,53546,35440,45330,11413,20420,521684,323433,76718,37579,109520,81570,12307,46,51
2021-06-22T23:59:59+02:00,679,612,22137,20598,38512,32773,44769,41883,60769,59969,78115,77281,56722,60752,38046,48774,12127,21673,10,3,5733,5570,11641,11683,13731,16164,21269,26468,55365,57851,49305,52940,35262,45113,11392,20376,517876,309041,76590,37526,109515,81088,12170,46,51
2021-06-21T23:59:59+02:00,642,571,21884,20360,38259,32539,44523,41607,60579,59757,77982,77141,56668,60666,38021,48733,12118,21657,8,3,5602,5459,11332,11481,13390,15897,19717,25234,54445,57078,47082,50476,34661,44390,11369,20317,515818,303697,76390,37459,109496,74775,11959,45,51
2021-06-20T23:59:59+02:00,613,551,21596,20066,37958,32259,44239,41348,60427,59589,77844,76994,56619,60621,38001,48716,12115,21650,8,3,5544,5415,11199,11391,13234,15769,19318,24908,54176,56894,45420,48490,34093,43754,11349,20296,513420,303061,76307,36704,109483,69494,11953,44,49
2021-06-19T23:59:59+02:00,611,551,21591,20052,37942,32253,44236,41343,60420,59585,77842,76991,56616,60620,38001,48715,12115,21650,8,3,5538,5406,11194,11386,13224,15763,19310,24900,54162,56882,45411,48480,34092,43754,11349,20296,513354,302975,76301,36700,109483,69481,11953,44,49
2021-06-18T23:59:59+02:00,597,537,21493,19942,37873,32196,44160,41256,60364,59539,77797,76949,56594,60598,37996,48702,12114,21649,8,3,5446,5244,10896,10849,12848,15181,18769,23880,53304,55571,45206,48315,34064,43705,11343,20284,512590,301399,76294,36699,109477,64817,11952,44,49
2021-06-17T23:59:59+02:00,512,445,20774,19229,37116,31563,43365,40504,59954,59173,77499,76697,56477,60469,37946,48634,12101,21625,8,3,5256,5031,10515,10296,12323,14409,17834,22516,51727,53626,44053,46964,33746,43307,11296,20200,506604,294068,76201,36569,109467,60656,11768,44,49
2021-06-16T23:59:59+02:00,406,366,19974,18287,36127,30630,42354,39528,59411,58689,77103,76378,56333,60313,37889,48546,12091,21602,8,3,5067,4874,10000,9970,11586,13910,16287,21209,47842,50080,42295,44949,33278,42735,11233,20073,499222,277870,75663,36368,109452,59466,11647,44,48
2021-06-15T23:59:59+02:00,296,263,19165,17440,35205,29773,41425,38637,58972,58248,76769,76048,56191,60146,37830,48476,12076,21568,7,3,4868,4750,9476,9705,10876,13436,14774,20020,43566,45984,40742,43099,32796,42113,11167,19945,492009,260664,75544,36332,109441,58793,11491,44,47
2021-06-14T23:59:59+02:00,192,172,18053,16208,33952,28498,39957,37226,58383,57680,76376,75706,56062,60000,37787,48406,12067,21553,7,3,4745,4658,9129,9495,10395,13117,13601,19016,40920,43427,39667,41949,32503,41712,11135,19859,482246,249482,75109,36305,109438,58061,11443,43,47
2021-06-13T23:59:59+02:00,151,133,17547,15805,33471,28095,39464,36842,58170,57496,76227,75604,56035,59959,37765,48385,12064,21544,7,3,4657,4608,8979,9423,10231,13047,12996,18561,40450,43033,39430,41726,32443,41627,11129,19845,479163,248515,74807,34878,109431,57441,11314,43,47
2021-06-12T23:59:59+02:00,151,133,17539,15784,33454,28085,39457,36838,58163,57492,76223,75602,56034,59957,37764,48385,12064,21544,7,3,4650,4602,8969,9418,10219,13040,12984,18548,40266,42886,39407,41711,32439,41625,11129,19844,479080,248080,74803,34878,109431,57429,11313,43,47
2021-06-11T23:59:59+02:00,149,133,17454,15725,33306,28011,39283,36782,58043,57456,76152,75578,56020,59952,37762,48382,12064,21543,7,3,4571,4410,8810,8858,10028,12321,12750,17477,39777,41583,39252,41581,32421,41589,11127,19843,478736,247592,74390,34876,109323,52589,11304,43,47
2021-06-10T23:59:59+02:00,134,113,16613,15010,31895,27102,38041,35866,57359,56997,75742,75306,55930,59860,37723,48337,12053,21525,7,3,4321,4215,8251,8355,9346,11557,12013,16407,36920,38541,38450,40775,32255,41408,11111,19813,474844,240511,71424,34743,109049,48200,10247,43,47
2021-06-09T23:59:59+02:00,112,88,15834,14311,30611,26203,36824,34978,56779,56608,75396,75078,55845,59754,37696,48292,12040,21505,7,3,4137,4065,7890,8166,8879,11336,11392,16026,31832,33665,36950,39236,32010,41139,11090,19763,470174,226566,68991,34618,109005,46613,9744,41,45
2021-06-08T23:59:59+02:00,85,70,14919,13453,29229,25114,35458,33970,56161,56199,75101,74863,55769,59679,37673,48260,12036,21495,7,3,4055,4003,7731,8043,8726,11219,11098,15819,28996,30846,35991,38292,31850,40944,11066,19730,465592,219054,65563,34557,108959,45383,9380,41,45
2021-06-07T23:59:59+02:00,77,57,14281,12879,27863,24298,34297,33188,55683,55940,74858,74755,55733,59639,37657,48249,12036,21491,7,3,3962,3930,7534,7914,8425,11087,10731,15573,24654,26460,34523,36749,31628,40677,11038,19700,462461,207243,62526,34489,108927,43792,9026,41,45
2021-06-06T23:59:59+02:00,76,54,13960,12686,27077,23882,33643,32769,55373,55774,74702,74690,55712,59615,37643,48240,12034,21490,7,3,3896,3894,7382,7871,8267,11001,10408,15370,21827,23579,33521,35665,31488,40522,11031,19685,461317,204447,60475,29240,108900,42999,8687,41,44
2021-06-05T23:59:59+02:00,76,52,13930,12657,27028,23841,33614,32750,55368,55764,74696,74684,55708,59610,37638,48238,12034,21490,7,3,3874,3877,7347,7848,8220,10982,10345,15328,20400,22023,32723,34784,31418,40441,11027,19678,461186,199466,60370,29237,108895,42892,8686,41,44
2021-06-04T23:59:59+02:00,70,48,13699,12396,26715,23522,33275,32439,55307,55684,74657,74664,55698,59605,37637,48236,12034,21489,7,3,3845,3849,7268,7769,8164,10904,10266,15205,20293,21906,32649,34729,31386,40404,11024,19675,459281,199385,60307,29224,108861,42008,8685,41,44
2021-06-03T23:59:59+02:00,52,43,13133,11912,25677,22836,32140,31688,54810,55351,74341,74470,55628,59526,37602,48205,12027,21472,7,3,3716,3758,6993,7600,7882,10731,9938,14968,18405,20043,30670,32415,31113,40071,11001,19626,454948,190778,58804,29203,108846,40644,8274,41,41
2021-06-02T23:59:59+02:00,38,31,12447,11171,24681,21935,31003,30733,54544,55086,74149,74329,55575,59446,37585,48183,12019,21465,7,3,3682,3738,6934,7543,7826,10681,9855,14877,17885,19493,28740,30235,31014,39928,10994,19615,448647,185237,58625,29202,108844,40307,8263,41,41
2021-06-01T23:59:59+02:00,24,16,11319,10290,22554,20506,28465,28841,53127,54021,73140,73546,55273,59121,37462,48010,11984,21405,7,2,3454,3562,6437,7233,7225,10254,8995,14275,15934,17679,24949,25972,30326,39042,10918,19459,439137,171205,54163,29065,108806,38457,6957,41,39
2021-05-31T23:59:59+02:00,19,12,10458,9623,20716,19336,26416,27328,52017,53170,72433,72995,55058,58858,37389,47905,11969,21369,7,2,3313,3408,6101,6985,6826,9957,8456,13918,14865,16697,23750,24594,29936,38551,10858,19365,432327,165440,49787,29026,108788,36957,6128,41,38
2021-05-30T23:59:59+02:00,17,9,10111,9279,19995,18841,25710,26747,51679,52888,72196,72798,54981,58780,37364,47877,11961,21360,7,2,3133,3219,5755,6719,6538,9715,8238,13712,14606,16427,23459,24275,29826,38445,10843,19337,429739,164612,49377,28969,108756,35957,4680,41,38
2021-05-29T23:59:59+02:00,17,9,10096,9267,19977,18810,25690,26721,51667,52883,72191,72788,54979,58775,37363,47877,11960,21360,7,2,3130,3210,5750,6714,6531,9712,8230,13704,14596,16421,23448,24266,29822,38439,10842,19336,429576,164538,49377,28966,108756,35938,4680,41,38
2021-05-28T23:59:59+02:00,17,9,10030,9173,19836,18642,25427,26489,51506,52707,72044,72657,54940,58725,37349,47857,11957,21347,7,2,3083,3133,5658,6574,6428,9510,8113,13430,14404,16145,23295,24110,29768,38376,10835,19327,427916,164144,49340,28965,108737,34373,4679,40,37
2021-05-27T23:59:59+02:00,17,9,8774,7991,17440,16834,22649,24338,50411,51893,71378,72164,54741,58502,37254,47762,11943,21317,7,2,2786,2800,4813,5950,5537,8730,7319,12439,13276,14953,22302,23069,29379,37920,10780,19241,416020,160319,48382,28701,108595,29866,2380,40,37
2021-05-26T23:59:59+02:00,16,9,8373,7574,16559,16029,21460,23329,49806,51347,70956,71775,54590,58337,37186,47684,11932,21287,7,2,2602,2628,4446,5614,5061,8223,6842,11792,12305,13971,21400,22033,29067,37477,10733,19156,410413,156454,47649,28614,108514,26621,1634,39,36
2021-05-25T23:59:59+02:00,16,9,7806,6981,15316,15149,20014,22156,49328,50945,70708,71588,54514,58254,37162,47656,11928,21277,7,2,2528,2529,4257,5485,4817,7993,6562,11483,11748,13436,19239,19853,28692,36937,10698,19107,403653,150748,47408,28601,108466,24747,1241,39,36
2021-05-24T23:59:59+02:00,16,9,7718,6881,15091,15021,19729,21977,49226,50826,70664,71549,54511,58248,37159,47653,11927,21274,7,2,2488,2466,4171,5317,4724,7750,6437,11201,11608,13194,19123,19738,28641,36891,10691,19096,402519,150597,47328,28558,108367,23130,1226,39,34
2021-05-23T23:59:59+02:00,15,9,7702,6868,15053,15004,19674,21949,49215,50824,70659,71543,54510,58244,37159,47651,11927,21274,7,2,2485,2461,4165,5313,4713,7746,6431,11188,11586,13172,18980,19540,28610,36852,10689,19094,402330,150107,47328,28556,108366,23121,1217,39,33
2021-05-22T23:59:59+02:00,15,9,7699,6859,15044,14992,19663,21942,49215,50822,70656,71543,54510,58243,37159,47651,11927,21274,6,2,2483,2454,4158,5308,4711,7746,6427,11185,11578,13169,18967,19534,28609,36852,10689,19094,402275,150070,47328,28556,108366,23098,1215,39,33
2021-05-21T23:59:59+02:00,15,9,7625,6758,14917,14857,19458,21784,48976,50589,70513,71435,54482,58216,37151,47644,11921,21268,6,2,2413,2368,4069,5169,4607,7537,6303,10888,11405,12880,18901,19467,28593,36822,10686,19092,400702,149813,47325,28555,108341,21595,1212,38,33
2021-05-20T23:59:59+02:00,15,9,7349,6459,14329,14334,18520,20906,46297,48230,69354,70460,54124,57850,37042,47501,11889,21237,6,2,2152,2198,3709,4807,4165,6988,5747,10056,10317,11778,17620,18168,28085,36222,10610,18944,389679,144544,47157,28260,108036,17741,996,37,33
2021-05-19T23:59:59+02:00,14,8,7109,6235,13660,13847,17248,19906,42309,44750,67863,69149,53668,57326,36877,47272,11852,21186,6,2,2073,1995,3544,4470,3916,6466,5301,9373,9318,10660,16138,16519,27388,35300,10482,18734,374885,137357,46582,28116,107798,15210,977,37,25
2021-05-18T23:59:59+02:00,14,7,6914,6059,13110,13413,16149,19045,37586,40727,66407,67824,53113,56787,36726,47048,11810,21130,6,2,2027,1872,3403,4279,3731,6147,4967,8889,8452,9787,14553,14778,26679,34442,10391,18559,358766,130710,46517,27550,107638,13768,911,37,25
2021-05-17T23:59:59+02:00,14,7,6779,5964,12784,13161,15648,18655,35406,38858,65574,67036,52837,56472,36643,46939,11795,21093,6,2,1955,1808,3215,4096,3511,5914,4645,8517,7671,9087,11286,10747,25768,33290,10310,18388,355030,125478,42239,21445,107553,12462,806,37,25
2021-05-16T23:59:59+02:00,14,7,6714,5879,12658,13006,15477,18488,34913,38385,65388,66866,52781,56410,36631,46912,11790,21088,6,2,1896,1711,3111,3973,3431,5812,4537,8370,7487,8898,9090,8145,25282,32604,10276,18329,353550,124327,41729,16083,107517,11950,575,36,25
2021-05-15T23:59:59+02:00,14,7,6709,5870,12651,12999,15472,18482,34904,38382,65386,66864,52780,56409,36631,46912,11790,21088,6,2,1895,1711,3109,3968,3426,5809,4532,8367,7485,8895,9088,8143,25281,32604,10276,18329,353501,124297,41729,16083,107512,11949,572,36,25
2021-05-14T23:59:59+02:00,14,7,6508,5776,12410,12936,15239,18390,33930,37590,64849,66455,52684,56322,36614,46878,11788,21083,6,2,1779,1623,2997,3897,3370,5701,4482,8221,7437,8766,9081,8137,25280,32604,10276,18328,350128,124238,41698,16079,107050,11084,562,35,24
2021-05-13T23:59:59+02:00,14,7,6259,5592,12005,12682,14667,17942,30400,34801,62367,64373,52052,55649,36475,46657,11776,21035,5,2,1737,1583,2941,3821,3338,5610,4439,8118,7355,8647,9041,8077,25261,32562,10271,18323,336126,123986,41473,16055,106619,10566,500,35,24
2021-05-12T23:59:59+02:00,14,7,6242,5569,11932,12616,14554,17832,29766,34224,61859,63920,51878,55476,36438,46612,11769,21022,5,2,1737,1580,2939,3820,3335,5610,4436,8117,7353,8641,9034,8074,25261,32560,10271,18322,333122,123963,41460,16045,106614,10565,500,34,24
2021-05-11T23:59:59+02:00,13,7,5923,5437,11486,12331,14007,17447,25503,30736,59475,61910,51217,54797,36249,46365,11745,20959,5,2,1697,1465,2836,3558,3214,5236,4294,7676,7200,8319,8950,7991,25232,32520,10267,18311,318169,123721,41406,15855,105624,8797,376,32,24
2021-05-10T23:59:59+02:00,13,7,5796,5363,11325,12214,13787,17275,22028,27974,58219,60791,50856,54443,36157,46241,11730,20928,5,2,1657,1367,2751,3329,3111,4904,4183,7186,7079,7879,8910,7931,25220,32498,10265,18307,308230,123573,41246,15706,105330,6973,309,32,23
2021-05-09T23:59:59+02:00,13,7,5721,5331,11237,12150,13684,17193,20428,26792,57755,60405,50754,54343,36132,46200,11723,20923,5,2,1640,1345,2694,3204,3060,4762,4138,7066,7031,7785,8899,7919,25213,32492,10264,18307,307659,123533,37678,15660,105128,6315,295,31,23
2021-05-08T23:59:59+02:00,13,7,5718,5329,11226,12145,13674,17184,20420,26786,57746,60399,50751,54334,36128,46197,11721,20920,5,2,1639,1345,2693,3201,3060,4762,4135,7063,7030,7784,8897,7919,25212,32490,10264,18307,307568,123516,37677,15660,105127,6314,295,31,23
2021-05-07T23:59:59+02:00,13,7,5678,5294,11157,12097,13565,17103,19967,26428,56748,59589,50622,54204,36098,46166,11718,20906,5,2,1539,1303,2613,3156,3018,4733,4100,7039,7009,7752,8889,7911,25210,32489,10264,18306,304403,123480,37657,15652,104980,5893,290,30,23
2021-05-06T23:59:59+02:00,13,7,5427,5182,10642,11788,12857,16648,18668,25442,52483,55932,49425,52824,35766,45765,11666,20805,5,2,1322,1173,2373,2984,2846,4568,3949,6841,6856,7601,8814,7830,25190,32454,10261,18299,289259,123205,37466,15511,104422,4462,167,26,23
2021-05-05T23:59:59+02:00,13,7,5173,5086,10148,11549,12100,16195,17336,24458,48115,51794,47760,50903,35326,45193,11591,20682,5,2,1276,1080,2310,2856,2760,4389,3855,6601,6749,7402,8699,7733,25128,32379,10255,18283,272077,122719,37240,15466,104035,3503,51,26,23
2021-05-04T23:59:59+02:00,13,7,5088,5001,9831,11331,11647,15803,16355,23591,46239,49761,46688,49595,34950,44707,11523,20573,5,2,1265,1061,2282,2815,2719,4305,3802,6493,6677,7323,8657,7694,25107,32362,10254,18278,261679,122500,37216,15403,103754,3147,28,26,23
2021-05-03T23:59:59+02:00,13,7,4988,4913,9477,11159,11182,15538,15298,22729,44665,48144,45806,48641,34728,44363,11495,20480,5,2,1250,1036,2246,2782,2678,4241,3753,6437,6601,7269,8085,7002,23361,30027,10116,18039,252657,116665,37206,15322,103721,2904,16,26,23
2021-05-02T23:59:59+02:00,13,7,4926,4895,9362,11120,11034,15477,14686,22238,44146,47734,45664,48475,34678,44302,11488,20469,5,1,1246,1030,2227,2779,2665,4233,3724,6422,6581,7255,7895,6760,21384,27612,10069,17951,251443,116643,35568,10303,103666,2859,11,26,23
2021-05-01T23:59:59+02:00,13,7,4926,4893,9358,11114,11031,15475,14682,22234,44144,47730,45663,48475,34678,44302,11488,20469,5,1,1245,1030,2227,2779,2665,4233,3723,6422,6580,7255,7895,6759,21384,27612,10069,17951,251412,116640,35568,10303,103665,2858,11,26,23
2021-04-30T23:59:59+02:00,13,7,4880,4869,9291,11098,10975,15450,14606,22208,42662,46318,45329,48145,34641,44250,11483,20459,5,1,1040,935,2032,2689,2566,4173,3637,6362,6517,7196,7888,6742,21383,27610,10069,17951,247426,116631,35568,10300,103653,1832,11,26,22
2021-04-29T23:59:59+02:00,13,7,4641,4785,8814,10949,10373,15274,13921,21999,37724,42005,44318,47113,34519,44132,11479,20428,5,1,861,859,1859,2611,2481,4107,3527,6291,6448,7146,7865,6722,21378,27603,10069,17951,233682,116597,35464,10195,103311,959,11,26,22
2021-04-28T23:59:59+02:00,13,7,4464,4752,8564,10863,10020,15183,13565,21842,33073,37495,43072,45857,34393,43984,11464,20410,5,1,819,832,1821,2563,2449,4031,3491,6182,6400,7056,7845,6702,21365,27590,10064,17944,220443,116510,35445,10147,103097,472,10,26,21
2021-04-27T23:59:59+02:00,12,6,4235,4539,8219,10412,9631,14600,13093,21195,31940,36366,42790,45570,34377,43956,11460,20407,5,1,792,818,1786,2540,2431,4013,3473,6162,6365,7029,7834,6693,21360,27586,10061,17938,217706,116451,35430,10118,99636,287,10,26,21
2021-04-26T23:59:59+02:00,12,6,4213,4512,8146,10374,9525,14546,12943,21134,27530,31986,41571,44349,34297,43855,11447,20396,5,1,760,807,1757,2521,2402,3992,3448,6141,6313,6983,7786,6644,21329,27555,10061,17931,205834,116249,35420,10073,99552,84,10,26,20
2021-04-25T23:59:59+02:00,12,6,4191,4499,8114,10349,9462,14514,12850,21087,25561,29943,40871,43589,34250,43796,11443,20390,5,1,748,799,1745,2507,2384,3977,3423,6120,6280,6954,7766,6627,21312,27534,10060,17927,205168,116222,30307,9838,99417,80,9,26,20
2021-04-24T23:59:59+02:00,12,6,4172,4488,8084,10320,9420,14498,12798,21066,24059,28278,40113,42746,34185,43720,11440,20384,5,1,747,798,1742,2505,2383,3973,3423,6116,6280,6951,7764,6624,21310,27534,10060,17927,200101,116200,30307,9837,99346,77,9,26,20
2021-04-23T23:59:59+02:00,11,6,3907,4337,7612,10022,8991,14143,12236,20663,23578,27978,40024,42684,34164,43686,11434,20377,5,1,734,788,1725,2492,2363,3957,3401,6093,6258,6932,7750,6605,21305,27523,10060,17926,199750,116185,30291,9638,95779,66,9,24,20
2021-04-22T23:59:59+02:00,11,6,3814,4277,7422,9906,8712,13950,11790,20337,21249,25620,37266,39439,33637,43014,11363,20253,5,1,721,779,1696,2461,2304,3899,3330,6021,6148,6835,7671,6518,21249,27479,10057,17911,186720,116067,30099,8927,95214,64,9,24,18
2021-04-21T23:59:59+02:00,11,4,3786,4244,7292,9827,8530,13777,11453,20047,19990,24415,34052,35717,33155,42314,11298,20124,5,1,697,761,1661,2433,2260,3875,3297,5988,6108,6796,7639,6491,21229,27455,10053,17907,174948,115954,29923,8615,95132,60,9,24,18
2021-04-20T23:59:59+02:00,11,4,3753,4217,7187,9758,8318,13617,11083,19749,18893,23263,30740,32071,32678,41715,11241,20007,4,1,689,751,1646,2421,2226,3853,3254,5942,6067,6754,7597,6446,21204,27432,10047,17904,163302,115795,29900,8358,95070,58,9,24,18
2021-04-19T23:59:59+02:00,11,4,3735,4201,7112,9720,8200,13507,10828,19564,18227,22603,29865,30938,32385,41351,11199,19933,4,1,681,746,1625,2407,2202,3823,3218,5909,6033,6723,7554,6413,21173,27404,10045,17900,158464,115663,29882,8114,95004,57,9,24,18
2021-04-18T23:59:59+02:00,11,4,3732,4194,7096,9708,8186,13490,10791,19538,18140,22520,29743,30812,32357,41328,11196,19925,4,1,679,742,1610,2395,2185,3808,3193,5883,6003,6700,7531,6400,21155,27382,10042,17897,157972,115604,29814,7923,94953,56,9,23,18
2021-04-17T23:59:59+02:00,11,4,3731,4192,7093,9705,8182,13490,10785,19531,18127,22509,29720,30799,32355,41325,11196,19925,4,1,678,742,1608,2394,2183,3807,3189,5882,6001,6698,7531,6400,21155,27382,10042,17897,157888,115589,29813,7923,94947,55,9,23,18
2021-04-16T23:59:59+02:00,11,4,3564,4155,6748,9575,7811,13303,10386,19286,17673,22235,29515,30637,32272,41235,11181,19906,4,1,665,722,1596,2379,2156,3792,3135,5845,5959,6648,7438,6309,20742,26815,10012,17836,157129,114259,29805,7716,92531,52,9,23,18
2021-04-15T23:59:59+02:00,11,4,3464,4075,6396,9203,7232,12802,9608,18454,16350,21007,28315,29343,31753,40593,11100,19730,4,1,635,699,1543,2340,2070,3706,3026,5725,5631,6410,6940,5921,19999,25896,9913,17666,151381,110879,29511,7172,88516,47,9,23,18
2021-04-14T23:59:59+02:00,10,4,3411,4028,6160,8963,6902,12425,8988,17906,15228,19974,26898,27840,31122,39711,10988,19532,4,1,602,673,1498,2302,1995,3628,2884,5602,5323,6176,6395,5412,18975,24601,9826,17486,144562,106596,29312,6719,86185,41,9,22,18
2021-04-13T23:59:59+02:00,10,4,3379,3996,6070,8885,6754,12292,8685,17661,14428,19280,23552,24275,30187,38530,10882,19356,4,1,597,664,1485,2279,1963,3593,2786,5531,5105,5993,6028,5070,18673,24253,9784,17419,132918,104476,29301,6686,85976,40,9,22,17
2021-04-12T23:59:59+02:00,10,4,3357,3975,6019,8826,6666,12206,8467,17467,13811,18754,22546,23125,29762,37971,10813,19229,4,1,587,656,1475,2271,1940,3572,2729,5481,4956,5888,5707,4787,18377,23949,9745,17357,127831,102878,29282,6538,85864,40,9,22,17
2021-04-11T23:59:59+02:00,10,4,3351,3969,6001,8802,6637,12189,8425,17444,13719,18694,22417,22975,29710,37906,10803,19205,4,1,583,651,1462,2261,1927,3564,2712,5464,4919,5851,5648,4727,18204,23716,9724,17326,127288,102213,29216,6465,85726,40,9,22,17
2021-04-10T23:59:59+02:00,10,4,3343,3968,5978,8801,6615,12188,8403,17443,13695,18692,22412,22972,29706,37905,10803,19205,4,1,580,648,1454,2254,1922,3561,2705,5455,4903,5843,5635,4710,18040,23461,9710,17302,127267,101691,29125,6432,85721,40,8,22,17
2021-04-09T23:59:59+02:00,9,4,3306,3956,5930,8787,6556,12169,8364,17416,13645,18646,20457,20556,29220,37286,10773,19155,4,1,566,634,1428,2232,1895,3537,2663,5419,4830,5781,5519,4607,17462,22728,9672,17231,126567,99920,23999,6233,85641,32,7,21,17
2021-04-08T23:59:59+02:00,9,4,3281,3937,5862,8756,6482,12130,8275,17352,13500,18529,17857,17481,28699,36619,10735,19105,4,1,524,605,1340,2150,1800,3440,2483,5235,4330,5420,4716,4001,15669,20487,9482,16922,125701,92902,18123,5661,84762,23,6,21,17
2021-04-07T23:59:59+02:00,7,4,3202,3908,5655,8705,6274,12070,8065,17276,13237,18433,15185,14402,28020,35818,10705,19052,4,1,500,576,1286,2093,1704,3361,2330,5095,3917,5089,3993,3430,14809,19615,9366,16735,125487,88549,16580,5313,77925,20,5,21,17
2021-04-06T23:59:59+02:00,6,4,3173,3898,5610,8686,6203,12046,7979,17239,13164,18360,13194,12031,27384,35102,10692,19022,4,1,470,553,1217,2038,1618,3278,2168,4976,3545,4813,3468,3017,13961,18609,9290,16614,125353,84892,16376,4711,72038,16,5,21,16
2021-04-05T23:59:59+02:00,6,4,3171,3895,5575,8671,6166,12033,7934,17222,13091,18324,13149,11985,27373,35086,10691,19019,4,1,438,523,1165,2001,1567,3236,2101,4922,3456,4737,3411,2965,13817,18437,9281,16596,125328,84398,16167,4224,71875,16,4,21,16
2021-04-04T23:59:59+02:00,6,4,3170,3893,5575,8669,6164,12032,7933,17220,13091,18324,13146,11985,27372,35086,10691,19019,4,1,437,522,1164,2001,1566,3236,2100,4922,3456,4737,3411,2965,13816,18437,9281,16596,125318,84392,16167,4224,71870,16,4,21,16
2021-04-03T23:59:59+02:00,6,4,3169,3893,5575,8668,6164,12032,7933,17220,13091,18324,13146,11984,27371,35083,10691,19019,4,1,437,520,1164,2001,1565,3236,2100,4921,3450,4734,3405,2955,13729,18300,9272,16580,125313,84114,16167,4224,71868,16,4,21,16
2021-04-02T23:59:59+02:00,6,4,3169,3890,5572,8663,6160,12023,7925,17207,13064,18293,13099,11931,27343,35064,10688,19015,4,1,434,513,1162,1997,1553,3227,2089,4899,3419,4701,3373,2926,12792,17049,9205,16471,125144,81639,16164,4142,71783,16,4,21,14
2021-04-01T23:59:59+02:00,6,4,3155,3876,5533,8644,6093,11990,7854,17172,12951,18221,12985,11804,27285,34988,10679,19000,4,1,386,469,1063,1929,1453,3138,1937,4786,3214,4570,3137,2724,10757,14449,9092,16290,124829,76017,16041,3349,71347,16,3,20,14
2021-03-31T23:59:59+02:00,6,4,3154,3862,5516,8610,6058,11955,7810,17127,12870,18152,12871,11682,27234,34925,10671,18990,3,1,348,446,1027,1886,1380,3098,1832,4682,2955,4369,2721,2409,8159,11215,8911,16048,124518,68453,16001,3005,70956,15,3,19,14
2021-03-30T23:59:59+02:00,6,4,3148,3850,5492,8584,6025,11923,7770,17087,12792,18086,12785,11544,27196,34877,10665,18980,3,1,327,428,1005,1854,1321,3063,1708,4601,2708,4198,2353,2161,7269,10132,8844,15919,124385,65134,15970,2730,70438,15,2,19,14
2021-03-29T23:59:59+02:00,6,4,3136,3846,5463,8564,5989,11888,7726,17054,12717,18009,12137,10786,25327,32387,10516,18723,3,1,321,425,998,1839,1301,3038,1674,4560,2559,4110,2065,2010,6609,9420,8800,15841,118386,62818,15800,2727,70072,13,2,18,14
2021-03-28T23:59:59+02:00,6,4,3106,3830,5415,8526,5938,11843,7645,16999,12606,17939,11872,10483,23343,29920,10461,18624,3,1,320,423,995,1838,1292,3034,1670,4558,2547,4102,2040,1990,6585,9405,8798,15836,118328,62685,10613,2725,69599,13,2,18,12
2021-03-27T23:59:59+01:00,6,4,3094,3825,5375,8515,5902,11828,7597,16984,12560,17892,11837,10439,23339,29912,10461,18624,3,1,320,423,995,1838,1292,3034,1669,4556,2545,4099,2038,1988,6537,9330,8766,15787,118257,62469,10612,2725,69305,13,2,18,12
2021-03-26T23:59:59+01:00,6,4,2966,3504,4924,7363,5407,10510,6985,14937,11753,15606,11616,10254,22854,29183,10416,18553,3,1,319,420,990,1835,1286,3029,1666,4554,2540,4092,2030,1982,6408,9141,8622,15598,116703,61786,10355,2713,59763,3,2,18,12
2021-03-25T23:59:59+01:00,6,3,2846,3242,4765,6597,5176,9362,6660,13215,11027,13804,10755,9451,22124,28335,10339,18396,3,1,314,411,983,1826,1271,3010,1647,4520,2504,4042,1962,1923,6116,8712,8341,15145,113778,60007,9650,2709,52655,2,2,18,11
2021-03-24T23:59:59+01:00,6,3,2800,3197,4689,6533,5042,9255,6454,13044,10514,13398,9919,8629,21104,27074,10241,18208,3,1,312,406,976,1820,1254,2999,1632,4496,2457,3986,1894,1847,5750,8237,7924,14470,109743,57753,9303,2698,51047,2,0,17,11
2021-03-23T23:59:59+01:00,6,3,2772,3164,4620,6464,4931,9162,6241,12882,10056,12976,9200,7960,20590,26467,10186,18101,3,1,300,393,959,1810,1239,2976,1602,4474,2407,3937,1815,1781,5466,7853,7519,13844,107342,55670,8970,2697,49452,1,0,17,11
2021-03-22T23:59:59+01:00,6,3,2754,3125,4561,6425,4855,9094,6102,12743,9694,12703,8598,7392,20170,26029,10125,18007,1,1,298,390,948,1803,1225,2962,1589,4461,2380,3909,1788,1759,5327,7679,7069,13018,105855,53904,8712,2692,47802,1,0,17,10
2021-03-21T23:59:59+01:00,6,3,2747,3109,4515,6401,4804,9058,6008,12676,9505,12516,8291,7132,20002,25862,10113,17979,1,1,298,390,947,1803,1223,2962,1588,4460,2377,3909,1781,1753,5318,7674,7038,12960,105652,53797,8480,2675,46578,1,0,17,10
2021-03-20T23:59:59+01:00,6,3,2746,3102,4508,6396,4797,9055,6004,12668,9485,12502,8258,7100,19829,25585,10097,17953,1,1,298,390,947,1802,1222,2962,1587,4459,2373,3901,1769,1740,5303,7625,6860,12720,105096,53299,8467,2650,46514,1,0,17,10
2021-03-19T23:59:59+01:00,6,3,2710,3075,4437,6351,4690,9005,5864,12610,9217,12314,7954,6873,19344,24994,10065,17894,1,1,298,389,946,1801,1222,2959,1585,4458,2366,3896,1753,1729,5266,7582,6447,12098,103792,52159,8225,2627,45372,1,0,17,10
2021-03-18T23:59:59+01:00,6,3,2644,3002,4273,6213,4440,8800,5507,12303,8304,11643,6690,5857,18083,23631,9910,17662,1,1,295,384,941,1791,1208,2946,1546,4442,2301,3850,1674,1687,5191,7475,5703,10979,98870,49821,7681,2585,42403,0,0,17,9
2021-03-17T23:59:59+01:00,6,3,2607,2962,4192,6116,4302,8692,5252,12027,7628,11076,5701,4956,16730,22091,9743,17402,1,1,291,382,937,1783,1204,2937,1529,4421,2235,3825,1610,1642,5146,7409,5122,10087,93426,48025,7181,2528,40862,0,0,17,9
2021-03-16T23:59:59+01:00,5,3,2587,2934,4129,6049,4208,8595,5075,11871,7179,10687,4935,4337,15869,21108,9637,17228,1,1,287,380,934,1778,1201,2930,1521,4411,2213,3806,1577,1625,5108,7366,4612,9267,89763,46562,7142,2449,39514,0,0,17,7
2021-03-15T23:59:59+01:00,5,3,2584,2923,4114,6029,4177,8569,5025,11824,7061,10570,4788,4175,15548,20695,9605,17169,1,1,285,376,933,1772,1195,2923,1507,4402,2192,3784,1533,1608,5048,7292,4027,8404,88988,44969,7043,2307,38816,0,0,17,7
2021-03-14T23:59:59+01:00,5,2,2578,2915,4093,6008,4147,8549,4984,11790,6967,10482,4682,4061,15415,20525,9588,17129,1,1,283,375,933,1770,1189,2916,1502,4391,2181,3777,1523,1602,5040,7284,4021,8390,88680,44906,7024,2266,38200,0,0,16,7
2021-03-13T23:59:59+01:00,5,2,2571,2905,4085,5996,4139,8542,4976,11780,6948,10469,4659,4035,15099,20087,9568,17093,1,1,283,375,933,1770,1189,2916,1502,4391,2181,3777,1522,1602,5040,7283,4021,8390,87789,44905,7002,2265,38152,0,0,16,7
2021-03-12T23:59:59+01:00,5,2,2507,2829,3975,5824,4019,8319,4839,11481,6769,10199,4506,3897,14169,18826,9506,16991,1,1,283,374,931,1767,1189,2912,1500,4386,2180,3770,1515,1600,5033,7264,4019,8373,85307,44827,6941,2264,36401,0,0,14,7
2021-03-11T23:59:59+01:00,4,2,2383,2604,3747,5497,3763,7885,4512,10719,6138,9388,3984,3393,12555,16826,9404,16842,1,1,283,373,927,1762,1186,2898,1491,4374,2167,3743,1474,1572,4992,7227,4007,8346,80946,44677,6778,2140,31908,0,0,14,7
2021-03-10T23:59:59+01:00,4,2,2264,2473,3590,5259,3568,7562,4240,10236,5581,8819,3409,2951,10267,14106,9255,16610,1,1,280,369,922,1752,1179,2887,1487,4358,2145,3728,1445,1565,4961,7212,3998,8336,74607,44612,6606,2007,28969,0,0,14,7
2021-03-09T23:59:59+01:00,4,2,2239,2422,3524,5170,3454,7472,4070,10039,5186,8470,2928,2591,8740,12087,9149,16459,1,1,279,368,922,1746,1172,2877,1483,4350,2137,3717,1430,1559,4953,7207,3995,8334,69720,44571,6458,1954,27814,0,0,14,6
2021-03-08T23:59:59+01:00,4,2,2215,2347,3465,5102,3380,7388,3948,9927,4890,8276,2486,2327,6803,9687,9028,16281,1,1,279,365,921,1736,1166,2861,1477,4339,2133,3710,1419,1552,4937,7187,3988,8324,64014,44462,6121,1928,27407,0,0,14,6
2021-03-07T23:59:59+01:00,4,2,2153,2291,3369,4994,3283,7299,3849,9840,4753,8181,2435,2275,6780,9666,9028,16273,1,1,279,364,920,1736,1166,2859,1477,4339,2133,3710,1419,1552,4936,7187,3988,8324,63885,44459,5438,1926,27138,0,0,14,6
2021-03-06T23:59:59+01:00,4,2,2145,2278,3355,4984,3279,7294,3840,9830,4743,8176,2433,2272,6734,9596,8996,16223,1,1,279,364,919,1732,1165,2858,1477,4336,2129,3705,1418,1547,4930,7182,3986,8314,63674,44411,5378,1926,27118,0,0,14,6
2021-03-05T23:59:59+01:00,4,2,2015,2192,3130,4798,3040,6982,3562,9435,4409,7840,2344,2210,6526,9274,8799,15958,1,1,279,362,917,1729,1165,2857,1476,4330,2126,3699,1412,1545,4924,7176,3985,8307,62681,44359,4531,1926,25294,0,0,14,6
2021-03-04T23:59:59+01:00,4,2,1764,1972,2717,4361,2583,6343,2996,8534,3724,7027,2125,2050,6230,8907,8515,15495,1,1,276,361,916,1721,1163,2840,1475,4314,2117,3687,1401,1543,4912,7162,3978,8296,61020,44235,3251,1923,21064,0,0,14,6
2021-03-03T23:59:59+01:00,4,2,1694,1884,2610,4178,2450,6116,2855,8247,3536,6764,2041,1972,5889,8430,8151,14906,1,1,275,357,916,1711,1160,2817,1471,4290,2112,3672,1376,1531,4907,7156,3974,8288,58993,44087,3107,1923,19615,0,0,14,5
2021-03-02T23:59:59+01:00,4,2,1659,1808,2540,4058,2369,5964,2748,8066,3421,6612,1966,1904,5572,7988,7737,14227,1,1,273,352,913,1692,1157,2797,1468,4272,2111,3661,1351,1525,4897,7139,3969,8280,56860,43931,2865,1923,18906,0,0,14,5
2021-03-01T23:59:59+01:00,2,2,1649,1781,2502,3950,2321,5849,2712,7965,3368,6533,1924,1883,5434,7825,7256,13350,1,1,272,350,909,1686,1155,2785,1466,4259,2109,3646,1346,1520,4894,7137,3967,8273,54979,43848,2854,1923,18459,0,0,14,5
2021-02-28T23:59:59+01:00,2,2,1633,1743,2468,3878,2290,5794,2669,7884,3341,6485,1918,1879,5426,7820,7219,13290,1,1,272,350,908,1686,1155,2785,1466,4258,2109,3645,1346,1520,4894,7136,3967,8273,54854,43845,2852,1922,18021,0,0,14,5
2021-02-27T23:59:59+01:00,2,2,1631,1736,2465,3871,2287,5794,2667,7883,3338,6483,1912,1869,5416,7776,7046,13066,1,1,272,350,898,1681,1145,2778,1456,4249,2092,3636,1345,1517,4894,7135,3967,8273,54383,43841,2852,1844,17995,0,0,14,5
2021-02-26T23:59:59+01:00,2,1,1443,1577,2336,3631,2209,5387,2574,7379,3251,6025,1897,1844,5391,7743,6776,12671,1,1,270,348,890,1674,1137,2758,1450,4227,2082,3622,1338,1508,4887,7123,3963,8260,53623,43760,2832,1775,15668,0,0,14,4
2021-02-25T23:59:59+01:00,2,1,1230,1295,2117,3199,2037,4635,2376,6438,3009,5127,1806,1773,5339,7663,6192,11818,1,1,268,340,883,1614,1103,2662,1417,4117,2026,3547,1300,1487,4843,7081,3943,8205,51720,43287,2820,1547,11505,0,0,12,4
2021-02-24T23:59:59+01:00,2,1,1177,1087,2012,2934,1931,4299,2243,6034,2839,4858,1729,1718,5278,7574,5427,10626,1,1,266,334,847,1566,1053,2571,1356,4001,1937,3418,1260,1459,4825,7054,3933,8184,49365,43022,2809,1040,9583,0,0,12,4
2021-02-23T23:59:59+01:00,2,1,1160,1036,1977,2870,1905,4200,2217,5949,2805,4795,1720,1703,5242,7526,4781,9593,1,1,266,333,820,1539,1003,2519,1303,3923,1831,3343,1208,1432,4801,7028,3920,8146,47566,42816,2782,597,9123,0,0,11,4
2021-02-22T23:59:59+01:00,2,1,1152,994,1928,2726,1861,4054,2161,5755,2751,4690,1709,1692,5208,7478,4166,8700,1,1,265,324,778,1501,950,2436,1214,3815,1692,3245,1118,1373,4758,6956,3891,8035,45938,42339,2764,10,8316,0,0,10,4
2021-02-21T23:59:59+01:00,2,1,1149,980,1899,2664,1834,3957,2134,5650,2731,4627,1702,1686,5205,7469,4166,8696,1,1,263,322,773,1495,942,2404,1212,3779,1679,3205,1109,1358,4740,6930,3866,7991,45885,42056,2754,10,7903,0,0,10,4
2021-02-20T23:59:59+01:00,2,1,1149,980,1899,2663,1833,3957,2134,5650,2729,4621,1693,1677,5198,7462,4164,8693,1,1,263,322,773,1494,941,2400,1211,3775,1678,3203,1109,1358,4688,6870,3819,7934,45870,41827,2726,9,7899,0,0,10,4
2021-02-19T23:59:59+01:00,2,1,1149,978,1896,2658,1833,3947,2133,5641,2725,4617,1674,1668,5183,7444,4161,8688,1,1,262,320,769,1484,932,2375,1204,3733,1649,3150,1081,1319,4495,6617,3640,7633,45790,40652,2704,9,7894,0,0,10,4
2021-02-18T23:59:59+01:00,2,1,1118,896,1856,2539,1795,3810,2080,5435,2663,4444,1657,1651,5167,7412,4156,8659,1,1,235,291,724,1359,884,2169,1118,3395,1533,2853,971,1129,4000,5834,3223,6731,45637,36438,2671,9,7023,0,0,10,4
2021-02-17T23:59:59+01:00,2,1,1072,769,1775,2307,1718,3514,1971,5075,2588,4197,1632,1642,5146,7397,4147,8656,1,1,230,288,714,1341,875,2147,1106,3360,1514,2832,965,1126,3617,5307,2924,6304,45596,34639,2611,9,5392,0,0,10,4
2021-02-16T23:59:59+01:00,2,1,1031,730,1720,2203,1649,3342,1901,4868,2509,4089,1592,1628,5119,7374,4138,8644,1,1,223,282,698,1305,853,2093,1075,3242,1475,2745,941,1102,3259,4757,2580,5805,45542,32428,2444,6,4546,0,0,8,3
2021-02-15T23:59:59+01:00,2,1,1025,711,1700,2126,1631,3242,1882,4759,2495,4010,1562,1614,5089,7358,4105,8588,1,1,211,272,682,1272,834,2043,1054,3176,1433,2680,911,1071,2830,4198,2242,5226,45415,30129,2358,5,4119,0,0,8,3
2021-02-14T23:59:59+01:00,2,1,930,678,1624,2093,1569,3223,1839,4737,2460,3997,1555,1612,5080,7346,4102,8582,1,1,204,261,673,1254,816,2003,1038,3110,1402,2612,881,1025,2738,4057,2163,5028,45371,29261,2323,4,3729,0,0,7,2
2021-02-13T23:59:59+01:00,2,1,878,654,1594,2070,1554,3215,1823,4730,2452,3996,1554,1611,5080,7345,4101,8581,1,1,202,260,671,1253,816,1999,1038,3108,1401,2609,880,1024,2634,3932,2097,4927,45364,28848,2323,3,3547,0,0,7,2
2021-02-12T23:59:59+01:00,2,1,551,508,1246,1953,1383,3113,1683,4648,2345,3926,1535,1603,5070,7334,4091,8571,1,1,190,254,656,1227,802,1955,1011,3022,1346,2509,818,949,2406,3616,1949,4604,45242,27312,2323,2,1991,0,0,7,2
2021-02-11T23:59:59+01:00,2,1,389,434,1058,1839,1280,2995,1586,4534,2256,3835,1426,1558,5007,7282,4068,8521,1,1,154,192,557,983,667,1509,810,2350,1066,1916,575,697,1787,2727,1437,3323,44884,20751,2115,1,1065,0,0,7,0
2021-02-10T23:59:59+01:00,2,1,276,365,931,1733,1178,2873,1491,4349,2142,3713,1387,1545,4986,7271,4064,8519,1,1,133,129,387,623,494,1020,641,1738,898,1582,555,681,1381,2167,1120,2820,44808,16371,2006,0,6,0,0,6,0
2021-02-09T23:59:59+01:00,2,1,276,364,930,1727,1175,2864,1491,4343,2141,3708,1379,1542,4984,7269,4063,8517,1,1,130,127,378,590,475,993,620,1709,873,1552,553,678,997,1700,840,2412,44783,14629,1982,0,5,0,0,6,0
2021-02-08T23:59:59+01:00,2,1,276,362,929,1725,1172,2854,1484,4338,2139,3704,1374,1538,4982,7269,4062,8514,1,1,125,121,367,577,467,973,609,1676,855,1526,545,673,603,1209,534,1984,44755,12846,1959,0,5,0,0,6,0
2021-02-07T23:59:59+01:00,2,1,276,362,926,1725,1171,2854,1482,4336,2139,3704,1374,1538,4982,7268,4061,8514,1,1,121,118,362,573,466,966,606,1664,845,1510,537,670,602,1199,529,1969,44751,12739,1958,0,0,0,0,6,0
2021-02-06T23:59:59+01:00,2,1,276,362,926,1725,1171,2854,1482,4336,2139,3704,1374,1538,4982,7268,4061,8514,1,1,118,115,360,569,465,964,606,1662,845,1509,536,669,602,1199,529,1969,44751,12719,1958,0,0,0,0,6,0
2021-02-05T23:59:59+01:00,2,1,275,361,924,1725,1171,2853,1480,4335,2138,3704,1374,1538,4981,7266,4061,8511,1,1,117,106,357,564,457,951,602,1652,832,1486,531,659,596,1183,519,1944,44736,12558,1958,0,0,0,0,6,0
2021-02-04T23:59:59+01:00,2,1,271,356,918,1686,1164,2806,1480,4283,2126,3661,1366,1531,4952,7234,4049,8477,1,0,89,71,239,392,331,693,473,1259,623,1118,401,521,501,967,454,1678,44400,9811,1957,0,0,0,0,6,0
2021-02-03T23:59:59+01:00,2,1,269,346,914,1661,1160,2771,1469,4233,2117,3625,1358,1515,4927,7204,4035,8447,1,0,55,34,85,167,152,346,230,593,300,545,211,278,286,603,265,1046,44091,5197,1957,0,0,0,0,6,0
2021-02-02T23:59:59+01:00,2,1,268,344,913,1649,1156,2752,1466,4201,2110,3599,1350,1509,4919,7190,4027,8421,1,0,16,10,29,52,61,101,73,165,96,124,45,75,69,133,57,207,43914,1314,1957,0,0,0,0,6,0
2021-02-01T23:59:59+01:00,2,1,268,339,913,1646,1155,2751,1465,4197,2109,3593,1349,1508,4917,7189,4027,8421,1,0,13,9,25,45,51,92,60,140,74,105,39,67,61,124,55,194,43887,1155,1957,0,0,0,0,6,0
2021-01-31T23:59:59+01:00,2,1,268,338,913,1642,1154,2746,1465,4192,2109,3590,1348,1508,4916,7188,4027,8421,1,0,12,8,22,40,44,84,54,129,64,99,34,56,52,114,52,187,43867,1052,1955,0,0,0,0,6,0
2021-01-30T23:59:59+01:00,2,1,268,338,908,1639,1146,2738,1457,4186,2105,3587,1348,1508,4863,7128,3981,8363,1,0,12,8,22,38,44,84,53,128,64,99,34,56,52,114,52,187,43639,1048,1921,0,0,0,0,6,0
2021-01-29T23:59:59+01:00,2,1,267,336,893,1631,1134,2717,1445,4156,2081,3560,1339,1502,4698,6927,3813,8154,1,0,10,8,22,38,41,84,52,126,61,98,33,52,51,114,52,187,42841,1030,1809,0,0,0,0,6,0
2021-01-28T23:59:59+01:00,2,1,263,323,874,1545,1095,2607,1408,4054,2011,3486,1313,1489,4361,6457,3536,7795,1,0,7,4,10,18,22,42,21,58,36,65,20,34,35,74,40,125,41049,612,1565,0,0,0,0,6,0
2021-01-27T23:59:59+01:00,2,1,257,320,832,1490,1048,2513,1344,3956,1937,3379,1273,1462,3949,5884,3209,7323,1,0,3,4,10,9,11,21,8,23,14,30,12,15,17,42,17,63,39061,300,1112,0,0,0,0,6,0
2021-01-26T23:59:59+01:00,2,1,250,311,796,1443,981,2428,1283,3829,1821,3271,1212,1410,3600,5325,2854,6800,1,0,1,1,6,4,4,7,4,3,3,9,7,5,5,7,4,8,36949,79,664,0,0,0,0,4,0
2021-01-25T23:59:59+01:00,2,1,240,302,745,1383,920,2309,1181,3684,1662,3150,1132,1378,3201,4810,2537,6324,1,0,1,1,6,3,2,7,2,2,3,9,7,5,5,7,4,8,34895,73,63,0,0,0,0,3,0
2021-01-24T23:59:59+01:00,2,1,237,302,739,1379,909,2293,1176,3668,1634,3120,1126,1375,3174,4774,2520,6302,1,0,1,1,4,3,2,7,2,2,3,9,7,5,5,7,4,8,34720,71,9,0,0,0,0,2,0
2021-01-23T23:59:59+01:00,2,1,236,301,738,1378,909,2289,1175,3666,1631,3118,1125,1375,3069,4648,2453,6201,1,0,1,1,4,3,2,7,2,2,3,9,7,5,5,7,4,8,34305,71,8,0,0,0,0,2,0
2021-01-22T23:59:59+01:00,2,1,235,298,735,1362,907,2276,1169,3650,1627,3114,1123,1374,2907,4453,2350,6056,1,0,1,1,4,3,2,7,2,2,3,9,7,5,5,7,4,8,33629,71,8,0,0,0,0,2,0
2021-01-21T23:59:59+01:00,2,1,230,270,671,1206,840,2064,1088,3365,1531,2908,1080,1331,2559,3989,2055,5615,1,0,1,0,3,2,2,7,2,2,3,9,7,4,5,7,4,8,30797,67,8,0,0,0,0,0,0
2021-01-20T23:59:59+01:00,2,1,206,206,511,854,665,1573,888,2664,1294,2441,982,1197,2018,3236,1631,4804,1,0,1,0,3,2,2,7,2,2,3,7,6,4,5,7,4,8,25165,64,8,0,0,0,0,0,0
2021-01-19T23:59:59+01:00,2,1,181,189,463,744,611,1418,802,2367,1119,2133,814,939,1364,2295,1145,3668,0,0,0,0,2,1,0,0,0,0,2,1,1,0,0,0,0,0,20251,7,4,0,0,0,0,0,0
2021-01-18T23:59:59+01:00,1,1,137,134,386,620,489,1061,646,1823,929,1642,604,729,691,1346,600,2240,0,0,0,0,1,0,0,0,0,0,1,0,0,0,0,0,0,0,14076,2,3,0,0,0,0,0,0
2021-01-17T23:59:59+01:00,1,1,126,119,371,585,474,996,617,1706,870,1543,555,688,641,1244,554,2075,0,0,0,0,0,0,0,0,0,0,0,0,0,0,0,0,0,0,13165,0,1,0,0,0,0,0,0
2021-01-16T23:59:59+01:00,1,1,119,115,368,581,472,984,611,1693,864,1536,554,687,640,1238,549,2061,0,0,0,0,0,0,0,0,0,0,0,0,0,0,0,0,0,0,13073,0,1,0,0,0,0,0,0
2021-01-15T23:59:59+01:00,1,1,117,108,365,575,464,968,607,1682,850,1512,548,674,632,1221,541,2036,0,0,0,0,0,0,0,0,0,0,0,0,0,0,0,0,0,0,12902,0,0,0,0,0,0,0,0
2021-01-14T23:59:59+01:00,1,1,97,87,282,467,392,789,503,1411,694,1223,431,541,549,1022,478,1836,0,0,0,0,0,0,0,0,0,0,0,0,0,0,0,0,0,0,10804,0,0,0,0,0,0,0,0
2021-01-13T23:59:59+01:00,1,1,67,47,169,284,257,522,353,923,473,787,264,328,333,672,308,1166,0,0,0,0,0,0,0,0,0,0,0,0,0,0,0,0,0,0,6955,0,0,0,0,0,0,0,0
2021-01-12T23:59:59+01:00,1,1,31,20,54,103,115,215,151,384,196,336,137,180,174,371,177,647,0,0,0,0,0,0,0,0,0,0,0,0,0,0,0,0,0,0,3293,0,0,0,0,0,0,0,0
2021-01-11T23:59:59+01:00,1,0,17,10,38,65,63,114,78,172,91,127,40,67,66,130,55,200,0,0,0,0,0,0,0,0,0,0,0,0,0,0,0,0,0,0,1334,0,0,0,0,0,0,0,0
2021-01-10T23:59:59+01:00,1,0,14,7,31,54,56,102,68,157,75,113,34,57,56,119,50,190,0,0,0,0,0,0,0,0,0,0,0,0,0,0,0,0,0,0,1184,0,0,0,0,0,0,0,0
2021-01-09T23:59:59+01:00,1,0,13,7,30,52,55,101,65,156,75,111,34,57,56,119,50,190,0,0,0,0,0,0,0,0,0,0,0,0,0,0,0,0,0,0,1172,0,0,0,0,0,0,0,0
2021-01-08T23:59:59+01:00,1,0,10,7,28,49,50,96,60,143,69,107,32,52,55,119,50,190,0,0,0,0,0,0,0,0,0,0,0,0,0,0,0,0,0,0,1118,0,0,0,0,0,0,0,0
2021-01-07T23:59:59+01:00,1,0,7,4,10,19,22,43,23,58,38,67,19,35,40,79,39,126,0,0,0,0,0,0,0,0,0,0,0,0,0,0,0,0,0,0,630,0,0,0,0,0,0,0,0
2021-01-06T23:59:59+01:00,1,0,7,4,10,16,14,30,15,40,25,54,16,25,33,69,37,110,0,0,0,0,0,0,0,0,0,0,0,0,0,0,0,0,0,0,506,0,0,0,0,0,0,0,0
2021-01-05T23:59:59+01:00,1,0,7,4,10,16,14,30,15,40,25,54,16,25,32,69,37,110,0,0,0,0,0,0,0,0,0,0,0,0,0,0,0,0,0,0,505,0,0,0,0,0,0,0,0
2021-01-04T23:59:59+01:00,1,0,2,4,9,6,4,14,4,8,6,17,7,5,9,16,5,15,0,0,0,0,0,0,0,0,0,0,0,0,0,0,0,0,0,0,132,0,0,0,0,0,0,0,0
2021-01-03T23:59:59+01:00,1,0,1,1,4,3,2,7,3,3,3,10,5,4,6,8,4,9,0,0,0,0,0,0,0,0,0,0,0,0,0,0,0,0,0,0,74,0,0,0,0,0,0,0,0
2021-01-02T23:59:59+01:00,1,0,1,1,4,3,2,7,3,3,3,10,5,4,6,8,4,9,0,0,0,0,0,0,0,0,0,0,0,0,0,0,0,0,0,0,74,0,0,0,0,0,0,0,0
2021-01-01T23:59:59+01:00,1,0,1,1,4,3,2,7,2,3,3,10,5,4,6,8,4,9,0,0,0,0,0,0,0,0,0,0,0,0,0,0,0,0,0,0,73,0,0,0,0,0,0,0,0
2020-12-31T23:59:59+01:00,1,0,1,1,4,2,2,7,2,2,3,9,5,4,6,8,4,9,0,0,0,0,0,0,0,0,0,0,0,0,0,0,0,0,0,0,70,0,0,0,0,0,0,0,0
2020-12-30T23:59:59+01:00,1,0,1,1,4,2,2,7,2,2,3,7,5,4,6,8,4,9,0,0,0,0,0,0,0,0,0,0,0,0,0,0,0,0,0,0,68,0,0,0,0,0,0,0,0
2020-12-29T23:59:59+01:00,1,0,1,1,3,1,2,6,2,2,3,6,3,2,5,8,3,8,0,0,0,0,0,0,0,0,0,0,0,0,0,0,0,0,0,0,57,0,0,0,0,0,0,0,0
2020-12-28T23:59:59+01:00,1,0,0,0,3,1,0,2,1,0,1,3,0,1,0,1,1,5,0,0,0,0,0,0,0,0,0,0,0,0,0,0,0,0,0,0,20,0,0,0,0,0,0,0,0
2020-12-27T23:59:59+01:00,0,0,0,0,0,0,0,1,1,0,1,2,0,1,0,1,1,5,0,0,0,0,0,0,0,0,0,0,0,0,0,0,0,0,0,0,13,0,0,0,0,0,0,0,0
