Datum,<24_1_m,<24_1_w,25-34_1_m,25-34_1_w,35-44_1_m,35-44_1_w,45-54_1_m,45-54_1_w,55-64_1_m,55-64_1_w,65-74_1_m,65-74_1_w,75-84_1_m,75-84_1_w,>84_1_m,>84_1_w,<24_2_m,<24_2_w,25-34_2_m,25-34_2_w,35-44_2_m,35-44_2_w,45-54_2_m,45-54_2_w,55-64_2_m,55-64_2_w,65-74_2_m,65-74_2_w,75-84_2_m,75-84_2_w,>84_2_m,>84_2_w,bp_1,bp_2,mo_1,mo_2,az_1,az_2,ja
2021-06-29T23:59:59+02:00,24999,23488,40090,34273,46344,43517,61537,60902,78529,77663,56689,60686,37794,48597,11818,21078,6884,6636,13674,13321,16709,18733,36845,39274,62345,63712,50830,54311,35314,45396,11215,19973,528805,355663,77956,45328,108888,81826,12355
2021-06-28T23:59:59+02:00,24683,23127,39680,33928,45975,43192,61315,60669,78358,77520,56624,60624,37765,48572,11817,21066,6589,6326,13048,12841,15739,17930,33485,36485,61328,62777,50501,53947,35227,45258,11193,19938,527423,347920,76275,40682,108888,81681,12329
2021-06-27T23:59:59+02:00,24579,23025,39614,33868,45922,43135,61287,60636,78328,77494,56609,60615,37759,48565,11816,21061,6499,6253,12823,12706,15322,17697,32662,35849,61084,62583,50412,53878,35210,45236,11191,19934,526846,345064,76271,40425,108882,81536,12314
2021-06-26T23:59:59+02:00,24572,23020,39608,33865,45921,43134,61287,60635,78328,77494,56609,60615,37759,48565,11816,21061,6496,6246,12817,12693,15316,17690,32658,35849,61077,62581,50410,53872,35210,45236,11191,19933,526822,345001,76271,40425,108882,81535,12314
2021-06-25T23:59:59+02:00,24435,22883,39523,33779,45839,43063,61243,60588,78280,77471,56598,60601,37756,48562,11815,21059,6400,6135,12709,12564,15180,17531,31948,35199,60694,62265,50333,53790,35203,45215,11188,19932,526032,342040,76271,40413,108879,81520,12313
2021-06-24T23:59:59+02:00,23982,22406,39172,33473,45489,42760,61043,60394,78120,77336,56544,60545,37734,48532,11811,21050,6065,5840,12156,12104,14485,16857,28670,32502,58437,60447,49767,53208,35071,45012,11170,19885,523096,328401,76221,40149,108877,80929,12197
2021-06-23T23:59:59+02:00,23258,21685,38617,32899,44855,42070,60683,60012,77877,77090,56443,60417,37690,48481,11801,21031,5913,5652,11787,11764,13985,16339,25325,29754,56808,58938,49249,52679,34955,44838,11149,19842,517682,319070,76166,37225,108875,80496,12186
2021-06-22T23:59:59+02:00,22782,21189,38221,32489,44429,41611,60413,59730,77678,76856,56350,60310,37653,48409,11788,21009,5724,5517,11474,11505,13569,15970,21017,26244,54745,57251,48656,52079,34778,44626,11129,19798,513938,304804,76040,37173,108870,80036,12069
2021-06-21T23:59:59+02:00,22500,20914,37978,32265,44191,41337,60230,59522,77548,76719,56298,60231,37630,48371,11779,20994,5596,5409,11170,11311,13235,15719,19481,25024,53839,56489,46455,49646,34182,43908,11106,19741,511939,299568,75837,37104,108856,73764,11875
2021-06-20T23:59:59+02:00,22183,20603,37685,31997,43906,41085,60083,59357,77417,76578,56251,60192,37610,48355,11776,20987,5543,5365,11040,11225,13081,15594,19092,24703,53577,56312,44936,47829,33678,43333,11087,19724,509592,298957,75760,36360,108845,68934,11868
2021-06-19T23:59:59+02:00,22176,20591,37670,31993,43903,41081,60077,59354,77415,76575,56248,60192,37610,48354,11776,20987,5537,5356,11036,11222,13072,15588,19085,24695,53564,56300,44927,47819,33677,43333,11087,19724,509534,298874,75755,36357,108845,68923,11868
2021-06-18T23:59:59+02:00,22065,20469,37604,31939,43828,40996,60022,59310,77373,76533,56226,60172,37605,48341,11775,20986,5442,5192,10741,10688,12701,15011,18548,23683,52716,55010,44723,47657,33649,43286,11081,19712,508788,297314,75749,36356,108840,64303,11867
2021-06-17T23:59:59+02:00,21274,19673,36862,31307,43047,40244,59617,58943,77082,76278,56108,60045,37557,48274,11762,20962,5251,4982,10363,10144,12190,14248,17631,22336,51168,53100,43598,46336,33343,42898,11034,19631,502833,290171,75685,36229,108834,60170,11683
2021-06-16T23:59:59+02:00,20378,18650,35883,30385,42050,39280,59083,58466,76698,75972,55970,59894,37501,48187,11752,20939,5067,4830,9860,9827,11466,13759,16097,21056,47344,49591,41864,44342,32883,42332,10971,19504,495525,274173,75171,36031,108823,59020,11569
2021-06-15T23:59:59+02:00,19455,17698,34977,29538,41128,38402,58649,58031,76369,75652,55832,59731,37446,48120,11738,20906,4863,4706,9347,9575,10768,13294,14596,19874,43114,45544,40324,42505,32407,41713,10904,19376,488375,257133,75056,35997,108816,58355,11425
2021-06-14T23:59:59+02:00,18235,16378,33728,28271,39675,36998,58067,57474,75980,75312,55705,59593,37401,48049,11729,20891,4738,4613,9008,9371,10298,12983,13435,18873,40497,43013,39256,41366,32119,41313,10872,19291,478677,246051,74619,35974,108811,57642,11379
2021-06-13T23:59:59+02:00,17694,15936,33248,27865,39186,36617,57853,57292,75834,75210,55678,59554,37379,48027,11726,20882,4653,4565,8864,9300,10137,12915,12831,18419,40030,42621,39023,41144,32059,41228,10866,19277,475606,245097,74317,34551,108805,57031,11253
2021-06-12T23:59:59+02:00,17692,15918,33236,27856,39179,36612,57849,57290,75830,75208,55677,59552,37378,48027,11726,20882,4646,4560,8854,9295,10127,12909,12820,18406,39849,42475,39000,41129,32055,41226,10866,19276,475542,244670,74313,34551,108805,57020,11252
2021-06-11T23:59:59+02:00,17607,15861,33089,27788,39007,36559,57729,57253,75760,75184,55665,59547,37376,48025,11726,20881,4564,4366,8694,8738,9933,12191,12586,17339,39362,41187,38846,40999,32037,41192,10864,19274,475209,244183,73904,34549,108699,52195,11245
2021-06-10T23:59:59+02:00,16753,15127,31670,26882,37760,35655,57048,56795,75354,74915,55576,59456,37337,47983,11715,20863,4310,4174,8142,8252,9254,11441,11856,16282,36530,38171,38050,40204,31871,41012,10848,19244,471324,237178,70948,34420,108419,47845,10198
2021-06-09T23:59:59+02:00,15955,14400,30404,25985,36555,34777,56483,56411,75015,74690,55495,59351,37310,47939,11702,20843,4130,4022,7786,8066,8799,11226,11246,15911,31508,33376,36570,38693,31628,40744,10827,19194,466690,223451,68545,34297,108380,46278,9700
2021-06-08T23:59:59+02:00,15010,13520,29032,24902,35193,33769,55870,56012,74724,74482,55422,59279,37288,47909,11698,20833,4050,3959,7636,7955,8648,11114,10957,15710,28717,30592,35622,37766,31468,40549,10803,19162,462139,216055,65116,34241,108340,45064,9348
2021-06-07T23:59:59+02:00,14375,12920,27675,24097,34047,32994,55398,55759,74487,74378,55389,59242,37272,47899,11698,20829,3959,3886,7443,7834,8348,10985,10592,15468,24444,26259,34182,36265,31248,40284,10775,19133,459029,204430,62121,34179,108307,43494,9002
2021-06-06T23:59:59+02:00,14052,12727,26894,23679,33400,32577,55092,55597,74334,74314,55370,59219,37257,47890,11696,20828,3893,3850,7297,7789,8193,10904,10282,15268,21655,23420,33191,35203,31111,40132,10768,19118,457900,201668,60076,29024,108284,42716,8666
2021-06-05T23:59:59+02:00,14023,12698,26852,23638,33373,32559,55087,55588,74330,74308,55366,59214,37252,47888,11696,20828,3873,3837,7262,7767,8146,10887,10221,15227,20239,21877,32400,34332,31041,40050,10764,19111,457787,196728,59971,29021,108276,42619,8666
2021-06-04T23:59:59+02:00,13785,12430,26531,23321,33028,32242,55021,55504,74286,74287,55357,59209,37251,47886,11696,20827,3843,3810,7186,7690,8089,10811,10142,15107,20132,21760,32327,34278,31010,40013,10761,19108,455842,196649,59909,29009,108244,41743,8666
2021-06-03T23:59:59+02:00,13209,11946,25503,22640,31905,31501,54542,55176,73974,74094,55289,59132,37217,47856,11690,20811,3715,3719,6915,7522,7809,10639,9817,14872,18265,19910,30365,31993,30737,39682,10738,19059,451550,188125,58446,28990,108230,40383,8259
2021-06-02T23:59:59+02:00,12514,11181,24514,21747,30774,30553,54281,54915,73784,73957,55238,59054,37201,47835,11682,20804,3681,3699,6860,7468,7753,10593,9734,14782,17745,19366,28440,29832,30638,39538,10731,19048,445286,182619,58269,28989,108228,40049,8251
2021-06-01T23:59:59+02:00,11376,10285,22389,20324,28250,28669,52875,53855,72781,73185,54940,58738,37082,47664,11648,20745,3454,3527,6365,7164,7152,10180,8885,14186,15824,17571,24688,25629,29960,38663,10655,18896,435846,168786,53821,28853,108190,38211,6949
2021-05-31T23:59:59+02:00,10518,9621,20564,19160,26218,27172,51778,53011,72085,72644,54727,58484,37009,47565,11634,20709,3316,3379,6032,6921,6754,9883,8353,13836,14774,16604,23510,24281,29582,38182,10595,18804,429103,163124,49503,28822,108172,36739,6121
2021-05-30T23:59:59+02:00,10165,9275,19840,18665,25521,26594,51445,52733,71859,72453,54654,58409,36985,47538,11626,20701,3134,3189,5680,6654,6465,9641,8136,13635,14513,16333,23217,23968,29472,38075,10580,18776,426555,162300,49103,28764,108142,35741,4663
2021-05-29T23:59:59+02:00,10149,9263,19823,18638,25503,26569,51434,52729,71854,72443,54652,58404,36984,47538,11625,20701,3132,3181,5677,6650,6460,9639,8129,13627,14503,16329,23206,23961,29468,38070,10579,18775,426401,162233,49103,28762,108142,35728,4663
2021-05-28T23:59:59+02:00,10084,9167,19688,18470,25245,26341,51278,52552,71708,72313,54615,58353,36971,47519,11622,20688,3088,3104,5587,6515,6361,9445,8019,13359,14311,16053,23056,23809,29415,38007,10572,18767,424761,161854,49066,28761,108125,34191,4662
2021-05-27T23:59:59+02:00,8825,7964,17293,16657,22475,24198,50190,51740,71042,71829,54418,58137,36881,47425,11610,20659,2791,2772,4751,5893,5473,8672,7232,12378,13195,14867,22082,22790,29040,37566,10517,18680,412876,158072,48113,28497,107992,29768,2362
2021-05-26T23:59:59+02:00,8427,7548,16416,15859,21295,23192,49594,51195,70634,71455,54272,57977,36815,47351,11600,20629,2606,2598,4385,5564,5000,8170,6757,11734,12231,13895,21187,21763,28729,37124,10471,18595,407335,154246,47386,28411,107925,26539,1613
2021-05-25T23:59:59+02:00,7855,6952,15180,14977,19852,22023,49117,50796,70388,71273,54204,57895,36793,47326,11596,20620,2531,2495,4198,5434,4757,7943,6483,11429,11677,13367,19071,19627,28361,36594,10436,18546,400600,148662,47145,28398,107882,24669,1220
2021-05-24T23:59:59+02:00,7770,6850,14957,14854,19564,21846,49016,50677,70345,71235,54203,57889,36792,47325,11594,20617,2488,2434,4115,5269,4665,7700,6360,11148,11539,13128,18958,19517,28311,36548,10429,18535,399463,148520,47069,28356,107796,23062,1206
2021-05-23T23:59:59+02:00,7753,6838,14922,14839,19510,21819,49007,50675,70341,71229,54202,57887,36792,47324,11594,20617,2486,2430,4108,5264,4656,7696,6356,11136,11518,13106,18821,19326,28280,36509,10427,18533,399284,148045,47069,28354,107796,23053,1200
2021-05-22T23:59:59+02:00,7750,6830,14912,14827,19501,21813,49007,50673,70338,71229,54202,57886,36792,47324,11594,20617,2483,2423,4101,5258,4654,7696,6353,11133,11509,13103,18809,19320,28279,36509,10427,18533,399232,148009,47069,28354,107796,23029,1198
2021-05-21T23:59:59+02:00,7675,6733,14784,14695,19297,21655,48768,50441,70196,71123,54175,57860,36785,47317,11589,20611,2412,2340,4016,5118,4551,7483,6232,10837,11344,12818,18749,19264,28265,36486,10425,18532,397671,147794,47067,28354,107771,21529,1195
2021-05-20T23:59:59+02:00,7401,6441,14210,14172,18364,20782,46093,48097,69056,70160,53825,57504,36678,47180,11557,20582,2151,2177,3656,4754,4113,6935,5683,10007,10262,11728,17484,17990,27761,35889,10352,18385,386747,142593,46906,28062,107469,17692,980
2021-05-19T23:59:59+02:00,7162,6220,13548,13697,17101,19789,42126,44620,67577,68864,53375,56983,36518,46958,11522,20530,2075,1978,3493,4414,3870,6414,5244,9330,9281,10619,16010,16359,27069,34979,10228,18177,372048,135473,46340,27918,107241,15188,961
2021-05-18T23:59:59+02:00,6966,6043,13011,13271,16008,18933,37414,40608,66128,67550,52823,56444,36373,46739,11480,20473,2029,1849,3355,4227,3685,6102,4913,8853,8420,9750,14438,14635,26363,34132,10137,18002,356001,128877,46280,27357,107087,13760,896
2021-05-17T23:59:59+02:00,6833,5948,12690,13024,15517,18542,35238,38746,65294,66770,52555,56135,36294,46631,11465,20436,1961,1792,3167,4048,3469,5874,4592,8484,7645,9054,11195,10642,25457,32987,10054,17832,352299,123704,42017,21294,107009,12462,793
2021-05-16T23:59:59+02:00,6772,5866,12567,12870,15344,18373,34749,38277,65110,66601,52500,56076,36284,46607,11460,20431,1905,1695,3066,3924,3390,5772,4487,8340,7465,8868,9012,8057,24977,32306,10020,17775,350831,122573,41514,15967,106975,11952,567
2021-05-15T23:59:59+02:00,6767,5857,12561,12864,15340,18369,34744,38275,65108,66599,52500,56075,36284,46607,11460,20431,1904,1694,3063,3918,3386,5769,4482,8337,7463,8865,9010,8055,24976,32306,10020,17775,350790,122543,41514,15967,106973,11949,564
2021-05-14T23:59:59+02:00,6572,5761,12319,12802,15113,18280,33774,37494,64577,66196,52405,55988,36268,46574,11458,20426,1790,1607,2952,3848,3329,5661,4432,8192,7417,8739,9005,8050,24975,32306,10020,17774,347456,122491,41483,15963,106515,11090,553
2021-05-13T23:59:59+02:00,6322,5574,11912,12552,14548,17833,30251,34709,62103,64123,51775,55314,36131,46354,11446,20378,1746,1569,2895,3772,3297,5569,4390,8088,7336,8620,8968,7992,24955,32265,10015,17770,333489,122247,41260,15940,106086,10570,490
2021-05-12T23:59:59+02:00,6306,5552,11840,12488,14440,17727,29619,34135,61598,63673,51603,55141,36095,46309,11439,20365,1746,1566,2894,3772,3294,5569,4389,8086,7334,8614,8961,7989,24955,32263,10015,17769,330509,122227,41250,15930,106081,10569,490
2021-05-11T23:59:59+02:00,5984,5419,11398,12212,13901,17344,25366,30655,59225,61672,50949,54466,35908,46063,11417,20301,1704,1449,2790,3512,3173,5192,4251,7641,7182,8290,8878,7909,24926,32224,10011,17758,315617,121990,41196,15740,105100,8793,367
2021-05-10T23:59:59+02:00,5857,5346,11236,12097,13683,17176,21907,27902,57983,60560,50587,54116,35816,45941,11402,20270,1668,1354,2707,3283,3072,4861,4143,7151,7064,7856,8841,7854,24914,32203,10009,17754,305729,121863,41035,15592,104811,6975,304
2021-05-09T23:59:59+02:00,5779,5314,11152,12034,13583,17095,20308,26725,57518,60179,50485,54018,35790,45900,11395,20265,1651,1334,2649,3159,3021,4720,4098,7031,7003,7758,8829,7840,24907,32197,10008,17754,305166,121802,37471,15548,104612,6318,291
2021-05-08T23:59:59+02:00,5775,5311,11141,12030,13574,17086,20301,26719,57509,60174,50482,54010,35786,45897,11393,20262,1650,1334,2649,3157,3021,4720,4095,7028,7002,7757,8828,7840,24906,32195,10008,17754,305077,121787,37470,15548,104612,6318,291
2021-05-07T23:59:59+02:00,5735,5276,11077,11981,13468,17010,19846,26361,56514,59366,50354,53879,35758,45867,11390,20248,1546,1290,2570,3113,2981,4692,4062,7004,6980,7725,8822,7832,24904,32194,10008,17753,301921,121756,37454,15542,104469,5892,286
2021-05-06T23:59:59+02:00,5482,5164,10567,11675,12769,16558,18565,25379,52283,55741,49171,52508,35428,45469,11337,20146,1322,1159,2335,2941,2811,4526,3909,6804,6827,7569,8741,7753,24882,32157,10005,17745,286895,121468,37267,15404,103923,4457,157
2021-05-05T23:59:59+02:00,5221,5065,10073,11441,12015,16111,17236,24404,47920,51613,47507,50592,34991,44899,11262,20023,1278,1064,2273,2813,2728,4346,3816,6566,6718,7370,8629,7660,24823,32083,9999,17729,269755,120995,37040,15361,103535,3496,43
2021-05-04T23:59:59+02:00,5138,4981,9759,11230,11567,15722,16263,23537,46053,49589,46446,49288,34620,44411,11194,19913,1266,1045,2245,2772,2688,4260,3764,6459,6646,7294,8587,7621,24802,32067,9998,17724,259417,120778,37017,15300,103257,3140,20
2021-05-03T23:59:59+02:00,5034,4895,9413,11063,11106,15461,15204,22674,44485,47974,45570,48341,34399,44073,11166,19822,1251,1021,2214,2742,2647,4197,3716,6405,6572,7241,8018,6932,23067,29749,9860,17488,250429,114988,37007,15218,103232,2902,12
2021-05-02T23:59:59+02:00,4973,4875,9299,11027,10962,15400,14592,22185,43967,47565,45429,48175,34350,44011,11159,19811,1247,1016,2198,2740,2634,4189,3688,6393,6552,7228,7828,6690,21110,27352,9814,17400,249220,114971,35375,10240,103178,2861,7
2021-05-01T23:59:59+02:00,4973,4873,9294,11022,10959,15398,14588,22181,43965,47561,45428,48175,34350,44011,11159,19811,1246,1016,2198,2740,2634,4189,3687,6393,6550,7228,7828,6689,21110,27352,9814,17400,249189,114967,35375,10240,103177,2860,7
2021-04-30T23:59:59+02:00,4926,4851,9227,11007,10904,15373,14513,22155,42482,46149,45092,47843,34313,43959,11154,19801,1037,922,2000,2652,2535,4129,3604,6333,6488,7170,7821,6672,21109,27350,9814,17400,245202,114960,35375,10238,103165,1831,7
2021-04-29T23:59:59+02:00,4683,4768,8759,10857,10300,15204,13828,21948,37563,41845,44084,46818,34192,43841,11150,19770,858,845,1828,2574,2449,4063,3495,6263,6416,7120,7799,6653,21104,27344,9814,17400,231501,114920,35273,10136,102829,962,7
2021-04-28T23:59:59+02:00,4508,4733,8509,10773,9950,15115,13472,21794,32937,37362,42843,45571,34066,43694,11135,19752,817,816,1792,2528,2416,3987,3459,6154,6367,7028,7780,6635,21092,27331,9810,17393,218333,114837,35256,10088,102618,473,7
2021-04-27T23:59:59+02:00,4278,4518,8169,10325,9568,14535,13007,21154,31811,36234,42563,45288,34050,43666,11131,19749,792,802,1758,2505,2398,3969,3442,6136,6333,7002,7768,6626,21087,27326,9807,17387,215612,114780,35246,10059,99181,292,7
2021-04-26T23:59:59+02:00,4257,4490,8094,10289,9462,14479,12860,21096,27422,31874,41352,44083,33971,43567,11118,19739,759,792,1729,2487,2368,3948,3418,6116,6281,6957,7721,6577,21057,27296,9807,17380,203808,114580,35237,10016,99101,90,7
2021-04-25T23:59:59+02:00,4234,4477,8061,10263,9399,14449,12768,21050,25454,29836,40652,43324,33925,43509,11114,19734,747,785,1717,2473,2352,3934,3392,6095,6248,6927,7699,6557,21040,27275,9806,17376,203145,114556,30132,9773,98966,88,6
2021-04-24T23:59:59+02:00,4216,4466,8031,10234,9359,14433,12719,21028,23953,28178,39895,42488,33860,43433,11111,19728,746,784,1714,2471,2351,3931,3392,6091,6248,6924,7697,6555,21039,27275,9806,17376,198096,114536,30132,9772,98898,86,6
2021-04-23T23:59:59+02:00,3950,4314,7564,9937,8929,14077,12159,20626,23475,27881,39812,42427,33839,43399,11105,19721,732,774,1697,2458,2331,3915,3369,6069,6226,6905,7683,6537,21034,27264,9806,17375,197753,114521,30117,9574,95339,74,6
2021-04-22T23:59:59+02:00,3857,4258,7374,9821,8651,13884,11716,20298,21154,25526,37057,39188,33311,42728,11034,19600,719,765,1669,2429,2273,3859,3295,5998,6115,6810,7604,6451,20979,27220,9803,17360,184745,114400,29928,8872,94778,71,6
2021-04-21T23:59:59+02:00,3829,4227,7247,9743,8471,13714,11383,20009,19895,24328,33847,35485,32825,42025,10971,19472,695,747,1635,2401,2229,3835,3263,5965,6074,6772,7576,6424,20960,27196,9799,17356,173006,114295,29756,8559,94703,67,6
2021-04-20T23:59:59+02:00,3795,4201,7143,9674,8260,13559,11018,19711,18802,23182,30538,31851,32347,41426,10912,19360,688,737,1620,2389,2196,3813,3222,5919,6032,6729,7536,6378,20935,27172,9793,17353,161393,114137,29734,8304,94646,65,6
2021-04-19T23:59:59+02:00,3776,4184,7069,9637,8142,13450,10764,19526,18137,22520,29664,30723,32056,41059,10870,19285,680,732,1598,2375,2171,3783,3187,5886,5998,6698,7491,6345,20904,27144,9791,17349,156558,114004,29717,8059,94581,63,6
2021-04-18T23:59:59+02:00,3773,4178,7053,9623,8127,13431,10729,19502,18050,22438,29542,30599,32028,41037,10867,19277,678,728,1583,2363,2154,3768,3163,5860,5969,6675,7469,6332,20885,27122,9788,17346,156067,113945,29649,7870,94532,62,6
2021-04-17T23:59:59+02:00,3772,4176,7051,9621,8124,13431,10724,19495,18038,22429,29520,30586,32026,41035,10867,19277,677,728,1582,2362,2153,3767,3160,5859,5967,6673,7469,6332,20885,27122,9788,17346,155992,113932,29648,7870,94526,62,6
2021-04-16T23:59:59+02:00,3605,4138,6708,9491,7760,13244,10327,19250,17588,22156,29322,30427,31944,40946,10852,19258,665,712,1570,2347,2126,3752,3106,5823,5925,6623,7376,6243,20472,26557,9758,17285,155242,112609,29640,7666,92128,59,6
2021-04-15T23:59:59+02:00,3505,4059,6358,9122,7186,12745,9553,18417,16263,20929,28125,29135,31422,40305,10773,19082,635,689,1518,2308,2044,3665,2999,5703,5596,6386,6881,5859,19747,25650,9661,17117,149503,109270,29346,7128,88124,54,6
2021-04-14T23:59:59+02:00,3449,4010,6123,8884,6854,12370,8933,17867,15153,19899,26712,27637,30791,39427,10665,18887,600,664,1471,2271,1970,3587,2857,5579,5288,6148,6334,5346,18735,24367,9575,16940,142704,105003,29146,6675,85805,48,6
2021-04-13T23:59:59+02:00,3418,3979,6031,8808,6705,12243,8632,17622,14352,19206,23368,24087,29859,38246,10560,18713,595,655,1458,2249,1943,3554,2761,5508,5071,5965,5973,5011,18435,24022,9535,16875,131088,102912,29136,6645,85599,47,6
2021-04-12T23:59:59+02:00,3396,3959,5980,8753,6620,12160,8414,17427,13737,18678,22366,22939,29438,37687,10491,18588,586,647,1448,2241,1920,3533,2705,5457,4922,5861,5658,4732,18140,23719,9497,16815,126018,101329,29120,6499,85489,47,6
2021-04-11T23:59:59+02:00,3390,3952,5963,8729,6592,12143,8374,17404,13647,18617,22237,22792,29386,37622,10481,18562,583,642,1435,2231,1908,3525,2688,5441,4886,5824,5599,4674,17967,23485,9476,16785,125475,100668,29054,6428,85356,47,6
2021-04-10T23:59:59+02:00,3382,3951,5940,8729,6570,12142,8354,17403,13624,18615,22232,22789,29382,37621,10481,18562,582,640,1428,2226,1903,3522,2682,5433,4870,5814,5586,4657,17806,23234,9462,16761,125453,100159,28965,6394,85353,47,6
2021-04-09T23:59:59+02:00,3343,3939,5892,8717,6513,12126,8319,17376,13573,18570,20282,20386,28900,37007,10451,18513,568,627,1403,2204,1877,3499,2640,5397,4797,5752,5471,4556,17229,22502,9424,16690,124766,98396,23863,6195,85272,39,6
2021-04-08T23:59:59+02:00,3319,3921,5823,8686,6440,12087,8230,17313,13427,18452,17697,17327,28378,36341,10413,18463,526,597,1316,2123,1783,3403,2462,5212,4303,5388,4671,3949,15452,20281,9238,16385,123903,91433,18012,5622,84397,29,5
2021-04-07T23:59:59+02:00,3240,3893,5613,8637,6234,12031,8023,17245,13166,18359,15040,14269,27700,35546,10383,18410,503,569,1264,2067,1689,3323,2312,5072,3895,5055,3953,3386,14603,19418,9126,16201,123695,87131,16479,5276,77611,25,4
2021-04-06T23:59:59+02:00,3212,3883,5567,8619,6165,12008,7936,17207,13092,18288,13063,11914,27067,34833,10370,18380,472,547,1196,2012,1604,3241,2150,4955,3526,4780,3429,2978,13763,18420,9050,16086,123569,83509,16277,4675,71754,21,4
2021-04-05T23:59:59+02:00,3210,3880,5531,8606,6128,11996,7891,17192,13020,18252,13017,11868,27056,34817,10369,18377,440,517,1144,1975,1552,3200,2083,4903,3439,4704,3373,2928,13620,18249,9041,16068,123547,83024,16069,4188,71591,21,3
2021-04-04T23:59:59+02:00,3209,3879,5531,8605,6127,11996,7890,17189,13020,18252,13014,11868,27055,34817,10369,18377,439,516,1143,1975,1552,3200,2083,4903,3439,4704,3373,2928,13619,18249,9041,16068,123540,83020,16069,4188,71586,21,3
2021-04-03T23:59:59+02:00,3208,3879,5531,8604,6127,11996,7890,17189,13020,18252,13013,11867,27054,34814,10369,18377,439,515,1143,1975,1551,3200,2083,4902,3433,4701,3368,2917,13532,18113,9032,16052,123534,82744,16069,4188,71584,21,3
2021-04-02T23:59:59+02:00,3208,3876,5528,8599,6123,11987,7881,17177,12995,18221,12967,11816,27027,34796,10366,18373,436,508,1141,1971,1540,3192,2073,4880,3403,4668,3337,2888,12605,16868,8966,15944,123371,80289,16066,4107,71500,21,3
2021-04-01T23:59:59+02:00,3193,3863,5491,8579,6058,11954,7810,17142,12881,18151,12850,11691,26968,34720,10357,18358,389,465,1044,1904,1442,3105,1923,4768,3208,4535,3112,2691,10598,14288,8856,15768,123054,74752,15943,3320,71066,21,3
2021-03-31T23:59:59+02:00,3192,3849,5473,8545,6026,11918,7769,17098,12801,18083,12737,11568,26917,34660,10349,18349,351,444,1008,1862,1372,3065,1819,4666,2953,4338,2701,2377,8026,11066,8681,15530,122750,67258,15904,2978,70677,20,3
2021-03-30T23:59:59+02:00,3185,3839,5448,8517,5994,11887,7731,17058,12724,18017,12652,11430,26880,34614,10343,18339,331,425,986,1830,1313,3030,1697,4586,2707,4167,2333,2128,7142,9984,8617,15406,122621,63957,15875,2704,70160,19,2
2021-03-29T23:59:59+02:00,3174,3835,5422,8499,5958,11855,7689,17026,12652,17942,12013,10673,25017,32122,10195,18083,325,423,979,1815,1292,3006,1662,4546,2562,4080,2047,1977,6493,9274,8573,15328,116638,61662,15706,2701,69809,17,2
2021-03-28T23:59:59+02:00,3144,3819,5375,8463,5909,11814,7608,16971,12543,17875,11749,10372,23036,29663,10140,17984,324,421,977,1814,1285,3003,1658,4544,2550,4072,2022,1957,6471,9260,8571,15323,116579,61535,10535,2698,69349,17,2
2021-03-27T23:59:59+01:00,3133,3815,5336,8453,5873,11801,7561,16956,12498,17828,11716,10329,23032,29656,10140,17984,324,421,977,1814,1285,3003,1657,4542,2548,4070,2020,1955,6422,9184,8538,15274,116512,61317,10534,2698,69063,17,2
2021-03-26T23:59:59+01:00,2997,3491,4889,7300,5378,10485,6949,14911,11691,15565,11497,10148,22548,28930,10095,17913,323,417,972,1811,1280,2999,1654,4540,2543,4063,2012,1949,6292,8997,8393,15088,114966,60639,10280,2686,59539,6,2
2021-03-25T23:59:59+01:00,2870,3222,4729,6535,5151,9334,6625,13196,10961,13769,10643,9348,21831,28092,10019,17757,318,409,966,1801,1266,2980,1634,4505,2506,4014,1946,1890,6002,8569,8118,14641,112059,58875,9589,2683,52432,5,2
2021-03-24T23:59:59+01:00,2823,3180,4655,6476,5018,9229,6422,13026,10456,13366,9816,8529,20824,26839,9923,17575,316,404,958,1795,1249,2969,1619,4482,2460,3957,1877,1814,5640,8097,7704,13976,108054,56643,9244,2669,50859,5,0
2021-03-23T23:59:59+01:00,2794,3147,4587,6410,4911,9135,6210,12864,10000,12944,9109,7866,20314,26236,9870,17471,304,391,941,1786,1234,2949,1590,4460,2406,3908,1796,1748,5362,7719,7312,13357,105680,54591,8912,2668,49276,4,0
2021-03-22T23:59:59+01:00,2779,3111,4528,6372,4834,9067,6071,12727,9638,12670,8514,7314,19901,25804,9810,17376,300,387,929,1780,1220,2934,1577,4446,2379,3882,1771,1727,5225,7545,6869,12544,104201,52848,8652,2663,47663,4,0
2021-03-21T23:59:59+01:00,2772,3096,4483,6350,4783,9031,5980,12659,9450,12482,8211,7056,19734,25637,9798,17351,300,387,928,1780,1219,2934,1576,4445,2376,3882,1764,1721,5216,7540,6839,12487,104001,52744,8423,2646,46449,4,0
2021-03-20T23:59:59+01:00,2772,3091,4474,6345,4777,9028,5976,12652,9430,12468,8178,7025,19560,25361,9782,17325,300,387,928,1779,1218,2934,1575,4444,2372,3874,1752,1708,5203,7491,6662,12250,103444,52251,8411,2622,46389,4,0
2021-03-19T23:59:59+01:00,2737,3068,4400,6302,4669,8978,5836,12595,9163,12280,7874,6804,19076,24770,9750,17266,300,387,927,1778,1218,2931,1572,4443,2366,3869,1736,1700,5167,7448,6257,11632,102146,51125,8170,2602,45252,4,0
2021-03-18T23:59:59+01:00,2671,2995,4237,6166,4419,8772,5479,12286,8259,11612,6614,5796,17825,23410,9601,17036,297,383,922,1768,1204,2918,1534,4428,2299,3824,1658,1657,5094,7342,5526,10526,97256,48818,7627,2560,42295,2,0
2021-03-17T23:59:59+01:00,2633,2956,4158,6068,4282,8664,5226,12012,7586,11045,5627,4903,16480,21878,9437,16779,293,382,918,1759,1200,2910,1517,4406,2232,3798,1591,1612,5050,7278,4951,9647,91859,47038,7125,2504,40750,2,0
2021-03-16T23:59:59+01:00,2613,2928,4095,6002,4189,8567,5051,11857,7139,10657,4867,4289,15628,20899,9332,16606,289,380,915,1754,1197,2903,1509,4395,2210,3779,1561,1595,5013,7235,4445,8840,88229,45593,7089,2425,39401,2,0
2021-03-15T23:59:59+01:00,2610,2917,4079,5984,4158,8541,5001,11811,7022,10543,4722,4130,15311,20490,9300,16547,287,377,915,1748,1190,2896,1495,4386,2188,3756,1518,1578,4952,7161,3866,7979,87465,44008,6994,2283,38707,1,0
2021-03-14T23:59:59+01:00,2605,2907,4058,5965,4128,8523,4958,11778,6930,10454,4618,4020,15182,20322,9284,16510,285,376,915,1746,1184,2890,1490,4375,2177,3750,1508,1571,4944,7153,3860,7966,87160,43948,6976,2241,38106,1,0
2021-03-13T23:59:59+01:00,2602,2901,4054,5953,4120,8517,4950,11769,6910,10440,4596,3994,14866,19885,9264,16474,285,376,915,1746,1184,2890,1490,4375,2177,3750,1508,1571,4944,7152,3860,7966,86277,43947,6952,2241,38066,1,0
2021-03-12T23:59:59+01:00,2539,2825,3946,5785,4003,8298,4813,11470,6732,10170,4443,3856,13945,18629,9203,16372,285,375,913,1743,1184,2887,1488,4370,2176,3743,1500,1569,4936,7133,3858,7950,83816,43869,6890,2240,36323,1,0
2021-03-11T23:59:59+01:00,2414,2600,3724,5457,3748,7860,4489,10704,6104,9354,3926,3358,12359,16644,9104,16225,285,375,910,1740,1181,2873,1479,4358,2164,3715,1457,1540,4895,7098,3846,7923,79521,43719,6727,2119,31822,1,0
2021-03-10T23:59:59+01:00,2292,2467,3572,5225,3553,7538,4224,10218,5552,8786,3358,2917,10089,13927,8959,15998,282,371,906,1731,1174,2862,1474,4342,2140,3699,1428,1532,4863,7083,3837,7915,73223,43650,6557,1989,28895,0,0
2021-03-09T23:59:59+01:00,2265,2414,3507,5139,3440,7449,4054,10023,5158,8436,2884,2558,8582,11921,8859,15851,281,370,906,1725,1167,2853,1470,4334,2132,3688,1414,1527,4855,7078,3834,7913,68384,43609,6407,1938,27749,0,0
2021-03-08T23:59:59+01:00,2242,2344,3450,5074,3366,7364,3930,9911,4866,8244,2436,2295,6663,9524,8739,15676,281,367,905,1715,1161,2837,1464,4323,2128,3681,1403,1520,4838,7056,3827,7904,62699,43498,6072,1912,27353,0,0
2021-03-07T23:59:59+01:00,2179,2288,3354,4966,3270,7275,3833,9824,4731,8149,2385,2244,6641,9503,8739,15668,281,366,904,1715,1161,2837,1464,4323,2128,3681,1403,1520,4838,7056,3827,7904,62571,43496,5391,1912,27087,0,0
2021-03-06T23:59:59+01:00,2171,2275,3342,4957,3266,7270,3824,9815,4720,8146,2383,2242,6595,9433,8707,15619,281,366,903,1711,1160,2836,1464,4320,2124,3676,1402,1515,4832,7051,3825,7895,62362,43449,5331,1912,27072,0,0
2021-03-05T23:59:59+01:00,2041,2191,3119,4768,3028,6959,3547,9421,4392,7809,2296,2181,6389,9116,8512,15360,281,364,901,1708,1160,2835,1463,4314,2121,3670,1396,1513,4826,7045,3824,7889,61385,43398,4493,1912,25251,0,0
2021-03-04T23:59:59+01:00,1787,1971,2710,4335,2573,6320,2981,8517,3707,6995,2081,2022,6097,8751,8236,14903,279,363,900,1700,1158,2818,1462,4299,2112,3660,1385,1511,4814,7032,3817,7878,59745,43279,3218,1909,21023,0,0
2021-03-03T23:59:59+01:00,1718,1886,2602,4161,2444,6104,2846,8239,3526,6737,1998,1945,5759,8277,7880,14324,278,358,900,1690,1156,2795,1458,4275,2107,3645,1361,1500,4809,7026,3813,7870,57742,43132,3073,1909,19631,0,0
2021-03-02T23:59:59+01:00,1681,1805,2535,4044,2363,5955,2740,8058,3411,6586,1925,1877,5449,7840,7477,13652,276,353,897,1671,1153,2774,1455,4257,2106,3634,1336,1494,4799,7010,3807,7863,55645,42976,2832,1909,18921,0,0
2021-03-01T23:59:59+01:00,1670,1779,2496,3936,2315,5840,2703,7956,3358,6508,1885,1857,5309,7676,7004,12785,276,351,893,1665,1151,2762,1453,4244,2104,3619,1331,1489,4796,7008,3806,7857,53784,42896,2820,1909,18473,0,0
2021-02-28T23:59:59+01:00,1653,1742,2461,3866,2286,5785,2660,7878,3331,6462,1879,1853,5301,7671,6969,12726,276,351,892,1665,1151,2762,1453,4243,2104,3618,1331,1489,4796,7007,3806,7857,53664,42893,2818,1908,18041,0,0
2021-02-27T23:59:59+01:00,1651,1736,2457,3859,2282,5785,2659,7877,3329,6459,1873,1843,5292,7627,6798,12506,276,351,882,1660,1141,2755,1443,4234,2090,3609,1330,1486,4796,7006,3806,7857,53200,42889,2818,1833,18015,0,0
2021-02-26T23:59:59+01:00,1464,1580,2332,3616,2204,5381,2567,7376,3242,6001,1858,1817,5267,7594,6537,12115,275,349,875,1653,1133,2735,1437,4213,2080,3597,1323,1477,4788,6994,3802,7844,52452,42811,2797,1764,15702,0,0
2021-02-25T23:59:59+01:00,1247,1304,2112,3182,2031,4624,2371,6430,3002,5105,1769,1746,5215,7514,5965,11273,273,341,869,1593,1099,2640,1404,4103,2024,3523,1286,1456,4747,6952,3784,7792,50577,42348,2784,1538,11529,0,0
2021-02-24T23:59:59+01:00,1194,1094,2005,2913,1926,4285,2237,6024,2833,4835,1693,1691,5158,7425,5206,10097,271,335,831,1546,1049,2549,1344,3987,1935,3395,1246,1429,4733,6928,3774,7774,48246,42092,2772,1034,9598,0,0
2021-02-23T23:59:59+01:00,1179,1045,1971,2850,1900,4187,2211,5939,2800,4773,1685,1676,5123,7377,4571,9073,271,334,804,1518,1002,2497,1292,3909,1829,3322,1193,1404,4711,6903,3763,7740,46469,41896,2745,596,9146,0,0
2021-02-22T23:59:59+01:00,1171,1005,1921,2706,1856,4041,2156,5743,2746,4667,1675,1665,5089,7329,3965,8188,269,324,761,1479,948,2414,1204,3803,1689,3227,1103,1349,4669,6832,3736,7636,44861,41437,2724,6,8338,0,0
2021-02-21T23:59:59+01:00,1169,991,1890,2644,1830,3945,2129,5639,2726,4605,1667,1659,5086,7320,3965,8184,267,322,757,1473,940,2382,1202,3767,1676,3187,1094,1334,4653,6807,3713,7594,44810,41162,2713,6,7926,0,0
2021-02-20T23:59:59+01:00,1169,991,1890,2644,1829,3945,2129,5639,2724,4600,1658,1651,5082,7314,3963,8181,267,322,757,1472,939,2378,1201,3763,1675,3185,1094,1334,4601,6748,3667,7536,44796,40934,2688,5,7925,0,0
2021-02-19T23:59:59+01:00,1169,988,1887,2639,1828,3936,2128,5630,2721,4597,1639,1643,5069,7297,3960,8175,266,321,753,1463,931,2354,1194,3721,1648,3132,1066,1296,4412,6495,3490,7240,44716,39777,2669,5,7921,0,0
2021-02-18T23:59:59+01:00,1137,905,1848,2520,1789,3798,2075,5424,2660,4423,1624,1627,5053,7264,3955,8148,238,292,708,1340,882,2151,1109,3386,1533,2838,956,1107,3928,5722,3091,6382,44564,35658,2636,5,7050,0,0
2021-02-17T23:59:59+01:00,1088,775,1766,2286,1712,3499,1966,5065,2585,4174,1602,1618,5032,7250,3946,8144,233,289,698,1322,873,2129,1097,3351,1514,2817,949,1104,3548,5205,2798,5960,44523,33882,2579,5,5406,0,0
2021-02-16T23:59:59+01:00,1047,739,1708,2182,1646,3328,1895,4860,2507,4068,1566,1604,5005,7229,3937,8132,227,283,684,1288,852,2075,1066,3234,1476,2732,926,1081,3195,4660,2458,5471,44470,31704,2416,4,4567,0,0
2021-02-15T23:59:59+01:00,1040,723,1689,2107,1627,3228,1876,4751,2493,3990,1537,1590,4975,7212,3905,8076,215,273,669,1253,833,2025,1046,3169,1434,2667,896,1051,2775,4112,2130,4905,44341,29450,2331,3,4147,0,0
2021-02-14T23:59:59+01:00,945,689,1611,2073,1567,3209,1833,4729,2458,3977,1530,1587,4966,7200,3902,8071,208,262,660,1236,814,1988,1030,3103,1404,2599,866,1006,2686,3972,2060,4717,44299,28608,2295,3,3753,0,0
2021-02-13T23:59:59+01:00,892,665,1581,2050,1552,3201,1817,4722,2450,3976,1529,1586,4966,7200,3901,8070,206,261,658,1236,814,1984,1030,3102,1403,2597,865,1006,2584,3848,1996,4617,44293,28204,2295,3,3570,0,0
2021-02-12T23:59:59+01:00,558,516,1231,1935,1380,3097,1677,4640,2343,3906,1510,1577,4957,7189,3895,8064,194,255,646,1211,800,1941,1005,3018,1349,2499,803,933,2360,3536,1854,4312,44180,26714,2295,2,2000,0,0
2021-02-11T23:59:59+01:00,393,440,1041,1822,1278,2978,1579,4526,2256,3818,1403,1533,4895,7140,3874,8016,157,191,546,971,664,1498,808,2351,1071,1911,568,685,1754,2662,1363,3108,43829,20307,2098,1,1065,0,0
2021-02-10T23:59:59+01:00,280,367,915,1718,1178,2855,1484,4341,2143,3695,1366,1520,4874,7129,3869,8014,135,130,375,611,492,1009,638,1740,903,1577,547,670,1349,2101,1049,2613,43752,15939,1992,0,4,0,0
2021-02-09T23:59:59+01:00,280,366,914,1712,1175,2846,1484,4336,2142,3690,1359,1517,4872,7127,3868,8012,132,128,367,582,473,982,617,1711,878,1546,545,667,969,1637,772,2209,43728,14215,1969,0,3,0,0
2021-02-08T23:59:59+01:00,280,364,913,1710,1172,2836,1477,4330,2140,3686,1354,1513,4869,7127,3867,8009,127,122,356,571,465,965,606,1679,860,1520,537,662,576,1148,468,1783,43698,12445,1946,0,3,0,0
2021-02-07T23:59:59+01:00,280,364,911,1710,1171,2836,1475,4328,2140,3686,1354,1513,4869,7126,3867,8009,123,119,352,565,464,958,603,1667,851,1504,529,658,575,1138,463,1768,43694,12337,1945,0,0,0,0
2021-02-06T23:59:59+01:00,280,364,911,1710,1171,2836,1475,4328,2140,3686,1354,1513,4869,7126,3867,8009,120,116,350,562,463,957,603,1665,851,1503,528,657,575,1138,463,1768,43694,12319,1945,0,0,0,0
2021-02-05T23:59:59+01:00,280,363,910,1710,1171,2835,1473,4327,2139,3686,1354,1513,4868,7124,3867,8006,119,108,347,559,455,944,599,1655,837,1480,523,647,569,1122,453,1745,43681,12162,1945,0,0,0,0
2021-02-04T23:59:59+01:00,277,358,903,1672,1164,2789,1472,4275,2126,3643,1346,1506,4840,7093,3856,7976,90,71,231,387,331,686,471,1266,627,1111,394,512,478,918,395,1508,43352,9476,1944,0,0,0,0
2021-02-03T23:59:59+01:00,275,349,898,1647,1160,2754,1461,4226,2117,3607,1338,1490,4818,7063,3843,7950,56,33,79,164,151,341,231,594,302,541,211,278,281,580,229,958,43052,5029,1944,0,0,0,0
2021-02-02T23:59:59+01:00,274,347,897,1635,1156,2735,1458,4194,2110,3581,1330,1484,4810,7050,3836,7927,17,10,24,48,60,97,72,164,96,121,46,75,68,126,51,195,42880,1270,1944,0,0,0,0
2021-02-01T23:59:59+01:00,274,342,897,1633,1155,2734,1457,4190,2109,3575,1329,1484,4809,7050,3836,7927,15,9,20,42,51,88,59,136,73,102,40,66,58,116,50,182,42857,1107,1944,0,0,0,0
2021-01-31T23:59:59+01:00,274,341,897,1629,1154,2730,1457,4185,2109,3572,1328,1484,4809,7049,3836,7927,14,8,19,38,44,80,53,125,63,96,35,55,48,108,47,176,42837,1009,1944,0,0,0,0
2021-01-30T23:59:59+01:00,274,341,892,1626,1146,2722,1449,4179,2105,3569,1328,1484,4757,6990,3790,7869,14,8,19,37,44,80,52,124,63,96,35,55,48,108,47,176,42611,1006,1910,0,0,0,0
2021-01-29T23:59:59+01:00,273,340,877,1618,1134,2701,1437,4149,2085,3542,1319,1478,4595,6788,3626,7665,12,8,19,37,41,80,51,122,60,95,33,50,47,108,47,176,41826,986,1801,0,0,0,0
2021-01-28T23:59:59+01:00,269,327,858,1531,1094,2591,1400,4049,2015,3467,1292,1466,4261,6318,3357,7312,8,4,8,17,22,39,21,56,35,63,21,32,32,70,36,118,40051,582,1556,0,0,0,0
2021-01-27T23:59:59+01:00,263,324,816,1476,1047,2497,1337,3952,1942,3360,1253,1439,3849,5757,3039,6851,4,4,8,8,12,21,8,22,13,29,12,14,15,39,14,57,38096,280,1106,0,0,0,0
2021-01-26T23:59:59+01:00,257,315,782,1430,982,2412,1276,3825,1825,3255,1194,1388,3504,5203,2687,6339,2,1,4,3,5,7,4,2,2,8,7,5,3,7,3,8,36015,71,659,0,0,0,0
2021-01-25T23:59:59+01:00,247,307,730,1370,921,2296,1174,3681,1666,3137,1115,1357,3110,4693,2377,5873,2,1,4,2,3,7,2,2,2,8,7,5,3,7,3,8,33997,66,57,0,0,0,0
2021-01-24T23:59:59+01:00,244,307,724,1366,910,2280,1169,3665,1639,3107,1109,1355,3084,4658,2360,5851,2,1,2,2,3,7,2,2,2,8,7,5,3,7,3,8,33823,64,5,0,0,0,0
2021-01-23T23:59:59+01:00,243,306,723,1366,910,2276,1168,3664,1636,3105,1108,1355,2979,4533,2294,5750,2,1,2,2,2,7,2,2,2,8,7,5,3,7,3,8,33412,63,4,0,0,0,0
2021-01-22T23:59:59+01:00,242,303,721,1351,908,2264,1162,3650,1632,3101,1106,1354,2820,4339,2192,5606,2,1,2,2,2,7,2,2,2,8,7,5,3,7,3,8,32747,63,4,0,0,0,0
2021-01-21T23:59:59+01:00,238,274,658,1196,840,2053,1081,3366,1535,2895,1064,1313,2477,3872,1901,5169,2,0,2,1,2,7,2,2,2,8,7,4,3,7,3,8,29928,60,4,0,0,0,0
2021-01-20T23:59:59+01:00,214,210,498,846,665,1562,881,2666,1298,2427,967,1179,1945,3126,1491,4398,2,0,2,1,2,7,2,2,2,6,6,4,3,7,3,8,24369,57,4,0,0,0,0
2021-01-19T23:59:59+01:00,187,191,451,739,611,1406,795,2367,1126,2122,801,922,1299,2200,1031,3321,0,0,1,1,0,0,0,0,1,1,1,0,0,0,0,0,19567,5,2,0,0,0,0
2021-01-18T23:59:59+01:00,139,136,374,614,488,1052,643,1824,937,1634,594,713,649,1276,520,1993,0,0,0,0,0,0,0,0,0,0,0,0,0,0,0,0,13585,0,1,0,0,0,0
2021-01-17T23:59:59+01:00,128,122,360,577,473,987,614,1707,878,1535,545,673,601,1178,479,1847,0,0,0,0,0,0,0,0,0,0,0,0,0,0,0,0,12704,0,0,0,0,0,0
2021-01-16T23:59:59+01:00,121,118,357,574,471,976,608,1694,872,1528,544,672,600,1173,475,1834,0,0,0,0,0,0,0,0,0,0,0,0,0,0,0,0,12617,0,0,0,0,0,0
2021-01-15T23:59:59+01:00,119,111,354,570,463,960,604,1683,857,1504,538,660,593,1157,467,1811,0,0,0,0,0,0,0,0,0,0,0,0,0,0,0,0,12451,0,0,0,0,0,0
2021-01-14T23:59:59+01:00,98,89,271,462,392,782,501,1412,699,1214,420,531,512,967,411,1631,0,0,0,0,0,0,0,0,0,0,0,0,0,0,0,0,10392,0,0,0,0,0,0
2021-01-13T23:59:59+01:00,68,49,160,280,255,519,349,921,477,780,258,325,320,640,263,1044,0,0,0,0,0,0,0,0,0,0,0,0,0,0,0,0,6708,0,0,0,0,0,0
2021-01-12T23:59:59+01:00,32,21,47,99,113,212,148,381,199,334,136,176,167,354,150,573,0,0,0,0,0,0,0,0,0,0,0,0,0,0,0,0,3142,0,0,0,0,0,0
2021-01-11T23:59:59+01:00,19,11,31,63,60,110,74,168,91,125,40,66,62,121,51,183,0,0,0,0,0,0,0,0,0,0,0,0,0,0,0,0,1275,0,0,0,0,0,0
2021-01-10T23:59:59+01:00,16,7,25,52,53,98,64,153,75,111,34,56,52,112,47,174,0,0,0,0,0,0,0,0,0,0,0,0,0,0,0,0,1129,0,0,0,0,0,0
2021-01-09T23:59:59+01:00,15,7,24,50,52,97,61,152,75,109,34,56,52,112,47,174,0,0,0,0,0,0,0,0,0,0,0,0,0,0,0,0,1117,0,0,0,0,0,0
2021-01-08T23:59:59+01:00,12,7,22,48,47,92,57,139,69,105,32,51,51,112,47,174,0,0,0,0,0,0,0,0,0,0,0,0,0,0,0,0,1065,0,0,0,0,0,0
2021-01-07T23:59:59+01:00,8,4,7,18,21,40,21,56,37,65,20,34,37,75,36,117,0,0,0,0,0,0,0,0,0,0,0,0,0,0,0,0,596,0,0,0,0,0,0
2021-01-06T23:59:59+01:00,8,4,7,15,14,30,14,39,24,53,16,25,30,67,34,102,0,0,0,0,0,0,0,0,0,0,0,0,0,0,0,0,482,0,0,0,0,0,0
2021-01-05T23:59:59+01:00,8,4,7,15,14,30,14,39,24,53,16,25,29,67,34,102,0,0,0,0,0,0,0,0,0,0,0,0,0,0,0,0,481,0,0,0,0,0,0
2021-01-04T23:59:59+01:00,3,4,6,5,4,14,3,7,5,16,7,5,6,16,4,13,0,0,0,0,0,0,0,0,0,0,0,0,0,0,0,0,118,0,0,0,0,0,0
2021-01-03T23:59:59+01:00,2,1,1,2,2,7,2,3,2,9,5,4,3,8,3,8,0,0,0,0,0,0,0,0,0,0,0,0,0,0,0,0,62,0,0,0,0,0,0
2021-01-02T23:59:59+01:00,2,1,1,2,2,7,2,3,2,9,5,4,3,8,3,8,0,0,0,0,0,0,0,0,0,0,0,0,0,0,0,0,62,0,0,0,0,0,0
2021-01-01T23:59:59+01:00,2,1,1,2,2,7,2,3,2,9,5,4,3,8,3,8,0,0,0,0,0,0,0,0,0,0,0,0,0,0,0,0,62,0,0,0,0,0,0
2020-12-31T23:59:59+01:00,2,1,1,1,2,7,2,2,2,8,5,4,3,8,3,8,0,0,0,0,0,0,0,0,0,0,0,0,0,0,0,0,59,0,0,0,0,0,0
2020-12-30T23:59:59+01:00,2,1,1,1,2,7,2,2,2,6,5,4,3,8,3,8,0,0,0,0,0,0,0,0,0,0,0,0,0,0,0,0,57,0,0,0,0,0,0
2020-12-29T23:59:59+01:00,2,1,0,1,2,6,2,2,2,6,3,2,2,8,2,7,0,0,0,0,0,0,0,0,0,0,0,0,0,0,0,0,48,0,0,0,0,0,0
2020-12-28T23:59:59+01:00,1,0,0,1,0,2,1,0,0,3,0,1,0,1,1,4,0,0,0,0,0,0,0,0,0,0,0,0,0,0,0,0,15,0,0,0,0,0,0
2020-12-27T23:59:59+01:00,0,0,0,0,0,1,1,0,0,2,0,1,0,1,1,4,0,0,0,0,0,0,0,0,0,0,0,0,0,0,0,0,11,0,0,0,0,0,0
