Datum,<24_1_m,<24_1_w,25-34_1_m,25-34_1_w,35-44_1_m,35-44_1_w,45-54_1_m,45-54_1_w,55-64_1_m,55-64_1_w,65-74_1_m,65-74_1_w,75-84_1_m,75-84_1_w,>84_1_m,>84_1_w,<24_2_m,<24_2_w,25-34_2_m,25-34_2_w,35-44_2_m,35-44_2_w,45-54_2_m,45-54_2_w,55-64_2_m,55-64_2_w,65-74_2_m,65-74_2_w,75-84_2_m,75-84_2_w,>84_2_m,>84_2_w,bp_1,bp_2,mo_1,mo_2,az_1,az_2,ja
2021-05-06T23:59:59+02:00,6227,6242,10676,11655,12689,16933,20482,27418,53615,56464,47105,50773,33234,43648,9410,17220,1459,1342,2340,2895,2764,4538,3982,6849,6876,7036,9461,8731,24824,32852,8329,15184,284246,120454,37136,15212,102285,3672,124
2021-05-05T23:59:59+02:00,5963,6134,10168,11421,11934,16496,18433,25803,49944,52903,45706,49116,32879,43184,9361,17130,1427,1287,2313,2856,2730,4485,3942,6783,6806,6954,9358,8646,24777,32794,8324,15169,267685,120044,36920,15189,101941,3389,29
2021-05-04T23:59:59+02:00,5864,6036,9842,11214,11500,16092,17265,24764,48293,51043,44757,47966,32570,42784,9308,17033,1412,1264,2287,2814,2693,4401,3886,6669,6736,6890,9322,8610,24760,32780,8323,15165,257754,119842,36908,15130,101664,3035,5
2021-05-03T23:59:59+02:00,5743,5944,9486,11038,11028,15819,16095,23809,46796,49463,44000,47125,32395,42493,9284,16962,1390,1238,2260,2791,2652,4338,3840,6616,6656,6836,8480,7516,23330,30903,8211,14972,248938,114174,36900,15053,101638,2798,4
2021-05-02T23:59:59+02:00,5672,5922,9376,11003,10893,15759,15399,23244,46357,49120,43886,46977,32354,42440,9277,16954,1386,1236,2247,2789,2637,4329,3824,6606,6639,6822,7837,6768,21868,29066,8173,14904,247753,114161,35295,10200,101585,2770,0
2021-05-01T23:59:59+02:00,5672,5919,9371,10998,10890,15758,15395,23240,46355,49116,43885,46977,32354,42440,9277,16954,1385,1236,2247,2789,2637,4329,3822,6606,6638,6822,7837,6767,21868,29066,8173,14904,247722,114157,35295,10200,101584,2769,0
2021-04-30T23:59:59+02:00,5619,5896,9303,10978,10839,15737,15304,23204,44818,47653,43626,46705,32323,42403,9275,16947,1155,1132,2065,2709,2542,4263,3747,6554,6575,6768,7834,6754,21867,29064,8173,14904,243763,114151,35295,10198,101572,1757,0
2021-04-29T23:59:59+02:00,5334,5802,8823,10834,10242,15566,14551,22949,39747,43139,42928,45965,32230,42308,9272,16919,957,1047,1907,2635,2463,4200,3641,6481,6515,6726,7819,6741,21865,29057,8173,14904,230151,114133,35210,10101,101248,897,0
2021-04-28T23:59:59+02:00,5140,5762,8572,10747,9887,15481,14193,22781,34774,38277,42071,45119,32123,42192,9263,16904,915,1009,1870,2594,2432,4115,3603,6371,6466,6644,7800,6728,21856,29043,8169,14898,217043,114047,35194,10054,101049,412,0
2021-04-27T23:59:59+02:00,4875,5504,8236,10288,9501,14912,13704,22142,33627,37119,41892,44931,32109,42169,9260,16902,886,992,1838,2576,2418,4100,3588,6362,6438,6625,7794,6723,21852,29038,8167,14892,214315,113997,35183,10028,97673,264,0
2021-04-26T23:59:59+02:00,4845,5474,8160,10248,9399,14862,13477,22020,28820,32281,41163,44237,32047,42086,9251,16895,853,981,1808,2562,2390,4075,3563,6341,6392,6584,7748,6673,21829,29016,8167,14885,202495,113811,35176,9984,97594,72,0
2021-04-25T23:59:59+02:00,4821,5458,8126,10223,9334,14832,13390,21976,26590,29932,40738,43788,32005,42046,9250,16890,840,973,1797,2549,2375,4060,3536,6322,6362,6553,7727,6657,21816,28997,8166,14882,201859,113789,30078,9753,97462,70,0
2021-04-24T23:59:59+02:00,4799,5443,8100,10197,9289,14817,13343,21951,24874,28058,40193,43163,31954,41989,9247,16885,839,972,1794,2547,2375,4057,3536,6320,6362,6549,7725,6656,21815,28997,8166,14882,196830,113772,30078,9752,97394,68,0
2021-04-23T23:59:59+02:00,4481,5253,7638,9904,8860,14457,12768,21549,24451,27791,40124,43111,31939,41967,9242,16881,825,962,1774,2532,2355,4041,3514,6299,6342,6530,7710,6637,21811,28988,8166,14882,196515,113757,30063,9555,93838,56,0
2021-04-22T23:59:59+02:00,4373,5177,7443,9795,8589,14257,12296,21192,21826,25038,37736,40297,31508,41423,9181,16771,810,950,1747,2503,2294,3981,3440,6236,6236,6434,7634,6552,21761,28945,8164,14872,183741,113654,29874,8852,93287,53,0
2021-04-21T23:59:59+02:00,4343,5142,7305,9711,8408,14084,11920,20878,20312,23506,34788,36905,31124,40847,9126,16666,784,932,1710,2474,2250,3956,3408,6205,6200,6395,7602,6522,21745,28926,8161,14867,172150,113552,29700,8536,93215,49,0
2021-04-20T23:59:59+02:00,4309,5107,7185,9642,8199,13921,11519,20570,19026,22131,31699,33479,30732,40357,9080,16575,777,921,1691,2463,2220,3931,3366,6152,6156,6363,7569,6478,21721,28905,8156,14864,160694,113406,29679,8280,93158,47,0
2021-04-19T23:59:59+02:00,4284,5088,7110,9600,8083,13812,11244,20369,18313,21389,30874,32434,30507,40052,9045,16512,767,915,1670,2449,2194,3901,3330,6119,6124,6332,7516,6443,21701,28882,8154,14861,155959,113278,29663,8035,93094,45,0
2021-04-18T23:59:59+02:00,4278,5082,7099,9586,8063,13796,11209,20333,18234,21312,30766,32330,30488,40034,9043,16510,765,911,1653,2437,2180,3884,3305,6091,6095,6313,7492,6431,21684,28861,8151,14859,155516,113220,29598,7847,93049,45,0
2021-04-17T23:59:59+02:00,4277,5080,7095,9585,8061,13796,11206,20325,18219,21304,30747,32318,30486,40033,9043,16510,765,910,1652,2437,2179,3883,3303,6089,6093,6312,7492,6431,21684,28861,8151,14859,155444,113210,29598,7847,93043,44,0
2021-04-16T23:59:59+02:00,4083,5030,6750,9447,7697,13609,10803,20066,17778,21049,30568,32167,30418,39953,9033,16495,752,891,1639,2422,2153,3869,3244,6050,6054,6259,7398,6333,21277,28310,8124,14802,154701,111891,29592,7645,90653,41,0
2021-04-15T23:59:59+02:00,3965,4928,6371,9071,7112,13084,9980,19168,16434,19813,29424,30910,29974,39401,8971,16344,719,866,1585,2382,2074,3785,3123,5917,5724,6016,6888,5928,20601,27436,8048,14659,149004,108606,29296,7109,86650,36,0
2021-04-14T23:59:59+02:00,3900,4866,6163,8861,6789,12718,9370,18612,15326,18758,28024,29427,29437,38620,8879,16181,682,836,1539,2342,1999,3709,2973,5787,5401,5756,6330,5422,19641,26179,7980,14513,142257,104403,29100,6656,84574,30,0
2021-04-13T23:59:59+02:00,3866,4831,6068,8779,6638,12597,9069,18357,14402,17943,24733,25900,28650,37626,8798,16038,675,826,1526,2317,1972,3673,2869,5716,5176,5561,5956,5077,19376,25878,7948,14452,130834,102343,29090,6626,84371,29,0
2021-04-12T23:59:59+02:00,3844,4803,6017,8726,6555,12520,8828,18131,13763,17365,23750,24789,28308,37156,8741,15930,665,818,1516,2308,1949,3653,2809,5662,5014,5444,5635,4790,19108,25592,7913,14403,125888,100767,29075,6483,84263,29,0
2021-04-11T23:59:59+02:00,3837,4796,5998,8702,6527,12502,8786,18105,13665,17296,23629,24657,28261,37091,8733,15909,662,812,1502,2298,1936,3645,2791,5647,4975,5401,5574,4727,18940,25367,7896,14375,125353,100106,29010,6413,84131,29,0
2021-04-10T23:59:59+02:00,3825,4795,5978,8702,6504,12501,8767,18104,13649,17294,23623,24653,28258,37091,8733,15909,659,810,1497,2293,1931,3643,2785,5639,4959,5393,5561,4709,18778,25117,7883,14353,125331,99600,28927,6381,84128,29,0
2021-04-09T23:59:59+02:00,3779,4781,5934,8692,6449,12482,8725,18079,13595,17242,21556,22103,27899,36627,8707,15871,643,793,1474,2269,1903,3626,2736,5596,4888,5341,5447,4609,18221,24393,7854,14297,124643,97884,23829,6185,84049,21,0
2021-04-08T23:59:59+02:00,3749,4762,5867,8665,6378,12437,8638,18019,13444,17121,18832,18862,27537,36156,8676,15833,594,759,1392,2186,1806,3532,2536,5410,4396,4984,4659,3978,16515,22262,7704,14034,123803,91109,17996,5617,83177,21,0
2021-04-07T23:59:59+02:00,3652,4730,5664,8620,6171,12376,8413,17950,13193,17017,15954,15546,27163,35708,8651,15787,570,724,1338,2133,1706,3444,2373,5252,3955,4656,3929,3397,15740,21450,7609,13882,123602,86877,16467,5271,76526,10,0
2021-04-06T23:59:59+02:00,3620,4719,5616,8600,6103,12351,8325,17912,13119,16941,13676,12839,26837,35359,8640,15762,534,700,1267,2076,1621,3362,2198,5117,3570,4394,3395,2954,14950,20502,7546,13782,123479,83296,16266,4667,70674,5,0
2021-04-05T23:59:59+02:00,3615,4714,5577,8588,6069,12341,8272,17891,13049,16905,13626,12788,26828,35340,8639,15760,500,662,1208,2043,1570,3322,2133,5058,3486,4320,3337,2912,14817,20333,7537,13766,123457,82819,16059,4180,70486,5,0
2021-04-04T23:59:59+02:00,3614,4713,5577,8587,6069,12341,8271,17889,13049,16905,13624,12788,26828,35340,8639,15760,500,661,1208,2043,1570,3322,2133,5058,3486,4320,3337,2912,14816,20333,7537,13766,123453,82817,16059,4180,70482,5,0
2021-04-03T23:59:59+02:00,3614,4713,5577,8586,6069,12341,8271,17889,13049,16905,13623,12786,26827,35338,8639,15760,500,660,1208,2043,1569,3322,2133,5056,3479,4317,3332,2902,14730,20195,7528,13752,123447,82541,16059,4180,70481,5,0
2021-04-02T23:59:59+02:00,3613,4710,5575,8581,6064,12333,8262,17876,13019,16874,13578,12731,26805,35327,8636,15756,496,652,1207,2039,1557,3315,2122,5032,3448,4283,3303,2872,13787,18927,7480,13672,123286,80088,16056,4099,70398,5,0
2021-04-01T23:59:59+02:00,3596,4695,5540,8562,6002,12299,8177,17842,12905,16797,13475,12608,26753,35258,8629,15744,437,603,1116,1967,1455,3232,1973,4918,3243,4140,3076,2670,11799,16339,7390,13532,122976,74575,15937,3310,69969,5,0
2021-03-31T23:59:59+02:00,3592,4679,5519,8528,5970,12263,8135,17799,12827,16720,13355,12489,26714,35210,8623,15734,398,579,1074,1923,1382,3191,1856,4805,2988,3935,2626,2369,9261,13107,7233,13329,122677,67088,15898,2964,69582,4,0
2021-03-30T23:59:59+02:00,3584,4668,5493,8501,5942,12235,8096,17758,12750,16645,13269,12363,26686,35167,8619,15725,376,558,1050,1892,1321,3153,1720,4721,2746,3758,2240,2118,8440,12050,7186,13229,122557,63864,15871,2690,69073,4,0
2021-03-29T23:59:59+02:00,3571,4661,5467,8484,5911,12205,8054,17726,12670,16567,12332,11178,25114,33082,8500,15511,369,556,1045,1874,1298,3129,1676,4675,2594,3671,1944,1962,7817,11342,7148,13164,116590,61575,15701,2687,68742,2,0
2021-03-28T23:59:59+02:00,3539,4636,5417,8453,5860,12161,7971,17673,12564,16490,11605,10341,23606,31159,8453,15432,368,554,1043,1873,1291,3126,1669,4673,2582,3663,1919,1941,7794,11330,7146,13160,116529,61448,10536,2682,68295,2,0
2021-03-27T23:59:59+01:00,3526,4631,5378,8445,5823,12147,7921,17658,12523,16439,11576,10303,23603,31153,8453,15432,368,554,1043,1873,1291,3126,1668,4670,2580,3661,1917,1940,7739,11246,7119,13120,116464,61231,10535,2682,68012,2,0
2021-03-26T23:59:59+01:00,3372,4195,4903,7290,5330,10791,7297,15493,11744,14442,11389,10126,23119,30440,8415,15369,367,551,1041,1870,1285,3124,1667,4669,2574,3656,1908,1935,7579,11030,7005,12960,114916,60549,10280,2670,58519,2,0
2021-03-25T23:59:59+01:00,3241,3846,4735,6533,5100,9601,6954,13699,11001,12798,10519,9333,22489,29667,8356,15234,362,543,1032,1859,1273,3106,1645,4631,2533,3606,1840,1870,7258,10525,6767,12602,112025,58785,9578,2666,51503,1,0
2021-03-24T23:59:59+01:00,3185,3803,4667,6464,4963,9498,6733,13523,10467,12353,9676,8505,21542,28464,8277,15084,360,537,1023,1854,1255,3095,1632,4601,2482,3557,1774,1794,6830,9968,6424,12043,108008,56576,9231,2652,49965,1,0
2021-03-23T23:59:59+01:00,3155,3764,4583,6393,4861,9403,6501,13340,10003,11914,8968,7842,21086,27927,8234,14987,347,523,1005,1845,1241,3075,1601,4577,2426,3504,1693,1731,6479,9480,6105,11535,105659,54515,8897,2651,48405,1,0
2021-03-22T23:59:59+01:00,3135,3726,4527,6353,4781,9333,6356,13193,9626,11613,8368,7287,20723,27538,8184,14906,341,518,994,1839,1227,3058,1587,4563,2400,3477,1668,1710,6249,9174,5750,10848,104187,52756,8639,2646,46823,1,0
2021-03-21T23:59:59+01:00,3126,3710,4479,6329,4732,9295,6260,13119,9425,11414,8053,7032,20593,27402,8175,14883,341,518,993,1839,1226,3058,1586,4562,2397,3477,1659,1704,6236,9164,5725,10796,103988,52651,8409,2629,45630,1,0
2021-03-20T23:59:59+01:00,3125,3705,4471,6324,4726,9293,6256,13112,9401,11399,8028,7003,20420,27127,8160,14859,341,518,993,1838,1225,3058,1585,4561,2393,3468,1646,1690,6189,9079,5581,10596,103430,52156,8397,2604,45582,1,0
2021-03-19T23:59:59+01:00,3081,3674,4394,6286,4621,9246,6095,13047,9147,11209,7742,6791,19963,26566,8137,14809,341,518,992,1836,1225,3056,1582,4559,2386,3463,1631,1681,6079,8946,5245,10070,102157,51027,8157,2582,44494,1,0
2021-03-18T23:59:59+01:00,3005,3590,4216,6145,4380,9042,5689,12718,8202,10506,6500,5752,18816,25338,8019,14606,337,514,988,1826,1209,3042,1541,4539,2316,3421,1558,1635,5884,8643,4643,9166,97308,48718,7615,2544,41601,0,0
2021-03-17T23:59:59+01:00,2970,3542,4127,6045,4240,8918,5410,12418,7494,9934,5498,4835,17561,23871,7877,14394,333,513,984,1817,1204,3032,1525,4518,2241,3393,1496,1591,5748,8413,4160,8452,91951,46933,7113,2487,40070,0,0
2021-03-16T23:59:59+01:00,2946,3510,4061,5975,4145,8822,5218,12250,7016,9544,4727,4192,16773,22947,7792,14246,329,511,981,1812,1200,3024,1518,4508,2216,3373,1468,1573,5613,8233,3749,7778,88316,45478,7080,2408,38768,0,0
2021-03-15T23:59:59+01:00,2942,3496,4044,5960,4113,8797,5167,12202,6887,9424,4578,4020,16469,22561,7770,14193,327,507,980,1806,1194,3016,1501,4496,2192,3351,1425,1559,5429,8002,3295,7074,87545,43892,6986,2262,38092,0,0
2021-03-14T23:59:59+01:00,2937,3486,4027,5941,4081,8781,5118,12167,6794,9327,4481,3915,16349,22395,7753,14162,325,506,979,1804,1188,3010,1495,4486,2180,3344,1415,1553,5422,7993,3290,7062,87228,43832,6968,2220,37518,0,0
2021-03-13T23:59:59+01:00,2933,3480,4024,5931,4074,8777,5110,12155,6773,9315,4458,3887,16035,21956,7734,14130,325,506,979,1804,1188,3010,1495,4486,2180,3344,1415,1553,5422,7992,3290,7062,86345,43831,6945,2220,37482,0,0
2021-03-12T23:59:59+01:00,2858,3389,3924,5764,3949,8549,4970,11845,6597,9073,4317,3751,15111,20688,7683,14050,325,504,977,1802,1188,3007,1492,4480,2180,3338,1407,1551,5414,7968,3288,7050,83889,43752,6883,2219,35746,0,0
2021-03-11T23:59:59+01:00,2713,3134,3706,5434,3694,8086,4611,11053,5975,8300,3807,3276,13565,18724,7601,13927,325,504,973,1798,1187,2994,1482,4464,2167,3317,1362,1522,5377,7934,3278,7024,79593,43612,6720,2096,31293,0,0
2021-03-10T23:59:59+01:00,2572,2975,3560,5200,3503,7757,4318,10546,5415,7746,3225,2838,11341,16029,7476,13731,322,500,967,1786,1182,2985,1476,4449,2140,3300,1333,1515,5348,7919,3271,7015,73294,43541,6550,1967,28388,0,0
2021-03-09T23:59:59+01:00,2542,2907,3494,5123,3391,7657,4128,10340,5005,7403,2729,2469,9892,14046,7399,13613,321,498,967,1779,1175,2978,1471,4441,2134,3290,1319,1511,5341,7916,3268,7014,68471,43507,6400,1916,27267,0,0
2021-03-08T23:59:59+01:00,2512,2833,3441,5055,3315,7575,3993,10217,4701,7206,2264,2206,7996,11633,7294,13475,321,493,966,1770,1168,2961,1465,4430,2129,3285,1310,1500,5323,7895,3263,7006,62774,43396,6064,1889,26878,0,0
2021-03-07T23:59:59+01:00,2445,2766,3342,4948,3218,7492,3887,10121,4580,7122,2212,2155,7977,11614,7294,13468,321,492,965,1770,1168,2961,1465,4430,2129,3285,1310,1500,5323,7895,3263,7006,62645,43394,5382,1889,26614,0,0
2021-03-06T23:59:59+01:00,2437,2750,3330,4942,3214,7487,3878,10112,4569,7118,2210,2154,7925,11536,7268,13428,321,492,964,1766,1167,2959,1465,4427,2125,3281,1307,1495,5319,7888,3261,6998,62437,43346,5322,1889,26599,0,0
2021-03-05T23:59:59+01:00,2288,2645,3102,4754,2980,7162,3590,9704,4250,6817,2143,2099,7688,11192,7105,13200,321,490,962,1763,1167,2958,1464,4421,2121,3274,1301,1494,5313,7881,3261,6993,61458,43295,4479,1889,24782,0,0
2021-03-04T23:59:59+01:00,2008,2389,2682,4305,2528,6514,2981,8742,3611,6107,1948,1955,7373,10743,6864,12837,319,489,961,1754,1164,2940,1464,4406,2109,3265,1292,1492,5302,7868,3255,6984,59723,43178,3203,1886,20661,0,0
2021-03-03T23:59:59+01:00,1933,2288,2575,4141,2410,6294,2841,8457,3449,5887,1869,1882,6978,10179,6568,12352,318,484,961,1743,1162,2916,1457,4379,2106,3255,1268,1480,5298,7863,3251,6976,57713,43031,3058,1886,19332,0,0
2021-03-02T23:59:59+01:00,1893,2192,2508,4028,2326,6143,2739,8276,3340,5755,1794,1816,6591,9622,6246,11799,314,477,960,1724,1159,2896,1453,4361,2104,3244,1245,1475,5288,7845,3245,6971,55605,42875,2817,1886,18646,0,0
2021-03-01T23:59:59+01:00,1878,2160,2467,3914,2278,6032,2702,8176,3290,5682,1752,1794,6361,9324,5866,11068,313,473,957,1720,1157,2885,1452,4346,2102,3229,1239,1472,5286,7843,3244,6965,53740,42797,2805,1886,18199,0,0
2021-02-28T23:59:59+01:00,1859,2119,2432,3848,2251,5971,2658,8100,3266,5643,1747,1791,6345,9312,5838,11016,313,473,956,1720,1157,2885,1452,4345,2102,3228,1239,1472,5286,7843,3244,6965,53620,42795,2803,1885,17773,0,0
2021-02-27T23:59:59+01:00,1855,2109,2430,3845,2247,5971,2657,8099,3264,5639,1742,1779,6305,9236,5698,10829,313,473,946,1715,1146,2875,1443,4339,2088,3219,1238,1469,5286,7842,3244,6965,53155,42791,2803,1810,17747,0,0
2021-02-26T23:59:59+01:00,1657,1930,2314,3603,2167,5544,2561,7579,3182,5242,1733,1762,6230,9145,5483,10496,312,470,939,1707,1138,2854,1436,4318,2076,3209,1234,1460,5279,7826,3240,6956,52404,42713,2782,1741,15442,0,0
2021-02-25T23:59:59+01:00,1421,1611,2101,3168,1995,4758,2351,6569,2963,4469,1652,1706,6085,8914,5008,9810,309,458,931,1645,1104,2753,1398,4210,2024,3142,1202,1442,5237,7777,3223,6913,50525,42250,2770,1518,11286,0,0
2021-02-24T23:59:59+01:00,1357,1369,1997,2904,1891,4414,2219,6159,2791,4231,1587,1665,5904,8615,4372,8843,306,447,889,1597,1052,2661,1342,4091,1933,3023,1170,1419,5220,7752,3216,6896,48193,41994,2761,1020,9364,0,0
2021-02-23T23:59:59+01:00,1341,1315,1963,2842,1865,4314,2195,6071,2759,4182,1580,1652,5744,8394,3855,7986,306,446,857,1563,1003,2604,1289,4018,1822,2957,1129,1400,5202,7725,3204,6861,46403,41795,2736,591,8919,0,0
2021-02-22T23:59:59+01:00,1328,1263,1914,2703,1820,4169,2137,5865,2717,4099,1570,1643,5580,8179,3377,7268,304,434,812,1522,946,2516,1194,3910,1677,2866,1055,1346,5159,7652,3179,6763,44794,41331,2718,4,8120,0,0
2021-02-21T23:59:59+01:00,1323,1241,1883,2643,1794,4074,2112,5752,2696,4054,1564,1638,5578,8169,3377,7266,301,431,808,1511,938,2488,1192,3873,1665,2829,1045,1333,5139,7625,3159,6724,44744,41057,2707,4,7713,0,0
2021-02-20T23:59:59+01:00,1323,1241,1883,2643,1793,4074,2112,5752,2694,4048,1555,1632,5574,8163,3375,7263,301,431,808,1509,937,2485,1191,3868,1664,2828,1045,1333,5079,7553,3121,6679,44732,40829,2681,3,7712,0,0
2021-02-19T23:59:59+01:00,1323,1238,1880,2636,1792,4067,2111,5743,2691,4044,1535,1622,5560,8147,3373,7257,299,429,804,1500,928,2458,1186,3826,1633,2778,1016,1295,4867,7259,2972,6423,44651,39670,2660,3,7708,0,0
2021-02-18T23:59:59+01:00,1290,1140,1842,2517,1753,3929,2048,5521,2637,3901,1524,1609,5547,8112,3369,7234,270,389,758,1374,879,2247,1103,3478,1513,2506,904,1097,4334,6408,2624,5656,44502,35537,2631,3,6840,0,0
2021-02-17T23:59:59+01:00,1236,981,1768,2305,1681,3626,1951,5161,2568,3709,1506,1600,5524,8098,3361,7230,264,381,749,1361,868,2223,1090,3442,1496,2488,897,1094,3906,5810,2380,5308,44460,33754,2572,3,5273,0,0
2021-02-16T23:59:59+01:00,1193,938,1715,2200,1619,3457,1887,4977,2495,3624,1469,1584,5499,8077,3354,7219,257,373,731,1324,850,2169,1054,3321,1463,2416,874,1072,3494,5184,2101,4898,44407,31578,2406,3,4494,0,0
2021-02-15T23:59:59+01:00,1184,914,1698,2126,1602,3360,1866,4864,2476,3555,1444,1573,5462,8053,3331,7172,244,360,714,1288,832,2121,1033,3253,1425,2353,844,1043,3028,4553,1816,4415,44280,29320,2319,2,4081,0,0
2021-02-14T23:59:59+01:00,1082,871,1626,2101,1541,3340,1823,4843,2442,3543,1436,1569,5456,8042,3328,7168,237,348,702,1268,816,2087,1016,3180,1391,2290,813,994,2931,4408,1756,4237,44239,28472,2283,2,3689,0,0
2021-02-13T23:59:59+01:00,1019,843,1605,2080,1524,3333,1810,4837,2434,3542,1435,1568,5456,8042,3327,7167,234,348,701,1268,816,2083,1016,3179,1389,2288,813,994,2818,4271,1702,4151,44233,28069,2283,2,3506,0,0
2021-02-12T23:59:59+01:00,638,679,1280,1966,1370,3234,1672,4751,2330,3483,1421,1562,5446,8031,3322,7162,221,340,690,1243,800,2036,992,3092,1328,2192,756,922,2568,3922,1586,3885,44120,26572,2283,1,1944,0,0
2021-02-11T23:59:59+01:00,444,584,1112,1863,1270,3115,1580,4637,2235,3401,1317,1518,5388,7984,3304,7117,177,266,586,981,663,1577,787,2393,1041,1655,535,682,1906,2927,1160,2801,43770,20137,2085,0,1014,0,0
2021-02-10T23:59:59+01:00,322,493,981,1774,1186,2982,1487,4463,2137,3304,1284,1506,5369,7976,3300,7116,152,178,403,622,498,1063,623,1787,896,1388,520,668,1444,2299,903,2376,43697,15820,1979,0,4,0,0
2021-02-09T23:59:59+01:00,322,490,980,1769,1183,2974,1487,4458,2136,3299,1277,1503,5367,7974,3299,7114,149,173,393,595,478,1034,604,1757,873,1361,518,665,1015,1775,674,2033,43673,14097,1956,0,3,0,0
2021-02-08T23:59:59+01:00,322,488,979,1766,1180,2965,1482,4452,2134,3294,1272,1500,5365,7974,3299,7112,142,166,383,583,469,1018,593,1724,854,1340,513,660,567,1205,430,1687,43649,12334,1932,0,3,0,0
2021-02-07T23:59:59+01:00,322,488,977,1766,1179,2965,1480,4450,2134,3294,1272,1500,5365,7973,3299,7112,138,161,378,578,469,1011,589,1711,844,1325,507,657,566,1192,425,1675,43645,12226,1931,0,0,0,0
2021-02-06T23:59:59+01:00,322,488,977,1766,1179,2965,1480,4450,2134,3294,1272,1500,5365,7973,3299,7112,134,157,376,576,469,1010,589,1709,843,1323,507,657,566,1192,425,1675,43645,12208,1931,0,0,0,0
2021-02-05T23:59:59+01:00,322,487,976,1766,1179,2965,1478,4449,2133,3294,1272,1500,5364,7970,3299,7110,132,148,373,572,462,998,585,1695,828,1304,503,647,559,1176,418,1652,43633,12052,1931,0,0,0,0
2021-02-04T23:59:59+01:00,317,478,970,1727,1174,2920,1475,4392,2121,3259,1264,1495,5335,7937,3288,7084,101,98,248,388,343,746,455,1285,622,983,386,522,477,977,364,1418,43306,9413,1930,0,0,0,0
2021-02-03T23:59:59+01:00,314,467,964,1704,1171,2881,1465,4343,2113,3225,1254,1481,5310,7905,3279,7059,56,47,86,162,156,367,216,594,302,492,212,288,278,629,221,896,43005,5002,1930,0,0,0,0
2021-02-02T23:59:59+01:00,313,465,962,1690,1168,2860,1461,4312,2106,3200,1246,1475,5303,7891,3272,7038,17,16,28,47,59,108,75,162,96,113,47,74,66,147,49,180,42832,1284,1930,0,0,0,0
2021-02-01T23:59:59+01:00,313,461,962,1688,1167,2859,1460,4305,2105,3196,1245,1475,5303,7891,3272,7038,15,14,25,41,49,98,61,134,73,95,42,64,57,139,47,166,42810,1120,1930,0,0,0,0
2021-01-31T23:59:59+01:00,313,458,962,1686,1166,2855,1460,4299,2105,3194,1244,1474,5303,7891,3272,7038,14,12,23,39,42,87,53,124,63,91,40,53,46,131,45,159,42790,1022,1930,0,0,0,0
2021-01-30T23:59:59+01:00,313,458,957,1682,1157,2847,1453,4293,2101,3192,1244,1474,5243,7819,3234,6993,14,12,23,38,42,87,52,123,63,91,40,53,46,131,45,159,42564,1019,1896,0,0,0,0
2021-01-29T23:59:59+01:00,311,457,943,1671,1145,2826,1441,4262,2079,3168,1238,1468,5055,7578,3096,6825,12,12,23,38,39,87,51,121,60,91,38,48,45,131,45,159,41776,1000,1787,0,0,0,0
2021-01-28T23:59:59+01:00,306,433,922,1591,1103,2710,1401,4168,2012,3094,1215,1460,4678,7042,2868,6533,8,6,10,17,22,42,20,60,36,58,22,32,35,87,33,104,39993,592,1543,0,0,0,0
2021-01-27T23:59:59+01:00,299,423,877,1536,1051,2613,1341,4074,1938,2993,1180,1433,4216,6398,2602,6153,4,5,9,7,14,24,6,23,15,24,13,15,16,46,13,53,38031,287,1096,0,0,0,0
2021-01-26T23:59:59+01:00,292,412,837,1483,988,2525,1276,3944,1816,2899,1131,1386,3811,5766,2311,5718,2,2,4,2,6,6,4,5,2,5,9,5,4,8,3,8,35944,75,651,0,0,0,0
2021-01-25T23:59:59+01:00,281,401,783,1419,925,2405,1168,3795,1655,2793,1069,1358,3376,5176,2041,5332,2,2,4,1,4,6,1,5,2,5,9,5,4,8,3,8,33925,69,52,0,0,0,0
2021-01-24T23:59:59+01:00,278,401,775,1413,915,2390,1164,3779,1626,2765,1067,1357,3345,5140,2028,5311,2,2,2,1,4,6,1,5,2,5,9,5,4,8,3,8,33750,67,4,0,0,0,0
2021-01-23T23:59:59+01:00,276,401,775,1413,915,2386,1163,3778,1622,2763,1067,1357,3229,5002,1972,5223,2,2,2,1,3,6,1,5,2,5,9,5,4,8,3,8,33339,66,3,0,0,0,0
2021-01-22T23:59:59+01:00,274,397,774,1399,913,2373,1157,3764,1618,2760,1065,1356,3046,4782,1892,5105,2,2,2,1,3,6,1,5,2,5,9,5,4,8,3,8,32672,66,3,0,0,0,0
2021-01-21T23:59:59+01:00,265,358,709,1233,847,2160,1076,3474,1521,2577,1026,1320,2646,4242,1653,4737,2,1,2,0,3,6,1,5,2,5,9,4,4,8,3,8,29841,63,3,0,0,0,0
2021-01-20T23:59:59+01:00,239,270,537,876,676,1650,873,2772,1309,2174,939,1182,2046,3410,1314,4061,2,1,2,0,3,6,1,4,2,5,8,4,4,8,3,8,24325,61,3,0,0,0,0
2021-01-19T23:59:59+01:00,209,245,488,768,620,1480,784,2450,1131,1886,773,926,1346,2381,920,3101,0,1,1,0,0,0,0,1,1,1,3,0,0,1,0,0,19506,9,2,0,0,0,0
2021-01-18T23:59:59+01:00,157,181,402,632,496,1107,636,1877,928,1446,569,710,634,1337,482,1891,0,0,0,0,0,0,0,0,0,0,0,0,0,1,0,0,13484,1,1,0,0,0,0
2021-01-17T23:59:59+01:00,145,164,388,595,481,1037,605,1755,867,1351,522,672,588,1238,443,1748,0,0,0,0,0,0,0,0,0,0,0,0,0,0,0,0,12599,0,0,0,0,0,0
2021-01-16T23:59:59+01:00,137,159,386,590,479,1027,599,1743,860,1344,522,672,587,1233,439,1735,0,0,0,0,0,0,0,0,0,0,0,0,0,0,0,0,12512,0,0,0,0,0,0
2021-01-15T23:59:59+01:00,134,151,383,584,472,1013,595,1728,844,1324,517,660,579,1216,434,1712,0,0,0,0,0,0,0,0,0,0,0,0,0,0,0,0,12346,0,0,0,0,0,0
2021-01-14T23:59:59+01:00,112,120,293,468,401,842,496,1436,687,1068,410,535,503,1035,384,1536,0,0,0,0,0,0,0,0,0,0,0,0,0,0,0,0,10326,0,0,0,0,0,0
2021-01-13T23:59:59+01:00,72,73,178,283,261,550,345,935,458,694,253,333,318,697,251,972,0,0,0,0,0,0,0,0,0,0,0,0,0,0,0,0,6673,0,0,0,0,0,0
2021-01-12T23:59:59+01:00,35,30,54,100,117,233,146,390,200,300,138,182,166,401,144,535,0,0,0,0,0,0,0,0,0,0,0,0,0,0,0,0,3171,0,0,0,0,0,0
2021-01-11T23:59:59+01:00,22,17,36,62,58,120,74,165,91,115,40,63,59,143,48,166,0,0,0,0,0,0,0,0,0,0,0,0,0,0,0,0,1279,0,0,0,0,0,0
2021-01-10T23:59:59+01:00,18,12,31,52,50,108,63,147,73,105,37,53,49,133,44,157,0,0,0,0,0,0,0,0,0,0,0,0,0,0,0,0,1132,0,0,0,0,0,0
2021-01-09T23:59:59+01:00,17,12,30,50,49,106,60,146,73,104,37,53,49,133,44,157,0,0,0,0,0,0,0,0,0,0,0,0,0,0,0,0,1120,0,0,0,0,0,0
2021-01-08T23:59:59+01:00,14,12,28,48,44,98,55,136,68,101,35,48,48,133,44,157,0,0,0,0,0,0,0,0,0,0,0,0,0,0,0,0,1069,0,0,0,0,0,0
2021-01-07T23:59:59+01:00,8,6,9,18,21,41,19,59,37,60,21,34,37,92,33,103,0,0,0,0,0,0,0,0,0,0,0,0,0,0,0,0,598,0,0,0,0,0,0
2021-01-06T23:59:59+01:00,8,6,8,14,16,30,13,43,25,47,16,24,31,81,31,92,0,0,0,0,0,0,0,0,0,0,0,0,0,0,0,0,485,0,0,0,0,0,0
2021-01-05T23:59:59+01:00,8,6,8,14,16,30,13,43,25,47,16,24,30,81,31,92,0,0,0,0,0,0,0,0,0,0,0,0,0,0,0,0,484,0,0,0,0,0,0
2021-01-04T23:59:59+01:00,3,5,6,4,6,13,1,8,6,13,6,6,6,16,4,13,0,0,0,0,0,0,0,0,0,0,0,0,0,0,0,0,116,0,0,0,0,0,0
2021-01-03T23:59:59+01:00,2,2,1,1,3,6,1,4,2,6,5,4,3,9,3,8,0,0,0,0,0,0,0,0,0,0,0,0,0,0,0,0,60,0,0,0,0,0,0
2021-01-02T23:59:59+01:00,2,2,1,1,3,6,1,4,2,6,5,4,3,9,3,8,0,0,0,0,0,0,0,0,0,0,0,0,0,0,0,0,60,0,0,0,0,0,0
2021-01-01T23:59:59+01:00,2,2,1,1,3,6,1,4,2,6,5,4,3,9,3,8,0,0,0,0,0,0,0,0,0,0,0,0,0,0,0,0,60,0,0,0,0,0,0
2020-12-31T23:59:59+01:00,2,2,1,0,3,6,1,3,2,5,5,4,3,9,3,8,0,0,0,0,0,0,0,0,0,0,0,0,0,0,0,0,57,0,0,0,0,0,0
2020-12-30T23:59:59+01:00,2,2,1,0,3,6,1,3,2,5,5,4,3,9,3,8,0,0,0,0,0,0,0,0,0,0,0,0,0,0,0,0,57,0,0,0,0,0,0
2020-12-29T23:59:59+01:00,2,2,0,0,3,5,1,3,2,5,3,2,2,9,2,7,0,0,0,0,0,0,0,0,0,0,0,0,0,0,0,0,48,0,0,0,0,0,0
2020-12-28T23:59:59+01:00,1,1,0,0,1,1,0,0,0,3,0,1,0,2,1,4,0,0,0,0,0,0,0,0,0,0,0,0,0,0,0,0,15,0,0,0,0,0,0
2020-12-27T23:59:59+01:00,0,0,0,0,1,1,0,0,0,2,0,1,0,1,1,4,0,0,0,0,0,0,0,0,0,0,0,0,0,0,0,0,11,0,0,0,0,0,0
