Datum,<15_m,<15_w,15-24_1_m,15-24_1_w,25-34_1_m,25-34_1_w,35-44_1_m,35-44_1_w,45-54_1_m,45-54_1_w,55-64_1_m,55-64_1_w,65-74_1_m,65-74_1_w,75-84_1_m,75-84_1_w,>84_1_m,>84_1_w,<24_2_m,<24_2_w,25-34_2_m,25-34_2_w,35-44_2_m,35-44_2_w,45-54_2_m,45-54_2_w,55-64_2_m,55-64_2_w,65-74_2_m,65-74_2_w,75-84_2_m,75-84_2_w,>84_2_m,>84_2_w,bp_1,bp_2,mo_1,mo_2,az_1,az_2,ja,unb_1,unb_2
2021-08-03T23:59:59+02:00,3201,2989,36393,34976,50963,43728,56136,52568,68512,67204,83815,82445,58854,62924,38527,49667,11921,21298,25972,24706,41884,35306,47722,43983,61510,59845,77315,76109,55650,59434,36878,47403,11469,20437,613940,528673,78847,73264,109397,102458,23902,35,41
2021-08-02T23:59:59+02:00,3168,2948,36282,34862,50880,43640,56065,52493,68450,67135,83758,82388,58826,62891,38517,49654,11914,21290,25215,23872,41195,34693,47116,43373,61113,59446,76999,75820,55516,59309,36840,47336,11453,20419,613145,522806,78846,73210,109396,102324,23739,35,41
2021-08-01T23:59:59+02:00,3163,2943,36267,34840,50857,43622,56049,52469,68421,67122,83745,82377,58821,62887,38516,49650,11914,21290,24958,23628,40955,34493,46891,43183,60977,59310,76886,75728,55483,59283,36826,47324,11449,20415,613013,520986,78842,73170,109395,102258,23668,35,41
2021-07-31T23:59:59+02:00,3162,2942,36261,34839,50856,43621,56047,52468,68419,67121,83745,82376,58821,62887,38516,49650,11914,21290,24951,23615,40945,34486,46886,43177,60968,59308,76884,75727,55483,59280,36826,47324,11449,20414,612999,520922,78841,73169,109395,102258,23665,35,41
2021-07-30T23:59:59+02:00,3146,2928,36206,34775,50786,43570,55990,52413,68364,67081,83709,82336,58809,62874,38512,49643,11911,21287,24634,23306,40675,34274,46633,42986,60783,59178,76736,75613,55453,59242,36812,47312,11449,20414,612719,519004,78837,73167,109392,102152,23357,35,41
2021-07-29T23:59:59+02:00,3123,2900,36068,34654,50659,43448,55900,52317,68294,67017,83639,82285,58783,62856,38501,49634,11911,21286,23682,22326,39811,33534,45745,42212,60244,58740,76379,75312,55333,59104,36775,47259,11442,20403,611857,511991,78817,73066,109392,101988,23174,35,41
2021-07-28T23:59:59+02:00,3074,2845,35831,34420,50440,43279,55707,52171,68156,66881,83524,82187,58731,62809,38479,49598,11901,21278,22476,21081,38497,32442,44439,41045,59453,58084,75877,74856,55139,58918,36707,47156,11428,20378,610505,502244,78813,72901,109392,101831,22566,35,41
2021-07-27T23:59:59+02:00,3050,2826,35725,34303,50364,43196,55634,52120,68094,66813,83464,82117,58693,62768,38467,49584,11900,21269,21242,19696,37085,31113,43078,39753,58832,57495,75461,74449,54978,58745,36649,47104,11416,20356,609788,491890,78805,72731,109392,101717,22367,35,41
2021-07-26T23:59:59+02:00,3031,2807,35663,34210,50308,43144,55593,52073,68049,66777,83429,82092,58679,62753,38455,49572,11899,21267,20222,18598,35834,30001,41816,38606,58336,57097,75178,74199,54881,58645,36628,47069,11410,20342,609275,483668,78800,72405,109392,101556,22299,35,41
2021-07-25T23:59:59+02:00,3020,2802,35612,34170,50268,43101,55568,52051,68026,66754,83400,82069,58666,62746,38452,49569,11896,21261,19824,18240,35426,29679,41417,38305,58144,56948,75023,74097,54838,58607,36607,47049,11406,20338,608994,480982,78795,72151,109392,101528,22215,35,41
2021-07-24T23:59:59+02:00,3020,2802,35608,34166,50266,43098,55566,52050,68024,66754,83398,82068,58666,62746,38452,49569,11896,21261,19819,18230,35418,29671,41411,38304,58141,56946,75019,74095,54838,58607,36607,47049,11406,20338,608985,480946,78794,72151,109392,101526,22204,35,41
2021-07-23T23:59:59+02:00,2995,2777,35458,34050,50120,43000,55450,51946,67928,66662,83308,82018,58635,62717,38442,49564,11891,21258,19590,18014,35161,29502,41145,38125,57980,56820,74886,74019,54801,58584,36595,47039,11400,20332,608366,479836,78794,71887,109392,101524,21632,35,41
2021-07-22T23:59:59+02:00,2945,2692,35024,33684,49814,42763,55189,51721,67701,66484,83134,81868,58551,62624,38407,49520,11880,21240,18814,17359,34081,28774,40030,37302,57252,56356,74341,73651,54624,58406,36531,46956,11379,20306,606240,474357,78779,70494,109388,101307,20799,35,41
2021-07-21T23:59:59+02:00,2890,2634,34715,33356,49578,42556,55002,51536,67511,66300,83008,81743,58486,62573,38376,49481,11869,21230,17992,16527,32777,27783,38772,36346,56567,55798,73896,73289,54479,58231,36466,46872,11367,20273,604433,468476,78729,68318,109387,101096,20260,35,41
2021-07-20T23:59:59+02:00,2815,2571,34360,32980,49301,42328,54831,51343,67332,66146,82871,81626,58424,62520,38349,49436,11868,21215,16849,15410,31071,26392,37050,34901,55769,55155,73357,72846,54314,58042,36417,46788,11350,20235,602377,459362,78693,66579,109386,100760,19825,35,41
2021-07-19T23:59:59+02:00,2731,2501,33803,32419,48991,42020,54558,51080,67137,65933,82701,81460,58357,62439,38305,49384,11861,21200,16203,14842,30139,25718,36200,34191,55333,54736,73033,72611,54229,57957,36380,46738,11345,20214,599188,455726,78635,64416,109385,100591,19637,35,41
2021-07-18T23:59:59+02:00,2703,2483,33704,32306,48902,41964,54503,51023,67078,65883,82659,81418,58329,62413,38294,49372,11859,21193,15888,14578,29568,25339,35707,33844,55078,54574,72888,72510,54187,57918,36372,46723,11344,20210,598589,454289,78621,62883,109384,100563,19457,35,41
2021-07-17T23:59:59+02:00,2703,2483,33702,32304,48898,41963,54502,51021,67078,65882,82659,81418,58329,62412,38294,49372,11859,21193,15883,14573,29559,25324,35702,33840,55074,54573,72888,72510,54187,57918,36372,46723,11344,20210,598579,454246,78618,62879,109384,100563,19456,35,41
2021-07-16T23:59:59+02:00,2645,2418,33096,31783,48407,41617,54110,50686,66699,65564,82348,81186,58210,62300,38244,49323,11855,21186,15472,14255,29073,24959,35259,33510,54739,54323,72631,72318,54075,57831,36337,46685,11341,20206,596368,452880,78614,62750,109383,100555,17277,35,41
2021-07-15T23:59:59+02:00,2512,2286,32235,31006,47783,41048,53538,50209,66278,65223,82098,80947,58120,62206,38210,49281,11847,21167,14640,13593,27763,24135,33968,32704,54070,53928,72223,72098,53982,57738,36308,46651,11334,20191,591374,448749,78603,60397,109383,99975,16599,35,41
2021-07-14T23:59:59+02:00,2406,2200,31690,30481,47299,40616,53121,49814,65955,64946,81864,80701,58017,62111,38179,49231,11837,21154,13402,12458,25774,22691,32069,31188,53325,53345,71720,71761,53846,57613,36267,46590,11324,20176,587547,439671,78586,58473,109382,99642,16072,35,40
2021-07-13T23:59:59+02:00,2349,2130,31421,30214,47030,40392,52875,49590,65756,64760,81698,80552,57953,62036,38153,49196,11828,21142,12421,11616,24054,21385,30134,29608,52139,52181,70904,70975,53602,57337,36181,46475,11307,20149,585411,432995,78571,55557,109374,96496,15684,35,39
2021-07-12T23:59:59+02:00,2123,1923,30559,29286,46379,39859,52306,49021,65367,64371,81424,80281,57822,61911,38111,49138,11819,21121,11675,10992,22672,20413,28402,28236,51188,51327,70165,70359,53346,57059,36117,46359,11294,20118,579193,424929,78554,53011,109374,96343,15665,35,39
2021-07-11T23:59:59+02:00,2078,1885,30438,29177,46314,39788,52254,48960,65312,64317,81364,80237,57802,61892,38105,49121,11814,21116,11509,10845,22400,20230,28042,27966,50986,51182,69996,70216,53293,56978,36095,46342,11285,20111,578376,422877,78551,52969,109373,96209,15639,35,38
2021-07-10T23:59:59+02:00,2078,1883,30433,29170,46312,39783,52251,48959,65309,64316,81363,80235,57802,61890,38104,49121,11814,21116,11497,10827,22388,20217,28027,27954,50980,51178,69993,70213,53293,56978,36094,46342,11285,20111,578347,422796,78551,52967,109373,96199,15633,35,38
2021-07-09T23:59:59+02:00,2033,1845,30201,28934,46095,39604,52069,48788,65148,64205,81259,80156,57772,61861,38088,49106,11809,21114,11116,10556,21748,19781,27364,27404,50271,50612,69413,69805,53193,56890,36071,46308,11280,20100,577148,421726,78546,52653,109368,92754,14990,35,38
2021-07-08T23:59:59+02:00,1896,1718,29537,28401,45497,39102,51514,48322,64749,63898,80962,79922,57680,61772,38057,49056,11804,21100,9934,9451,19805,18150,24909,25426,49239,49816,68789,69269,52969,56677,35996,46223,11265,20074,572917,411224,78526,50226,109351,92528,14158,35,38
2021-07-07T23:59:59+02:00,1683,1523,28432,27194,44462,38144,50416,47331,64093,63262,80425,79440,57477,61544,37991,48972,11790,21062,9403,8975,18722,17318,23518,24229,48417,49171,68247,68782,52768,56438,35920,46125,11249,20035,563673,404895,78510,48617,109350,92241,13673,35,38
2021-07-06T23:59:59+02:00,1484,1365,27347,26147,43439,37227,49480,46397,63489,62700,79993,79035,57296,61363,37936,48878,11767,21034,8685,8230,17387,16317,21915,22948,47814,48721,67871,68519,52651,56323,35871,46088,11242,20019,555422,397449,78499,48196,109347,91945,13074,35,38
2021-07-05T23:59:59+02:00,1327,1242,26203,24895,42359,36229,48431,45334,62823,62126,79560,78633,57122,61174,37884,48803,11758,21012,8434,8007,16892,16005,21358,22565,47509,48497,67677,68372,52599,56250,35846,46069,11239,20014,546126,394887,78491,47883,109346,91688,12917,35,38
2021-07-04T23:59:59+02:00,1262,1178,25881,24567,42055,35970,48180,45150,62679,61991,79446,78540,57086,61135,37874,48784,11755,21009,8180,7853,16626,15812,21079,22369,47384,48399,67600,68298,52575,56225,35831,46064,11237,20013,543818,393875,78465,47222,109344,91603,12880,35,38
2021-07-03T23:59:59+02:00,1262,1177,25875,24557,42041,35963,48178,45150,62676,61990,79445,78539,57085,61135,37874,48784,11755,21009,8175,7845,16613,15802,21072,22362,47379,48398,67596,68297,52574,56225,35831,46064,11237,20013,543789,393840,78463,47221,109344,91593,12864,35,38
2021-07-02T23:59:59+02:00,1194,1120,25556,24203,41720,35682,47922,44896,62533,61845,79372,78469,57068,61113,37867,48772,11751,21004,7997,7693,16245,15535,20631,22056,46411,47620,67102,67949,52491,56133,35816,46046,11236,20010,541404,391357,78462,47218,109339,89580,12847,35,38
2021-07-01T23:59:59+02:00,1139,1070,25180,23840,41339,35333,47527,44547,62283,61610,79183,78298,57006,61051,37836,48731,11745,20994,7608,7360,15431,14756,19465,21028,44874,46137,65890,66875,52187,55830,35719,45927,11212,19983,538264,385547,78361,46394,109330,85639,12722,35,38
2021-06-30T23:59:59+02:00,1066,1006,24757,23391,40911,34960,47118,44173,62056,61408,79015,78149,56928,60974,37809,48681,11737,20974,7235,7005,14491,13953,18038,19826,41669,43410,64198,65435,51724,55333,35571,45734,11186,19934,534831,373550,78329,45702,109328,82907,12590,35,37
2021-06-29T23:59:59+02:00,974,898,24256,22858,40397,34541,46686,43758,61794,61130,78802,77970,56852,60910,37781,48638,11731,20955,6957,6700,13828,13460,16879,18908,37351,39724,62850,64184,51238,54835,35439,45556,11155,19891,530766,358278,78320,45493,109328,82698,12482,35,37
2021-06-28T23:59:59+02:00,945,865,23917,22465,39939,34160,46265,43389,61557,60875,78613,77815,56781,60842,37752,48608,11729,20940,6647,6380,13168,12960,15867,18072,33707,36680,61728,63153,50884,54441,35345,45408,11131,19853,529016,349611,76631,40805,109328,82547,12447,35,37
2021-06-27T23:59:59+02:00,931,852,23824,22373,39866,34097,46207,43330,61527,60838,78580,77786,56766,60830,37746,48601,11728,20935,6557,6305,12935,12819,15446,17835,32875,36035,61472,62954,50795,54371,35327,45385,11129,19849,528407,346712,76627,40544,109322,82391,12426,35,37
2021-06-26T23:59:59+02:00,930,852,23818,22368,39860,34094,46206,43329,61526,60837,78580,77786,56766,60830,37746,48601,11728,20935,6554,6298,12929,12806,15440,17828,32871,36034,61465,62952,50793,54365,35327,45385,11129,19848,528382,346648,76627,40544,109322,82390,12426,35,37
2021-06-25T23:59:59+02:00,907,826,23703,22255,39775,34008,46123,43258,61482,60790,78532,77765,56755,60816,37743,48598,11727,20933,6456,6185,12819,12674,15302,17667,32153,35378,61077,62630,50715,54281,35319,45364,11126,19847,527590,343644,76627,40532,109319,82374,12425,35,37
2021-06-24T23:59:59+02:00,841,769,23315,21830,39424,33700,45771,42955,61278,60595,78372,77628,56701,60761,37721,48568,11723,20924,6117,5888,12257,12210,14596,16986,28856,32662,58799,60785,50140,53689,35186,45160,11108,19799,524638,329860,76578,40270,109317,81778,12308,35,37
2021-06-23T23:59:59+02:00,736,675,22674,21169,38848,33114,45120,42252,60913,60206,78124,77378,56599,60628,37676,48516,11713,20905,5962,5697,11889,11865,14091,16458,25492,29908,57159,59265,49616,53153,35068,44986,11087,19756,519075,320450,76524,37336,109315,81345,12297,35,37
2021-06-22T23:59:59+02:00,677,611,22250,20729,38446,32698,44688,41789,60641,59921,77921,77140,56504,60520,37639,48444,11700,20883,5771,5561,11568,11604,13668,16085,21161,26384,55089,57568,49019,52552,34891,44771,11067,19712,515293,306123,76397,37282,109310,80873,12166,35,37
2021-06-21T23:59:59+02:00,641,570,21999,20493,38196,32470,44444,41514,60455,59711,77790,77001,56451,60439,37615,48404,11691,20867,5641,5451,11260,11408,13332,15825,19616,25155,54174,56803,46797,50101,34292,44052,11044,19653,513264,300819,76194,37215,109295,74578,11963,35,37
2021-06-20T23:59:59+02:00,612,550,21709,20197,37901,32195,44160,41259,60304,59542,77653,76854,56402,60397,37595,48387,11688,20860,5585,5407,11129,11321,13179,15698,19222,24832,53908,56622,45144,48119,33725,43419,11024,19633,510874,300198,76115,36465,109284,69319,11957,35,36
2021-06-19T23:59:59+02:00,610,550,21704,20185,37886,32191,44157,41255,60298,59539,77651,76851,56399,60396,37595,48386,11688,20860,5579,5398,11125,11318,13170,15692,19215,24824,53894,56610,45135,48109,33724,43419,11024,19633,510815,300115,76110,36462,109284,69307,11957,35,36
2021-06-18T23:59:59+02:00,596,536,21607,20074,37819,32138,44083,41170,60243,59494,77607,76809,56376,60375,37590,48373,11687,20859,5484,5233,10830,10782,12798,15111,18674,23808,53042,55312,44931,47946,33696,43371,11018,19621,510062,298548,76104,36461,109279,64664,11956,35,36
2021-06-17T23:59:59+02:00,510,443,20891,19356,37063,31503,43289,40416,59836,59129,77314,76556,56263,60248,37542,48305,11674,20835,5292,5020,10447,10227,12275,14338,17748,22450,51471,53373,43784,46598,33378,42975,10971,19538,504081,291244,76012,36334,109273,60507,11772,35,36
2021-06-16T23:59:59+02:00,403,366,20091,18401,36071,30570,42275,39447,59297,58648,76924,76245,56122,60096,37486,48218,11664,20812,5104,4866,9941,9908,11540,13842,16203,21154,47610,49836,42032,44596,32915,42406,10908,19412,496722,275132,75470,36136,109258,59327,11651,35,35
2021-06-15T23:59:59+02:00,293,263,19275,17544,35149,29715,41348,38563,58859,58209,76591,75922,55980,59931,37431,48149,11649,20779,4901,4741,9418,9650,10838,13374,14696,19968,43358,45764,40484,42756,32438,41786,10841,19284,489517,258015,75355,36101,109251,58662,11492,35,34
2021-06-14T23:59:59+02:00,189,173,18155,16304,33897,28441,39886,37153,58272,57645,76198,75582,55853,59790,37386,48078,11640,20764,4774,4647,9075,9442,10362,13056,13525,18962,40727,43220,39412,41612,32148,41385,10809,19199,479765,246875,74917,36075,109247,57935,11443,34,34
2021-06-13T23:59:59+02:00,148,134,17651,15899,33415,28036,39395,36770,58059,57462,76051,75480,55826,59751,37364,48056,11637,20755,4688,4598,8930,9369,10199,12988,12920,18508,40258,42826,39177,41390,32087,41300,10803,19185,476685,245913,74615,34651,109240,57320,11315,34,34
2021-06-12T23:59:59+02:00,148,134,17647,15881,33403,28027,39388,36766,58054,57459,76047,75478,55825,59749,37363,48056,11637,20755,4681,4593,8919,9364,10187,12981,12908,18495,40075,42679,39154,41375,32083,41298,10803,19184,476618,245478,74611,34651,109240,57309,11314,34,34
2021-06-11T23:59:59+02:00,146,134,17563,15822,33258,27958,39215,36712,57934,57422,75977,75454,55813,59744,37361,48054,11637,20754,4598,4400,8758,8802,9993,12261,12672,17423,39587,41383,39000,41244,32065,41264,10801,19183,476284,244986,74200,34649,109134,52466,11306,34,34
2021-06-10T23:59:59+02:00,132,114,16717,15103,31838,27042,37971,35799,57253,56963,75569,75184,55723,59653,37322,48010,11626,20736,4343,4206,8200,8308,9313,11504,11938,16362,36748,38351,38200,40445,31899,41082,10785,19153,472396,237951,71226,34517,108853,48096,10246,34,34
2021-06-09T23:59:59+02:00,110,88,15938,14396,30558,26137,36752,34913,56678,56575,75228,74956,55642,59548,37295,47966,11613,20715,4162,4053,7840,8119,8851,11286,11324,15985,31690,33508,36710,38921,31655,40814,10764,19104,467738,224106,68782,34395,108812,46516,9742,34,34
2021-06-08T23:59:59+02:00,83,70,15017,13523,29178,25044,35384,33902,56062,56171,74934,74745,55569,59476,37273,47936,11609,20705,4082,3989,7686,8004,8698,11173,11033,15781,28886,30710,35759,37994,31495,40619,10740,19071,463161,216682,65336,34338,108772,45295,9378,34,34
2021-06-07T23:59:59+02:00,75,57,14385,12934,27807,24235,34232,33123,55587,55916,74692,74642,55533,59439,37257,47926,11609,20701,3990,3916,7492,7879,8398,11041,10667,15537,24574,26346,34302,36466,31273,40352,10712,19043,460043,204951,62308,34274,108741,43713,9024,34,33
2021-06-06T23:59:59+02:00,74,54,14063,12743,27023,23817,33583,32704,55280,55753,74538,74576,55514,59417,37243,47917,11607,20700,3923,3880,7343,7834,8243,10958,10350,15336,21771,23494,33306,35397,31134,40198,10705,19028,458910,202172,60258,29088,108717,42927,8687,34,33
2021-06-05T23:59:59+02:00,74,52,14034,12717,26980,23775,33555,32685,55275,55744,74533,74571,55510,59412,37238,47915,11607,20700,3901,3865,7308,7813,8196,10941,10289,15295,20346,21945,32514,34520,31064,40116,10701,19021,458793,197211,60153,29085,108711,42827,8686,34,33
2021-06-04T23:59:59+02:00,68,48,13805,12455,26670,23461,33219,32374,55215,55663,74494,74551,55501,59407,37237,47913,11607,20699,3870,3837,7230,7734,8139,10863,10209,15174,20239,21827,32441,34466,31032,40079,10698,19018,456897,197131,60091,29073,108679,41940,8686,34,33
2021-06-03T23:59:59+02:00,50,43,13238,11966,25633,22775,32083,31623,54725,55331,74179,74358,55430,59330,37203,47883,11601,20683,3742,3745,6958,7565,7859,10691,9883,14937,18359,19972,30474,32174,30759,39749,10675,18970,452565,188579,58591,29054,108666,40578,8278,34,30
2021-06-02T23:59:59+02:00,37,31,12548,11212,24637,21873,30942,30670,54461,55068,73988,74218,55379,59252,37187,47862,11593,20676,3707,3725,6901,7510,7803,10643,9799,14846,17840,19425,28546,30005,30660,39605,10668,18959,446255,183055,58413,29053,108665,40243,8268,33,30
2021-06-01T23:59:59+02:00,23,16,11419,10324,22503,20436,28405,28777,53050,54005,72985,73439,55078,58935,37067,47692,11559,20617,3479,3552,6404,7204,7200,10224,8947,14246,15905,17622,24781,25773,29981,38728,10592,18806,436762,169138,53941,28916,108628,38403,6966,33,28
2021-05-31T23:59:59+02:00,18,12,10554,9657,20667,19265,26357,27270,51943,53156,72282,72892,54862,58677,36994,47592,11545,20581,3338,3401,6071,6959,6800,9925,8409,13891,14844,16649,23593,24407,29594,38241,10532,18712,429971,163412,49572,28882,108611,36915,6137,33,27
2021-05-30T23:59:59+02:00,16,9,10202,9310,19944,18768,25651,26690,51603,52874,72050,72696,54786,58598,36969,47565,11537,20573,3155,3210,5721,6693,6511,9682,8192,13687,14584,16378,23300,24091,29484,38134,10517,18684,427388,162588,49164,28825,108578,35912,4678,33,27
2021-05-29T23:59:59+02:00,16,9,10186,9298,19926,18741,25633,26664,51591,52870,72045,72686,54784,58593,36968,47565,11536,20573,3153,3202,5718,6689,6506,9680,8184,13679,14574,16374,23289,24083,29480,38129,10516,18683,427231,162519,49164,28823,108578,35899,4678,33,27
2021-05-28T23:59:59+02:00,16,9,10121,9202,19790,18572,25371,26435,51432,52694,71899,72556,54747,58543,36955,47545,11533,20560,3106,3126,5626,6551,6406,9482,8071,13407,14382,16098,23137,23929,29427,38066,10509,18674,425583,162135,49127,28822,108561,34344,4677,32,26
2021-05-27T23:59:59+02:00,16,9,8857,8000,17384,16755,22588,24285,50341,51880,71233,72065,54550,58326,36864,47451,11520,20532,2809,2792,4783,5929,5513,8702,7280,12423,13260,14908,22154,22897,29045,37616,10454,18587,413654,158331,48173,28559,108425,29871,2372,32,26
2021-05-26T23:59:59+02:00,15,9,8454,7583,16506,15951,21398,23274,49736,51334,70819,71681,54399,58163,36798,47377,11509,20502,2622,2619,4416,5598,5037,8195,6803,11775,12291,13931,21258,21867,28734,37173,10408,18502,408058,154491,47442,28471,108353,26625,1624,31,25
2021-05-25T23:59:59+02:00,15,9,7879,6983,15262,15066,19948,22101,49257,50935,70573,71498,54331,58081,36776,47352,11505,20493,2547,2516,4225,5468,4791,7968,6528,11466,11737,13402,19128,19718,28366,36642,10373,18453,401292,148866,47201,28458,108309,24755,1231,31,25
2021-05-24T23:59:59+02:00,15,9,7793,6882,15039,14939,19662,21922,49156,50816,70530,71459,54330,58076,36775,47351,11503,20490,2503,2454,4141,5303,4696,7723,6404,11182,11597,13162,19014,19606,28315,36595,10366,18442,400153,148716,47123,28416,108224,23138,1216,31,24
2021-05-23T23:59:59+02:00,14,9,7777,6869,15003,14923,19608,21894,49147,50814,70526,71453,54329,58074,36775,47350,11503,20490,2501,2450,4134,5298,4687,7719,6400,11169,11576,13140,18874,19411,28284,36556,10364,18440,399970,148234,47123,28414,108224,23129,1210,31,23
2021-05-22T23:59:59+02:00,14,9,7774,6861,14993,14911,19598,21887,49147,50812,70523,71453,54329,58073,36775,47350,11503,20490,2499,2443,4127,5292,4685,7719,6397,11166,11567,13137,18862,19405,28283,36556,10364,18440,399916,148198,47123,28414,108224,23105,1208,31,23
2021-05-21T23:59:59+02:00,14,8,7700,6764,14863,14777,19393,21727,48906,50578,70381,71347,54302,58047,36768,47343,11498,20484,2428,2358,4041,5151,4582,7505,6274,10869,11398,12848,18796,19341,28267,36526,10361,18438,398346,147948,47120,28414,108199,21599,1205,30,23
2021-05-20T23:59:59+02:00,14,8,7426,6470,14279,14253,18454,20855,46223,48227,69230,70377,53950,57686,36660,47203,11467,20455,2166,2195,3679,4786,4140,6955,5720,10038,10311,11753,17523,18061,27762,35927,10288,18291,387371,142716,46958,28125,107894,17749,988,26,23
2021-05-19T23:59:59+02:00,13,7,7187,6246,13616,13770,17184,19855,42243,44739,67743,69074,53495,57164,36498,46979,11431,20403,2090,1996,3515,4445,3893,6432,5277,9357,9323,10642,16049,16415,27069,35015,10162,18082,372599,135568,46388,27982,107665,15236,969,26,13
2021-05-18T23:59:59+02:00,13,5,6988,6069,13073,13340,16087,18997,37526,40721,66292,67754,52940,56624,36351,46757,11389,20346,2043,1868,3377,4255,3708,6118,4945,8876,8459,9771,14469,14682,26361,34165,10072,17910,356506,128950,46328,27419,107508,13799,904,26,13
2021-05-17T23:59:59+02:00,13,5,6853,5973,12750,13091,15592,18607,35344,38853,65454,66972,52669,56311,36272,46649,11375,20309,1974,1807,3189,4075,3489,5891,4623,8506,7682,9071,11215,10670,25450,33018,9989,17741,352778,123743,42058,21340,107429,12499,801,26,13
2021-05-16T23:59:59+02:00,13,5,6790,5890,12625,12937,15419,18438,34855,38383,65269,66804,52614,56251,36262,46624,11370,20304,1917,1710,3086,3952,3409,5789,4517,8362,7501,8885,9024,8077,24969,32337,9955,17684,351307,122608,41554,15997,107394,11990,572,26,13
2021-05-15T23:59:59+02:00,13,5,6785,5881,12619,12931,15415,18434,34850,38380,65267,66802,52614,56250,36262,46624,11370,20304,1916,1709,3083,3946,3404,5786,4512,8359,7499,8882,9022,8075,24968,32337,9955,17684,351265,122577,41554,15997,107392,11987,569,26,13
2021-05-14T23:59:59+02:00,13,5,6588,5784,12376,12869,15183,18342,33876,37592,64731,66394,52518,56163,36245,46591,11368,20299,1800,1621,2972,3876,3347,5678,4462,8213,7453,8754,9015,8070,24967,32337,9955,17683,347902,122523,41522,15993,106931,11122,558,24,13
2021-05-13T23:59:59+02:00,13,5,6338,5597,11967,12615,14616,17893,30349,34805,62256,64319,51888,55489,36108,46372,11356,20251,1757,1583,2915,3799,3315,5586,4419,8109,7371,8635,8977,8012,24947,32296,9950,17679,333918,122276,41299,15969,106501,10602,495,24,13
2021-05-12T23:59:59+02:00,13,5,6321,5574,11895,12552,14508,17786,29714,34229,61750,63867,51716,55316,36072,46327,11349,20238,1757,1580,2914,3799,3310,5586,4417,8108,7369,8629,8970,8009,24947,32294,9950,17678,330928,122254,41289,15959,106496,10601,495,24,13
2021-05-11T23:59:59+02:00,12,5,5996,5440,11453,12275,13962,17403,25453,30743,59370,61862,51056,54636,35883,46081,11328,20175,1715,1464,2811,3538,3189,5210,4278,7663,7215,8304,8886,7928,24918,32254,9947,17667,315998,122016,41236,15770,105507,8823,371,21,12
2021-05-10T23:59:59+02:00,12,5,5869,5367,11290,12160,13743,17235,21985,27985,58125,60746,50694,54285,35791,45958,11313,20144,1677,1368,2726,3308,3087,4879,4169,7173,7093,7866,8845,7868,24906,32233,9945,17663,306089,121873,41075,15621,105215,6998,307,21,12
2021-05-09T23:59:59+02:00,12,5,5792,5335,11203,12098,13643,17154,20385,26804,57660,60362,50592,54187,35765,45917,11306,20139,1660,1347,2669,3183,3036,4738,4124,7053,7034,7768,8833,7854,24899,32227,9944,17663,305523,121814,37506,15576,105015,6341,294,21,12
2021-05-08T23:59:59+02:00,12,5,5788,5332,11191,12094,13633,17145,20377,26798,57651,60356,50589,54179,35761,45914,11304,20136,1659,1347,2669,3181,3036,4738,4121,7050,7033,7767,8832,7854,24898,32225,9944,17663,305431,121799,37505,15576,105014,6341,294,21,12
2021-05-07T23:59:59+02:00,12,5,5748,5297,11126,12044,13526,17067,19921,26440,56653,59547,50459,54048,35732,45884,11301,20122,1555,1303,2589,3137,2996,4710,4087,7026,7010,7735,8825,7846,24896,32224,9944,17662,302265,121766,37489,15569,104869,5914,289,20,12
2021-05-06T23:59:59+02:00,12,5,5493,5184,10612,11735,12820,16614,18625,25453,52395,55893,49263,52669,35401,45484,11249,20019,1330,1171,2353,2964,2826,4545,3935,6827,6858,7583,8750,7768,24875,32188,9941,17655,287131,121494,37303,15431,104314,4477,160,18,12
2021-05-05T23:59:59+02:00,12,5,5233,5085,10119,11500,12065,16164,17293,24472,48026,51751,47593,50750,34964,44915,11174,19899,1284,1076,2291,2837,2743,4365,3841,6589,6750,7384,8637,7675,24814,32114,9935,17639,269953,121019,37077,15386,103926,3516,46,18,12
2021-05-04T23:59:59+02:00,12,5,5150,5000,9801,11288,11612,15774,16318,23604,46154,49720,46526,49442,34591,44427,11108,19790,1272,1057,2262,2796,2702,4279,3789,6482,6677,7308,8595,7636,24794,32098,9934,17634,259583,120801,37053,15325,103645,3159,23,18,12
2021-05-03T23:59:59+02:00,12,5,5047,4913,9453,11120,11149,15511,15255,22740,44580,48100,45645,48488,34371,44088,11080,19701,1257,1031,2230,2765,2660,4215,3741,6428,6603,7254,8026,6948,23059,29776,9796,17397,250561,115003,37045,15243,103619,2918,15,18,12
2021-05-02T23:59:59+02:00,12,5,4985,4894,9338,11084,11005,15450,14643,22251,44061,47690,45504,48322,34324,44026,11074,19690,1253,1026,2213,2762,2647,4207,3713,6415,6583,7240,7837,6705,21094,27374,9750,17309,249353,114983,35413,10251,103564,2877,10,18,12
2021-05-01T23:59:59+02:00,12,5,4985,4892,9333,11080,11002,15448,14639,22247,44059,47686,45503,48322,34324,44026,11074,19690,1252,1026,2213,2762,2647,4207,3712,6415,6581,7240,7837,6704,21094,27374,9750,17309,249323,114979,35413,10251,103563,2876,10,18,12
2021-04-30T23:59:59+02:00,12,5,4938,4870,9266,11065,10947,15423,14564,22221,42575,46273,45168,47990,34287,43974,11069,19680,1043,931,2015,2672,2547,4146,3626,6355,6519,7182,7830,6687,21093,27372,9750,17309,245335,114970,35413,10249,103551,1843,10,18,10
2021-04-29T23:59:59+02:00,12,4,4695,4788,8796,10914,10341,15252,13879,22013,37646,41959,44158,46962,34166,43856,11065,19650,863,854,1842,2593,2461,4080,3517,6284,6446,7133,7808,6668,21088,27366,9750,17309,231607,114930,35310,10146,103211,971,10,18,10
2021-04-28T23:59:59+02:00,12,4,4520,4753,8546,10829,9989,15162,13524,21859,33008,37458,42912,45708,34040,43709,11051,19632,821,824,1805,2547,2428,4004,3481,6175,6396,7041,7789,6649,21076,27353,9745,17302,218398,114845,35292,10098,103001,479,9,16,10
2021-04-27T23:59:59+02:00,11,3,4289,4538,8203,10380,9605,14582,13056,21211,31879,36331,42633,45426,34024,43681,11047,19629,793,810,1771,2523,2410,3986,3463,6156,6361,7014,7777,6640,21071,27348,9742,17296,215674,114785,35282,10067,99547,295,9,16,10
2021-04-26T23:59:59+02:00,11,3,4268,4510,8128,10343,9497,14526,12908,21152,27470,31945,41417,44203,33944,43581,11034,19619,760,799,1741,2504,2380,3965,3439,6135,6309,6968,7730,6591,21041,27318,9742,17289,203796,114583,35273,10023,99466,91,9,15,10
2021-04-25T23:59:59+02:00,11,3,4245,4497,8096,10316,9434,14494,12815,21106,25503,29903,40715,43442,33898,43523,11030,19614,748,791,1729,2490,2362,3950,3413,6114,6276,6939,7708,6571,21024,27297,9741,17285,203129,114557,30162,9781,99331,87,8,15,10
2021-04-24T23:59:59+02:00,11,3,4226,4486,8066,10287,9393,14478,12764,21084,24001,28238,39958,42603,33833,43447,11027,19608,747,790,1726,2488,2361,3947,3413,6110,6276,6936,7706,6569,21023,27297,9741,17285,198066,114537,30162,9780,99262,85,8,15,10
2021-04-23T23:59:59+02:00,10,3,3961,4334,7596,9990,8963,14122,12202,20681,23522,27938,39872,42542,33812,43413,11021,19601,733,780,1709,2475,2341,3931,3390,6088,6254,6917,7692,6551,21018,27286,9741,17284,197718,114522,30147,9582,95696,73,8,14,10
2021-04-22T23:59:59+02:00,10,3,3868,4277,7405,9873,8685,13928,11758,20354,21196,25582,37119,39300,33285,42744,10950,19482,720,771,1681,2445,2283,3874,3317,6016,6144,6821,7613,6465,20965,27242,9738,17269,184703,114401,29958,8880,95136,71,8,14,9
2021-04-21T23:59:59+02:00,10,3,3840,4245,7278,9795,8504,13757,11424,20065,19935,24379,33909,35587,32801,42041,10888,19356,696,753,1647,2417,2239,3850,3284,5983,6102,6782,7585,6438,20947,27218,9735,17265,172952,114295,29785,8567,95058,67,8,14,9
2021-04-20T23:59:59+02:00,10,3,3806,4219,7173,9726,8290,13601,11057,19767,18840,23232,30599,31938,32328,41442,10829,19247,688,743,1632,2405,2206,3828,3241,5938,6061,6739,7545,6392,20922,27194,9729,17262,161322,114137,29763,8311,95000,65,8,14,9
2021-04-19T23:59:59+02:00,10,3,3787,4202,7099,9688,8172,13492,10802,19581,18175,22569,29726,30809,32036,41076,10787,19172,680,738,1610,2391,2182,3798,3206,5905,6027,6708,7500,6359,20891,27166,9727,17258,156484,114004,29746,8067,94934,63,8,14,9
2021-04-18T23:59:59+02:00,10,3,3784,4196,7083,9674,8157,13473,10767,19557,18087,22487,29604,30684,32008,41054,10784,19164,678,734,1595,2379,2165,3783,3181,5879,5998,6685,7478,6346,20872,27144,9724,17255,155992,113945,29678,7877,94884,62,8,14,9
2021-04-17T23:59:59+02:00,10,3,3783,4194,7081,9672,8154,13473,10761,19550,18074,22476,29582,30671,32006,41052,10784,19164,677,734,1594,2378,2164,3782,3178,5878,5996,6683,7478,6346,20872,27144,9724,17255,155913,113932,29677,7877,94878,62,8,14,9
2021-04-16T23:59:59+02:00,10,3,3616,4156,6736,9543,7787,13286,10363,19304,17624,22202,29381,30512,31924,40963,10769,19145,665,716,1582,2363,2137,3767,3124,5841,5953,6633,7385,6257,20460,26579,9694,17194,155163,112608,29669,7671,92470,59,8,14,9
2021-04-15T23:59:59+02:00,10,3,3515,4077,6384,9172,7210,12786,9587,18468,16298,20971,28184,29220,31404,40321,10689,18970,635,693,1530,2324,2055,3680,3016,5721,5625,6395,6889,5872,19730,25670,9598,17026,149420,109261,29376,7132,88451,54,8,14,9
2021-04-14T23:59:59+02:00,9,3,3460,4027,6148,8934,6880,12409,8965,17917,15181,19941,26774,27716,30772,39445,10581,18775,600,667,1484,2286,1981,3602,2874,5598,5314,6158,6342,5359,18717,24384,9513,16853,142617,104995,29177,6677,86122,48,8,13,9
2021-04-13T23:59:59+02:00,9,3,3428,3996,6056,8857,6731,12280,8663,17671,14379,19249,23421,24160,29840,38264,10477,18603,595,658,1471,2264,1953,3569,2778,5527,5098,5975,5981,5021,18419,24040,9474,16787,130987,102905,29166,6647,85913,47,8,13,8
2021-04-12T23:59:59+02:00,9,3,3406,3975,6006,8800,6643,12196,8446,17476,13762,18720,22419,23008,29416,37706,10408,18481,585,650,1461,2256,1930,3548,2722,5476,4950,5870,5664,4740,18126,23738,9436,16727,125907,101320,29147,6501,85805,47,8,13,8
2021-04-11T23:59:59+02:00,9,3,3400,3969,5988,8776,6615,12179,8406,17453,13673,18659,22289,22860,29365,37641,10399,18456,582,645,1448,2246,1917,3540,2705,5460,4912,5833,5605,4682,17953,23504,9415,16698,125366,100658,29080,6429,85673,47,8,13,8
2021-04-10T23:59:59+02:00,9,3,3392,3968,5965,8775,6593,12178,8385,17452,13648,18657,22284,22857,29361,37640,10399,18456,581,643,1442,2240,1912,3537,2699,5452,4896,5823,5593,4665,17792,23251,9401,16674,125344,100148,28989,6396,85669,47,7,13,8
2021-04-09T23:59:59+02:00,8,3,3354,3956,5917,8763,6535,12162,8346,17425,13597,18611,20331,20449,28880,37025,10369,18407,568,630,1416,2218,1885,3514,2657,5416,4825,5761,5478,4561,17215,22519,9363,16603,124655,98382,23877,6198,85588,39,7,11,8
2021-04-08T23:59:59+02:00,8,3,3330,3937,5847,8731,6460,12123,8256,17361,13453,18493,17742,17388,28356,36361,10332,18357,526,600,1328,2137,1791,3417,2477,5231,4329,5396,4675,3954,15439,20298,9178,16302,123789,91414,18021,5627,84711,28,6,11,8
2021-04-07T23:59:59+02:00,6,3,3252,3909,5637,8681,6253,12063,8047,17286,13191,18398,15080,14323,27678,35564,10302,18304,503,572,1275,2082,1697,3337,2325,5091,3917,5064,3959,3390,14588,19435,9066,16121,123581,87110,16486,5280,77894,24,5,11,8
2021-04-06T23:59:59+02:00,5,3,3224,3899,5592,8663,6183,12040,7960,17249,13117,18327,13097,11960,27046,34851,10289,18274,472,550,1206,2027,1612,3256,2163,4973,3544,4787,3433,2982,13748,18437,8992,16005,123453,83480,16284,4680,72026,20,5,11,7
2021-04-05T23:59:59+02:00,5,3,3222,3896,5556,8650,6146,12028,7915,17233,13045,18291,13051,11914,27035,34835,10288,18271,440,520,1154,1990,1560,3215,2095,4919,3456,4711,3376,2930,13605,18267,8983,15987,123430,82989,16076,4193,71863,20,4,11,7
2021-04-04T23:59:59+02:00,5,3,3221,3894,5556,8648,6144,12027,7914,17230,13045,18291,13048,11914,27034,34835,10288,18271,439,519,1153,1990,1560,3215,2095,4919,3456,4711,3376,2930,13604,18267,8983,15987,123419,82985,16076,4193,71858,20,4,11,7
2021-04-03T23:59:59+02:00,5,3,3220,3894,5556,8647,6144,12027,7914,17230,13045,18291,13048,11913,27033,34832,10288,18271,439,518,1153,1990,1559,3215,2095,4918,3450,4708,3370,2919,13517,18131,8974,15971,123414,82708,16076,4193,71856,20,4,11,7
2021-04-02T23:59:59+02:00,5,3,3220,3891,5553,8642,6140,12018,7905,17218,13020,18260,13001,11861,27005,34814,10285,18267,436,511,1151,1986,1547,3206,2085,4896,3420,4675,3339,2890,12588,16886,8909,15863,123248,80252,16073,4112,71772,20,4,11,5
2021-04-01T23:59:59+02:00,5,3,3205,3877,5514,8622,6073,11985,7834,17183,12906,18189,12885,11735,26946,34738,10276,18252,389,468,1054,1919,1448,3119,1936,4784,3222,4542,3109,2691,10569,14301,8799,15688,122930,74691,15950,3324,71334,20,3,11,5
2021-03-31T23:59:59+02:00,5,3,3204,3863,5497,8588,6040,11949,7792,17138,12826,18120,12772,11610,26895,34678,10268,18243,351,447,1018,1877,1377,3079,1832,4681,2967,4348,2698,2375,8002,11075,8624,15450,122621,67194,15911,2984,70945,19,3,11,5
2021-03-30T23:59:59+02:00,5,3,3196,3853,5472,8560,6008,11918,7753,17098,12749,18054,12686,11472,26858,34631,10263,18233,330,428,995,1845,1317,3044,1708,4601,2720,4176,2326,2127,7116,9989,8558,15324,122491,63874,15880,2709,70428,18,2,11,5
2021-03-29T23:59:59+02:00,5,3,3184,3849,5443,8541,5973,11885,7709,17065,12676,17976,12042,10715,24995,32138,10115,17977,324,426,988,1830,1296,3019,1673,4561,2574,4090,2040,1978,6466,9279,8514,15246,116506,61579,15710,2706,70062,16,2,11,5
2021-03-28T23:59:59+02:00,5,3,3154,3833,5396,8503,5924,11843,7628,17010,12566,17907,11778,10412,23010,29677,10060,17878,323,424,985,1829,1288,3015,1669,4559,2562,4082,2015,1958,6444,9265,8512,15241,116446,61451,10532,2703,69596,16,2,11,3
2021-03-27T23:59:59+01:00,5,3,3142,3829,5357,8492,5888,11828,7581,16995,12520,17860,11744,10369,23006,29669,10060,17878,323,424,985,1829,1288,3015,1668,4557,2560,4080,2013,1956,6395,9190,8479,15192,116378,61234,10531,2703,69304,16,2,11,3
2021-03-26T23:59:59+01:00,5,3,3006,3504,4908,7334,5392,10508,6969,14948,11711,15586,11525,10188,22523,28943,10015,17807,322,420,980,1826,1283,3011,1665,4555,2555,4073,2005,1950,6265,9003,8336,15007,114832,60559,10277,2691,59753,5,2,11,3
2021-03-25T23:59:59+01:00,5,3,2880,3235,4748,6567,5166,9357,6645,13228,10987,13785,10668,9385,21809,28105,9942,17652,317,411,974,1816,1268,2992,1645,4520,2518,4024,1939,1891,5975,8575,8063,14560,111933,58796,9590,2687,52631,4,2,11,3
2021-03-24T23:59:59+01:00,5,3,2832,3191,4672,6506,5032,9251,6439,13058,10476,13380,9836,8564,20800,26850,9846,17471,315,406,966,1810,1251,2981,1630,4496,2471,3967,1871,1815,5612,8103,7652,13894,107932,56564,9243,2673,51027,4,0,10,3
2021-03-23T23:59:59+01:00,5,3,2803,3158,4604,6440,4921,9157,6228,12897,10020,12958,9126,7897,20291,26247,9794,17366,303,393,948,1801,1236,2961,1602,4474,2416,3918,1791,1750,5336,7725,7264,13279,105559,54523,8911,2672,49436,3,0,9,3
2021-03-22T23:59:59+01:00,5,3,2787,3120,4544,6402,4845,9089,6089,12760,9659,12684,8522,7332,19875,25810,9734,17272,301,389,936,1795,1221,2946,1589,4460,2389,3892,1765,1729,5199,7550,6822,12467,104083,52780,8652,2667,47788,3,0,9,2
2021-03-21T23:59:59+01:00,5,3,2780,3105,4499,6380,4794,9053,5997,12692,9471,12496,8218,7074,19707,25643,9722,17247,301,389,935,1795,1219,2946,1588,4459,2386,3892,1758,1723,5190,7545,6792,12410,103883,52675,8422,2650,46572,3,0,9,2
2021-03-20T23:59:59+01:00,5,3,2780,3100,4491,6375,4788,9050,5993,12684,9451,12482,8185,7043,19533,25366,9706,17221,301,389,935,1794,1218,2946,1587,4458,2382,3884,1746,1710,5177,7496,6616,12174,103326,52184,8410,2626,46511,3,0,9,2
2021-03-19T23:59:59+01:00,5,3,2745,3077,4417,6332,4679,9000,5853,12627,9185,12294,7880,6818,19049,24775,9674,17162,301,389,934,1793,1218,2943,1584,4457,2376,3879,1730,1702,5141,7453,6214,11558,102026,51063,8168,2606,45372,3,0,9,2
2021-03-18T23:59:59+01:00,5,3,2679,3004,4254,6196,4430,8794,5495,12318,8280,11625,6617,5806,17799,23418,9526,16937,298,385,929,1783,1204,2930,1545,4442,2309,3833,1652,1660,5069,7347,5485,10450,97140,48756,7626,2564,42411,2,0,9,1
2021-03-17T23:59:59+01:00,5,3,2641,2965,4174,6099,4293,8686,5240,12043,7604,11057,5631,4911,16454,21887,9361,16683,294,384,925,1774,1200,2922,1528,4420,2242,3807,1586,1615,5024,7283,4913,9572,91739,46979,7123,2509,40866,2,0,9,1
2021-03-16T23:59:59+01:00,5,3,2621,2937,4111,6032,4201,8590,5065,11887,7154,10668,4870,4294,15603,20911,9259,16514,290,382,922,1769,1197,2915,1520,4410,2220,3788,1556,1598,4987,7240,4411,8767,88113,45541,7087,2430,39516,2,0,9,1
2021-03-15T23:59:59+01:00,5,3,2618,2926,4095,6014,4170,8564,5015,11840,7037,10554,4725,4134,15285,20501,9230,16455,288,379,921,1763,1190,2908,1506,4401,2198,3765,1515,1581,4927,7166,3834,7908,87347,43959,6991,2291,38824,1,0,9,1
2021-03-14T23:59:59+01:00,5,2,2613,2917,4074,5995,4140,8545,4972,11807,6944,10465,4621,4023,15155,20332,9214,16419,286,378,921,1761,1184,2901,1501,4390,2187,3758,1505,1574,4919,7158,3829,7895,87043,43898,6973,2249,38219,1,0,8,1
2021-03-13T23:59:59+01:00,5,2,2609,2909,4070,5983,4132,8539,4964,11798,6924,10451,4599,3997,14839,19895,9194,16383,286,378,921,1761,1184,2901,1501,4390,2187,3758,1505,1574,4919,7157,3829,7895,86159,43897,6950,2249,38176,1,0,8,1
2021-03-12T23:59:59+01:00,5,2,2546,2833,3959,5813,4013,8318,4826,11499,6746,10181,4446,3859,13917,18640,9133,16281,286,377,919,1758,1184,2898,1499,4385,2186,3751,1497,1572,4911,7138,3827,7880,83699,43820,6888,2248,36424,1,0,6,1
2021-03-11T23:59:59+01:00,4,2,2421,2607,3734,5483,3757,7880,4501,10734,6118,9367,3926,3358,12322,16653,9035,16134,286,376,915,1755,1181,2884,1490,4373,2174,3723,1455,1543,4870,7103,3815,7853,79388,43671,6726,2125,31917,1,0,5,1
2021-03-10T23:59:59+01:00,4,2,2298,2474,3581,5250,3563,7557,4235,10247,5564,8799,3355,2914,10055,13937,8890,15907,283,372,911,1746,1174,2873,1485,4357,2150,3707,1426,1535,4839,7088,3806,7845,73093,43602,6555,1996,28979,0,0,5,1
2021-03-09T23:59:59+01:00,4,2,2271,2421,3515,5164,3449,7468,4064,10052,5171,8448,2878,2556,8546,11924,8788,15758,282,371,911,1740,1167,2864,1481,4349,2142,3696,1412,1530,4831,7083,3803,7843,68237,43561,6405,1945,27832,0,0,5,1
2021-03-08T23:59:59+01:00,4,2,2247,2351,3457,5098,3375,7383,3940,9940,4879,8258,2431,2295,6627,9526,8669,15584,282,368,910,1730,1161,2848,1475,4338,2138,3689,1401,1523,4814,7061,3796,7834,62558,43450,6070,1919,27433,0,0,5,1
2021-03-07T23:59:59+01:00,4,2,2184,2295,3360,4990,3279,7294,3843,9853,4744,8163,2380,2244,6605,9505,8669,15576,282,367,909,1730,1161,2848,1474,4338,2138,3689,1401,1523,4814,7061,3796,7834,62430,43448,5389,1919,27166,0,0,5,0
2021-03-06T23:59:59+01:00,4,2,2176,2282,3348,4981,3275,7289,3834,9844,4733,8160,2378,2242,6559,9435,8637,15527,282,367,908,1726,1160,2847,1474,4335,2134,3684,1400,1518,4808,7056,3794,7825,62221,43401,5329,1919,27151,0,0,5,0
2021-03-05T23:59:59+01:00,4,2,2046,2198,3124,4792,3037,6978,3557,9448,4405,7823,2291,2181,6352,9118,8446,15266,282,365,906,1723,1160,2846,1473,4329,2131,3678,1394,1516,4802,7049,3793,7819,61245,43349,4491,1919,25327,0,0,5,0
2021-03-04T23:59:59+01:00,4,2,1792,1978,2714,4358,2580,6339,2991,8544,3720,7009,2076,2021,6061,8752,8172,14812,279,364,905,1715,1158,2829,1472,4313,2122,3666,1383,1514,4790,7035,3786,7808,59607,43225,3218,1916,21095,0,0,5,0
2021-03-03T23:59:59+01:00,4,2,1720,1891,2607,4178,2448,6113,2852,8259,3537,6746,1994,1944,5723,8279,7819,14233,278,360,905,1705,1156,2806,1468,4289,2117,3651,1359,1503,4785,7029,3782,7801,57607,43080,3075,1916,19662,0,0,5,0
2021-03-02T23:59:59+01:00,4,2,1683,1810,2539,4060,2367,5963,2747,8078,3422,6595,1922,1877,5415,7842,7420,13565,276,355,902,1686,1153,2785,1465,4270,2116,3640,1334,1497,4775,7013,3776,7794,55523,42923,2833,1916,18950,0,0,5,0
2021-03-01T23:59:59+01:00,2,2,1674,1783,2500,3952,2319,5848,2710,7976,3369,6517,1882,1857,5276,7677,6949,12701,276,353,898,1680,1151,2773,1463,4257,2114,3625,1329,1492,4772,7011,3775,7788,53667,42843,2821,1916,18501,0,0,5,0
2021-02-28T23:59:59+01:00,2,2,1657,1746,2465,3881,2289,5793,2667,7896,3342,6471,1876,1853,5268,7672,6914,12642,276,353,897,1680,1151,2773,1463,4256,2114,3624,1329,1492,4772,7010,3775,7788,53545,42840,2819,1915,18067,0,0,5,0
2021-02-27T23:59:59+01:00,2,2,1655,1740,2461,3873,2285,5793,2666,7895,3340,6468,1870,1843,5259,7628,6744,12423,276,353,887,1675,1141,2766,1453,4247,2098,3615,1328,1489,4772,7009,3775,7788,53083,42836,2819,1838,18040,0,0,5,0
2021-02-26T23:59:59+01:00,2,1,1465,1584,2336,3630,2207,5388,2574,7391,3253,6010,1855,1817,5234,7595,6485,12034,275,351,880,1668,1133,2746,1447,4226,2088,3602,1321,1480,4764,6997,3771,7775,52339,42757,2798,1769,15719,0,0,5,0
2021-02-25T23:59:59+01:00,2,1,1248,1307,2116,3195,2033,4631,2377,6445,3012,5112,1766,1745,5183,7516,5917,11194,273,343,874,1608,1099,2651,1414,4115,2032,3528,1284,1459,4724,6956,3753,7724,50472,42296,2784,1543,11540,0,0,4,0
2021-02-24T23:59:59+01:00,2,1,1195,1097,2009,2926,1928,4292,2244,6039,2842,4843,1691,1690,5125,7426,5162,10017,271,337,836,1561,1049,2560,1354,3999,1942,3400,1244,1432,4709,6930,3743,7707,48144,42039,2772,1037,9609,0,0,4,0
2021-02-23T23:59:59+01:00,2,1,1180,1047,1975,2862,1902,4194,2218,5954,2809,4782,1683,1675,5090,7377,4532,8996,271,336,809,1533,1002,2508,1301,3921,1836,3326,1192,1407,4686,6905,3732,7673,46374,41842,2746,598,9155,0,0,4,0
2021-02-22T23:59:59+01:00,2,1,1172,1006,1924,2719,1858,4048,2163,5758,2755,4676,1672,1664,5056,7329,3929,8112,269,326,766,1494,948,2425,1213,3815,1696,3231,1103,1350,4645,6835,3707,7570,44769,41387,2726,8,8346,0,0,3,0
2021-02-21T23:59:59+01:00,2,1,1170,992,1893,2657,1832,3951,2136,5654,2735,4613,1664,1658,5053,7320,3929,8108,267,324,762,1488,940,2393,1211,3779,1683,3191,1094,1335,4629,6810,3685,7529,44716,41114,2715,8,7934,0,0,3,0
2021-02-20T23:59:59+01:00,2,1,1170,992,1893,2656,1831,3951,2136,5654,2733,4608,1655,1650,5049,7314,3927,8105,267,324,762,1487,939,2389,1210,3775,1682,3189,1094,1335,4576,6749,3639,7470,44702,40882,2690,7,7932,0,0,3,0
2021-02-19T23:59:59+01:00,2,1,1170,989,1890,2651,1830,3942,2135,5645,2730,4605,1636,1642,5036,7297,3924,8099,266,323,758,1478,931,2365,1203,3733,1655,3136,1067,1297,4386,6496,3462,7179,44622,39730,2671,7,7928,0,0,3,0
2021-02-18T23:59:59+01:00,2,1,1138,906,1851,2532,1791,3804,2082,5439,2669,4430,1620,1626,5020,7263,3919,8073,238,294,713,1354,882,2160,1117,3398,1539,2841,958,1110,3903,5724,3070,6330,44467,35626,2638,7,7058,0,0,3,0
2021-02-17T23:59:59+01:00,2,1,1089,777,1770,2299,1714,3505,1973,5079,2594,4181,1597,1617,4999,7249,3911,8069,233,291,703,1336,873,2138,1105,3363,1520,2820,951,1107,3523,5203,2778,5909,44426,33848,2582,7,5415,0,0,3,0
2021-02-16T23:59:59+01:00,2,1,1048,741,1712,2195,1646,3334,1902,4873,2516,4075,1562,1603,4972,7228,3902,8057,227,285,689,1302,852,2084,1074,3246,1481,2735,928,1084,3172,4658,2440,5420,44373,31674,2420,5,4573,0,0,3,0
2021-02-15T23:59:59+01:00,2,1,1041,723,1693,2119,1627,3234,1883,4764,2502,3997,1534,1589,4943,7211,3870,8001,215,275,674,1267,833,2034,1054,3180,1439,2670,897,1053,2754,4109,2114,4859,44244,29425,2337,4,4150,0,0,3,0
2021-02-14T23:59:59+01:00,2,1,945,689,1615,2085,1566,3215,1839,4742,2467,3984,1527,1586,4934,7199,3867,7996,208,263,665,1249,814,1994,1038,3114,1409,2602,867,1008,2665,3969,2042,4676,44202,28582,2301,3,3755,0,0,1,0
2021-02-13T23:59:59+01:00,2,1,892,665,1585,2062,1551,3207,1823,4735,2459,3983,1526,1585,4934,7199,3866,7995,206,262,663,1249,814,1990,1038,3112,1408,2600,866,1008,2563,3844,1978,4576,44196,28176,2301,3,3572,0,0,1,0
2021-02-12T23:59:59+01:00,2,1,558,517,1235,1946,1379,3104,1683,4653,2352,3913,1507,1576,4925,7188,3860,7989,194,256,650,1223,800,1946,1012,3027,1352,2501,804,934,2340,3533,1836,4275,44083,26683,2301,2,2003,0,0,1,0
2021-02-11T23:59:59+01:00,2,1,392,440,1045,1833,1277,2985,1584,4539,2264,3824,1400,1532,4863,7139,3839,7942,156,192,550,979,664,1500,812,2358,1074,1911,567,685,1742,2661,1355,3088,43731,20295,2103,1,1066,0,0,1,0
2021-02-10T23:59:59+01:00,2,1,279,368,919,1728,1177,2862,1489,4354,2151,3701,1363,1519,4844,7128,3834,7940,134,130,379,618,492,1011,642,1747,906,1577,546,670,1336,2100,1040,2593,43655,15923,1999,0,4,0,0,1,0
2021-02-09T23:59:59+01:00,2,1,279,367,918,1722,1174,2853,1489,4348,2150,3696,1356,1516,4842,7126,3833,7938,131,128,370,588,473,984,621,1718,881,1546,544,667,957,1635,763,2189,43630,14197,1976,0,3,0,0,1,0
2021-02-08T23:59:59+01:00,2,1,279,365,917,1720,1171,2843,1482,4343,2148,3692,1351,1512,4840,7126,3832,7935,126,122,359,577,465,967,610,1685,863,1520,536,662,566,1148,460,1764,43602,12432,1953,0,3,0,0,1,0
2021-02-07T23:59:59+01:00,2,1,279,365,915,1720,1170,2843,1480,4341,2148,3692,1351,1512,4840,7125,3832,7935,122,119,355,571,464,960,607,1673,853,1504,528,658,565,1138,455,1749,43598,12323,1952,0,0,0,0,1,0
2021-02-06T23:59:59+01:00,2,1,279,365,915,1720,1170,2843,1480,4341,2148,3692,1351,1512,4840,7125,3832,7935,119,116,353,567,463,959,607,1671,853,1503,527,657,565,1138,455,1749,43598,12304,1952,0,0,0,0,1,0
2021-02-05T23:59:59+01:00,2,1,279,364,914,1720,1170,2842,1478,4340,2147,3692,1351,1512,4839,7123,3832,7932,118,108,350,563,455,946,603,1661,839,1480,522,647,559,1122,445,1727,43585,12147,1952,0,0,0,0,1,0
2021-02-04T23:59:59+01:00,2,1,276,359,907,1682,1163,2796,1477,4288,2134,3649,1343,1505,4811,7092,3821,7902,89,71,233,390,331,687,474,1271,628,1111,392,514,469,914,388,1485,43256,9448,1951,0,0,0,0,1,0
2021-02-03T23:59:59+01:00,2,1,274,350,902,1657,1159,2761,1466,4238,2125,3613,1335,1489,4789,7063,3809,7876,55,33,81,166,152,341,232,597,303,541,211,278,273,576,226,944,42957,5010,1951,0,0,0,0,1,0
2021-02-02T23:59:59+01:00,2,1,273,348,901,1645,1155,2742,1463,4206,2118,3587,1327,1483,4782,7050,3802,7854,16,10,26,49,60,97,73,164,97,121,45,74,67,127,50,193,42787,1270,1951,0,0,0,0,1,0
2021-02-01T23:59:59+01:00,2,1,273,343,901,1643,1154,2741,1462,4202,2117,3581,1326,1482,4780,7049,3802,7854,14,9,22,43,51,88,60,136,74,102,39,65,57,117,49,180,42761,1107,1951,0,0,0,0,1,0
2021-01-31T23:59:59+01:00,2,1,273,342,901,1639,1153,2737,1462,4197,2117,3578,1325,1482,4780,7048,3802,7854,13,8,21,38,44,80,54,125,64,96,34,54,47,108,46,174,42741,1007,1951,0,0,0,0,1,0
2021-01-30T23:59:59+01:00,2,1,273,342,896,1636,1145,2729,1454,4191,2113,3575,1325,1482,4727,6988,3756,7795,13,8,21,37,44,80,53,124,64,96,34,54,47,108,46,174,42512,1004,1917,0,0,0,0,1,0
2021-01-29T23:59:59+01:00,2,1,272,341,881,1628,1133,2708,1442,4161,2091,3548,1316,1476,4564,6785,3592,7591,11,8,21,37,41,80,52,122,61,95,32,49,46,108,46,174,41725,984,1806,0,0,0,0,1,0
2021-01-28T23:59:59+01:00,2,1,268,328,862,1541,1093,2598,1405,4061,2021,3473,1289,1464,4230,6315,3329,7238,7,4,10,17,22,39,21,56,36,63,20,31,31,70,36,117,39956,581,1561,0,0,0,0,1,0
2021-01-27T23:59:59+01:00,2,1,262,325,820,1486,1046,2504,1342,3964,1947,3366,1250,1437,3819,5750,3012,6779,3,4,10,8,12,21,8,22,14,29,11,13,15,39,14,56,38002,280,1109,0,0,0,0,1,0
2021-01-26T23:59:59+01:00,2,1,256,316,786,1440,981,2419,1281,3837,1830,3260,1192,1386,3475,5196,2664,6269,1,1,6,3,5,7,4,2,3,8,6,5,3,7,3,8,35928,73,662,0,0,0,0,1,0
2021-01-25T23:59:59+01:00,2,1,246,307,734,1379,920,2300,1180,3692,1670,3141,1113,1356,3082,4685,2355,5803,1,1,6,2,3,7,2,2,3,8,6,5,3,7,3,8,33906,68,60,0,0,0,0,0,0
2021-01-24T23:59:59+01:00,2,1,243,307,728,1375,909,2284,1175,3676,1643,3111,1107,1354,3056,4649,2338,5781,1,1,4,2,3,7,2,2,3,8,6,5,3,7,3,8,33732,66,7,0,0,0,0,0,0
2021-01-23T23:59:59+01:00,2,1,242,306,727,1375,909,2280,1174,3674,1640,3109,1106,1354,2951,4523,2272,5680,1,1,4,2,2,7,2,2,3,8,6,5,3,7,3,8,33319,65,6,0,0,0,0,0,0
2021-01-22T23:59:59+01:00,2,1,241,303,725,1359,907,2267,1168,3660,1636,3105,1104,1353,2792,4329,2170,5538,1,1,4,2,2,7,2,2,3,8,6,5,3,7,3,8,32654,65,6,0,0,0,0,0,0
2021-01-21T23:59:59+01:00,2,1,237,274,662,1203,839,2055,1087,3375,1539,2899,1061,1311,2449,3863,1881,5103,1,0,4,1,2,7,2,2,3,8,6,4,3,7,3,8,29835,62,6,0,0,0,0,0,0
2021-01-20T23:59:59+01:00,2,1,213,210,502,851,664,1565,887,2674,1302,2431,966,1177,1920,3117,1472,4339,1,0,4,1,2,7,2,2,3,6,5,4,3,7,3,8,24287,59,6,0,0,0,0,0,0
2021-01-19T23:59:59+01:00,2,1,186,191,455,744,610,1409,800,2374,1128,2124,799,920,1278,2192,1015,3275,0,0,3,1,0,0,0,0,2,1,1,0,0,0,0,0,19500,8,3,0,0,0,0,0,0
2021-01-18T23:59:59+01:00,1,1,138,136,378,619,487,1055,646,1829,937,1634,592,711,636,1272,513,1969,0,0,1,0,0,0,0,0,1,0,0,0,0,0,0,0,13552,2,2,0,0,0,0,0,0
2021-01-17T23:59:59+01:00,1,1,127,122,364,582,472,990,617,1712,878,1535,543,671,589,1175,471,1826,0,0,0,0,0,0,0,0,0,0,0,0,0,0,0,0,12676,0,0,0,0,0,0,0,0
2021-01-16T23:59:59+01:00,1,1,120,118,361,578,470,979,611,1699,872,1528,542,670,588,1170,467,1814,0,0,0,0,0,0,0,0,0,0,0,0,0,0,0,0,12589,0,0,0,0,0,0,0,0
2021-01-15T23:59:59+01:00,1,1,118,111,358,573,462,963,607,1688,857,1504,536,658,581,1154,459,1792,0,0,0,0,0,0,0,0,0,0,0,0,0,0,0,0,12423,0,0,0,0,0,0,0,0
2021-01-14T23:59:59+01:00,1,1,97,89,275,464,391,784,504,1417,700,1214,418,529,501,960,403,1607,0,0,0,0,0,0,0,0,0,0,0,0,0,0,0,0,10355,0,0,0,0,0,0,0,0
2021-01-13T23:59:59+01:00,1,1,67,49,163,282,255,519,352,924,478,780,258,324,311,635,258,1030,0,0,0,0,0,0,0,0,0,0,0,0,0,0,0,0,6687,0,0,0,0,0,0,0,0
2021-01-12T23:59:59+01:00,1,1,31,21,49,101,113,212,150,383,200,334,135,175,162,352,146,566,0,0,0,0,0,0,0,0,0,0,0,0,0,0,0,0,3132,0,0,0,0,0,0,0,0
2021-01-11T23:59:59+01:00,1,0,18,11,33,64,60,110,76,168,92,125,39,65,60,122,50,181,0,0,0,0,0,0,0,0,0,0,0,0,0,0,0,0,1275,0,0,0,0,0,0,0,0
2021-01-10T23:59:59+01:00,1,0,15,7,27,53,53,98,66,153,76,111,33,55,50,112,46,172,0,0,0,0,0,0,0,0,0,0,0,0,0,0,0,0,1128,0,0,0,0,0,0,0,0
2021-01-09T23:59:59+01:00,1,0,14,7,26,51,52,97,63,152,76,109,33,55,50,112,46,172,0,0,0,0,0,0,0,0,0,0,0,0,0,0,0,0,1116,0,0,0,0,0,0,0,0
2021-01-08T23:59:59+01:00,1,0,11,7,24,48,47,92,59,139,70,105,31,50,49,112,46,172,0,0,0,0,0,0,0,0,0,0,0,0,0,0,0,0,1063,0,0,0,0,0,0,0,0
2021-01-07T23:59:59+01:00,1,0,7,4,9,18,21,40,22,56,38,65,19,33,36,75,36,116,0,0,0,0,0,0,0,0,0,0,0,0,0,0,0,0,596,0,0,0,0,0,0,0,0
2021-01-06T23:59:59+01:00,1,0,7,4,9,15,14,30,14,39,25,53,15,25,30,67,34,101,0,0,0,0,0,0,0,0,0,0,0,0,0,0,0,0,483,0,0,0,0,0,0,0,0
2021-01-05T23:59:59+01:00,1,0,7,4,9,15,14,30,14,39,25,53,15,25,29,67,34,101,0,0,0,0,0,0,0,0,0,0,0,0,0,0,0,0,482,0,0,0,0,0,0,0,0
2021-01-04T23:59:59+01:00,1,0,2,4,8,5,4,14,3,7,6,16,6,5,6,16,4,13,0,0,0,0,0,0,0,0,0,0,0,0,0,0,0,0,120,0,0,0,0,0,0,0,0
2021-01-03T23:59:59+01:00,1,0,1,1,3,2,2,7,2,3,3,9,4,4,3,8,3,8,0,0,0,0,0,0,0,0,0,0,0,0,0,0,0,0,64,0,0,0,0,0,0,0,0
2021-01-02T23:59:59+01:00,1,0,1,1,3,2,2,7,2,3,3,9,4,4,3,8,3,8,0,0,0,0,0,0,0,0,0,0,0,0,0,0,0,0,64,0,0,0,0,0,0,0,0
2021-01-01T23:59:59+01:00,1,0,1,1,3,2,2,7,2,3,3,9,4,4,3,8,3,8,0,0,0,0,0,0,0,0,0,0,0,0,0,0,0,0,64,0,0,0,0,0,0,0,0
2020-12-31T23:59:59+01:00,1,0,1,1,3,1,2,7,2,2,3,8,4,4,3,8,3,8,0,0,0,0,0,0,0,0,0,0,0,0,0,0,0,0,61,0,0,0,0,0,0,0,0
2020-12-30T23:59:59+01:00,1,0,1,1,3,1,2,7,2,2,3,6,4,4,3,8,3,8,0,0,0,0,0,0,0,0,0,0,0,0,0,0,0,0,59,0,0,0,0,0,0,0,0
2020-12-29T23:59:59+01:00,1,0,1,1,2,1,2,6,2,2,3,6,2,2,2,8,2,7,0,0,0,0,0,0,0,0,0,0,0,0,0,0,0,0,50,0,0,0,0,0,0,0,0
2020-12-28T23:59:59+01:00,1,0,0,0,2,1,0,2,1,0,1,3,0,1,0,1,1,4,0,0,0,0,0,0,0,0,0,0,0,0,0,0,0,0,18,0,0,0,0,0,0,0,0
2020-12-27T23:59:59+01:00,0,0,0,0,0,0,0,1,1,0,1,2,0,1,0,1,1,4,0,0,0,0,0,0,0,0,0,0,0,0,0,0,0,0,12,0,0,0,0,0,0,0,0
