Datum,<24_1_m,<24_1_w,25-34_1_m,25-34_1_w,35-44_1_m,35-44_1_w,45-54_1_m,45-54_1_w,55-64_1_m,55-64_1_w,65-74_1_m,65-74_1_w,75-84_1_m,75-84_1_w,>84_1_m,>84_1_w,<24_2_m,<24_2_w,25-34_2_m,25-34_2_w,35-44_2_m,35-44_2_w,45-54_2_m,45-54_2_w,55-64_2_m,55-64_2_w,65-74_2_m,65-74_2_w,75-84_2_m,75-84_2_w,>84_2_m,>84_2_w,bp_1,bp_2,mo_1,mo_2,az_1,az_2,ja
2021-05-28T23:59:59+02:00,11629,10859,19991,18577,26089,27494,54499,55712,70906,71530,52044,56183,34618,45552,9668,17710,3497,3605,5557,6396,6251,9586,8364,13859,14581,15458,23725,24862,28609,37840,8796,16044,422476,160735,48844,28567,107232,33219,4509
2021-05-27T23:59:59+02:00,10155,9497,17643,16786,23449,25467,53514,54987,70305,71079,51861,55988,34546,45468,9659,17690,3146,3289,4739,5811,5409,8871,7574,12906,13522,14374,22850,23936,28300,37471,8752,15972,410731,157164,48022,28393,107118,29142,2223
2021-05-26T23:59:59+02:00,9708,9040,16726,15963,22316,24510,52956,54490,69930,70736,51727,55841,34486,45406,9651,17663,2960,3135,4405,5555,4985,8441,7104,12335,12570,13439,22032,22956,28037,37111,8713,15902,405230,153444,47308,28328,107075,26372,1536
2021-05-25T23:59:59+02:00,9021,8364,15486,15059,20919,23395,52541,54133,69705,70566,51665,55769,34468,45387,9648,17655,2866,3019,4218,5423,4747,8213,6813,12001,11980,12873,19933,20856,27746,36651,8687,15865,398516,147888,47069,28314,107043,24536,1153
2021-05-24T23:59:59+02:00,8923,8255,15267,14935,20643,23223,52458,54026,69669,70535,51664,55764,34467,45386,9646,17652,2814,2946,4136,5249,4660,7974,6684,11708,11854,12661,19825,20749,27703,36613,8682,15856,397413,147757,47002,28277,106959,22941,1139
2021-05-23T23:59:59+02:00,8905,8238,15225,14925,20593,23196,52451,54024,69667,70530,51663,55762,34467,45385,9646,17652,2812,2942,4129,5245,4652,7969,6681,11697,11833,12637,19686,20559,27675,36576,8680,15855,397235,147285,47002,28275,106959,22935,1133
2021-05-22T23:59:59+02:00,8900,8229,15213,14913,20586,23191,52451,54022,69665,70530,51663,55761,34467,45385,9646,17652,2807,2931,4123,5243,4650,7968,6680,11694,11822,12633,19676,20555,27674,36576,8680,15855,397182,147250,47002,28275,106959,22911,1131
2021-05-21T23:59:59+02:00,8815,8115,15079,14794,20356,23005,52237,53821,69539,70431,51641,55737,34460,45379,9641,17646,2731,2836,4035,5107,4547,7737,6555,11386,11661,12379,19623,20507,27662,36558,8679,15854,395627,147036,47000,28275,106938,21415,1131
2021-05-20T23:59:59+02:00,8493,7771,14495,14284,19129,21916,49789,51641,68490,69544,51344,55426,34368,45257,9619,17623,2449,2642,3671,4752,4115,7172,5952,10505,10541,11294,18443,19288,27239,36066,8619,15734,384768,141950,46848,27984,106638,17613,935
2021-05-19T23:59:59+02:00,8195,7518,13825,13802,17491,20618,46123,48400,67115,68319,50964,54954,34229,45070,9587,17578,2361,2406,3513,4428,3864,6636,5486,9773,9517,10164,16989,17687,26651,35266,8522,15562,370162,134937,46287,27842,106413,15120,926
2021-05-18T23:59:59+02:00,7967,7305,13270,13367,16130,19566,41601,44533,65768,67081,50490,54480,34103,44877,9551,17534,2308,2254,3378,4244,3680,6318,5124,9263,8579,9249,15450,15956,26053,34551,8446,15410,354250,128402,46229,27285,106266,13698,878
2021-05-17T23:59:59+02:00,7809,7192,12932,13116,15574,19091,39454,42716,64992,66336,50256,54214,34038,44782,9538,17507,2223,2178,3194,4069,3466,6089,4777,8861,7785,8514,12094,11847,25373,33650,8376,15279,350609,123349,41974,21240,106189,12411,775
2021-05-16T23:59:59+02:00,7736,7097,12808,12964,15402,18919,38961,42246,64817,66184,50212,54153,34031,44762,9533,17503,2155,2071,3104,3947,3384,5986,4664,8706,7592,8331,9806,9111,25031,33146,8350,15232,349144,122223,41474,15935,106158,11906,552
2021-05-15T23:59:59+02:00,7729,7087,12804,12959,15398,18914,38955,42245,64816,66182,50212,54152,34031,44762,9533,17503,2154,2070,3101,3941,3380,5982,4659,8704,7590,8328,9803,9109,25031,33146,8350,15232,349103,122193,41474,15935,106156,11903,549
2021-05-14T23:59:59+02:00,7506,6983,12568,12895,15177,18829,37926,41427,64343,65814,50136,54075,34019,44735,9531,17500,2028,1976,2994,3871,3332,5877,4607,8546,7543,8220,9803,9106,25030,33146,8350,15231,345784,122143,41444,15932,105697,11046,539
2021-05-13T23:59:59+02:00,7206,6774,12161,12638,14602,18376,34166,38415,62050,63916,49615,53495,33913,44542,9520,17456,1978,1929,2940,3796,3297,5781,4568,8440,7462,8109,9771,9054,25009,33109,8348,15228,331878,121909,41223,15908,105268,10526,476
2021-05-12T23:59:59+02:00,7185,6748,12085,12571,14486,18260,33485,37823,61585,63495,49478,53337,33878,44501,9515,17447,1978,1926,2939,3796,3294,5781,4568,8438,7460,8102,9764,9053,25009,33107,8348,15227,328926,121891,41213,15898,105264,10525,476
2021-05-11T23:59:59+02:00,6825,6596,11624,12288,13967,17869,29000,34153,59385,61616,48923,52739,33726,44293,9493,17394,1929,1787,2825,3520,3182,5405,4423,7981,7316,7825,9684,8979,24988,33071,8345,15218,314088,121666,41161,15706,104288,8752,354
2021-05-10T23:59:59+02:00,6684,6514,11467,12181,13748,17696,25448,31314,58274,60601,48602,52432,33650,44179,9481,17369,1885,1672,2744,3303,3088,5053,4308,7453,7207,7456,9657,8939,24977,33054,8344,15214,304338,121554,41000,15558,104002,6942,300
2021-05-09T23:59:59+02:00,6603,6476,11381,12118,13646,17611,23794,30087,57878,60290,48512,52343,33629,44149,9476,17364,1861,1633,2686,3190,3040,4910,4265,7324,7168,7392,9647,8928,24972,33050,8343,15214,303823,121535,37443,15516,103804,6285,287
2021-05-08T23:59:59+02:00,6602,6473,11375,12115,13642,17607,23789,30083,57869,60285,48509,52336,33624,44146,9476,17361,1860,1632,2686,3189,3040,4910,4262,7321,7167,7391,9646,8928,24971,33048,8343,15214,303758,121520,37443,15516,103804,6285,287
2021-05-07T23:59:59+02:00,6553,6431,11310,12068,13542,17527,22991,29463,57201,59720,48407,52233,33602,44121,9473,17348,1747,1579,2616,3149,3003,4882,4232,7297,7145,7361,9640,8922,24969,33048,8343,15213,300619,121492,37427,15510,103662,5862,282
2021-05-06T23:59:59+02:00,6280,6297,10775,11747,12824,17071,20713,27680,53935,56794,47382,51057,33338,43772,9432,17266,1494,1422,2398,2993,2840,4709,4079,7104,7000,7212,9577,8850,24953,33022,8340,15207,285828,121244,37257,15375,103125,4428,153
2021-05-05T23:59:59+02:00,6002,6181,10252,11499,12044,16608,18632,26014,50207,53171,45937,49355,32968,43287,9380,17165,1443,1304,2338,2877,2761,4521,3985,6866,6890,7030,9470,8763,24905,32955,8334,15192,268888,120794,37032,15333,102741,3466,41
2021-05-04T23:59:59+02:00,5898,6076,9920,11285,11592,16188,17434,24949,48505,51234,44961,48181,32653,42878,9321,17067,1427,1281,2312,2834,2724,4436,3929,6752,6819,6964,9435,8725,24887,32941,8333,15188,258654,120586,37009,15273,102461,3110,18
2021-05-03T23:59:59+02:00,5776,5978,9559,11106,11118,15912,16256,23984,46988,49633,44194,47326,32476,42586,9296,16995,1405,1249,2283,2810,2683,4371,3883,6699,6741,6911,8584,7624,23429,31014,8220,14990,249739,114822,36999,15191,102435,2873,10
2021-05-02T23:59:59+02:00,5704,5955,9448,11070,10979,15851,15558,23420,46549,49289,44079,47177,32435,42533,9289,16987,1401,1245,2269,2808,2668,4361,3864,6689,6724,6897,7929,6860,21941,29138,8181,14919,248548,114804,35389,10241,102381,2844,5
2021-05-01T23:59:59+02:00,5704,5952,9443,11065,10976,15850,15554,23416,46547,49285,44078,47177,32435,42533,9289,16987,1400,1245,2269,2808,2668,4361,3862,6689,6723,6897,7929,6859,21941,29138,8181,14919,248517,114800,35389,10241,102380,2843,5
2021-04-30T23:59:59+02:00,5651,5929,9375,11045,10925,15829,15463,23379,45009,47822,43819,46905,32404,42496,9287,16980,1170,1140,2085,2728,2573,4295,3785,6637,6660,6842,7925,6846,21940,29136,8181,14919,244556,114794,35389,10239,102368,1824,5
2021-04-29T23:59:59+02:00,5366,5835,8894,10900,10325,15656,14701,23117,39929,43306,43120,46163,32311,42401,9284,16952,970,1054,1927,2654,2491,4232,3679,6564,6596,6799,7906,6833,21938,29129,8181,14919,230934,114773,35288,10136,102033,958,5
2021-04-28T23:59:59+02:00,5173,5794,8643,10813,9968,15571,14343,22948,34956,38440,42263,45317,32204,42285,9274,16937,928,1016,1891,2613,2460,4147,3642,6454,6547,6717,7887,6820,21929,29115,8177,14913,217824,114692,35272,10087,101828,472,5
2021-04-27T23:59:59+02:00,4908,5536,8306,10352,9582,15002,13850,22309,33806,37280,42084,45129,32190,42262,9271,16935,899,999,1857,2592,2445,4129,3622,6434,6515,6693,7876,6813,21925,29110,8174,14907,215123,114636,35261,10057,98413,292,5
2021-04-26T23:59:59+02:00,4878,5506,8229,10312,9480,14952,13622,22187,28999,32442,41354,44435,32128,42179,9262,16928,864,987,1827,2578,2417,4103,3596,6413,6465,6652,7829,6761,21902,29087,8174,14900,203300,114448,35254,10013,98334,89,5
2021-04-25T23:59:59+02:00,4854,5490,8195,10287,9414,14922,13535,22143,26769,30091,40928,43986,32086,42139,9261,16923,850,979,1816,2565,2402,4088,3569,6394,6435,6620,7807,6745,21888,29068,8173,14897,202661,114425,30156,9780,98202,87,4
2021-04-24T23:59:59+02:00,4832,5475,8169,10261,9369,14907,13488,22118,25052,28217,40383,43361,32035,42082,9258,16918,849,978,1812,2563,2402,4083,3569,6392,6435,6616,7805,6744,21887,29068,8173,14897,197631,114405,30156,9779,98134,85,4
2021-04-23T23:59:59+02:00,4514,5285,7706,9967,8939,14544,12910,21716,24626,27948,40310,43307,32020,42054,9252,16913,835,968,1792,2548,2382,4067,3547,6371,6415,6597,7790,6724,21883,29059,8173,14897,197289,114390,30141,9581,94577,73,4
2021-04-22T23:59:59+02:00,4405,5209,7511,9857,8665,14343,12426,21357,21984,25182,37905,40482,31586,41501,9190,16801,820,956,1765,2519,2321,4006,3473,6307,6308,6501,7713,6637,21832,29014,8171,14887,184426,114278,29952,8878,94022,70,4
2021-04-21T23:59:59+02:00,4374,5174,7371,9771,8479,14169,12054,21039,20461,23646,34955,37078,31197,40916,9134,16691,794,938,1728,2490,2277,3981,3440,6276,6271,6461,7680,6608,21816,28995,8168,14883,172779,114174,29778,8562,93948,66,4
2021-04-20T23:59:59+02:00,4340,5139,7248,9702,8270,14005,11649,20728,19171,22265,31857,33644,30801,40420,9088,16599,787,927,1709,2479,2247,3956,3398,6223,6227,6428,7647,6563,21792,28974,8163,14880,161275,114026,29756,8306,93891,64,4
2021-04-19T23:59:59+02:00,4313,5120,7172,9660,8152,13892,11371,20526,18452,21514,31028,32594,30573,40115,9053,16535,777,921,1688,2465,2220,3925,3362,6189,6195,6397,7594,6528,21772,28951,8161,14877,156500,113895,29740,8061,93826,62,4
2021-04-18T23:59:59+02:00,4307,5113,7160,9645,8132,13875,11335,20490,18361,21430,30915,32482,30548,40093,9050,16530,775,917,1671,2453,2205,3908,3337,6159,6166,6377,7570,6516,21755,28930,8158,14875,156011,113836,29670,7871,93781,61,4
2021-04-17T23:59:59+02:00,4306,5111,7156,9644,8130,13875,11331,20482,18346,21421,30896,32470,30546,40092,9050,16530,775,916,1670,2453,2204,3907,3335,6157,6164,6376,7570,6516,21755,28930,8158,14875,155937,113825,29670,7871,93775,61,4
2021-04-16T23:59:59+02:00,4111,5061,6811,9506,7766,13688,10925,20222,17903,21165,30714,32319,30478,40012,9040,16515,762,897,1657,2438,2178,3893,3276,6118,6123,6323,7475,6418,21348,28379,8131,14818,155186,112503,29664,7669,91382,58,4
2021-04-15T23:59:59+02:00,3992,4958,6432,9131,7182,13161,10101,19322,16552,19926,29566,31057,30026,39459,8978,16362,728,872,1601,2396,2097,3809,3152,5985,5785,6078,6961,6010,20671,27505,8055,14675,149450,109192,29370,7131,87381,53,4
2021-04-14T23:59:59+02:00,3924,4894,6212,8909,6849,12788,9472,18756,15445,18856,28173,29584,29486,38679,8888,16200,690,842,1552,2358,2022,3732,3001,5853,5458,5815,6391,5492,19708,26239,7986,14529,142711,104941,29170,6678,85230,45,4
2021-04-13T23:59:59+02:00,3890,4859,6114,8826,6696,12665,9152,18488,14506,18034,24860,26033,28695,37673,8806,16053,683,832,1538,2332,1994,3696,2896,5781,5231,5618,6016,5144,19442,25937,7954,14468,131159,102866,29160,6648,85027,44,4
2021-04-12T23:59:59+02:00,3867,4831,6062,8772,6609,12583,8906,18261,13860,17447,23859,24903,28350,37200,8749,15944,673,824,1528,2323,1971,3676,2834,5727,5069,5499,5693,4860,19170,25650,7919,14418,126135,101282,29145,6504,84919,44,4
2021-04-11T23:59:59+02:00,3860,4824,6043,8748,6581,12564,8865,18235,13760,17377,23737,24768,28303,37135,8741,15923,670,818,1514,2313,1958,3668,2816,5711,5031,5456,5631,4798,19002,25424,7902,14390,125595,100621,29079,6433,84786,44,4
2021-04-10T23:59:59+02:00,3848,4823,6022,8748,6557,12563,8845,18234,13742,17375,23731,24764,28300,37135,8741,15923,667,816,1509,2308,1953,3665,2810,5703,5015,5446,5618,4780,18840,25173,7889,14368,125573,100113,28991,6399,84783,44,4
2021-04-09T23:59:59+02:00,3802,4809,5978,8738,6502,12543,8803,18209,13688,17323,21664,22211,27940,36670,8715,15885,651,799,1486,2284,1925,3648,2761,5659,4940,5390,5497,4673,18273,24442,7857,14310,124885,98355,23888,6200,84703,36,4
2021-04-08T23:59:59+02:00,3772,4789,5908,8711,6430,12497,8714,18146,13535,17200,18929,18957,27576,36199,8684,15846,601,764,1403,2198,1826,3553,2555,5462,4435,5018,4685,4013,16542,22291,7707,14044,124033,91439,18029,5629,83828,26,3
2021-04-07T23:59:59+02:00,3674,4757,5704,8666,6223,12436,8488,18076,13284,17096,16028,15615,27201,35748,8659,15800,577,729,1349,2144,1724,3464,2393,5304,3993,4688,3950,3423,15762,21476,7612,13892,123827,87172,16501,5283,77124,22,3
2021-04-06T23:59:59+02:00,3642,4746,5656,8646,6156,12411,8400,18038,13208,17020,13750,12908,26875,35399,8648,15775,541,705,1277,2085,1638,3381,2216,5167,3606,4425,3415,2978,14970,20524,7549,13791,123702,83569,16300,4679,71273,17,3
2021-04-05T23:59:59+02:00,3638,4741,5617,8633,6122,12401,8348,18017,13141,16985,13704,12862,26867,35385,8647,15774,507,667,1218,2051,1587,3341,2151,5108,3521,4351,3357,2936,14836,20355,7540,13775,123680,83090,16090,4192,71110,17,2
2021-04-04T23:59:59+02:00,3637,4740,5617,8632,6122,12401,8347,18014,13141,16985,13702,12862,26867,35385,8647,15774,507,666,1218,2051,1587,3341,2151,5108,3521,4351,3357,2936,14835,20355,7540,13775,123675,83088,16090,4192,71106,17,2
2021-04-03T23:59:59+02:00,3637,4740,5617,8631,6122,12401,8347,18014,13141,16985,13701,12860,26866,35383,8647,15774,507,665,1218,2051,1586,3341,2151,5106,3514,4348,3352,2926,14749,20217,7531,13761,123669,82812,16090,4192,71105,17,2
2021-04-02T23:59:59+02:00,3636,4737,5615,8626,6117,12392,8338,18001,13111,16955,13657,12805,26844,35372,8644,15770,503,657,1217,2047,1574,3334,2140,5082,3482,4313,3322,2896,13805,18949,7483,13681,123509,80355,16087,4111,71022,17,2
2021-04-01T23:59:59+02:00,3619,4722,5579,8607,6055,12357,8254,17965,12995,16878,13550,12682,26791,35303,8637,15759,444,608,1125,1975,1471,3250,1991,4967,3276,4170,3091,2692,11814,16359,7393,13540,123194,74825,15964,3322,70593,17,2
2021-03-31T23:59:59+02:00,3615,4706,5558,8573,6023,12321,8210,17921,12918,16801,13428,12563,26752,35255,8631,15751,405,584,1083,1932,1398,3209,1874,4853,3018,3962,2641,2391,9273,13127,7236,13333,122896,67324,15925,2977,70203,16,2
2021-03-30T23:59:59+02:00,3606,4695,5532,8545,5994,12291,8169,17879,12841,16725,13341,12438,26724,35212,8626,15742,383,563,1059,1900,1336,3171,1738,4769,2769,3783,2251,2134,8442,12062,7189,13231,122775,64060,15895,2703,69689,16,1
2021-03-29T23:59:59+02:00,3593,4688,5506,8528,5959,12259,8126,17845,12761,16647,12404,11253,25151,33126,8507,15528,376,561,1054,1882,1313,3147,1694,4723,2617,3696,1955,1978,7818,11355,7151,13166,116803,61771,15725,2700,69352,14,1
2021-03-28T23:59:59+02:00,3561,4663,5456,8497,5908,12215,8042,17792,12655,16570,11675,10415,23641,31201,8460,15449,375,559,1052,1881,1306,3144,1687,4721,2605,3688,1930,1957,7798,11343,7149,13162,116742,61644,10554,2698,68903,14,1
2021-03-27T23:59:59+01:00,3548,4658,5417,8489,5871,12201,7992,17777,12613,16518,11646,10377,23638,31195,8460,15449,375,559,1052,1881,1306,3144,1686,4718,2603,3686,1928,1956,7743,11259,7121,13122,116677,61426,10553,2698,68618,14,1
2021-03-26T23:59:59+01:00,3394,4221,4941,7334,5378,10844,7367,15612,11832,14520,11459,10200,23154,30481,8422,15386,374,555,1048,1878,1299,3140,1685,4715,2597,3680,1920,1950,7583,11043,7007,12962,115128,60744,10298,2686,59118,5,1
2021-03-25T23:59:59+01:00,3262,3872,4773,6577,5147,9653,7021,13815,11086,12877,10587,9401,22522,29707,8363,15250,369,547,1040,1867,1287,3122,1663,4677,2556,3629,1852,1886,7262,10538,6769,12604,112234,58980,9596,2683,52082,4,1
2021-03-24T23:59:59+01:00,3206,3828,4704,6507,5010,9548,6799,13639,10549,12432,9743,8572,21576,28505,8284,15099,367,541,1031,1862,1269,3111,1649,4647,2505,3575,1786,1805,6833,9975,6426,12040,108213,56749,9249,2669,50539,4,0
2021-03-23T23:59:59+01:00,3175,3789,4619,6436,4908,9453,6567,13457,10084,11992,9031,7905,21120,27964,8241,15002,354,527,1013,1853,1255,3090,1618,4623,2450,3522,1704,1742,6482,9486,6107,11532,105863,54687,8915,2668,48965,3,0
2021-03-22T23:59:59+01:00,3155,3751,4563,6396,4827,9383,6415,13309,9705,11688,8427,7348,20756,27574,8191,14921,348,522,1002,1847,1241,3073,1604,4609,2424,3495,1679,1722,6255,9181,5752,10850,104381,52938,8655,2663,47373,3,0
2021-03-21T23:59:59+01:00,3146,3735,4514,6372,4778,9345,6320,13232,9503,11488,8111,7091,20626,27438,8182,14898,348,522,1001,1847,1240,3073,1603,4608,2421,3495,1670,1716,6242,9171,5727,10798,104180,52833,8424,2646,46175,3,0
2021-03-20T23:59:59+01:00,3145,3730,4506,6366,4772,9343,6316,13225,9479,11472,8086,7062,20453,27163,8167,14874,348,522,1001,1846,1239,3073,1602,4607,2417,3486,1657,1702,6195,9086,5583,10598,103622,52338,8412,2621,46125,3,0
2021-03-19T23:59:59+01:00,3101,3699,4429,6328,4667,9296,6155,13160,9220,11275,7786,6843,19990,26596,8143,14822,348,522,1000,1844,1239,3071,1599,4605,2410,3481,1642,1693,6085,8953,5247,10072,102327,51209,8172,2599,45011,3,0
2021-03-18T23:59:59+01:00,3024,3615,4251,6187,4424,9091,5746,12829,8268,10570,6528,5784,18834,25357,8023,14617,344,518,996,1834,1222,3057,1558,4585,2339,3438,1568,1647,5890,8648,4644,9168,97441,48899,7630,2557,42077,0,0
2021-03-17T23:59:59+01:00,2989,3567,4161,6088,4283,8966,5467,12529,7557,9997,5525,4864,17577,23888,7881,14405,340,517,992,1825,1217,3047,1542,4564,2264,3410,1505,1603,5754,8418,4161,8452,92070,47111,7128,2500,40546,0,0
2021-03-16T23:59:59+01:00,2965,3535,4095,6016,4187,8870,5275,12361,7077,9606,4754,4219,16787,22962,7796,14256,336,515,989,1820,1213,3039,1535,4554,2239,3390,1477,1585,5620,8238,3750,7778,88430,45657,7094,2421,39237,0,0
2021-03-15T23:59:59+01:00,2961,3521,4078,6001,4156,8845,5224,12312,6948,9485,4605,4048,16484,22574,7774,14203,334,511,988,1814,1207,3031,1518,4542,2215,3368,1434,1571,5435,8006,3297,7074,87658,44070,7002,2275,38559,0,0
2021-03-14T23:59:59+01:00,2955,3510,4061,5982,4124,8829,5175,12277,6853,9388,4507,3943,16364,22408,7757,14172,332,510,987,1812,1201,3024,1514,4532,2202,3361,1424,1563,5428,7998,3292,7062,87341,44009,6984,2233,37980,0,0
2021-03-13T23:59:59+01:00,2951,3504,4058,5972,4117,8824,5167,12265,6832,9376,4484,3915,16050,21969,7738,14140,332,510,987,1812,1201,3024,1514,4532,2202,3361,1424,1563,5428,7997,3292,7062,86458,44008,6960,2233,37944,0,0
2021-03-12T23:59:59+01:00,2876,3412,3957,5805,3992,8596,5027,11955,6656,9132,4342,3779,15125,20701,7687,14060,332,508,985,1810,1201,3021,1511,4526,2202,3355,1416,1561,5420,7973,3290,7050,83998,43929,6898,2232,36206,0,0
2021-03-11T23:59:59+01:00,2730,3156,3739,5473,3737,8132,4666,11161,6030,8353,3826,3295,13578,18737,7605,13937,332,508,981,1806,1200,3008,1501,4509,2189,3334,1370,1532,5383,7939,3280,7024,79702,43787,6735,2109,31718,0,0
2021-03-10T23:59:59+01:00,2588,2996,3592,5238,3544,7802,4374,10652,5468,7796,3241,2855,11352,16042,7480,13738,329,504,975,1795,1195,2999,1495,4494,2164,3317,1340,1525,5353,7923,3273,7017,73398,43718,6565,1980,28795,0,0
2021-03-09T23:59:59+01:00,2557,2928,3526,5161,3431,7702,4184,10445,5055,7452,2743,2486,9901,14057,7403,13617,328,502,975,1788,1188,2991,1490,4486,2158,3307,1326,1521,5346,7920,3270,7016,68573,43683,6415,1929,27660,0,0
2021-03-08T23:59:59+01:00,2527,2854,3473,5093,3354,7620,4048,10322,4751,7254,2278,2223,8004,11644,7298,13479,328,497,974,1779,1181,2974,1484,4475,2153,3301,1317,1510,5328,7900,3265,7008,62874,43572,6079,1902,27269,0,0
2021-03-07T23:59:59+01:00,2460,2787,3373,4986,3257,7536,3942,10226,4629,7170,2226,2172,7985,11625,7298,13472,328,496,973,1779,1181,2974,1484,4475,2153,3301,1317,1510,5328,7900,3265,7008,62744,43570,5397,1902,27003,0,0
2021-03-06T23:59:59+01:00,2452,2771,3361,4980,3253,7531,3933,10217,4618,7166,2224,2171,7933,11547,7271,13432,328,496,972,1775,1180,2972,1484,4472,2149,3297,1314,1505,5324,7893,3263,7000,62535,43522,5337,1902,26988,0,0
2021-03-05T23:59:59+01:00,2303,2666,3133,4791,3019,7206,3644,9809,4299,6865,2157,2116,7695,11203,7108,13204,328,494,970,1772,1180,2971,1483,4466,2145,3290,1308,1504,5318,7886,3263,6995,61555,43471,4494,1902,25169,0,0
2021-03-04T23:59:59+01:00,2022,2410,2713,4341,2567,6557,3035,8845,3658,6155,1962,1972,7380,10754,6867,12841,326,493,969,1763,1177,2953,1483,4451,2133,3281,1299,1502,5307,7873,3256,6985,59913,43352,3218,1899,20948,0,0
2021-03-03T23:59:59+01:00,1946,2308,2605,4175,2442,6334,2892,8557,3493,5932,1883,1899,6985,10190,6571,12356,325,488,969,1752,1175,2929,1476,4424,2130,3271,1275,1490,5303,7868,3252,6977,57903,43205,3073,1899,19592,0,0
2021-03-02T23:59:59+01:00,1906,2211,2537,4061,2357,6178,2785,8373,3382,5798,1807,1832,6598,9633,6249,11803,321,481,968,1733,1172,2909,1472,4406,2128,3260,1252,1485,5293,7850,3246,6972,55795,43049,2832,1899,18883,0,0
2021-03-01T23:59:59+01:00,1891,2179,2496,3947,2309,6067,2748,8273,3332,5724,1765,1810,6368,9335,5869,11072,320,477,965,1729,1170,2898,1471,4391,2126,3245,1246,1482,5291,7848,3245,6966,53929,42971,2820,1899,18436,0,0
2021-02-28T23:59:59+01:00,1872,2135,2461,3881,2282,6006,2703,8197,3308,5685,1760,1807,6352,9323,5841,11020,320,477,964,1729,1170,2898,1471,4390,2126,3244,1246,1481,5291,7848,3245,6966,53808,42968,2818,1898,18007,0,0
2021-02-27T23:59:59+01:00,1868,2125,2459,3878,2278,6006,2702,8196,3306,5682,1755,1795,6312,9247,5701,10833,320,477,954,1724,1159,2888,1462,4384,2112,3235,1245,1478,5291,7847,3245,6966,53344,42964,2818,1823,17981,0,0
2021-02-26T23:59:59+01:00,1668,1946,2343,3634,2198,5579,2606,7674,3224,5282,1746,1778,6237,9156,5486,10500,319,474,947,1716,1151,2867,1455,4363,2100,3225,1241,1469,5284,7831,3241,6957,52592,42886,2797,1754,15668,0,0
2021-02-25T23:59:59+01:00,1432,1625,2129,3198,2026,4792,2395,6664,3005,4507,1664,1722,6092,8925,5011,9814,316,462,939,1654,1117,2766,1417,4255,2047,3158,1207,1451,5242,7782,3224,6914,50713,42422,2785,1529,11503,0,0
2021-02-24T23:59:59+01:00,1368,1382,2024,2934,1922,4447,2263,6251,2832,4268,1597,1679,5911,8626,4375,8847,313,451,897,1606,1064,2673,1361,4136,1956,3039,1175,1428,5225,7758,3217,6897,48373,42166,2775,1030,9578,0,0
2021-02-23T23:59:59+01:00,1352,1325,1989,2872,1896,4346,2239,6163,2800,4219,1590,1666,5751,8405,3858,7990,313,450,865,1572,1015,2615,1308,4061,1845,2971,1133,1407,5207,7731,3205,6862,46583,41966,2750,594,9128,0,0
2021-02-22T23:59:59+01:00,1339,1273,1939,2732,1850,4200,2180,5957,2757,4136,1580,1656,5587,8190,3380,7272,311,438,820,1531,958,2526,1213,3953,1700,2881,1059,1353,5164,7658,3181,6764,44973,41503,2731,7,8324,0,0
2021-02-21T23:59:59+01:00,1334,1251,1908,2672,1824,4105,2155,5844,2736,4090,1573,1650,5585,8180,3380,7270,308,435,816,1520,950,2498,1211,3916,1688,2844,1049,1340,5144,7631,3161,6725,44923,41229,2720,7,7914,0,0
2021-02-20T23:59:59+01:00,1334,1251,1908,2672,1823,4105,2155,5844,2734,4084,1564,1643,5580,8174,3378,7267,308,435,816,1518,949,2495,1210,3911,1687,2843,1049,1340,5084,7559,3123,6680,44909,41001,2694,6,7913,0,0
2021-02-19T23:59:59+01:00,1334,1248,1905,2665,1822,4098,2154,5835,2731,4080,1544,1633,5566,8158,3376,7261,306,433,812,1509,940,2468,1205,3868,1656,2793,1020,1302,4872,7265,2974,6424,44828,39841,2673,6,7909,0,0
2021-02-18T23:59:59+01:00,1301,1150,1867,2545,1782,3960,2091,5613,2677,3936,1532,1620,5553,8121,3372,7238,276,393,764,1383,890,2258,1122,3518,1535,2523,907,1104,4338,6414,2626,5655,44679,35700,2640,6,7039,0,0
2021-02-17T23:59:59+01:00,1246,989,1786,2325,1702,3649,1985,5231,2604,3738,1514,1611,5530,8107,3364,7234,270,385,755,1370,879,2234,1109,3482,1518,2505,900,1101,3911,5816,2382,5308,44638,33919,2581,6,5396,0,0
2021-02-16T23:59:59+01:00,1202,944,1726,2215,1634,3472,1916,5030,2527,3647,1477,1595,5505,8086,3357,7223,263,377,737,1332,861,2180,1073,3361,1485,2433,877,1079,3498,5190,2103,4898,44585,31742,2415,5,4556,0,0
2021-02-15T23:59:59+01:00,1193,920,1709,2139,1615,3375,1895,4917,2508,3576,1452,1584,5468,8062,3334,7176,250,364,720,1296,843,2131,1052,3293,1446,2370,846,1050,3033,4559,1818,4415,44457,29482,2328,4,4138,0,0
2021-02-14T23:59:59+01:00,1091,876,1637,2114,1553,3355,1852,4896,2474,3564,1444,1580,5462,8051,3331,7172,243,352,708,1276,827,2097,1035,3219,1412,2307,815,1001,2936,4414,1758,4237,44416,28633,2292,4,3744,0,0
2021-02-13T23:59:59+01:00,1028,848,1616,2093,1536,3348,1839,4890,2466,3563,1443,1579,5462,8051,3330,7171,240,351,707,1276,827,2093,1035,3218,1410,2305,815,1001,2823,4277,1704,4151,44410,28229,2292,4,3561,0,0
2021-02-12T23:59:59+01:00,647,684,1291,1979,1382,3249,1701,4804,2362,3504,1429,1573,5452,8040,3325,7166,227,343,696,1251,811,2046,1011,3131,1349,2209,758,929,2573,3928,1588,3885,44297,26732,2292,3,1999,0,0
2021-02-11T23:59:59+01:00,452,589,1122,1876,1280,3130,1609,4689,2267,3422,1325,1529,5394,7993,3307,7120,183,269,592,989,673,1585,806,2432,1063,1669,537,689,1911,2932,1162,2801,43945,20292,2094,1,1065,0,0
2021-02-10T23:59:59+01:00,328,497,987,1783,1195,2994,1507,4504,2163,3320,1290,1514,5375,7984,3303,7119,157,179,408,628,506,1070,634,1814,906,1399,522,675,1448,2304,906,2376,43871,15932,1988,0,4,0,0
2021-02-09T23:59:59+01:00,328,494,986,1778,1192,2986,1507,4499,2162,3315,1283,1511,5373,7982,3302,7117,154,174,398,601,486,1041,615,1784,883,1372,520,672,1019,1780,677,2033,43847,14209,1965,0,3,0,0
2021-02-08T23:59:59+01:00,328,492,985,1775,1189,2977,1501,4493,2160,3310,1278,1508,5371,7982,3302,7115,147,167,388,589,476,1023,604,1751,864,1350,515,667,570,1210,433,1687,43822,12441,1941,0,3,0,0
2021-02-07T23:59:59+01:00,328,492,983,1775,1188,2977,1499,4491,2160,3310,1278,1508,5371,7981,3302,7115,143,162,383,584,476,1016,600,1738,854,1335,509,664,569,1197,428,1675,43818,12333,1940,0,0,0,0
2021-02-06T23:59:59+01:00,328,492,983,1775,1188,2977,1499,4491,2160,3310,1278,1508,5371,7981,3302,7115,139,158,381,582,476,1015,600,1736,853,1333,509,664,569,1197,428,1675,43818,12315,1940,0,0,0,0
2021-02-05T23:59:59+01:00,328,491,982,1775,1188,2976,1497,4490,2159,3310,1278,1508,5370,7978,3302,7113,137,149,378,578,468,1003,596,1722,838,1314,505,654,562,1181,420,1652,43805,12157,1940,0,0,0,0
2021-02-04T23:59:59+01:00,323,482,976,1736,1183,2931,1494,4433,2147,3275,1270,1502,5341,7945,3291,7087,105,99,251,393,348,750,465,1309,631,992,388,529,480,982,366,1418,43477,9506,1939,0,0,0,0
2021-02-03T23:59:59+01:00,320,471,970,1713,1180,2892,1484,4384,2139,3241,1260,1489,5316,7913,3282,7062,60,48,87,164,161,368,225,605,309,495,210,290,278,628,221,895,43177,5044,1939,0,0,0,0
2021-02-02T23:59:59+01:00,319,469,968,1699,1177,2871,1480,4353,2132,3216,1252,1483,5309,7899,3275,7041,18,15,28,48,60,108,74,161,96,114,45,74,66,146,49,179,43004,1281,1939,0,0,0,0
2021-02-01T23:59:59+01:00,319,465,968,1697,1176,2870,1479,4346,2131,3212,1251,1483,5309,7899,3275,7041,15,14,25,41,50,98,60,133,73,96,40,64,57,138,47,165,42982,1116,1939,0,0,0,0
2021-01-31T23:59:59+01:00,319,462,968,1695,1175,2866,1479,4340,2131,3210,1250,1482,5309,7899,3275,7041,14,12,23,39,43,87,52,123,63,92,38,53,46,130,45,158,42962,1018,1939,0,0,0,0
2021-01-30T23:59:59+01:00,319,462,963,1691,1166,2858,1472,4334,2127,3208,1250,1482,5249,7827,3237,6996,14,12,23,38,43,87,51,122,63,92,38,53,46,130,45,158,42736,1015,1905,0,0,0,0
2021-01-29T23:59:59+01:00,317,461,949,1680,1154,2837,1460,4303,2105,3184,1244,1476,5061,7586,3099,6828,12,12,23,38,40,87,50,119,60,92,36,48,45,130,45,158,41948,995,1796,0,0,0,0
2021-01-28T23:59:59+01:00,312,437,928,1600,1112,2721,1420,4209,2038,3110,1220,1468,4684,7050,2871,6536,8,6,10,17,22,42,19,58,36,59,20,32,35,87,33,104,40165,588,1551,0,0,0,0
2021-01-27T23:59:59+01:00,305,427,883,1545,1060,2623,1360,4115,1964,3009,1185,1441,4222,6406,2605,6156,4,5,9,7,14,24,5,21,15,25,11,15,16,46,13,53,38203,283,1103,0,0,0,0
2021-01-26T23:59:59+01:00,298,416,843,1491,997,2535,1295,3985,1842,2915,1136,1393,3817,5774,2314,5721,2,2,4,2,6,6,3,3,2,6,7,5,4,8,3,8,36116,71,656,0,0,0,0
2021-01-25T23:59:59+01:00,287,405,789,1427,934,2414,1187,3836,1681,2809,1073,1365,3382,5184,2044,5335,2,2,4,1,4,6,1,3,2,6,7,5,4,8,3,8,34095,66,57,0,0,0,0
2021-01-24T23:59:59+01:00,284,405,781,1421,924,2398,1183,3820,1652,2780,1070,1364,3351,5148,2031,5314,2,2,2,1,4,6,1,3,2,6,7,5,4,8,3,8,33920,64,6,0,0,0,0
2021-01-23T23:59:59+01:00,282,404,781,1421,924,2394,1182,3819,1648,2778,1070,1364,3235,5010,1975,5226,2,2,2,1,3,6,1,3,2,6,7,5,4,8,3,8,33508,63,5,0,0,0,0
2021-01-22T23:59:59+01:00,280,400,780,1407,922,2381,1176,3805,1644,2775,1068,1363,3052,4790,1895,5108,2,2,2,1,3,6,1,3,2,6,7,5,4,8,3,8,32841,63,5,0,0,0,0
2021-01-21T23:59:59+01:00,271,361,715,1241,855,2167,1095,3515,1547,2592,1029,1327,2652,4250,1656,4740,2,1,2,0,3,6,1,3,2,6,7,4,4,8,3,8,30008,60,5,0,0,0,0
2021-01-20T23:59:59+01:00,244,271,542,882,682,1656,884,2801,1322,2186,942,1189,2052,3418,1317,4064,2,1,2,0,3,6,1,3,2,5,6,4,4,8,3,8,24447,58,5,0,0,0,0
2021-01-19T23:59:59+01:00,213,246,492,774,625,1486,795,2477,1144,1897,776,932,1350,2389,923,3102,0,1,1,0,0,0,0,0,1,1,1,0,0,1,0,0,19619,6,2,0,0,0,0
2021-01-18T23:59:59+01:00,161,182,406,638,501,1112,647,1903,940,1456,572,716,638,1344,485,1892,0,0,0,0,0,0,0,0,0,0,0,0,0,1,0,0,13592,1,1,0,0,0,0
2021-01-17T23:59:59+01:00,149,165,392,601,486,1042,616,1781,879,1361,525,678,592,1245,446,1749,0,0,0,0,0,0,0,0,0,0,0,0,0,0,0,0,12707,0,0,0,0,0,0
2021-01-16T23:59:59+01:00,141,160,390,596,484,1032,610,1769,872,1354,525,678,591,1240,442,1736,0,0,0,0,0,0,0,0,0,0,0,0,0,0,0,0,12620,0,0,0,0,0,0
2021-01-15T23:59:59+01:00,138,152,387,590,476,1018,606,1754,856,1334,520,666,583,1223,436,1713,0,0,0,0,0,0,0,0,0,0,0,0,0,0,0,0,12452,0,0,0,0,0,0
2021-01-14T23:59:59+01:00,116,121,296,474,404,847,506,1462,699,1078,412,541,507,1042,386,1537,0,0,0,0,0,0,0,0,0,0,0,0,0,0,0,0,10428,0,0,0,0,0,0
2021-01-13T23:59:59+01:00,75,74,180,286,264,552,354,948,467,698,253,334,318,697,251,972,0,0,0,0,0,0,0,0,0,0,0,0,0,0,0,0,6723,0,0,0,0,0,0
2021-01-12T23:59:59+01:00,35,30,54,101,117,233,146,391,200,301,138,183,166,401,144,535,0,0,0,0,0,0,0,0,0,0,0,0,0,0,0,0,3175,0,0,0,0,0,0
2021-01-11T23:59:59+01:00,22,17,36,62,58,120,74,166,91,116,40,64,59,143,48,166,0,0,0,0,0,0,0,0,0,0,0,0,0,0,0,0,1282,0,0,0,0,0,0
2021-01-10T23:59:59+01:00,18,12,31,52,50,108,63,148,73,106,37,54,49,133,44,157,0,0,0,0,0,0,0,0,0,0,0,0,0,0,0,0,1135,0,0,0,0,0,0
2021-01-09T23:59:59+01:00,17,12,30,50,49,106,60,147,73,105,37,54,49,133,44,157,0,0,0,0,0,0,0,0,0,0,0,0,0,0,0,0,1123,0,0,0,0,0,0
2021-01-08T23:59:59+01:00,14,12,28,48,44,98,55,136,68,102,35,49,48,133,44,157,0,0,0,0,0,0,0,0,0,0,0,0,0,0,0,0,1071,0,0,0,0,0,0
2021-01-07T23:59:59+01:00,8,6,9,18,21,41,19,59,37,61,21,34,37,92,33,103,0,0,0,0,0,0,0,0,0,0,0,0,0,0,0,0,599,0,0,0,0,0,0
2021-01-06T23:59:59+01:00,8,6,8,14,16,30,13,43,25,48,16,24,31,81,31,92,0,0,0,0,0,0,0,0,0,0,0,0,0,0,0,0,486,0,0,0,0,0,0
2021-01-05T23:59:59+01:00,8,6,8,14,16,30,13,43,25,48,16,24,30,81,31,92,0,0,0,0,0,0,0,0,0,0,0,0,0,0,0,0,485,0,0,0,0,0,0
2021-01-04T23:59:59+01:00,3,5,6,4,6,13,1,8,6,14,6,6,6,16,4,13,0,0,0,0,0,0,0,0,0,0,0,0,0,0,0,0,117,0,0,0,0,0,0
2021-01-03T23:59:59+01:00,2,2,1,1,3,6,1,4,2,7,5,4,3,9,3,8,0,0,0,0,0,0,0,0,0,0,0,0,0,0,0,0,61,0,0,0,0,0,0
2021-01-02T23:59:59+01:00,2,2,1,1,3,6,1,4,2,7,5,4,3,9,3,8,0,0,0,0,0,0,0,0,0,0,0,0,0,0,0,0,61,0,0,0,0,0,0
2021-01-01T23:59:59+01:00,2,2,1,1,3,6,1,4,2,7,5,4,3,9,3,8,0,0,0,0,0,0,0,0,0,0,0,0,0,0,0,0,61,0,0,0,0,0,0
2020-12-31T23:59:59+01:00,2,2,1,0,3,6,1,3,2,6,5,4,3,9,3,8,0,0,0,0,0,0,0,0,0,0,0,0,0,0,0,0,58,0,0,0,0,0,0
2020-12-30T23:59:59+01:00,2,2,1,0,3,6,1,3,2,5,5,4,3,9,3,8,0,0,0,0,0,0,0,0,0,0,0,0,0,0,0,0,57,0,0,0,0,0,0
2020-12-29T23:59:59+01:00,2,2,0,0,3,5,1,3,2,5,3,2,2,9,2,7,0,0,0,0,0,0,0,0,0,0,0,0,0,0,0,0,48,0,0,0,0,0,0
2020-12-28T23:59:59+01:00,1,1,0,0,1,1,0,0,0,3,0,1,0,2,1,4,0,0,0,0,0,0,0,0,0,0,0,0,0,0,0,0,15,0,0,0,0,0,0
2020-12-27T23:59:59+01:00,0,0,0,0,1,1,0,0,0,2,0,1,0,1,1,4,0,0,0,0,0,0,0,0,0,0,0,0,0,0,0,0,11,0,0,0,0,0,0
