Datum,<15_m,<15_w,15-24_1_m,15-24_1_w,25-34_1_m,25-34_1_w,35-44_1_m,35-44_1_w,45-54_1_m,45-54_1_w,55-64_1_m,55-64_1_w,65-74_1_m,65-74_1_w,75-84_1_m,75-84_1_w,>84_1_m,>84_1_w,<24_2_m,<24_2_w,25-34_2_m,25-34_2_w,35-44_2_m,35-44_2_w,45-54_2_m,45-54_2_w,55-64_2_m,55-64_2_w,65-74_2_m,65-74_2_w,75-84_2_m,75-84_2_w,>84_2_m,>84_2_w,bp_1,bp_2,mo_1,mo_2,az_1,az_2,ja,unb_1,unb_2
2021-07-18T23:59:59+02:00,2685,2456,33476,32086,48712,41780,54300,50884,66896,65727,82528,81293,58246,62308,38268,49324,11854,21180,15662,14393,29306,25110,35422,33615,54875,54410,72681,72367,54011,57692,36300,46636,11336,20195,596955,452506,78537,62610,109204,100092,19256,51,41
2021-07-17T23:59:59+02:00,2685,2456,33474,32084,48708,41779,54300,50882,66896,65726,82528,81293,58246,62307,38268,49324,11854,21180,15657,14388,29297,25095,35417,33611,54871,54409,72681,72367,54011,57692,36300,46636,11336,20195,596946,452463,78534,62606,109204,100092,19255,51,41
2021-07-16T23:59:59+02:00,2629,2398,32911,31596,48243,41454,53931,50561,66542,65429,82239,81071,58131,62199,38219,49276,11850,21173,15353,14172,28937,24856,35110,33384,54578,54201,72458,72196,53906,57613,36266,46599,11333,20192,594880,451770,78530,62554,109203,100084,17188,51,41
2021-07-15T23:59:59+02:00,2504,2277,32165,30920,47688,40958,53435,50142,66176,65136,82019,80866,58050,62115,38187,49241,11843,21158,14568,13533,27660,24055,33859,32609,53941,53827,72067,71982,53818,57526,36239,46569,11327,20177,590578,447862,78522,60252,109203,99508,16526,51,41
2021-07-14T23:59:59+02:00,2398,2191,31621,30394,47205,40529,53019,49748,65855,64860,81785,80620,57947,62021,38156,49191,11834,21146,13340,12405,25684,22619,31975,31110,53200,53249,71573,71650,53683,57402,36198,46508,11318,20162,586762,438853,78505,58353,109202,99177,16000,51,40
2021-07-13T23:59:59+02:00,2341,2121,31360,30130,46942,40310,52778,49529,65662,64675,81619,80471,57885,61946,38130,49156,11825,21134,12374,11574,23991,21320,30050,29536,52024,52092,70758,70866,53441,57126,36112,46393,11301,20135,584631,432198,78490,55467,109194,96043,15648,51,38
2021-07-12T23:59:59+02:00,2116,1914,30498,29202,46291,39776,52209,48961,65273,64287,81345,80202,57754,61821,38088,49098,11816,21113,11634,10955,22619,20358,28330,28166,51075,51241,70022,70251,53185,56848,36048,46277,11288,20105,578417,424177,78473,52931,109194,95890,15629,51,38
2021-07-11T23:59:59+02:00,2071,1876,30377,29093,46227,39705,52157,48900,65218,64234,81285,80158,57734,61802,38082,49081,11811,21108,11468,10808,22348,20175,27971,27896,50873,51096,69853,70108,53132,56767,36026,46260,11279,20098,577602,422127,78470,52889,109193,95756,15603,51,37
2021-07-10T23:59:59+02:00,2071,1875,30372,29086,46225,39700,52154,48899,65215,64233,81284,80156,57734,61800,38081,49081,11811,21108,11459,10790,22336,20162,27957,27884,50869,51093,69851,70106,53132,56767,36025,46260,11279,20098,577574,422047,78470,52887,109193,95754,15597,51,37
2021-07-09T23:59:59+02:00,2026,1837,30141,28850,46008,39522,51973,48728,65055,64122,81180,80077,57704,61771,38065,49066,11806,21106,11079,10519,21696,19727,27296,27334,50164,50528,69272,69699,53032,56680,36002,46226,11274,20087,576377,420980,78465,52574,109188,92315,14956,51,37
2021-07-08T23:59:59+02:00,1888,1710,29481,28320,45411,39022,51419,48265,64659,63817,80886,79845,57613,61681,38034,49016,11801,21092,9902,9419,19757,18103,24846,25359,49139,49734,68652,69166,52809,56470,35927,46141,11259,20061,572161,410513,78445,50152,109171,92091,14132,51,37
2021-07-07T23:59:59+02:00,1675,1515,28379,27116,44378,38065,50327,47276,64003,63185,80352,79367,57411,61454,37969,48932,11787,21055,9374,8945,18679,17273,23458,24168,48319,49093,68112,68679,52609,56231,35851,46043,11243,20022,562947,404209,78428,48544,109170,91805,13650,51,37
2021-07-06T23:59:59+02:00,1476,1357,27294,26070,43355,37148,49393,46341,63403,62625,79921,78962,57232,61274,37914,48838,11764,21027,8659,8204,17353,16277,21863,22892,47723,48647,67738,68416,52494,56118,35802,46006,11236,20006,554705,396810,78417,48123,109167,91511,13054,51,37
2021-07-05T23:59:59+02:00,1319,1234,26150,24820,42277,36152,48345,45278,62738,62053,79488,78561,57058,61085,37862,48763,11755,21005,8408,7983,16860,15965,21309,22512,47420,48427,67545,68270,52442,56046,35777,45987,11233,20001,545417,394262,78409,47811,109166,91255,12900,51,37
2021-07-04T23:59:59+02:00,1254,1170,25828,24492,41973,35893,48095,45095,62595,61919,79374,78470,57023,61046,37852,48745,11752,21002,8154,7830,16594,15772,21030,22316,47295,48329,67468,68197,52418,56021,35762,45982,11231,20000,543117,393251,78383,47150,109164,91171,12863,51,37
2021-07-03T23:59:59+02:00,1254,1169,25822,24482,41959,35886,48093,45095,62592,61918,79373,78469,57022,61046,37852,48745,11752,21002,8149,7822,16581,15762,21023,22309,47290,48328,67464,68196,52417,56021,35762,45982,11231,20000,543088,393216,78381,47149,109164,91161,12847,51,37
2021-07-02T23:59:59+02:00,1186,1112,25506,24128,41638,35605,47838,44842,62451,61775,79300,78399,57005,61024,37845,48733,11748,20997,7971,7670,16216,15495,20583,22003,46322,47551,66973,67848,52335,55931,35747,45964,11230,19997,540711,390736,78380,47146,109160,89156,12830,51,37
2021-07-01T23:59:59+02:00,1131,1062,25132,23765,41257,35257,47444,44493,62201,61541,79111,78228,56943,60963,37814,48692,11742,20987,7584,7338,15402,14718,19419,20979,44785,46074,65765,66775,52032,55631,35650,45846,11206,19970,537574,384936,78280,46330,109151,85223,12707,51,36
2021-06-30T23:59:59+02:00,1059,998,24709,23316,40829,34884,47036,44120,61974,61339,78944,78079,56865,60886,37787,48643,11734,20967,7211,6983,14462,13918,17996,19778,41583,43352,64074,65337,51569,55134,35503,45653,11180,19921,534146,372954,78248,45639,109149,82494,12575,51,36
2021-06-29T23:59:59+02:00,967,891,24210,22784,40317,34467,46604,43705,61712,61062,78731,77901,56789,60822,37759,48600,11728,20948,6935,6679,13801,13424,16840,18865,37271,39673,62727,64087,51083,54636,35371,45475,11149,19878,530089,357706,78240,45430,109149,82287,12468,51,36
2021-06-28T23:59:59+02:00,938,858,23871,22391,39861,34086,46184,43336,61475,60808,78544,77747,56718,60754,37730,48571,11726,20933,6626,6360,13141,12927,15830,18030,33631,36632,61608,63058,50730,54244,35277,45327,11125,19840,528345,349052,76552,40750,109149,82137,12434,51,36
2021-06-27T23:59:59+02:00,924,846,23778,22300,39788,34023,46126,43277,61445,60771,78511,77718,56703,60743,37724,48564,11725,20928,6536,6286,12908,12787,15409,17795,32800,35988,61353,62859,50641,54175,35259,45304,11123,19836,527739,346160,76548,40489,109143,81982,12413,51,36
2021-06-26T23:59:59+02:00,923,846,23772,22295,39782,34020,46125,43276,61444,60770,78511,77718,56703,60743,37724,48564,11725,20928,6533,6279,12902,12774,15403,17788,32796,35987,61346,62857,50639,54169,35259,45304,11123,19835,527714,346096,76548,40489,109143,81981,12413,51,36
2021-06-25T23:59:59+02:00,900,820,23657,22183,39697,33934,46043,43205,61400,60723,78463,77697,56692,60729,37721,48561,11724,20926,6436,6167,12793,12644,15267,17629,32082,35333,60962,62537,50561,54086,35251,45283,11120,19834,526924,343113,76548,40477,109140,81966,12412,51,36
2021-06-24T23:59:59+02:00,834,763,23271,21759,39346,33626,45691,42902,61199,60528,78303,77562,56638,60674,37699,48531,11720,20917,6100,5870,12231,12181,14560,16948,28789,32621,58686,60694,49988,53495,35118,45079,11102,19786,523979,329347,76500,40212,109138,81373,12295,51,36
2021-06-23T23:59:59+02:00,734,673,22639,21114,38784,33046,45052,42206,60838,60145,78057,77314,56536,60542,37655,48480,11710,20898,5945,5679,11864,11836,14056,16423,25428,29868,57050,59178,49468,52964,35001,44905,11081,19743,518506,319961,76446,37281,109136,80940,12284,51,36
2021-06-22T23:59:59+02:00,675,609,22216,20679,38384,32631,44621,41744,60566,59862,77854,77078,56441,60435,37618,48408,11697,20876,5754,5544,11544,11575,13634,16052,21110,26347,54983,57486,48874,52364,34824,44692,11061,19699,514739,305657,76320,37228,109131,80479,12153,51,36
2021-06-21T23:59:59+02:00,640,568,21966,20444,38135,32404,44380,41469,60381,59654,77723,76941,56388,60354,37595,48369,11688,20861,5625,5434,11235,11380,13299,15793,19568,25120,54068,56722,46657,49912,34225,43972,11038,19640,512724,300360,76117,37161,109116,74187,11952,51,36
2021-06-20T23:59:59+02:00,611,549,21677,20150,37842,32136,44097,41215,60231,59487,77589,76796,56341,60315,37575,48353,11685,20854,5570,5390,11105,11293,13146,15668,19177,24798,53804,56542,45076,48018,33695,43376,11018,19623,510361,299743,76040,36414,109105,69169,11946,51,35
2021-06-19T23:59:59+02:00,609,549,21672,20138,37827,32132,44094,41211,60225,59484,77587,76793,56338,60315,37575,48352,11685,20854,5564,5381,11101,11290,13137,15662,19170,24790,53790,56530,45067,48008,33694,43376,11018,19623,510303,299660,76035,36411,109105,69157,11946,51,35
2021-06-18T23:59:59+02:00,595,535,21575,20030,37760,32079,44020,41126,60170,59440,77545,76751,56316,60294,37570,48339,11684,20853,5469,5216,10806,10754,12766,15081,18630,23774,52940,55234,44863,47846,33666,43329,11012,19611,509557,298095,76029,36410,109100,64520,11945,51,35
2021-06-17T23:59:59+02:00,509,442,20860,19315,37008,31446,43227,40372,59766,59075,77253,76499,56204,60167,37522,48271,11671,20829,5278,5003,10425,10201,12246,14311,17708,22417,51378,53302,43719,46502,33348,42933,10965,19528,503594,290825,75936,36283,109094,60368,11761,51,35
2021-06-16T23:59:59+02:00,402,365,20064,18364,36018,30514,42220,39403,59227,58595,76861,76188,56064,60015,37466,48184,11661,20806,5090,4849,9919,9883,11517,13822,16167,21126,47527,49767,41967,44501,32885,42365,10902,19402,496252,274749,75395,36085,109079,59189,11640,51,34
2021-06-15T23:59:59+02:00,292,262,19248,17508,35098,29661,41293,38521,58789,58159,76529,75865,55924,59850,37411,48116,11646,20773,4887,4723,9396,9627,10816,13355,14664,19940,43282,45703,40422,42661,32407,41744,10835,19274,489072,257653,75280,36051,109072,58525,11481,40,33
2021-06-14T23:59:59+02:00,188,173,18129,16271,33849,28390,39834,37114,58204,57599,76139,75525,55797,59712,37366,48045,11637,20758,4761,4629,9055,9421,10342,13037,13496,18936,40657,43161,39352,41519,32117,41343,10803,19189,479348,246529,74843,36028,109068,57803,11432,39,33
2021-06-13T23:59:59+02:00,148,134,17626,15867,33368,27985,39343,36732,57991,57417,75993,75423,55770,59673,37344,48023,11634,20749,4675,4580,8911,9349,10180,12969,12891,18482,40188,42769,39118,41297,32057,41258,10797,19175,476275,245571,74541,34605,109061,57190,11304,39,33
2021-06-12T23:59:59+02:00,148,134,17623,15849,33356,27976,39336,36728,57986,57414,75989,75421,55769,59671,37343,48023,11634,20749,4668,4575,8901,9344,10168,12962,12879,18469,40006,42623,39095,41282,32053,41256,10797,19174,476209,245139,74537,34605,109061,57179,11303,39,33
2021-06-11T23:59:59+02:00,146,134,17539,15790,33211,27908,39163,36674,57866,57377,75919,75397,55757,59666,37341,48021,11634,20748,4585,4382,8740,8784,9975,12243,12643,17399,39519,41330,38941,41151,32035,41222,10795,19173,475876,244648,74126,34603,108955,52345,11295,39,33
2021-06-10T23:59:59+02:00,132,114,16695,15074,31793,26996,37921,35765,57185,56920,75511,75130,55667,59575,37302,47977,11623,20730,4330,4189,8184,8292,9295,11488,11912,16339,36682,38302,38141,40355,31869,41040,10779,19143,472001,237626,71161,34471,108675,47981,10236,37,33
2021-06-09T23:59:59+02:00,110,88,15916,14370,30516,26095,36702,34883,56612,56535,75172,74904,55586,59470,37275,47933,11610,20710,4149,4036,7825,8104,8834,11271,11299,15964,31637,33473,36655,38836,31626,40772,10758,19094,467362,223817,68721,34349,108633,46407,9734,37,33
2021-06-08T23:59:59+02:00,83,70,14997,13502,29140,25004,35339,33875,55999,56133,74880,74695,55513,59398,37253,47903,11606,20700,4069,3972,7672,7989,8681,11158,11008,15761,28839,30678,35706,37910,31466,40577,10734,19061,462803,216404,65286,34292,108593,45188,9371,37,33
2021-06-07T23:59:59+02:00,75,57,14368,12915,27771,24196,34189,33098,55524,55878,74638,74592,55478,59361,37237,47893,11606,20696,3977,3900,7478,7865,8381,11027,10642,15518,24530,26317,34250,36385,31244,40310,10706,19033,459690,204684,62265,34228,108562,43608,9018,37,32
2021-06-06T23:59:59+02:00,74,54,14046,12724,26987,23778,33543,32680,55218,55716,74484,74527,55459,59338,37223,47884,11604,20695,3911,3864,7330,7820,8226,10944,10327,15318,21732,23469,33256,35317,31105,40158,10699,19018,458561,201906,60217,29053,108538,42829,8681,37,32
2021-06-05T23:59:59+02:00,74,52,14017,12697,26945,23736,33515,32662,55213,55707,74480,74522,55455,59333,37218,47882,11604,20695,3889,3850,7295,7799,8179,10927,10267,15277,20310,21923,32464,34441,31035,40076,10695,19011,458446,196952,60112,29050,108531,42730,8681,37,32
2021-06-04T23:59:59+02:00,68,48,13788,12436,26635,23422,33179,32351,55153,55626,74441,74502,55446,59328,37217,47880,11604,20694,3858,3822,7217,7720,8122,10850,10187,15156,20203,21805,32391,34387,31003,40039,10692,19008,456551,196872,60050,29038,108499,41844,8681,37,32
2021-06-03T23:59:59+02:00,50,43,13222,11948,25598,22736,32044,31601,54664,55294,74126,74309,55376,59251,37183,47850,11598,20678,3730,3731,6946,7552,7842,10678,9862,14920,18330,19952,30425,32099,30730,39709,10669,18960,452224,188337,58551,29019,108486,40484,8273,37,29
2021-06-02T23:59:59+02:00,37,31,12532,11194,24602,21835,30905,30649,54400,55031,73935,74169,55325,59173,37167,47829,11590,20671,3696,3711,6889,7497,7787,10630,9778,14829,17811,19406,28498,29933,30631,39565,10662,18949,445917,182819,58373,29018,108485,40150,8263,37,29
2021-06-01T23:59:59+02:00,23,16,11403,10307,22469,20399,28369,28758,52989,53968,72932,73390,55024,58854,37047,47659,11556,20612,3468,3540,6393,7191,7185,10213,8928,14229,15880,17606,24736,25711,29954,38689,10586,18796,436425,168930,53903,28883,108448,38310,6962,37,27
2021-05-31T23:59:59+02:00,18,12,10540,9641,20634,19229,26323,27251,51884,53119,72229,72844,54808,58595,36974,47559,11542,20576,3327,3391,6060,6946,6786,9914,8390,13874,14820,16633,23548,24348,29568,38203,10526,18702,429640,163208,49538,28848,108430,36828,6133,37,26
2021-05-30T23:59:59+02:00,16,9,10190,9295,19911,18732,25618,26671,51546,52837,71998,72648,54732,58516,36949,47532,11534,20568,3146,3201,5710,6680,6497,9671,8173,13670,14560,16362,23255,24033,29458,38096,10511,18674,427058,162385,49130,28791,108400,35825,4677,37,26
2021-05-29T23:59:59+02:00,16,9,10174,9283,19893,18705,25600,26645,51534,52833,71993,72638,54730,58511,36948,47532,11533,20568,3144,3193,5707,6676,6492,9669,8165,13662,14550,16358,23244,24025,29454,38091,10510,18673,426901,162316,49130,28789,108400,35812,4677,37,26
2021-05-28T23:59:59+02:00,16,9,10109,9187,19757,18536,25338,26416,51375,52657,71847,72508,54693,58461,36935,47512,11530,20555,3099,3117,5616,6538,6393,9473,8054,13393,14358,16082,23092,23872,29401,38028,10503,18664,425253,161934,49093,28788,108383,34267,4676,36,25
2021-05-27T23:59:59+02:00,16,9,8845,7984,17349,16722,22559,24269,50285,51844,71181,72019,54496,58244,36844,47418,11517,20527,2802,2783,4774,5917,5501,8694,7265,12412,13239,14893,22116,22851,29022,37586,10448,18577,413334,158137,48139,28525,108248,29829,2371,36,25
2021-05-26T23:59:59+02:00,15,9,8442,7567,16473,15919,21369,23258,49681,51298,70768,71636,54345,58082,36778,47344,11506,20497,2617,2610,4408,5587,5025,8189,6788,11766,12274,13919,21221,21824,28711,37143,10402,18492,407742,154304,47409,28438,108178,26594,1623,35,24
2021-05-25T23:59:59+02:00,15,9,7868,6967,15234,15037,19919,22086,49204,50899,70522,71453,54277,58000,36756,47319,11502,20488,2542,2507,4217,5457,4780,7962,6513,11457,11720,13391,19098,19684,28343,36613,10367,18443,400989,148697,47167,28425,108134,24725,1230,35,24
2021-05-24T23:59:59+02:00,15,9,7783,6866,15010,14911,19633,21908,49103,50780,70479,71414,54276,57995,36755,47318,11500,20485,2498,2445,4133,5293,4685,7717,6389,11173,11581,13151,18985,19572,28292,36567,10360,18432,399852,148548,47089,28383,108049,23111,1215,35,23
2021-05-23T23:59:59+02:00,14,9,7767,6853,14975,14896,19579,21880,49094,50778,70475,71408,54275,57993,36755,47317,11500,20485,2496,2441,4126,5288,4676,7713,6385,11160,11560,13129,18848,19379,28261,36528,10358,18430,399671,148071,47089,28381,108049,23102,1209,35,22
2021-05-22T23:59:59+02:00,14,9,7764,6845,14965,14884,19569,21873,49094,50776,70472,71408,54275,57992,36755,47317,11500,20485,2494,2434,4119,5282,4674,7713,6382,11157,11551,13126,18836,19373,28260,36528,10358,18430,399617,148035,47089,28381,108049,23078,1207,35,22
2021-05-21T23:59:59+02:00,14,8,7690,6748,14835,14750,19363,21713,48853,50542,70330,71302,54248,57966,36748,47310,11495,20479,2423,2349,4033,5141,4571,7500,6259,10860,11382,12837,18771,19309,28244,36498,10355,18428,398046,147786,47086,28381,108024,21573,1204,34,22
2021-05-20T23:59:59+02:00,14,8,7416,6454,14251,14225,18426,20840,46171,48194,69178,70331,53896,57605,36640,47170,11464,20450,2161,2186,3671,4776,4132,6950,5709,10029,10297,11745,17501,18031,27739,35899,10282,18280,387075,142562,46924,28092,107718,17730,988,28,22
2021-05-19T23:59:59+02:00,13,7,7177,6230,13588,13743,17158,19840,42193,44706,67692,69029,53442,57083,36478,46946,11428,20398,2085,1987,3507,4436,3885,6427,5267,9351,9311,10634,16027,16393,27046,34988,10157,18071,372310,135427,46355,27949,107489,15221,969,28,12
2021-05-18T23:59:59+02:00,13,5,6980,6053,13046,13313,16062,18983,37476,40690,66241,67709,52887,56543,36331,46724,11386,20341,2039,1858,3369,4246,3700,6113,4935,8872,8447,9764,14450,14662,26338,34139,10067,17899,356224,128814,46295,27386,107332,13788,904,28,12
2021-05-17T23:59:59+02:00,13,5,6845,5957,12723,13066,15569,18593,35297,38826,65404,66928,52617,56231,36252,46616,11372,20304,1970,1798,3181,4067,3481,5886,4613,8503,7671,9064,11198,10655,25428,32992,9984,17730,352505,123612,42031,21314,107253,12488,801,28,12
2021-05-16T23:59:59+02:00,13,5,6783,5874,12598,12912,15396,18424,34808,38357,65219,66760,52561,56172,36242,46591,11367,20299,1913,1701,3078,3944,3402,5784,4507,8359,7490,8878,9011,8065,24948,32311,9950,17673,351037,122480,41526,15977,107218,11979,572,28,12
2021-05-15T23:59:59+02:00,13,5,6778,5865,12592,12906,15392,18420,34803,38354,65217,66758,52561,56171,36242,46591,11367,20299,1912,1700,3075,3938,3397,5781,4502,8356,7488,8875,9009,8063,24947,32311,9950,17673,350995,122449,41526,15977,107216,11976,569,28,12
2021-05-14T23:59:59+02:00,13,5,6581,5768,12349,12844,15160,18328,33830,37569,64683,66350,52466,56084,36225,46558,11365,20294,1796,1612,2964,3868,3340,5674,4452,8210,7442,8749,9002,8058,24946,32311,9950,17672,347643,122395,41494,15973,106755,11114,558,22,12
2021-05-13T23:59:59+02:00,13,5,6331,5581,11942,12592,14594,17879,30306,34783,62209,64275,51836,55410,36088,46339,11353,20246,1753,1574,2907,3792,3308,5582,4409,8106,7361,8630,8965,8000,24926,32270,9945,17668,333667,122150,41271,15950,106327,10594,495,22,12
2021-05-12T23:59:59+02:00,13,5,6315,5559,11870,12529,14486,17772,29673,34207,61703,63824,51664,55237,36052,46294,11346,20233,1753,1571,2906,3792,3304,5582,4407,8104,7359,8624,8958,7997,24926,32268,9945,17667,330682,122128,41261,15940,106322,10593,495,22,12
2021-05-11T23:59:59+02:00,12,5,5991,5425,11429,12254,13941,17389,25414,30723,59327,61822,51009,54562,35865,46048,11325,20170,1711,1455,2802,3531,3183,5206,4268,7659,7204,8299,8874,7916,24897,32228,9942,17656,315775,121889,41208,15751,105338,8814,371,19,11
2021-05-10T23:59:59+02:00,12,5,5863,5352,11267,12138,13723,17221,21955,27967,58084,60706,50647,54212,35773,45926,11310,20139,1673,1360,2718,3302,3082,4875,4159,7168,7082,7861,8833,7856,24885,32207,9940,17652,305881,121746,41047,15602,105047,6993,306,19,11
2021-05-09T23:59:59+02:00,12,5,5786,5320,11182,12076,13623,17140,20355,26786,57619,60323,50545,54114,35747,45885,11303,20134,1656,1340,2661,3177,3031,4734,4114,7048,7021,7762,8821,7842,24878,32201,9939,17652,305315,121684,37480,15558,104848,6336,293,19,11
2021-05-08T23:59:59+02:00,12,5,5782,5317,11170,12072,13613,17131,20347,26780,57610,60317,50542,54106,35743,45882,11301,20131,1655,1340,2661,3175,3031,4734,4111,7045,7020,7761,8820,7842,24877,32199,9939,17652,305223,121669,37479,15558,104847,6336,293,19,11
2021-05-07T23:59:59+02:00,12,5,5742,5282,11105,12022,13507,17054,19891,26423,56613,59508,50412,53975,35714,45852,11298,20117,1551,1296,2581,3131,2991,4706,4077,7021,6998,7729,8813,7834,24875,32198,9939,17651,302059,121637,37463,15551,104703,5909,288,19,11
2021-05-06T23:59:59+02:00,12,5,5488,5170,10592,11714,12803,16601,18599,25436,52365,55860,49220,52599,35383,45453,11246,20014,1327,1164,2346,2958,2821,4541,3926,6822,6846,7577,8738,7756,24854,32162,9936,17644,286956,121367,37277,15413,104151,4473,159,17,11
2021-05-05T23:59:59+02:00,12,5,5228,5071,10099,11479,12048,16152,17268,24457,47998,51720,47550,50680,34946,44884,11171,19894,1282,1069,2284,2831,2738,4361,3831,6584,6737,7378,8625,7663,24795,32088,9930,17628,269785,120893,37051,15368,103764,3512,45,17,11
2021-05-04T23:59:59+02:00,12,5,5145,4986,9784,11267,11595,15763,16293,23589,46127,49690,46483,49372,34573,44396,11105,19785,1270,1050,2255,2789,2697,4275,3779,6477,6664,7302,8583,7624,24775,32072,9929,17623,259419,120675,37027,15307,103485,3154,22,17,11
2021-05-03T23:59:59+02:00,12,5,5042,4899,9436,11100,11132,15500,15232,22725,44553,48070,45602,48419,34352,44056,11077,19696,1255,1026,2223,2758,2655,4211,3731,6423,6590,7249,8015,6936,23042,29754,9791,17386,250399,114887,37019,15225,103459,2913,14,17,11
2021-05-02T23:59:59+02:00,12,5,4980,4880,9321,11064,10988,15439,14620,22236,44034,47661,45461,48253,34305,43994,11071,19685,1251,1021,2206,2756,2642,4203,3703,6410,6570,7236,7826,6693,21078,27354,9745,17298,249192,114867,35387,10238,103404,2872,9,17,11
2021-05-01T23:59:59+02:00,12,5,4980,4878,9316,11060,10985,15437,14616,22232,44032,47657,45460,48253,34305,43994,11071,19685,1250,1021,2206,2756,2642,4203,3702,6410,6568,7236,7826,6692,21078,27354,9745,17298,249162,114863,35387,10238,103403,2871,9,17,11
2021-04-30T23:59:59+02:00,12,5,4933,4856,9249,11045,10930,15412,14541,22206,42549,46246,45125,47921,34268,43942,11066,19675,1041,927,2008,2666,2542,4142,3617,6350,6506,7178,7819,6675,21077,27352,9745,17298,245177,114854,35387,10236,103391,1840,9,17,9
2021-04-29T23:59:59+02:00,12,4,4690,4774,8781,10894,10324,15241,13856,21999,37623,41933,44115,46896,34147,43824,11062,19645,862,850,1836,2587,2456,4076,3508,6280,6434,7128,7797,6656,21072,27346,9745,17298,231458,114814,35284,10134,103052,970,9,17,9
2021-04-28T23:59:59+02:00,12,4,4515,4739,8531,10809,9973,15151,13501,21845,32987,37433,42870,45644,34021,43677,11048,19627,820,821,1799,2541,2423,4000,3472,6171,6384,7036,7778,6638,21060,27333,9741,17291,218255,114731,35266,10086,102843,479,8,15,9
2021-04-27T23:59:59+02:00,11,3,4284,4525,8188,10360,9589,14571,13035,21198,31860,36305,42591,45362,34005,43649,11044,19624,793,807,1765,2518,2405,3982,3455,6152,6350,7010,7766,6629,21055,27328,9738,17285,215530,114674,35256,10056,99395,296,8,15,9
2021-04-26T23:59:59+02:00,11,3,4263,4497,8113,10324,9482,14515,12887,21139,27452,31921,41375,44140,33925,43549,11031,19614,760,796,1735,2499,2375,3961,3431,6131,6298,6964,7719,6580,21025,27298,9738,17278,203657,114472,35247,10012,99315,92,8,14,9
2021-04-25T23:59:59+02:00,11,3,4240,4484,8081,10297,9419,14483,12794,21093,25485,29879,40675,43379,33879,43491,11027,19609,748,789,1723,2485,2357,3947,3405,6110,6265,6935,7697,6560,21008,27277,9737,17274,202990,114448,30138,9770,99180,88,7,14,9
2021-04-24T23:59:59+02:00,11,3,4221,4473,8051,10268,9378,14467,12744,21071,23983,28216,39918,42541,33814,43415,11024,19603,747,788,1720,2483,2356,3944,3405,6106,6265,6932,7695,6558,21007,27277,9737,17274,197931,114428,30138,9769,99111,86,7,14,9
2021-04-23T23:59:59+02:00,10,3,3956,4322,7582,9971,8948,14111,12182,20668,23505,27918,39832,42480,33793,43381,11018,19596,733,778,1703,2470,2336,3928,3382,6084,6243,6913,7681,6540,21002,27266,9737,17273,197585,114413,30123,9571,95548,74,7,13,9
2021-04-22T23:59:59+02:00,10,3,3863,4265,7392,9856,8670,13917,11739,20340,21180,25563,37080,39242,33266,42712,10947,19477,720,769,1675,2440,2278,3871,3309,6012,6133,6817,7602,6454,20949,27222,9734,17258,184580,114292,29934,8870,94988,71,7,13,8
2021-04-21T23:59:59+02:00,10,3,3835,4233,7265,9778,8489,13746,11405,20051,19919,24361,33870,35531,32782,42009,10885,19351,696,751,1641,2412,2234,3847,3276,5979,6091,6778,7574,6427,20931,27198,9731,17254,172831,114186,29762,8557,94910,67,7,13,8
2021-04-20T23:59:59+02:00,10,3,3801,4207,7160,9709,8277,13591,11039,19753,18826,23214,30561,31890,32309,41410,10826,19242,688,741,1626,2400,2201,3825,3234,5934,6050,6735,7535,6381,20906,27174,9725,17251,161215,114029,29740,8302,94853,65,7,13,8
2021-04-19T23:59:59+02:00,10,3,3782,4190,7086,9671,8159,13482,10784,19567,18161,22552,29688,30762,32017,41044,10784,19167,680,736,1604,2386,2177,3795,3199,5901,6016,6704,7490,6348,20875,27146,9723,17247,156379,113896,29723,8058,94787,63,7,13,8
2021-04-18T23:59:59+02:00,10,3,3779,4184,7070,9657,8144,13463,10749,19543,18073,22470,29566,30637,31989,41022,10781,19159,678,732,1589,2374,2160,3780,3175,5875,5987,6681,7468,6335,20856,27124,9720,17244,155887,113837,29655,7869,94737,62,7,13,8
2021-04-17T23:59:59+02:00,10,3,3778,4182,7068,9655,8141,13463,10743,19536,18060,22460,29544,30624,31987,41020,10781,19159,677,732,1588,2373,2159,3779,3172,5874,5985,6679,7468,6335,20856,27124,9720,17244,155809,113824,29654,7869,94731,62,7,13,8
2021-04-16T23:59:59+02:00,10,3,3611,4144,6724,9526,7775,13276,10345,19290,17611,22186,29344,30465,31905,40931,10766,19140,665,714,1576,2358,2132,3764,3118,5837,5942,6629,7375,6246,20444,26560,9690,17183,155060,112501,29646,7663,92326,59,7,13,8
2021-04-15T23:59:59+02:00,10,3,3510,4065,6373,9156,7199,12776,9569,18454,16285,20955,28147,29173,31385,40290,10686,18965,635,691,1524,2319,2050,3677,3010,5717,5614,6392,6880,5861,19715,25652,9594,17015,149317,109158,29351,7124,88313,54,7,13,8
2021-04-14T23:59:59+02:00,9,3,3455,4015,6138,8919,6869,12399,8948,17903,15171,19925,26737,27673,30753,39414,10578,18770,600,665,1478,2281,1976,3599,2868,5594,5303,6156,6334,5347,18703,24367,9509,16842,142520,104894,29152,6670,85988,48,7,12,8
2021-04-13T23:59:59+02:00,9,3,3423,3984,6046,8842,6720,12271,8646,17658,14369,19233,23390,24120,29821,38234,10474,18598,595,656,1465,2259,1949,3566,2772,5523,5087,5973,5973,5011,18405,24024,9470,16776,130901,102807,29141,6640,85780,47,7,12,8
2021-04-12T23:59:59+02:00,9,3,3401,3964,5996,8787,6632,12188,8429,17463,13752,18704,22388,22968,29397,37676,10405,18476,585,648,1455,2251,1926,3545,2716,5472,4939,5869,5657,4731,18112,23722,9432,16716,125823,101225,29124,6494,85672,47,7,12,8
2021-04-11T23:59:59+02:00,9,3,3395,3958,5978,8763,6604,12171,8389,17440,13663,18643,22258,22820,29346,37611,10396,18451,582,643,1442,2241,1913,3537,2699,5456,4902,5832,5598,4673,17939,23488,9411,16687,125282,100564,29057,6422,85540,47,7,12,8
2021-04-10T23:59:59+02:00,9,3,3387,3957,5955,8763,6582,12170,8368,17439,13638,18641,22253,22817,29342,37610,10396,18451,581,641,1436,2236,1908,3534,2693,5448,4886,5822,5586,4656,17778,23236,9397,16663,125260,100055,28966,6389,85536,47,7,12,8
2021-04-09T23:59:59+02:00,8,3,3349,3945,5907,8751,6524,12154,8329,17412,13587,18596,20301,20411,28861,36995,10366,18402,568,628,1411,2214,1882,3511,2651,5412,4815,5760,5471,4553,17201,22504,9359,16592,124572,98292,23857,6191,85455,39,7,10,8
2021-04-08T23:59:59+02:00,8,3,3325,3926,5838,8719,6449,12115,8240,17349,13442,18478,17713,17350,28338,36331,10329,18352,526,598,1323,2133,1788,3415,2473,5227,4320,5395,4671,3948,15427,20283,9174,16291,123707,91335,18004,5620,84578,28,6,10,8
2021-04-07T23:59:59+02:00,6,3,3247,3898,5628,8669,6242,12056,8032,17274,13180,18383,15055,14288,27660,35537,10299,18299,503,570,1270,2078,1694,3335,2321,5087,3910,5063,3955,3385,14576,19422,9062,16110,123500,87035,16473,5274,77768,24,5,10,8
2021-04-06T23:59:59+02:00,5,3,3219,3888,5583,8651,6172,12033,7945,17236,13106,18312,13074,11930,27028,34824,10286,18269,472,548,1202,2023,1609,3254,2159,4970,3539,4786,3429,2977,13736,18425,8988,15995,123371,83411,16271,4674,71907,20,5,10,7
2021-04-05T23:59:59+02:00,5,3,3217,3885,5547,8638,6135,12021,7900,17220,13034,18276,13028,11884,27017,34808,10285,18266,440,518,1150,1986,1557,3213,2091,4916,3451,4710,3372,2926,13593,18255,8979,15977,123348,82921,16063,4187,71744,20,4,10,7
2021-04-04T23:59:59+02:00,5,3,3216,3884,5547,8636,6134,12021,7899,17217,13034,18276,13025,11884,27016,34808,10285,18266,439,517,1149,1986,1557,3213,2091,4916,3451,4710,3372,2926,13592,18255,8979,15977,123340,82917,16063,4187,71739,20,4,10,7
2021-04-03T23:59:59+02:00,5,3,3215,3884,5547,8635,6134,12021,7899,17217,13034,18276,13025,11883,27015,34805,10285,18266,439,516,1149,1986,1556,3213,2091,4915,3445,4707,3367,2915,13505,18119,8970,15961,123335,82641,16063,4187,71737,20,4,10,7
2021-04-02T23:59:59+02:00,5,3,3215,3881,5544,8630,6130,12012,7890,17205,13009,18245,12978,11831,26988,34787,10282,18262,436,509,1147,1982,1544,3204,2081,4893,3415,4674,3336,2886,12578,16875,8905,15853,123170,80188,16060,4106,71653,20,4,10,5
2021-04-01T23:59:59+02:00,5,3,3200,3867,5506,8610,6063,11979,7819,17170,12895,18174,12861,11706,26929,34711,10273,18247,389,466,1050,1915,1445,3117,1932,4781,3219,4541,3107,2687,10562,14292,8795,15678,122852,74635,15937,3318,71216,20,3,10,5
2021-03-31T23:59:59+02:00,5,3,3199,3853,5489,8576,6031,11943,7777,17125,12815,18105,12748,11581,26878,34651,10265,18238,351,445,1014,1873,1375,3077,1828,4678,2964,4347,2696,2372,7996,11068,8621,15440,122543,67144,15898,2978,70828,19,3,10,5
2021-03-30T23:59:59+02:00,5,3,3191,3843,5464,8548,5999,11912,7739,17085,12738,18039,12662,11443,26841,34604,10260,18228,330,426,992,1841,1315,3042,1704,4598,2718,4175,2324,2124,7111,9982,8555,15314,122413,63826,15868,2704,70311,18,2,10,5
2021-03-29T23:59:59+02:00,5,3,3179,3839,5435,8530,5963,11879,7697,17053,12666,17964,12022,10686,24981,32113,10112,17972,324,424,985,1826,1294,3018,1669,4558,2572,4089,2038,1975,6461,9272,8511,15236,116435,61532,15698,2701,69954,16,2,10,5
2021-03-28T23:59:59+02:00,5,3,3149,3823,5388,8493,5914,11837,7616,16998,12556,17896,11759,10385,22996,29653,10057,17873,323,422,983,1825,1286,3014,1665,4556,2560,4081,2013,1955,6439,9258,8509,15231,116375,61405,10524,2698,69490,16,2,10,3
2021-03-27T23:59:59+01:00,5,3,3137,3819,5349,8483,5878,11822,7569,16983,12510,17849,11725,10342,22992,29645,10057,17873,323,422,983,1825,1286,3014,1664,4554,2558,4079,2011,1953,6390,9183,8476,15182,116307,61188,10523,2698,69199,16,2,10,3
2021-03-26T23:59:59+01:00,5,3,3001,3494,4901,7325,5383,10503,6957,14936,11702,15578,11506,10161,22509,28920,10012,17802,322,418,978,1822,1281,3010,1661,4552,2553,4072,2003,1947,6260,8996,8333,14997,114762,60513,10269,2686,59655,5,2,10,3
2021-03-25T23:59:59+01:00,5,3,2874,3225,4741,6559,5157,9353,6633,13215,10978,13779,10651,9360,21795,28082,9939,17647,317,409,972,1812,1267,2991,1641,4517,2516,4023,1937,1888,5970,8568,8060,14551,111863,58752,9582,2682,52539,4,2,10,3
2021-03-24T23:59:59+01:00,5,3,2826,3181,4666,6498,5023,9247,6430,13045,10468,13375,9819,8539,20786,26827,9843,17466,315,404,964,1806,1250,2980,1626,4493,2470,3966,1869,1812,5607,8096,7649,13885,107863,56521,9235,2668,50940,4,0,9,3
2021-03-23T23:59:59+01:00,5,3,2797,3148,4598,6432,4914,9153,6219,12884,10012,12953,9110,7875,20278,26226,9791,17361,303,391,946,1797,1235,2960,1598,4471,2415,3917,1789,1747,5331,7718,7261,13270,105493,54480,8904,2667,49354,3,0,8,3
2021-03-22T23:59:59+01:00,5,3,2781,3112,4538,6394,4838,9085,6080,12747,9651,12681,8512,7318,19864,25796,9731,17267,301,387,934,1791,1220,2945,1585,4457,2388,3891,1763,1726,5194,7543,6819,12460,104018,52739,8645,2662,47732,3,0,8,2
2021-03-21T23:59:59+01:00,5,3,2774,3097,4493,6372,4787,9049,5989,12679,9463,12493,8209,7061,19696,25629,9719,17242,301,387,933,1791,1219,2945,1584,4456,2385,3891,1756,1720,5185,7538,6789,12403,103818,52635,8416,2645,46518,3,0,8,2
2021-03-20T23:59:59+01:00,5,3,2774,3092,4485,6367,4781,9046,5985,12671,9443,12479,8176,7030,19522,25353,9703,17216,301,387,933,1790,1218,2945,1583,4455,2381,3883,1744,1707,5172,7489,6613,12167,103262,52144,8404,2621,46457,3,0,8,2
2021-03-19T23:59:59+01:00,5,3,2739,3069,4411,6324,4672,8996,5845,12614,9177,12291,7871,6806,19038,24762,9671,17157,301,387,932,1789,1218,2942,1580,4454,2375,3878,1728,1699,5136,7446,6211,11551,101963,51023,8162,2601,45318,3,0,8,2
2021-03-18T23:59:59+01:00,5,3,2673,2996,4249,6188,4423,8790,5488,12305,8273,11622,6610,5797,17788,23405,9523,16932,298,383,927,1779,1204,2929,1542,4439,2308,3832,1650,1657,5064,7340,5483,10446,97083,48721,7620,2559,42359,2,0,8,1
2021-03-17T23:59:59+01:00,5,3,2635,2957,4169,6091,4286,8682,5233,12030,7599,11054,5625,4904,16443,21875,9358,16678,294,382,923,1770,1200,2921,1525,4417,2241,3806,1584,1612,5019,7276,4911,9568,91688,46944,7117,2504,40814,2,0,8,1
2021-03-16T23:59:59+01:00,5,3,2615,2929,4106,6025,4194,8586,5058,11875,7150,10666,4864,4288,15593,20899,9256,16508,290,380,920,1765,1197,2914,1517,4406,2219,3787,1554,1595,4982,7233,4409,8765,88067,45507,7081,2425,39464,2,0,8,1
2021-03-15T23:59:59+01:00,5,3,2612,2918,4090,6007,4163,8560,5008,11828,7033,10552,4719,4129,15275,20489,9227,16449,288,377,919,1759,1190,2907,1503,4397,2197,3764,1513,1578,4922,7159,3833,7906,87301,43926,6986,2286,38772,1,0,8,1
2021-03-14T23:59:59+01:00,5,2,2607,2909,4069,5988,4133,8541,4965,11795,6940,10463,4615,4018,15145,20320,9211,16413,286,376,919,1757,1184,2900,1498,4386,2186,3757,1503,1571,4914,7151,3828,7893,86997,43865,6968,2244,38167,1,0,7,1
2021-03-13T23:59:59+01:00,5,2,2603,2902,4065,5976,4125,8535,4957,11786,6920,10449,4593,3992,14829,19883,9191,16377,286,376,919,1757,1184,2900,1498,4386,2186,3757,1503,1571,4914,7150,3828,7893,86113,43864,6945,2244,38125,1,0,7,1
2021-03-12T23:59:59+01:00,5,2,2541,2826,3954,5806,4007,8314,4820,11487,6742,10179,4440,3854,13908,18629,9130,16275,286,375,917,1754,1184,2897,1496,4381,2185,3750,1495,1569,4906,7131,3826,7878,83655,43787,6883,2243,36376,1,0,5,1
2021-03-11T23:59:59+01:00,4,2,2416,2600,3730,5477,3751,7876,4495,10722,6115,9365,3921,3354,12316,16642,9032,16128,286,375,913,1751,1181,2883,1487,4369,2173,3722,1452,1540,4865,7096,3814,7851,79348,43637,6721,2121,31872,1,0,5,1
2021-03-10T23:59:59+01:00,4,2,2294,2467,3577,5244,3557,7553,4230,10235,5562,8798,3353,2912,10050,13928,8887,15901,283,371,909,1742,1174,2872,1482,4353,2149,3706,1423,1532,4834,7081,3805,7843,73057,43568,6551,1992,28941,0,0,5,1
2021-03-09T23:59:59+01:00,4,2,2267,2414,3512,5158,3444,7464,4059,10040,5169,8447,2876,2554,8542,11916,8785,15752,282,370,909,1736,1167,2863,1478,4345,2141,3695,1409,1527,4826,7076,3802,7841,68204,43527,6401,1941,27795,0,0,5,1
2021-03-08T23:59:59+01:00,4,2,2243,2344,3455,5093,3370,7379,3935,9928,4877,8257,2429,2293,6624,9519,8666,15578,282,367,908,1726,1161,2847,1472,4334,2137,3688,1398,1520,4809,7054,3795,7832,62527,43416,6066,1915,27398,0,0,5,1
2021-03-07T23:59:59+01:00,4,2,2180,2288,3358,4985,3274,7290,3838,9841,4742,8162,2378,2242,6602,9498,8666,15570,282,366,907,1726,1161,2847,1471,4334,2137,3688,1398,1520,4809,7054,3795,7832,62399,43414,5385,1915,27131,0,0,5,0
2021-03-06T23:59:59+01:00,4,2,2172,2275,3346,4976,3270,7285,3829,9832,4731,8159,2376,2240,6556,9428,8634,15521,282,366,906,1722,1160,2846,1471,4331,2133,3683,1397,1515,4803,7049,3793,7823,62190,43367,5325,1915,27116,0,0,5,0
2021-03-05T23:59:59+01:00,4,2,2042,2191,3122,4787,3032,6974,3552,9437,4403,7822,2289,2179,6349,9111,8443,15260,282,364,904,1719,1160,2845,1470,4325,2130,3677,1391,1513,4797,7042,3792,7817,61214,43315,4487,1915,25293,0,0,5,0
2021-03-04T23:59:59+01:00,4,2,1788,1971,2712,4354,2576,6335,2986,8533,3718,7008,2074,2019,6058,8745,8169,14806,279,363,903,1711,1158,2828,1469,4309,2121,3665,1380,1511,4785,7028,3785,7806,59577,43191,3214,1912,21062,0,0,5,0
2021-03-03T23:59:59+01:00,4,2,1718,1885,2605,4175,2446,6112,2850,8253,3537,6747,1992,1942,5720,8272,7816,14227,278,359,903,1701,1156,2805,1465,4285,2116,3650,1356,1500,4780,7022,3781,7799,57577,43046,3071,1912,19650,0,0,5,0
2021-03-02T23:59:59+01:00,4,2,1681,1804,2538,4057,2365,5963,2745,8072,3422,6596,1920,1875,5412,7835,7418,13559,276,354,900,1682,1153,2784,1462,4267,2115,3639,1331,1494,4770,7006,3775,7792,55494,42890,2830,1912,18939,0,0,5,0
2021-03-01T23:59:59+01:00,2,2,1672,1778,2499,3949,2317,5848,2708,7970,3369,6518,1880,1855,5273,7670,6947,12695,276,352,896,1676,1151,2772,1460,4254,2113,3624,1326,1489,4767,7004,3774,7786,53638,42810,2818,1912,18491,0,0,5,0
2021-02-28T23:59:59+01:00,2,2,1655,1741,2464,3878,2288,5793,2665,7890,3342,6472,1874,1851,5265,7665,6912,12636,276,352,895,1676,1151,2772,1460,4253,2113,3623,1326,1489,4767,7003,3774,7786,53517,42807,2816,1911,18057,0,0,5,0
2021-02-27T23:59:59+01:00,2,2,1653,1735,2460,3870,2284,5793,2664,7889,3340,6469,1868,1841,5256,7621,6742,12417,276,352,885,1671,1141,2765,1450,4244,2098,3614,1325,1486,4767,7002,3774,7786,53055,42803,2816,1835,18030,0,0,5,0
2021-02-26T23:59:59+01:00,2,1,1464,1579,2335,3627,2206,5388,2572,7386,3253,6011,1853,1815,5231,7588,6483,12028,275,350,878,1664,1133,2745,1444,4223,2088,3601,1318,1477,4759,6990,3770,7773,52311,42724,2795,1766,15711,0,0,5,0
2021-02-25T23:59:59+01:00,2,1,1247,1303,2115,3193,2033,4631,2375,6441,3012,5113,1764,1743,5180,7509,5915,11188,273,342,872,1604,1099,2650,1411,4112,2032,3527,1281,1456,4719,6949,3752,7722,50444,42263,2782,1540,11535,0,0,4,0
2021-02-24T23:59:59+01:00,2,1,1194,1093,2008,2924,1928,4292,2242,6035,2842,4843,1689,1688,5122,7419,5161,10014,271,336,834,1557,1049,2559,1352,3996,1942,3399,1241,1429,4704,6923,3742,7705,48119,42006,2770,1035,9604,0,0,4,0
2021-02-23T23:59:59+01:00,2,1,1179,1044,1974,2860,1902,4194,2216,5950,2809,4781,1681,1673,5087,7370,4531,8994,271,335,807,1529,1002,2507,1299,3918,1836,3326,1189,1404,4682,6898,3731,7671,46350,41809,2743,598,9151,0,0,4,0
2021-02-22T23:59:59+01:00,2,1,1171,1003,1923,2717,1858,4048,2161,5754,2755,4675,1670,1662,5053,7322,3928,8110,269,325,764,1490,948,2424,1211,3812,1696,3231,1100,1347,4641,6828,3706,7568,44745,41354,2723,8,8342,0,0,3,0
2021-02-21T23:59:59+01:00,2,1,1169,989,1892,2655,1832,3951,2134,5650,2735,4612,1662,1656,5050,7313,3928,8106,267,323,760,1484,940,2392,1209,3776,1683,3191,1091,1332,4625,6803,3684,7527,44692,41081,2712,8,7930,0,0,3,0
2021-02-20T23:59:59+01:00,2,1,1169,989,1892,2654,1831,3951,2134,5650,2733,4607,1653,1648,5046,7307,3926,8103,267,323,760,1483,939,2388,1208,3772,1682,3189,1091,1332,4573,6743,3639,7469,44678,40853,2687,7,7928,0,0,3,0
2021-02-19T23:59:59+01:00,2,1,1169,986,1889,2649,1830,3942,2133,5641,2730,4604,1634,1640,5033,7290,3923,8097,266,322,756,1474,931,2364,1201,3730,1655,3136,1064,1294,4384,6490,3462,7178,44598,39702,2668,7,7924,0,0,3,0
2021-02-18T23:59:59+01:00,2,1,1137,903,1850,2530,1791,3804,2080,5435,2669,4429,1618,1624,5017,7256,3918,8071,238,293,711,1351,882,2159,1116,3395,1539,2841,955,1107,3901,5719,3070,6329,44443,35601,2635,7,7054,0,0,3,0
2021-02-17T23:59:59+01:00,2,1,1088,774,1769,2297,1714,3505,1971,5075,2594,4180,1595,1615,4996,7242,3910,8067,233,290,701,1333,873,2137,1104,3360,1520,2820,948,1104,3522,5200,2778,5908,44402,33826,2579,7,5411,0,0,3,0
2021-02-16T23:59:59+01:00,2,1,1047,738,1711,2193,1646,3334,1900,4869,2516,4074,1560,1601,4969,7221,3901,8055,227,284,687,1299,852,2083,1073,3243,1481,2735,925,1081,3171,4655,2440,5419,44349,31652,2417,5,4569,0,0,3,0
2021-02-15T23:59:59+01:00,2,1,1040,722,1692,2117,1627,3234,1881,4760,2502,3996,1532,1587,4940,7204,3869,7999,215,274,672,1264,833,2033,1053,3177,1439,2670,894,1050,2753,4106,2114,4858,44220,29403,2334,4,4148,0,0,3,0
2021-02-14T23:59:59+01:00,2,1,945,688,1614,2083,1566,3215,1837,4738,2467,3983,1525,1584,4931,7192,3866,7994,208,262,663,1246,814,1993,1037,3111,1409,2602,864,1005,2664,3966,2042,4675,44178,28560,2298,3,3754,0,0,1,0
2021-02-13T23:59:59+01:00,2,1,892,664,1584,2060,1551,3207,1821,4731,2459,3982,1524,1583,4931,7192,3865,7993,206,261,661,1246,814,1989,1037,3110,1408,2600,863,1005,2562,3842,1978,4575,44172,28156,2298,3,3571,0,0,1,0
2021-02-12T23:59:59+01:00,2,1,558,516,1234,1944,1379,3104,1681,4649,2352,3912,1505,1574,4922,7181,3859,7987,194,255,649,1221,800,1945,1011,3025,1352,2501,801,931,2339,3531,1836,4274,44059,26665,2298,2,2002,0,0,1,0
2021-02-11T23:59:59+01:00,2,1,392,440,1044,1831,1277,2985,1583,4535,2264,3823,1398,1530,4860,7132,3838,7940,156,191,549,978,664,1500,812,2356,1073,1911,566,683,1741,2659,1355,3087,43707,20282,2101,1,1066,0,0,1,0
2021-02-10T23:59:59+01:00,2,1,279,368,918,1726,1177,2862,1488,4350,2151,3700,1361,1517,4841,7121,3833,7938,134,130,378,617,492,1011,642,1745,905,1577,545,668,1335,2098,1040,2592,43631,15911,1997,0,4,0,0,1,0
2021-02-09T23:59:59+01:00,2,1,279,367,917,1720,1174,2853,1488,4345,2150,3695,1354,1514,4839,7119,3832,7936,131,128,369,588,473,984,621,1716,880,1546,543,665,956,1634,763,2188,43607,14187,1974,0,3,0,0,1,0
2021-02-08T23:59:59+01:00,2,1,279,365,916,1718,1171,2843,1481,4340,2148,3691,1349,1510,4837,7119,3831,7933,126,122,358,577,465,967,610,1683,862,1520,535,660,565,1147,460,1764,43579,12423,1951,0,3,0,0,1,0
2021-02-07T23:59:59+01:00,2,1,279,365,914,1718,1170,2843,1479,4338,2148,3691,1349,1510,4837,7118,3831,7933,122,119,354,571,464,960,607,1671,853,1504,527,656,564,1137,455,1749,43575,12315,1950,0,0,0,0,1,0
2021-02-06T23:59:59+01:00,2,1,279,365,914,1718,1170,2843,1479,4338,2148,3691,1349,1510,4837,7118,3831,7933,119,116,352,567,463,959,607,1669,853,1503,526,655,564,1137,455,1749,43575,12296,1950,0,0,0,0,1,0
2021-02-05T23:59:59+01:00,2,1,279,364,913,1718,1170,2842,1477,4337,2147,3691,1349,1510,4836,7116,3831,7930,118,108,349,563,455,946,603,1659,839,1480,521,645,558,1121,445,1727,43562,12139,1950,0,0,0,0,1,0
2021-02-04T23:59:59+01:00,2,1,276,359,906,1680,1163,2796,1476,4285,2134,3648,1341,1503,4808,7085,3820,7900,89,71,232,390,331,687,474,1269,628,1111,391,512,468,913,388,1485,43233,9440,1949,0,0,0,0,1,0
2021-02-03T23:59:59+01:00,2,1,274,350,901,1655,1159,2761,1465,4235,2125,3612,1333,1487,4786,7056,3808,7874,55,33,80,167,152,341,232,596,303,541,210,278,273,575,226,944,42934,5007,1949,0,0,0,0,1,0
2021-02-02T23:59:59+01:00,2,1,273,348,900,1643,1155,2742,1462,4203,2118,3586,1325,1481,4779,7043,3801,7852,16,10,25,50,60,97,73,164,97,121,45,74,67,126,50,193,42764,1269,1949,0,0,0,0,1,0
2021-02-01T23:59:59+01:00,2,1,273,343,900,1641,1154,2741,1461,4199,2117,3580,1324,1480,4777,7042,3801,7852,14,9,21,44,51,88,60,136,74,102,39,65,57,116,49,180,42738,1106,1949,0,0,0,0,1,0
2021-01-31T23:59:59+01:00,2,1,273,342,900,1637,1153,2737,1461,4194,2117,3577,1323,1480,4777,7041,3801,7852,13,8,20,38,44,80,54,125,64,96,34,54,47,108,46,174,42718,1006,1949,0,0,0,0,1,0
2021-01-30T23:59:59+01:00,2,1,273,342,895,1634,1145,2729,1453,4188,2113,3574,1323,1480,4725,6982,3756,7794,13,8,20,37,44,80,53,124,64,96,34,54,47,108,46,174,42493,1003,1915,0,0,0,0,1,0
2021-01-29T23:59:59+01:00,2,1,272,341,880,1626,1133,2708,1441,4158,2092,3547,1314,1474,4563,6779,3592,7590,11,8,20,37,41,80,52,122,61,95,32,49,46,108,46,174,41707,983,1805,0,0,0,0,1,0
2021-01-28T23:59:59+01:00,2,1,268,328,861,1539,1093,2598,1404,4058,2022,3472,1287,1462,4229,6310,3329,7237,7,4,9,17,22,39,21,56,36,63,20,31,31,70,36,117,39939,580,1560,0,0,0,0,1,0
2021-01-27T23:59:59+01:00,2,1,262,325,819,1484,1046,2504,1341,3961,1948,3365,1248,1435,3818,5747,3012,6778,3,4,9,8,12,21,8,22,14,29,11,13,15,39,14,56,37987,279,1108,0,0,0,0,1,0
2021-01-26T23:59:59+01:00,2,1,256,316,785,1438,981,2419,1280,3834,1831,3260,1190,1384,3474,5193,2664,6268,1,1,5,3,5,7,4,2,3,8,6,5,3,7,3,8,35913,72,662,0,0,0,0,1,0
2021-01-25T23:59:59+01:00,2,1,246,307,733,1377,920,2300,1179,3689,1671,3141,1111,1354,3081,4682,2355,5802,1,1,5,2,3,7,2,2,3,8,6,5,3,7,3,8,33891,67,60,0,0,0,0,0,0
2021-01-24T23:59:59+01:00,2,1,243,307,727,1373,909,2284,1174,3673,1644,3111,1105,1352,3055,4646,2338,5780,1,1,3,2,3,7,2,2,3,8,6,5,3,7,3,8,33717,65,7,0,0,0,0,0,0
2021-01-23T23:59:59+01:00,2,1,242,306,726,1373,909,2280,1173,3672,1641,3109,1104,1352,2950,4521,2272,5679,1,1,3,2,2,7,2,2,3,8,6,5,3,7,3,8,33306,64,6,0,0,0,0,0,0
2021-01-22T23:59:59+01:00,2,1,241,303,724,1358,907,2267,1167,3658,1637,3105,1102,1351,2791,4327,2170,5537,1,1,3,2,2,7,2,2,3,8,6,5,3,7,3,8,32642,64,6,0,0,0,0,0,0
2021-01-21T23:59:59+01:00,2,1,237,274,661,1202,839,2055,1086,3373,1540,2899,1060,1309,2448,3861,1881,5102,1,0,3,1,2,7,2,2,3,8,6,4,3,7,3,8,29824,61,6,0,0,0,0,0,0
2021-01-20T23:59:59+01:00,2,1,213,210,501,851,664,1564,886,2672,1303,2431,965,1175,1919,3115,1472,4338,1,0,3,1,2,7,2,2,3,6,5,4,3,7,3,8,24276,58,6,0,0,0,0,0,0
2021-01-19T23:59:59+01:00,2,1,186,191,454,744,610,1408,799,2372,1129,2124,798,919,1277,2191,1015,3274,0,0,2,1,0,0,0,0,2,1,1,0,0,0,0,0,19491,7,3,0,0,0,0,0,0
2021-01-18T23:59:59+01:00,1,1,138,136,378,619,487,1054,646,1827,937,1634,592,710,635,1271,513,1969,0,0,1,0,0,0,0,0,1,0,0,0,0,0,0,0,13546,2,2,0,0,0,0,0,0
2021-01-17T23:59:59+01:00,1,1,127,122,364,582,472,989,617,1710,878,1535,543,670,588,1174,471,1826,0,0,0,0,0,0,0,0,0,0,0,0,0,0,0,0,12670,0,0,0,0,0,0,0,0
2021-01-16T23:59:59+01:00,1,1,120,118,361,578,470,978,611,1697,872,1528,542,669,587,1169,467,1814,0,0,0,0,0,0,0,0,0,0,0,0,0,0,0,0,12583,0,0,0,0,0,0,0,0
2021-01-15T23:59:59+01:00,1,1,118,111,358,573,462,962,607,1686,857,1504,536,657,580,1153,459,1792,0,0,0,0,0,0,0,0,0,0,0,0,0,0,0,0,12417,0,0,0,0,0,0,0,0
2021-01-14T23:59:59+01:00,1,1,97,89,275,464,391,783,504,1415,700,1214,418,529,500,959,403,1607,0,0,0,0,0,0,0,0,0,0,0,0,0,0,0,0,10350,0,0,0,0,0,0,0,0
2021-01-13T23:59:59+01:00,1,1,67,49,163,282,255,519,352,923,478,780,258,324,311,634,258,1030,0,0,0,0,0,0,0,0,0,0,0,0,0,0,0,0,6685,0,0,0,0,0,0,0,0
2021-01-12T23:59:59+01:00,1,1,31,21,49,101,113,212,150,382,200,334,135,175,162,351,146,566,0,0,0,0,0,0,0,0,0,0,0,0,0,0,0,0,3130,0,0,0,0,0,0,0,0
2021-01-11T23:59:59+01:00,1,0,18,11,33,64,60,110,76,168,92,125,39,65,60,121,50,181,0,0,0,0,0,0,0,0,0,0,0,0,0,0,0,0,1274,0,0,0,0,0,0,0,0
2021-01-10T23:59:59+01:00,1,0,15,7,27,53,53,98,66,153,76,111,33,55,50,112,46,172,0,0,0,0,0,0,0,0,0,0,0,0,0,0,0,0,1128,0,0,0,0,0,0,0,0
2021-01-09T23:59:59+01:00,1,0,14,7,26,51,52,97,63,152,76,109,33,55,50,112,46,172,0,0,0,0,0,0,0,0,0,0,0,0,0,0,0,0,1116,0,0,0,0,0,0,0,0
2021-01-08T23:59:59+01:00,1,0,11,7,24,48,47,92,59,139,70,105,31,50,49,112,46,172,0,0,0,0,0,0,0,0,0,0,0,0,0,0,0,0,1063,0,0,0,0,0,0,0,0
2021-01-07T23:59:59+01:00,1,0,7,4,9,18,21,40,22,56,38,65,19,33,36,75,36,116,0,0,0,0,0,0,0,0,0,0,0,0,0,0,0,0,596,0,0,0,0,0,0,0,0
2021-01-06T23:59:59+01:00,1,0,7,4,9,15,14,30,14,39,25,53,15,25,30,67,34,101,0,0,0,0,0,0,0,0,0,0,0,0,0,0,0,0,483,0,0,0,0,0,0,0,0
2021-01-05T23:59:59+01:00,1,0,7,4,9,15,14,30,14,39,25,53,15,25,29,67,34,101,0,0,0,0,0,0,0,0,0,0,0,0,0,0,0,0,482,0,0,0,0,0,0,0,0
2021-01-04T23:59:59+01:00,1,0,2,4,8,5,4,14,3,7,6,16,6,5,6,16,4,13,0,0,0,0,0,0,0,0,0,0,0,0,0,0,0,0,120,0,0,0,0,0,0,0,0
2021-01-03T23:59:59+01:00,1,0,1,1,3,2,2,7,2,3,3,9,4,4,3,8,3,8,0,0,0,0,0,0,0,0,0,0,0,0,0,0,0,0,64,0,0,0,0,0,0,0,0
2021-01-02T23:59:59+01:00,1,0,1,1,3,2,2,7,2,3,3,9,4,4,3,8,3,8,0,0,0,0,0,0,0,0,0,0,0,0,0,0,0,0,64,0,0,0,0,0,0,0,0
2021-01-01T23:59:59+01:00,1,0,1,1,3,2,2,7,2,3,3,9,4,4,3,8,3,8,0,0,0,0,0,0,0,0,0,0,0,0,0,0,0,0,64,0,0,0,0,0,0,0,0
2020-12-31T23:59:59+01:00,1,0,1,1,3,1,2,7,2,2,3,8,4,4,3,8,3,8,0,0,0,0,0,0,0,0,0,0,0,0,0,0,0,0,61,0,0,0,0,0,0,0,0
2020-12-30T23:59:59+01:00,1,0,1,1,3,1,2,7,2,2,3,6,4,4,3,8,3,8,0,0,0,0,0,0,0,0,0,0,0,0,0,0,0,0,59,0,0,0,0,0,0,0,0
2020-12-29T23:59:59+01:00,1,0,1,1,2,1,2,6,2,2,3,6,2,2,2,8,2,7,0,0,0,0,0,0,0,0,0,0,0,0,0,0,0,0,50,0,0,0,0,0,0,0,0
2020-12-28T23:59:59+01:00,1,0,0,0,2,1,0,2,1,0,1,3,0,1,0,1,1,4,0,0,0,0,0,0,0,0,0,0,0,0,0,0,0,0,18,0,0,0,0,0,0,0,0
2020-12-27T23:59:59+01:00,0,0,0,0,0,0,0,1,1,0,1,2,0,1,0,1,1,4,0,0,0,0,0,0,0,0,0,0,0,0,0,0,0,0,12,0,0,0,0,0,0,0,0
