Datum,<15_m,<15_w,15-24_1_m,15-24_1_w,25-34_1_m,25-34_1_w,35-44_1_m,35-44_1_w,45-54_1_m,45-54_1_w,55-64_1_m,55-64_1_w,65-74_1_m,65-74_1_w,75-84_1_m,75-84_1_w,>84_1_m,>84_1_w,<24_2_m,<24_2_w,25-34_2_m,25-34_2_w,35-44_2_m,35-44_2_w,45-54_2_m,45-54_2_w,55-64_2_m,55-64_2_w,65-74_2_m,65-74_2_w,75-84_2_m,75-84_2_w,>84_2_m,>84_2_w,bp_1,bp_2,mo_1,mo_2,az_1,az_2,ja,unb_1,unb_2
2021-09-23T23:59:59+02:00,5074,4794,42313,40755,56087,48787,60486,57029,72371,70833,86934,85133,60156,64300,39117,50437,12083,21616,38139,36580,52322,44604,57030,52800,68528,66258,83051,81095,58097,61899,37899,48713,11693,20856,650735,608646,79062,75871,109440,103639,39033,46,52
2021-09-22T23:59:59+02:00,5037,4744,42172,40579,55932,48620,60352,56894,72280,70704,86848,85053,60122,64259,39100,50401,12080,21601,38018,36443,52176,44480,56914,52693,68460,66163,82969,81019,58065,61868,37882,48692,11690,20846,649542,607698,79048,75868,109439,103637,38714,46,52
2021-09-21T23:59:59+02:00,5001,4688,41976,40332,55716,48397,60191,56746,72190,70585,86760,84973,60084,64215,39083,50361,12071,21587,37862,36299,52027,44342,56798,52598,68395,66086,82892,80954,58036,61844,37857,48669,11684,20834,647989,606684,79047,75868,109439,103636,38446,46,52
2021-09-20T23:59:59+02:00,4976,4666,41870,40252,55592,48306,60092,56665,72113,70520,86703,84916,60059,64196,39071,50341,12065,21569,37785,36228,51915,44269,56720,52539,68334,66035,82842,80912,58014,61826,37847,48642,11681,20829,647289,606245,79038,75816,109439,103622,38171,46,52
2021-09-19T23:59:59+02:00,4971,4662,41824,40226,55517,48260,60045,56624,72071,70507,86677,84902,60052,64187,39070,50333,12065,21567,37752,36204,51867,44253,56687,52528,68299,66018,82821,80895,58006,61820,37844,48638,11681,20827,647034,606110,79036,75814,109437,103621,38018,46,52
2021-09-18T23:59:59+02:00,4969,4660,41813,40220,55499,48246,60027,56614,72060,70494,86667,84898,60047,64184,39069,50333,12065,21566,37749,36200,51851,44248,56674,52518,68290,66009,82811,80891,58001,61817,37842,48636,11681,20827,646982,606093,79035,75814,109437,103621,37940,46,52
2021-09-17T23:59:59+02:00,4915,4610,41666,40094,55376,48097,59881,56490,71923,70376,86597,84823,60011,64162,39059,50326,12061,21559,37641,36114,51754,44135,56583,52426,68183,65935,82752,80832,57970,61800,37835,48629,11679,20823,646125,605627,79033,75814,109437,103621,37392,46,52
2021-09-16T23:59:59+02:00,4821,4510,41398,39824,55140,47813,59644,56221,71736,70195,86469,84691,59960,64107,39036,50303,12051,21543,37381,35898,51560,43906,56404,52225,68038,65793,82644,80736,57916,61764,37816,48605,11670,20812,644229,604171,79029,75809,109420,103605,36745,46,52
2021-09-15T23:59:59+02:00,4756,4447,41173,39572,54912,47533,59437,56007,71585,70052,86349,84587,59917,64052,39007,50275,12042,21519,37184,35715,51401,43701,56270,52081,67932,65694,82549,80636,57871,61731,37793,48581,11667,20798,642467,602979,79027,75808,109420,103605,36267,46,52
2021-09-14T23:59:59+02:00,4728,4423,41052,39446,54785,47442,59348,55890,71487,69961,86272,84528,59898,64024,38989,50261,12037,21513,37111,35640,51314,43646,56199,52011,67857,65631,82490,80599,57854,61705,37778,48561,11661,20790,641698,602565,79027,75808,109420,103604,35898,46,52
2021-09-13T23:59:59+02:00,4700,4409,40956,39335,54695,47347,59285,55789,71413,69908,86229,84488,59867,63994,38983,50251,12033,21508,37039,35575,51227,43585,56139,51946,67792,65598,82450,80572,57832,61678,37769,48550,11660,20784,640999,602128,79022,75758,109419,103589,35709,46,52
2021-09-12T23:59:59+02:00,4691,4395,40925,39308,54675,47324,59261,55759,71386,69878,86214,84468,59859,63986,38981,50248,12031,21504,37002,35546,51208,43566,56114,51927,67773,65569,82428,80553,57821,61665,37764,48539,11660,20782,640792,601924,79013,75753,109418,103587,35629,46,52
2021-09-11T23:59:59+02:00,4682,4393,40909,39282,54647,47297,59242,55743,71363,69867,86203,84460,59858,63983,38980,50247,12031,21502,36984,35535,51187,43546,56101,51915,67751,65559,82415,80549,57819,61664,37762,48539,11660,20781,640695,601877,79013,75752,109418,103587,35522,46,52
2021-09-10T23:59:59+02:00,4637,4354,40736,39108,54495,47164,59128,55592,71238,69765,86114,84379,59830,63955,38969,50234,12027,21495,36863,35446,51083,43457,56014,51824,67661,65494,82343,80495,57800,61643,37753,48525,11653,20775,639787,601463,79012,75752,109418,103587,34960,46,52
2021-09-09T23:59:59+02:00,4563,4268,40501,38892,54301,46943,58956,55374,71091,69602,86009,84286,59805,63909,38946,50205,12018,21489,36657,35270,50909,43308,55868,51663,67518,65374,82233,80416,57761,61598,37736,48504,11648,20767,638313,600335,79011,75750,109418,103587,34372,46,51
2021-09-08T23:59:59+02:00,4464,4174,40284,38633,54114,46761,58786,55205,70981,69483,85916,84210,59769,63870,38938,50172,12012,21482,36380,34998,50686,43097,55676,51479,67383,65246,82120,80312,57728,61542,37713,48465,11637,20753,636902,598604,79006,75742,109418,103587,33883,46,51
2021-09-07T23:59:59+02:00,4393,4116,40083,38462,53987,46645,58681,55098,70905,69397,85854,84145,59745,63842,38928,50155,12009,21479,36254,34888,50586,43019,55597,51415,67314,65179,82054,80255,57692,61511,37701,48442,11630,20745,635901,597948,78998,75729,109414,103586,33566,46,51
2021-09-06T23:59:59+02:00,4352,4068,39980,38360,53911,46573,58612,55023,70859,69342,85809,84108,59725,63826,38925,50150,12007,21475,36140,34770,50495,42949,55514,51332,67255,65108,81999,80193,57665,61481,37688,48429,11629,20743,635225,597193,78998,75691,109413,103575,33424,46,51
2021-09-05T23:59:59+02:00,4339,4051,39946,38331,53888,46542,58576,54995,70831,69319,85785,84085,59722,63823,38922,50145,12006,21471,36114,34748,50465,42927,55484,51311,67236,65091,81981,80177,57657,61476,37685,48423,11627,20740,635004,597044,78997,75686,109412,103575,33319,46,51
2021-09-04T23:59:59+02:00,4339,4049,39937,38329,53884,46535,58575,54993,70829,69315,85781,84078,59722,63821,38922,50145,12006,21471,36103,34745,50461,42920,55480,51310,67234,65087,81978,80173,57656,61474,37685,48423,11627,20740,634986,597029,78997,75685,109412,103573,33291,46,51
2021-09-03T23:59:59+02:00,4300,4019,39825,38215,53786,46468,58498,54911,70761,69255,85716,84047,59704,63805,38916,50140,12003,21468,36025,34674,50378,42877,55419,51258,67177,65045,81932,80141,57641,61460,37677,48417,11621,20739,634413,596713,78997,75680,109412,103573,32970,46,51
2021-09-02T23:59:59+02:00,4260,3977,39650,38053,53649,46307,58365,54784,70636,69136,85638,83982,59657,63768,38893,50113,12001,21458,35903,34593,50271,42793,55322,51170,67077,64962,81858,80078,57593,61427,37660,48393,11615,20732,633411,596158,78997,75679,109412,103569,32462,46,51
2021-09-01T23:59:59+02:00,4200,3907,39459,37881,53488,46161,58250,54671,70544,69048,85577,83906,59613,63736,38877,50100,11999,21447,35574,34249,50045,42536,55128,50979,66918,64794,81725,79968,57545,61370,37628,48365,11610,20726,632292,593959,78986,75667,109411,103568,32130,46,51
2021-08-31T23:59:59+02:00,4149,3861,39324,37730,53360,46050,58150,54563,70458,68974,85501,83851,59583,63707,38860,50071,11997,21444,35454,34145,49903,42436,55021,50893,66824,64727,81645,79914,57505,61335,37614,48345,11604,20723,631368,593382,78984,75666,109409,103340,31828,45,51
2021-08-30T23:59:59+02:00,4098,3817,39215,37606,53258,45965,58066,54487,70397,68895,85440,83804,59566,63682,38848,50060,11995,21438,35380,34073,49827,42372,54945,50821,66764,64665,81591,79857,57477,61306,37599,48323,11603,20712,630542,592792,78981,75631,109409,103328,31661,45,51
2021-08-29T23:59:59+02:00,4088,3807,39197,37587,53239,45950,58052,54468,70389,68885,85423,83787,59564,63680,38845,50056,11994,21437,35349,34047,49796,42355,54932,50795,66741,64637,81568,79842,57467,61290,37594,48317,11600,20711,630424,592590,78978,75614,109409,103328,31593,45,51
2021-08-28T23:59:59+02:00,4088,3807,39196,37587,53238,45948,58052,54468,70388,68883,85423,83787,59564,63680,38845,50056,11994,21437,35349,34046,49796,42355,54930,50795,66739,64636,81568,79842,57467,61290,37594,48317,11600,20711,630419,592587,78978,75613,109409,103328,31591,45,51
2021-08-27T23:59:59+02:00,4052,3765,39074,37487,53141,45843,57971,54375,70299,68805,85362,83728,59538,63656,38833,50046,11994,21435,35247,33986,49695,42294,54855,50720,66650,64574,81513,79803,57440,61270,37583,48306,11599,20710,629781,592173,78978,75611,109404,103326,31197,45,51
2021-08-26T23:59:59+02:00,3969,3703,38883,37306,52981,45677,57840,54226,70171,68689,85238,83636,59491,63610,38809,50026,11987,21425,35075,33815,49542,42132,54697,50562,66522,64445,81368,79689,57393,61211,37554,48280,11594,20702,628606,591017,78976,75599,109399,103321,30642,45,51
2021-08-25T23:59:59+02:00,3876,3636,38716,37109,52829,45490,57726,54087,70071,68588,85144,83544,59455,63569,38791,50007,11985,21418,34688,33402,49272,41816,54461,50298,66329,64242,81187,79518,57303,61130,37532,48242,11582,20690,627375,588273,78975,75597,109399,103321,30248,45,51
2021-08-24T23:59:59+02:00,3855,3620,38627,37035,52749,45420,57671,54034,70017,68541,85100,83504,59423,63542,38782,49990,11982,21408,34539,33279,49152,41726,54374,50214,66226,64149,81097,79439,57255,61086,37524,48226,11577,20681,626930,587352,78972,75593,109397,103316,29957,45,51
2021-08-23T23:59:59+02:00,3828,3585,38532,36940,52668,45353,57615,53966,69959,68489,85046,83465,59405,63516,38772,49977,11980,21400,34398,33139,49029,41648,54276,50129,66133,64053,81009,79376,57219,61037,37504,48207,11576,20670,626396,586477,78970,75558,109395,103303,29691,45,51
2021-08-22T23:59:59+02:00,3821,3585,38504,36929,52652,45334,57596,53953,69934,68471,85029,83452,59396,63505,38770,49968,11975,21398,34350,33100,49003,41610,54239,50100,66091,64028,80974,79350,57204,61022,37501,48198,11571,20666,626297,586186,78968,75548,109394,103302,29569,45,51
2021-08-21T23:59:59+02:00,3819,3582,38485,36922,52644,45323,57582,53947,69920,68459,85023,83443,59389,63503,38769,49968,11975,21398,34336,33094,48994,41601,54226,50095,66079,64017,80968,79343,57200,61021,37501,48198,11571,20666,626257,586169,78967,75547,109393,103302,29490,45,51
2021-08-20T23:59:59+02:00,3798,3550,38414,36852,52559,45252,57508,53884,69847,68405,84962,83396,59372,63484,38766,49964,11975,21392,34235,32989,48880,41533,54136,50022,65984,63950,80898,79290,57180,60998,37495,48193,11570,20662,625891,585652,78965,75544,109393,103299,29087,45,51
2021-08-19T23:59:59+02:00,3770,3517,38246,36711,52398,45114,57385,53780,69716,68285,84865,83320,59342,63440,38751,49947,11971,21380,33883,32732,48593,41290,53918,49827,65775,63766,80722,79156,57124,60925,37449,48155,11564,20651,625008,583736,78963,75449,109384,103286,28539,45,51
2021-08-18T23:59:59+02:00,3719,3467,38059,36555,52279,44993,57288,53674,69605,68191,84790,83256,59303,63396,38735,49927,11969,21372,33501,32320,48292,41033,53665,49548,65558,63555,80538,78995,57041,60839,37413,48113,11560,20639,624012,581167,78960,75321,109381,103279,28181,45,51
2021-08-17T23:59:59+02:00,3657,3419,37901,36398,52166,44871,57207,53578,69510,68105,84719,83193,59267,63363,38722,49904,11964,21363,33109,31876,47968,40724,53373,49258,65309,63312,80339,78788,56929,60728,37371,48064,11548,20628,623064,578060,78960,75305,109376,103258,27863,45,51
2021-08-16T23:59:59+02:00,3602,3365,37752,36250,52069,44772,57130,53504,69440,68037,84664,83146,59244,63332,38707,49888,11958,21355,32547,31317,47573,40308,52983,48875,65004,63048,80118,78593,56852,60612,37339,48010,11539,20606,622135,574035,78956,75270,109376,103238,27704,45,51
2021-08-15T23:59:59+02:00,3592,3356,37720,36225,52036,44753,57104,53471,69424,68020,84653,83135,59232,63328,38704,49879,11958,21353,32470,31219,47502,40244,52920,48814,64959,63007,80075,78565,56834,60592,37331,47997,11538,20602,621946,573476,78956,75239,109375,103227,27622,45,51
2021-08-14T23:59:59+02:00,3587,3352,37712,36218,52031,44749,57097,53465,69420,68017,84645,83131,59225,63323,38703,49877,11958,21353,32462,31213,47493,40241,52911,48807,64956,63004,80067,78563,56829,60587,37330,47995,11538,20602,621914,573447,78953,75239,109375,103227,27577,45,51
2021-08-13T23:59:59+02:00,3570,3339,37643,36176,51973,44700,57031,53415,69351,67977,84580,83095,59203,63311,38692,49863,11955,21347,32325,31100,47365,40142,52793,48708,64854,62924,79977,78513,56806,60566,37317,47985,11536,20597,621612,572648,78953,75237,109375,103227,27237,45,51
2021-08-12T23:59:59+02:00,3530,3311,37515,36055,51883,44610,56963,53329,69255,67903,84505,83029,59175,63287,38678,49851,11955,21344,31799,30612,46978,39792,52407,48361,64527,62693,79759,78304,56715,60478,37272,47942,11531,20580,620890,569178,78953,75208,109373,103120,26918,45,51
2021-08-11T23:59:59+02:00,3488,3271,37362,35908,51772,44505,56844,53210,69160,67811,84423,82948,59135,63249,38657,49835,11951,21340,31158,29995,46468,39403,51980,47925,64224,62414,79548,78100,56619,60371,37236,47869,11518,20562,619998,565140,78948,75184,109371,103032,26508,45,51
2021-08-10T23:59:59+02:00,3440,3224,37203,35757,51658,44385,56738,53102,69093,67740,84356,82891,59111,63211,38639,49821,11944,21335,30266,29015,45739,38702,51318,47320,63838,62052,79301,77856,56514,60267,37191,47800,11510,20550,619045,558942,78946,75182,109368,103029,26245,45,51
2021-08-09T23:59:59+02:00,3404,3195,37109,35650,51584,44315,56680,53060,69062,67698,84326,82859,59094,63196,38627,49802,11943,21333,29557,28270,45074,38126,50745,46743,63465,61695,79023,77607,56390,60169,37147,47745,11503,20536,618461,554847,78944,73727,109367,103003,26121,45,51
2021-08-08T23:59:59+02:00,3395,3181,37083,35633,51559,44290,56661,53050,69044,67680,84306,82844,59091,63191,38622,49795,11942,21332,29429,28128,44926,38030,50649,46659,63409,61638,78975,77567,56355,60151,37137,47734,11503,20533,618286,553917,78943,73719,109366,102971,26060,45,51
2021-08-07T23:59:59+02:00,3395,3181,37079,35627,51549,44289,56659,53050,69040,67677,84305,82842,59090,63191,38622,49795,11942,21332,29418,28122,44914,38024,50648,46655,63406,61632,78972,77564,56353,60150,37136,47733,11503,20532,618276,553882,78942,73715,109366,102971,26037,45,51
2021-08-06T23:59:59+02:00,3384,3167,37011,35572,51470,44226,56593,53007,68997,67645,84273,82814,59078,63171,38611,49789,11939,21330,29181,27895,44709,37839,50467,46513,63269,61516,78872,77496,56328,60125,37121,47723,11500,20529,617996,552434,78939,73709,109366,102970,25732,45,51
2021-08-05T23:59:59+02:00,3351,3127,36860,35438,51355,44091,56474,52889,68882,67531,84147,82740,59035,63117,38588,49768,11930,21320,28482,27278,44126,37357,49914,46057,62911,61219,78580,77276,56219,60029,37081,47671,11492,20513,617196,548127,78937,73699,109366,102791,25100,45,51
2021-08-04T23:59:59+02:00,3292,3064,36657,35268,51206,43945,56334,52773,68759,67404,84033,82628,58967,63059,38570,49739,11925,21310,27334,26154,43164,36479,48950,45153,62320,60613,78084,76836,56009,59848,37022,47580,11479,20493,616114,539772,78925,73659,109366,102737,24484,45,51
2021-08-03T23:59:59+02:00,3219,3006,36439,35065,51052,43803,56209,52647,68626,67288,83945,82555,58925,63015,38549,49708,11916,21295,26255,25039,42238,35587,48050,44269,61781,60081,77633,76428,55841,59661,36962,47493,11459,20462,614740,531444,78917,73612,109362,102711,24199,45,51
2021-08-02T23:59:59+02:00,3176,2952,36293,34914,50944,43694,56117,52547,68540,67197,83858,82480,58886,62967,38534,49689,11908,21283,25355,24037,41396,34848,47319,43528,61298,59612,77250,76084,55678,59512,36912,47416,11442,20441,613766,524483,78916,73557,109361,102569,23892,45,51
2021-08-01T23:59:59+02:00,3171,2946,36276,34892,50918,43676,56097,52522,68511,67184,83844,82467,58880,62962,38532,49685,11908,21283,25094,23789,41153,34648,47088,43331,61157,59476,77134,75988,55642,59483,36897,47403,11438,20437,613623,522622,78912,73516,109360,102504,23815,45,51
2021-07-31T23:59:59+02:00,3170,2945,36270,34891,50917,43675,56095,52521,68509,67183,83844,82466,58880,62962,38532,49685,11908,21282,25087,23775,41143,34641,47082,43325,61148,59474,77132,75987,55642,59480,36897,47403,11438,20436,613608,522555,78911,73515,109360,102504,23812,45,51
2021-07-30T23:59:59+02:00,3154,2931,36211,34827,50846,43625,56035,52462,68454,67143,83805,82427,58868,62948,38528,49678,11905,21279,24768,23464,40869,34426,46824,43128,60963,59344,76982,75870,55611,59440,36883,47391,11438,20435,613322,520616,78907,73513,109357,102396,23496,45,51
2021-07-29T23:59:59+02:00,3131,2903,36072,34704,50716,43497,55942,52361,68384,67079,83734,82376,58841,62930,38516,49669,11905,21278,23814,22473,39994,33678,45927,42345,60416,58903,76622,75566,55491,59302,36843,47336,11431,20424,612442,513562,78886,73388,109357,102229,23309,45,51
2021-07-28T23:59:59+02:00,3083,2848,35831,34466,50492,43324,55741,52212,68241,66937,83619,82277,58788,62883,38494,49632,11895,21270,22598,21222,38671,32577,44617,41173,59621,58243,76117,75108,55295,59114,36774,47232,11417,20399,611064,503766,78880,73222,109356,102071,22689,45,51
2021-07-27T23:59:59+02:00,3057,2829,35725,34345,50410,43241,55660,52160,68179,66869,83559,82206,58748,62840,38482,49617,11894,21261,21358,19825,37245,31241,43248,39872,58997,57650,75696,74697,55132,58938,36716,47177,11405,20376,610338,493344,78864,73047,109356,101958,22480,45,51
2021-07-26T23:59:59+02:00,3038,2810,35662,34249,50353,43188,55617,52111,68134,66831,83523,82178,58735,62824,38470,49605,11893,21259,20337,18722,35994,30126,41982,38722,58499,57250,75412,74446,55035,58838,36695,47142,11399,20362,609809,485103,78859,72718,109356,101797,22412,45,51
2021-07-25T23:59:59+02:00,3027,2805,35610,34207,50312,43143,55590,52088,68111,66806,83493,82155,58720,62817,38467,49602,11890,21253,19935,18356,35576,29796,41573,38415,58306,57095,75252,74339,54989,58800,36673,47122,11395,20358,609515,482369,78854,72444,109356,101769,22327,45,51
2021-07-24T23:59:59+02:00,3027,2805,35606,34203,50310,43140,55588,52087,68109,66806,83491,82154,58720,62817,38466,49602,11890,21253,19930,18346,35568,29786,41567,38414,58303,57093,75248,74337,54989,58800,36672,47122,11395,20358,609506,482331,78853,72444,109356,101767,22315,45,51
2021-07-23T23:59:59+02:00,3002,2780,35456,34086,50161,43040,55472,51981,68012,66712,83401,82102,58689,62788,38456,49597,11885,21250,19692,18125,35307,29610,41296,38233,58138,56964,75112,74261,54950,58776,36660,47112,11389,20352,608880,481211,78853,72151,109356,101765,21737,45,51
2021-07-22T23:59:59+02:00,2952,2695,35019,33716,49851,42803,55206,51754,67782,66530,83225,81951,58602,62694,38420,49550,11874,21232,18901,17462,34210,28876,40174,37402,57401,56495,74560,73887,54771,58597,36595,47028,11368,20326,606725,475686,78839,70721,109352,101544,20896,45,51
2021-07-21T23:59:59+02:00,2897,2637,34708,33385,49609,42591,55019,51568,67592,66345,83097,81825,58537,62642,38388,49510,11863,21222,18073,16631,32898,27882,38909,36444,56712,55933,74111,73526,54625,58422,36529,46944,11356,20293,604897,469783,78788,68531,109351,101331,20355,45,51
2021-07-20T23:59:59+02:00,2822,2575,34350,33000,49326,42356,54844,51374,67410,66187,82958,81703,58472,62587,38359,49464,11862,21207,16921,15508,31185,26479,37180,34991,55914,55285,73568,73080,54459,58233,36479,46859,11338,20255,602798,460613,78752,66791,109348,100992,19914,45,51
2021-07-19T23:59:59+02:00,2738,2504,33791,32436,49008,42047,54569,51107,67214,65971,82787,81533,58405,62505,38314,49412,11855,21192,16267,14933,30245,25797,36320,34277,55475,54863,73241,72842,54372,58147,36442,46809,11332,20233,599584,456924,78691,64623,109347,100821,19722,45,51
2021-07-18T23:59:59+02:00,2710,2486,33693,32324,48917,41990,54512,51049,67153,65920,82744,81491,58377,62480,38303,49398,11853,21185,15948,14668,29674,25417,35827,33929,55220,54702,73095,72741,54330,58108,36434,46795,11331,20229,598978,455484,78676,63088,109346,100793,19541,45,51
2021-07-17T23:59:59+02:00,2710,2486,33691,32322,48912,41988,54511,51047,67153,65919,82744,81490,58377,62479,38303,49398,11853,21185,15943,14662,29665,25402,35822,33925,55216,54701,73095,72741,54330,58108,36434,46795,11331,20229,598967,455440,78673,63084,109344,100793,19540,45,51
2021-07-16T23:59:59+02:00,2652,2421,33084,31797,48416,41641,54116,50714,66772,65596,82431,81257,58258,62367,38253,49349,11849,21178,15525,14341,29174,25033,35374,33594,54879,54448,72836,72549,54218,58019,36399,46757,11328,20225,596752,454056,78669,62955,109343,100785,17343,45,51
2021-07-15T23:59:59+02:00,2519,2289,32223,31016,47791,41071,53539,50232,66345,65249,82178,81018,58169,62271,38219,49306,11841,21159,14686,13670,27850,24202,34072,32784,54196,54048,72421,72320,54118,57923,36368,46721,11321,20209,591736,449872,78657,60563,109342,100204,16655,45,51
2021-07-14T23:59:59+02:00,2413,2202,31674,30488,47300,40630,53114,49834,66016,64967,81939,80770,58064,62175,38186,49256,11831,21146,13442,12526,25854,22748,32168,31261,53447,53456,71912,71981,53981,57798,36326,46660,11311,20194,587860,440740,78638,58635,109341,99869,16121,45,50
2021-07-13T23:59:59+02:00,2356,2133,31404,30221,47027,40407,52864,49608,65811,64778,81772,80621,57997,62098,38162,49219,11821,21133,12455,11675,24128,21437,30225,29676,52253,52288,71094,71191,53733,57521,36239,46545,11293,20167,585702,434016,78623,55712,109332,96716,15730,45,50
2021-07-12T23:59:59+02:00,2129,1926,30539,29291,46375,39874,52293,49041,65423,64389,81495,80349,57862,61971,38120,49161,11812,21112,11707,11048,22739,20457,28485,28298,51297,51430,70355,70573,53476,57243,36172,46427,11280,20136,579469,425913,78606,53153,109332,96563,15710,45,50
2021-07-11T23:59:59+02:00,2084,1889,30418,29181,46310,39802,52242,48977,65366,64333,81434,80306,57841,61951,38114,49143,11807,21107,11541,10899,22464,20272,28122,28026,51094,51285,70184,70429,53423,57162,36150,46410,11271,20129,578647,423843,78600,53111,109330,96430,15683,45,49
2021-07-10T23:59:59+02:00,2084,1887,30413,29174,46308,39797,52238,48976,65363,64332,81433,80304,57841,61949,38113,49143,11807,21107,11529,10881,22452,20258,28106,28014,51087,51281,70181,70426,53423,57162,36149,46410,11271,20129,578617,423759,78600,53109,109330,96420,15677,45,49
2021-07-09T23:59:59+02:00,2039,1849,30181,28939,46091,39616,52055,48804,65202,64221,81329,80223,57811,61919,38097,49128,11803,21105,11147,10608,21810,19821,27440,27463,50379,50713,69599,70015,53321,57074,36126,46376,11266,20118,577419,422683,78594,52795,109325,92968,15029,45,49
2021-07-08T23:59:59+02:00,1901,1721,29516,28406,45492,39113,51499,48338,64799,63913,81030,79990,57719,61829,38065,49076,11798,21091,9962,9498,19864,18185,24978,25478,49345,49914,68971,69477,53096,56860,36050,46290,11251,20092,573173,412144,78574,50362,109308,92742,14196,45,49
2021-07-07T23:59:59+02:00,1688,1525,28413,27199,44453,38151,50397,47344,64141,63275,80491,79507,57515,61598,38000,48992,11784,21050,9431,9019,18777,17349,23580,24272,48521,49268,68425,68988,52896,56618,35974,46192,11235,20052,563918,405797,78557,48749,109307,92453,13696,45,49
2021-07-06T23:59:59+02:00,1488,1367,27329,26153,43431,37234,49463,46412,63540,62712,80055,79101,57335,61416,37944,48898,11760,21023,8713,8273,17440,16347,21969,22991,47916,48817,68050,68722,52778,56504,35925,46155,11228,20037,555659,398329,78545,48323,109304,92157,13108,45,49
2021-07-05T23:59:59+02:00,1331,1243,26182,24899,42346,36234,48410,45343,62871,62136,79619,78700,57161,61227,37891,48822,11751,21000,8459,8047,16942,16033,21409,22607,47609,48591,67855,68573,52726,56430,35899,46136,11225,20032,546334,395750,78537,48009,109303,91899,12947,45,47
2021-07-04T23:59:59+02:00,1266,1179,25860,24570,42044,35975,48156,45161,62724,62001,79505,78604,57125,61187,37881,48803,11748,20997,8203,7891,16675,15838,21128,22408,47484,48492,67777,68498,52702,56405,35884,46131,11223,20031,544017,394723,78513,47346,109301,91815,12910,45,47
2021-07-03T23:59:59+02:00,1266,1178,25853,24558,42030,35968,48154,45161,62721,62000,79504,78603,57124,61187,37881,48803,11748,20997,8198,7883,16663,15828,21121,22401,47479,48491,67772,68497,52701,56405,35884,46131,11223,20031,543985,394688,78511,47345,109301,91805,12894,45,47
2021-07-02T23:59:59+02:00,1198,1121,25536,24208,41707,35687,47899,44909,62577,61852,79430,78532,57107,61165,37875,48791,11744,20992,8019,7731,16294,15560,20678,22093,46511,47712,67275,68147,52618,56313,35869,46113,11222,20028,541602,392198,78510,47341,109296,89787,12877,45,47
2021-07-01T23:59:59+02:00,1143,1071,25159,23845,41326,35339,47504,44558,62325,61614,79240,78362,57044,61102,37844,48750,11737,20982,7627,7396,15476,14781,19507,21059,44975,46224,66061,67068,52308,56010,35772,45993,11198,20001,538459,386371,78407,46514,109287,85834,12747,45,47
2021-06-30T23:59:59+02:00,1070,1007,24735,23396,40895,34965,47095,44182,62097,61402,79067,78214,56967,61024,37817,48700,11729,20961,7253,7036,14529,13975,18077,19852,41762,43493,64362,65623,51841,55512,35623,45800,11171,19952,535007,374345,78374,45820,109283,83079,12614,45,46
2021-06-29T23:59:59+02:00,979,898,24234,22862,40378,34548,46661,43767,61835,61125,78856,78036,56888,60959,37789,48656,11723,20942,6975,6725,13867,13481,16913,18931,37435,39802,63008,64370,51354,55012,35490,45622,11140,19909,530937,359035,78365,45609,109283,82870,12506,45,46
2021-06-28T23:59:59+02:00,950,865,23895,22471,39922,34164,46239,43400,61596,60869,78665,77882,56816,60891,37760,48626,11720,20927,6665,6405,13207,12978,15899,18094,33781,36754,61884,63337,50999,54617,35395,45472,11115,19871,529186,350352,76675,40910,109282,82717,12470,45,46
2021-06-27T23:59:59+02:00,936,852,23803,22379,39849,34101,46180,43341,61564,60832,78630,77851,56801,60879,37754,48619,11719,20922,6575,6330,12973,12836,15475,17856,32948,36108,61627,63138,50909,54547,35377,45450,11113,19867,528572,347449,76670,40645,109276,82560,12449,45,46
2021-06-26T23:59:59+02:00,935,852,23797,22373,39842,34098,46179,43340,61563,60831,78630,77851,56801,60879,37754,48618,11719,20922,6572,6323,12967,12823,15467,17849,32944,36107,61620,63136,50907,54541,35377,45450,11113,19866,528544,347384,76670,40644,109276,82559,12449,45,46
2021-06-25T23:59:59+02:00,912,826,23682,22258,39759,34011,46097,43269,61519,60784,78582,77831,56790,60865,37751,48615,11718,20920,6474,6210,12856,12690,15329,17688,32225,35446,61231,62812,50829,54457,35369,45429,11110,19865,527753,344369,76670,40632,109273,82543,12448,45,46
2021-06-24T23:59:59+02:00,845,768,23296,21831,39408,33701,45745,42967,61314,60590,78421,77694,56736,60810,37728,48585,11713,20910,6135,5910,12292,12225,14624,17005,28921,32728,58948,60958,50243,53859,35234,45221,11092,19817,524794,330551,76621,40370,109271,81928,12331,45,46
2021-06-23T23:59:59+02:00,740,674,22656,21169,38833,33114,45092,42256,60949,60199,78172,77442,56633,60674,37682,48532,11703,20890,5981,5719,11923,11879,14117,16477,25553,29966,57306,59430,49719,53321,35115,45047,11071,19774,519209,321121,76568,37429,109268,81494,12320,45,46
2021-06-22T23:59:59+02:00,679,610,22232,20725,38428,32694,44659,41789,60675,59914,77967,77203,56535,60563,37645,48459,11690,20868,5790,5582,11599,11619,13693,16102,21211,26435,55230,57729,49120,52718,34938,44831,11051,19730,515402,306761,76441,37375,109262,81020,12185,45,46
2021-06-21T23:59:59+02:00,642,569,21981,20488,38176,32463,44412,41513,60484,59702,77835,77062,56483,60479,37620,48418,11681,20852,5657,5472,11290,11422,13354,15840,19659,25202,54312,56960,46896,50263,34338,44109,11028,19671,513357,301437,76237,37307,109245,74714,11976,45,46
2021-06-20T23:59:59+02:00,613,550,21692,20193,37881,32187,44129,41259,60332,59534,77697,76915,56434,60436,37600,48401,11678,20845,5600,5427,11158,11334,13201,15712,19264,24877,54045,56777,45238,48278,33772,43474,11008,19651,510970,300809,76158,36555,109233,69445,11970,45,44
2021-06-19T23:59:59+02:00,611,550,21687,20181,37864,32182,44126,41255,60326,59530,77695,76912,56431,60435,37600,48400,11678,20845,5594,5418,11153,11331,13192,15706,19256,24869,54031,56765,45229,48268,33771,43474,11008,19651,510907,300725,76153,36552,109233,69432,11970,45,44
2021-06-18T23:59:59+02:00,597,536,21590,20070,37799,32127,44052,41169,60271,59484,77651,76870,56408,60413,37595,48387,11677,20844,5499,5252,10856,10794,12818,15123,18713,23850,53177,55458,45026,48105,33743,43425,11002,19639,510152,299153,76147,36551,109227,64770,11969,45,44
2021-06-17T23:59:59+02:00,512,444,20870,19355,37040,31492,43256,40415,59864,59117,77353,76615,56291,60284,37546,48320,11664,20819,5306,5039,10472,10238,12293,14350,17782,22489,51603,53515,43874,46756,33425,43028,10955,19556,504155,291830,76055,36423,109217,60606,11785,45,44
2021-06-16T23:59:59+02:00,405,366,20069,18399,36052,30557,42249,39439,59321,58635,76953,76296,56145,60125,37487,48233,11654,20796,5116,4883,9961,9917,11557,13854,16233,21184,47725,49967,42118,44751,32960,42457,10892,19430,496753,275660,75517,36223,109201,59421,11665,45,43
2021-06-15T23:59:59+02:00,295,263,19255,17543,35128,29700,41320,38554,58884,58197,76617,75965,56001,59955,37428,48163,11639,20762,4911,4756,9436,9657,10852,13383,14723,19995,43458,45879,40565,42907,32480,41835,10825,19302,489526,258481,75401,36189,109191,58752,11506,45,42
2021-06-14T23:59:59+02:00,191,172,18139,16307,33878,28427,39859,37146,58291,57633,76221,75623,55873,59810,37384,48092,11630,20747,4784,4662,9089,9447,10374,13065,13550,18988,40816,43324,39492,41758,32187,41434,10793,19217,479773,247304,74963,36163,109187,58021,11456,44,42
2021-06-13T23:59:59+02:00,150,133,17633,15902,33399,28024,39368,36764,58077,57452,76072,75522,55846,59770,37362,48070,11627,20738,4698,4613,8943,9375,10211,12997,12944,18534,40348,42931,39254,41535,32126,41350,10787,19203,476696,246340,74661,34738,109180,57407,11328,44,42
2021-06-12T23:59:59+02:00,150,133,17629,15883,33386,28015,39361,36760,58072,57449,76068,75520,55845,59768,37361,48070,11627,20738,4691,4608,8932,9370,10199,12990,12932,18521,40165,42784,39231,41520,32122,41348,10787,19202,476627,245905,74657,34738,109180,57396,11327,44,42
2021-06-11T23:59:59+02:00,148,133,17546,15825,33240,27946,39187,36705,57951,57411,75997,75494,55832,59763,37359,48067,11627,20737,4608,4416,8771,8809,10006,12270,12698,17450,39675,41486,39076,41389,32104,41312,10785,19201,476290,245413,74244,34736,109072,52553,11318,44,42
2021-06-10T23:59:59+02:00,133,113,16704,15108,31821,27029,37941,35794,57269,56952,75587,75222,55741,59671,37320,48022,11616,20719,4354,4222,8214,8313,9323,11512,11963,16383,36825,38448,38272,40585,31938,41130,10769,19171,472397,238349,71268,34604,108795,48175,10258,44,42
2021-06-09T23:59:59+02:00,111,87,15928,14400,30543,26125,36726,34910,56694,56565,75243,74995,55656,59564,37293,47977,11603,20699,4172,4069,7855,8126,8857,11294,11342,16003,31739,33583,36774,39052,31693,40861,10748,19122,467739,224430,68830,34480,108749,46590,9757,44,39
2021-06-08T23:59:59+02:00,84,69,15006,13530,29165,25033,35355,33898,56079,56161,74941,74774,55582,59485,37270,47945,11599,20689,4092,4005,7700,8010,8704,11180,11050,15797,28918,30771,35819,38116,31533,40665,10724,19089,463145,216961,65381,34423,108702,45363,9393,44,39
2021-06-07T23:59:59+02:00,76,56,14372,12944,27792,24220,34199,33119,55607,55904,74696,74662,55545,59445,37254,47934,11599,20685,3999,3931,7506,7885,8402,11047,10682,15551,24583,26391,34353,36582,31311,40398,10696,19061,460009,205175,62348,34358,108670,43774,9038,44,39
2021-06-06T23:59:59+02:00,75,53,14048,12752,27010,23800,33549,32700,55298,55739,74537,74593,55523,59421,37240,47925,11597,20684,3932,3895,7355,7841,8247,10963,10360,15350,21760,23513,33350,35502,31171,40244,10689,19046,458862,202385,60296,29113,108642,42988,8700,44,38
2021-06-05T23:59:59+02:00,75,51,14019,12724,26969,23759,33520,32681,55293,55729,74531,74586,55518,59416,37235,47923,11597,20684,3910,3881,7319,7820,8200,10946,10297,15308,20332,21962,32556,34623,31101,40163,10685,19039,458742,197414,60190,29110,108635,42887,8699,44,38
2021-06-04T23:59:59+02:00,69,47,13791,12463,26659,23444,33183,32372,55233,55648,74493,74566,55509,59411,37234,47921,11597,20683,3879,3852,7240,7741,8143,10868,10217,15185,20224,21845,32483,34568,31069,40126,10682,19036,456848,197332,60128,29098,108604,41997,8699,44,38
2021-06-03T23:59:59+02:00,51,42,13222,11974,25624,22758,32048,31623,54741,55315,74178,74373,55436,59330,37199,47889,11590,20666,3751,3760,6967,7571,7862,10696,9890,14948,18336,19983,30508,32263,30796,39795,10659,18988,452511,188742,58627,29078,108588,40635,8289,44,35
2021-06-02T23:59:59+02:00,37,30,12530,11220,24629,21857,30909,30669,54476,55050,73986,74232,55384,59248,37182,47867,11582,20659,3716,3740,6910,7516,7806,10648,9807,14857,17816,19435,28580,30089,30697,39652,10652,18977,446190,183212,58448,29077,108587,40301,8279,43,35
2021-06-01T23:59:59+02:00,23,16,11400,10333,22494,20419,28375,28773,53067,53988,72982,73449,55077,58920,37059,47693,11546,20597,3487,3566,6411,7209,7203,10226,8951,14256,15869,17618,24797,25838,30013,38769,10576,18823,436670,169211,53973,28941,108549,38457,6976,43,33
2021-05-31T23:59:59+02:00,18,12,10535,9666,20656,19248,26329,27264,51959,53139,72278,72900,54860,58657,36985,47588,11532,20561,3345,3414,6076,6964,6803,9928,8410,13901,14803,16642,23605,24466,29625,38282,10516,18729,429870,163469,49598,28904,108529,36963,6147,43,32
2021-05-30T23:59:59+02:00,16,9,10183,9318,19933,18750,25622,26684,51619,52857,72044,72703,54783,58579,36960,47560,11524,20552,3162,3222,5727,6697,6514,9685,8193,13695,14544,16371,23313,24149,29515,38176,10502,18701,427280,162643,49190,28847,108496,35963,4687,43,32
2021-05-29T23:59:59+02:00,16,9,10167,9306,19915,18723,25603,26658,51607,52853,72040,72693,54781,58574,36959,47560,11523,20552,3160,3214,5724,6693,6509,9683,8185,13687,14534,16366,23302,24141,29511,38171,10501,18700,427123,162573,49190,28845,108496,35950,4687,43,32
2021-05-28T23:59:59+02:00,16,9,10102,9210,19776,18554,25343,26428,51448,52678,71893,72562,54742,58524,36945,47540,11520,20539,3113,3138,5632,6552,6408,9481,8071,13410,14341,16089,23150,23986,29458,38108,10494,18691,425472,162184,49153,28844,108476,34383,4686,42,31
2021-05-27T23:59:59+02:00,16,9,8840,8007,17365,16739,22564,24274,50354,51864,71225,72071,54543,58300,36849,47445,11506,20509,2814,2805,4787,5929,5513,8698,7278,12424,13214,14898,22158,22951,29073,37655,10439,18604,413532,158362,48197,28582,108331,29893,2378,42,31
2021-05-26T23:59:59+02:00,15,9,8438,7591,16489,15934,21376,23264,49748,51317,70806,71684,54392,58135,36781,47367,11495,20479,2627,2632,4418,5593,5035,8193,6801,11776,12245,13917,21259,21919,28761,37212,10393,18519,407934,154508,47465,28494,108250,26644,1630,41,30
2021-05-25T23:59:59+02:00,15,9,7863,6987,15245,15050,19926,22090,49270,50916,70558,71499,54306,58046,36756,47339,11491,20469,2548,2529,4228,5463,4789,7966,6522,11466,11688,13386,19112,19750,28389,36676,10358,18470,401128,148829,47224,28481,108205,24769,1237,41,30
2021-05-24T23:59:59+02:00,15,9,7775,6886,15022,14923,19641,21910,49169,50797,70514,71459,54302,58040,36753,47336,11489,20466,2505,2466,4144,5297,4695,7722,6397,11182,11549,13145,18998,19637,28338,36630,10351,18459,399991,148678,47144,28438,108108,23154,1222,41,29
2021-05-23T23:59:59+02:00,14,9,7759,6873,14986,14906,19587,21883,49159,50795,70510,71453,54300,58036,36753,47334,11489,20466,2503,2462,4137,5292,4685,7718,6392,11169,11528,13122,18857,19439,28307,36591,10349,18457,399804,148190,47144,28436,108108,23145,1215,41,28
2021-05-22T23:59:59+02:00,14,9,7756,6865,14976,14894,19576,21876,49159,50793,70507,71453,54300,58035,36753,47334,11489,20466,2501,2455,4130,5286,4683,7718,6389,11166,11519,13119,18844,19433,28306,36591,10349,18457,399749,148153,47144,28436,108108,23121,1213,41,28
2021-05-21T23:59:59+02:00,14,8,7682,6768,14846,14759,19371,21716,48918,50559,70366,71347,54273,58008,36746,47327,11483,20460,2430,2371,4043,5147,4580,7505,6266,10869,11347,12830,18778,19367,28290,36561,10346,18455,398177,147901,47141,28435,108083,21616,1210,40,28
2021-05-20T23:59:59+02:00,14,8,7409,6475,14260,14236,18435,20843,46235,48203,69211,70371,53915,57640,36638,47185,11452,20429,2168,2209,3681,4782,4137,6956,5711,10036,10259,11731,17501,18073,27785,35962,10272,18308,387180,142649,46976,28145,107775,17762,992,36,28
2021-05-19T23:59:59+02:00,13,7,7169,6253,13598,13755,17167,19844,42245,44721,67721,69063,53461,57114,36474,46957,11415,20378,2092,2009,3516,4443,3889,6432,5266,9351,9265,10615,16025,16424,27090,35047,10146,18099,372405,135485,46404,28002,107538,15237,972,36,18
2021-05-18T23:59:59+02:00,13,5,6972,6074,13053,13325,16072,18987,37525,40702,66268,67739,52905,56575,36323,46733,11374,20322,2045,1879,3378,4254,3703,6115,4932,8870,8397,9743,14441,14688,26382,34195,10056,17927,356304,128850,46340,27439,107379,13795,908,36,18
2021-05-17T23:59:59+02:00,13,5,6838,5980,12730,13077,15575,18596,35345,38835,65431,66957,52632,56260,36240,46624,11360,20285,1974,1817,3190,4073,3482,5885,4609,8498,7620,9043,11180,10670,25472,33045,9975,17759,352582,123634,42063,21351,107299,12491,803,36,18
2021-05-16T23:59:59+02:00,13,5,6775,5896,12604,12923,15402,18428,34854,38365,65245,66787,52575,56197,36227,46596,11355,20280,1916,1720,3086,3950,3402,5783,4504,8353,7437,8855,8988,8072,24990,32363,9941,17702,351101,122493,41554,16001,107263,11981,574,35,18
2021-05-15T23:59:59+02:00,13,5,6770,5887,12598,12917,15398,18423,34847,38362,65243,66785,52575,56196,36227,46596,11355,20280,1915,1719,3083,3944,3397,5780,4499,8350,7435,8852,8986,8070,24989,32363,9941,17702,351056,122462,41554,16001,107261,11978,571,35,18
2021-05-14T23:59:59+02:00,13,5,6573,5790,12355,12856,15166,18331,33872,37570,64707,66376,52479,56109,36210,46562,11353,20275,1799,1631,2972,3875,3340,5672,4449,8204,7387,8723,8979,8064,24988,32363,9941,17701,347686,122404,41522,15997,106800,11115,560,34,17
2021-05-13T23:59:59+02:00,13,5,6326,5603,11951,12602,14601,17881,30340,34781,62232,64299,51848,55435,36074,46343,11341,20227,1756,1591,2916,3798,3308,5580,4406,8101,7304,8604,8940,8005,24969,32321,9936,17697,333699,122153,41297,15973,106375,10596,497,34,17
2021-05-12T23:59:59+02:00,13,5,6309,5579,11878,12539,14492,17772,29704,34205,61725,63846,51675,55262,36038,46298,11334,20214,1756,1588,2915,3797,3303,5580,4404,8100,7302,8598,8933,8002,24969,32319,9936,17696,330704,122131,41285,15962,106370,10595,497,32,17
2021-05-11T23:59:59+02:00,12,5,5987,5444,11436,12263,13946,17390,25445,30716,59344,61843,51014,54584,35850,46055,11313,20151,1714,1473,2812,3535,3182,5204,4265,7657,7150,8276,8849,7919,24940,32279,9933,17685,315778,121891,41232,15776,105387,8821,372,29,17
2021-05-10T23:59:59+02:00,12,5,5859,5371,11273,12149,13727,17221,21976,27957,58097,60727,50651,54233,35758,45932,11298,20120,1676,1377,2726,3305,3081,4872,4154,7167,7028,7839,8808,7859,24928,32258,9931,17681,305861,121745,41072,15627,105097,6998,307,29,17
2021-05-09T23:59:59+02:00,12,5,5782,5339,11184,12084,13626,17140,20373,26776,57632,60341,50548,54134,35732,45891,11291,20115,1659,1355,2668,3181,3030,4732,4109,7047,6975,7745,8797,7847,24921,32252,9930,17681,305291,121700,37499,15581,104893,6341,294,28,17
2021-05-08T23:59:59+02:00,12,5,5779,5336,11173,12080,13616,17131,20365,26770,57623,60335,50545,54126,35728,45888,11289,20112,1658,1355,2668,3179,3030,4732,4106,7044,6974,7744,8796,7847,24920,32250,9930,17681,305201,121685,37498,15581,104892,6341,294,28,17
2021-05-07T23:59:59+02:00,12,5,5739,5301,11108,12031,13508,17052,19911,26414,56625,59524,50416,53996,35698,45857,11286,20098,1554,1312,2588,3134,2988,4704,4072,7021,6952,7712,8788,7839,24918,32249,9930,17680,302036,121651,37481,15573,104748,5915,289,27,17
2021-05-06T23:59:59+02:00,12,5,5487,5189,10594,11723,12802,16599,18613,25425,52364,55867,49221,52617,35369,45456,11235,19997,1330,1180,2352,2962,2820,4539,3921,6821,6802,7562,8715,7760,24898,32214,9927,17673,286903,121387,37295,15435,104192,4479,162,23,17
2021-05-05T23:59:59+02:00,12,5,5228,5090,10099,11489,12047,16149,17281,24445,48005,51727,47554,50703,34933,44886,11160,19877,1284,1086,2289,2834,2736,4360,3827,6583,6695,7363,8600,7666,24836,32139,9921,17657,269746,120907,37069,15390,103805,3519,47,23,17
2021-05-04T23:59:59+02:00,12,5,5144,5005,9784,11277,11595,15761,16304,23578,46133,49700,46487,49400,34560,44400,11094,19769,1272,1067,2260,2793,2695,4275,3775,6475,6623,7287,8557,7627,24816,32122,9920,17652,259390,120690,37045,15328,103526,3161,24,23,17
2021-05-03T23:59:59+02:00,12,5,5041,4918,9434,11106,11134,15498,15243,22715,44562,48081,45606,48448,34340,44053,11066,19679,1257,1041,2228,2761,2653,4211,3727,6421,6548,7233,7987,6937,23072,29793,9782,17415,250368,114871,37036,15246,103498,2920,16,23,17
2021-05-02T23:59:59+02:00,12,5,4979,4899,9319,11070,10988,15437,14630,22226,44043,47671,45466,48282,34290,43991,11060,19668,1253,1036,2210,2758,2640,4203,3698,6407,6528,7219,7798,6693,21098,27383,9735,17327,249159,114848,35399,10236,103444,2877,11,23,17
2021-05-01T23:59:59+02:00,12,5,4979,4897,9314,11066,10985,15434,14626,22222,44041,47667,45465,48282,34290,43991,11060,19668,1252,1036,2210,2758,2640,4203,3697,6407,6527,7219,7798,6692,21098,27383,9735,17327,249129,114845,35399,10236,103442,2876,11,23,17
2021-04-30T23:59:59+02:00,12,5,4932,4874,9248,11051,10930,15409,14550,22196,42561,46254,45131,47951,34253,43939,11055,19658,1043,941,2013,2668,2541,4142,3611,6347,6464,7160,7791,6675,21097,27381,9735,17327,245146,114836,35399,10233,103430,1843,11,23,16
2021-04-29T23:59:59+02:00,12,5,4690,4792,8778,10900,10325,15238,13864,21988,37627,41937,44120,46923,34132,43821,11051,19628,861,862,1839,2589,2455,4076,3503,6276,6395,7112,7769,6656,21092,27375,9735,17327,231411,114803,35296,10129,103090,966,11,23,16
2021-04-28T23:59:59+02:00,12,5,4514,4757,8528,10815,9974,15148,13510,21833,32984,37436,42875,45671,34006,43673,11037,19610,819,832,1801,2543,2422,4000,3467,6167,6346,7021,7750,6637,21080,27362,9730,17320,218199,114720,35278,10081,102880,474,10,21,15
2021-04-27T23:59:59+02:00,11,4,4283,4542,8184,10367,9589,14564,13041,21185,31858,36312,42596,45391,33990,43645,11033,19607,791,818,1767,2519,2404,3982,3449,6148,6311,6994,7739,6629,21075,27357,9727,17314,215483,114662,35268,10050,99420,290,10,21,15
2021-04-26T23:59:59+02:00,11,4,4261,4514,8109,10329,9481,14509,12892,21126,27449,31932,41378,44170,33910,43545,11020,19596,759,807,1737,2500,2375,3962,3426,6127,6260,6948,7691,6580,21044,27326,9727,17307,203610,114462,35259,10006,99337,86,10,20,15
2021-04-25T23:59:59+02:00,11,4,4238,4501,8077,10302,9418,14477,12799,21080,25482,29891,40678,43409,33863,43487,11016,19591,747,799,1725,2486,2357,3947,3402,6106,6228,6919,7671,6564,21027,27305,9726,17303,202945,114436,30148,9773,99202,82,9,20,15
2021-04-24T23:59:59+02:00,11,4,4219,4490,8047,10274,9377,14461,12747,21059,23980,28229,39920,42569,33798,43411,11013,19585,746,798,1722,2484,2356,3943,3402,6102,6228,6916,7669,6562,21026,27305,9726,17303,197883,114416,30148,9772,99134,79,9,20,15
2021-04-23T23:59:59+02:00,10,4,3954,4338,7579,9980,8949,14106,12185,20657,23500,27929,39833,42507,33777,43378,11007,19578,732,788,1705,2471,2336,3927,3379,6079,6206,6897,7655,6544,21021,27294,9726,17302,197534,114401,30134,9573,95576,67,9,18,15
2021-04-22T23:59:59+02:00,10,4,3862,4280,7389,9865,8671,13913,11741,20329,21175,25569,37081,39269,33252,42711,10936,19458,719,779,1678,2441,2278,3870,3308,6007,6098,6801,7576,6457,20968,27250,9723,17287,184525,114282,29945,8874,95018,65,9,18,13
2021-04-21T23:59:59+02:00,10,4,3834,4248,7261,9787,8489,13742,11408,20040,19917,24365,33874,35559,32771,42011,10874,19332,695,761,1644,2413,2234,3845,3274,5974,6056,6761,7547,6430,20949,27226,9720,17283,172784,114171,29773,8561,94942,61,9,18,13
2021-04-20T23:59:59+02:00,10,4,3800,4221,7155,9718,8275,13586,11042,19743,18824,23218,30567,31916,32298,41414,10817,19225,687,751,1629,2401,2201,3823,3231,5929,6015,6720,7507,6385,20924,27203,9714,17280,161174,114016,29750,8306,94882,59,9,18,13
2021-04-19T23:59:59+02:00,10,4,3781,4204,7081,9680,8157,13476,10787,19557,18161,22558,29697,30791,32007,41051,10775,19151,679,746,1607,2387,2177,3793,3196,5896,5981,6689,7463,6352,20893,27175,9712,17276,156350,113884,29732,8062,94819,57,9,18,13
2021-04-18T23:59:59+02:00,10,4,3778,4198,7065,9666,8142,13458,10752,19532,18074,22476,29576,30666,31979,41029,10772,19143,677,742,1592,2375,2160,3778,3171,5870,5952,6666,7441,6339,20875,27153,9709,17273,155860,113825,29665,7873,94769,56,9,17,13
2021-04-17T23:59:59+02:00,10,4,3777,4196,7063,9664,8139,13458,10746,19525,18061,22465,29553,30653,31977,41027,10772,19143,676,742,1591,2374,2158,3777,3168,5869,5950,6664,7441,6339,20875,27153,9709,17273,155780,113812,29664,7873,94763,55,9,17,13
2021-04-16T23:59:59+02:00,10,4,3610,4158,6718,9535,7771,13271,10349,19280,17607,22190,29350,30495,31895,40938,10758,19124,664,724,1579,2359,2131,3762,3114,5832,5908,6614,7349,6250,20462,26588,9679,17212,155031,112488,29656,7668,92350,52,9,17,13
2021-04-15T23:59:59+02:00,10,4,3509,4079,6367,9163,7194,12771,9572,18447,16286,20964,28155,29203,31376,40298,10679,18950,634,701,1527,2321,2050,3675,3004,5712,5581,6376,6852,5863,19729,25673,9583,17044,149301,109132,29363,7127,88337,47,9,17,13
2021-04-14T23:59:59+02:00,9,4,3456,4029,6134,8926,6863,12394,8952,17898,15167,19933,26750,27702,30747,39422,10572,18755,600,675,1481,2283,1975,3597,2862,5589,5272,6141,6310,5355,18715,24391,9498,16871,142513,104884,29164,6671,86011,41,9,16,13
2021-04-13T23:59:59+02:00,9,4,3424,3997,6043,8848,6715,12264,8650,17652,14369,19242,23416,24151,29819,38247,10468,18583,595,666,1468,2261,1946,3563,2767,5518,5057,5957,5947,5015,18416,24047,9459,16805,130919,102789,29154,6640,85803,40,9,16,12
2021-04-12T23:59:59+02:00,9,4,3402,3976,5993,8789,6627,12180,8433,17458,13752,18712,22414,23000,29395,37689,10399,18461,585,658,1458,2253,1923,3542,2711,5469,4909,5853,5628,4734,18123,23744,9421,16745,125840,101204,29135,6494,85693,40,9,16,12
2021-04-11T23:59:59+02:00,9,4,3396,3970,5975,8765,6599,12163,8393,17435,13663,18652,22284,22852,29346,37627,10390,18437,582,653,1445,2243,1910,3534,2694,5452,4871,5816,5569,4675,17950,23510,9400,16716,125307,100540,29068,6422,85560,40,9,16,12
2021-04-10T23:59:59+02:00,9,4,3388,3969,5952,8764,6577,12162,8371,17434,13639,18650,22279,22849,29342,37626,10390,18437,581,651,1439,2236,1905,3531,2688,5444,4855,5808,5557,4658,17787,23256,9386,16692,125286,100027,28977,6390,85555,40,8,16,12
2021-04-09T23:59:59+02:00,8,4,3350,3957,5905,8752,6519,12144,8332,17407,13588,18604,20328,20441,28861,37011,10360,18388,568,638,1413,2214,1878,3507,2646,5408,4784,5746,5441,4554,17210,22523,9348,16621,124593,98260,23869,6191,85475,32,7,15,12
2021-04-08T23:59:59+02:00,8,4,3326,3938,5836,8721,6444,12106,8242,17343,13444,18485,17736,17379,28341,36346,10323,18338,526,608,1324,2132,1784,3410,2467,5224,4290,5382,4637,3947,15430,20294,9162,16319,123726,91279,18014,5620,84599,22,6,15,12
2021-04-07T23:59:59+02:00,6,4,3248,3910,5626,8671,6237,12046,8033,17268,13183,18389,15071,14311,27665,35548,10293,18285,503,580,1271,2077,1689,3330,2314,5084,3882,5052,3922,3382,14578,19429,9050,16138,123517,86975,16480,5273,77777,19,5,15,12
2021-04-06T23:59:59+02:00,5,4,3220,3900,5581,8653,6167,12023,7946,17232,13110,18318,13088,11947,27033,34834,10280,18255,472,557,1203,2022,1604,3248,2152,4965,3512,4776,3397,2972,13737,18430,8976,16022,123391,83344,16278,4674,71907,15,5,15,10
2021-04-05T23:59:59+02:00,5,4,3218,3897,5545,8639,6130,12011,7901,17216,13038,18282,13043,11901,27022,34818,10279,18252,440,527,1151,1985,1553,3207,2084,4911,3424,4700,3340,2920,13594,18259,8967,16004,123367,82853,16070,4187,71745,15,4,15,10
2021-04-04T23:59:59+02:00,5,4,3217,3895,5545,8637,6128,12010,7900,17214,13038,18282,13040,11901,27021,34818,10279,18252,439,526,1150,1985,1553,3207,2083,4911,3424,4700,3340,2920,13593,18259,8967,16004,123357,82848,16070,4187,71740,15,4,15,10
2021-04-03T23:59:59+02:00,5,4,3216,3895,5545,8636,6128,12010,7900,17214,13038,18282,13040,11900,27020,34815,10279,18252,439,524,1150,1985,1552,3207,2083,4910,3418,4697,3334,2909,13506,18123,8958,15988,123352,82570,16070,4187,71738,15,4,15,10
2021-04-02T23:59:59+02:00,5,4,3216,3892,5542,8631,6124,12001,7892,17202,13012,18251,12994,11848,26992,34796,10276,18248,436,517,1148,1981,1540,3198,2073,4888,3388,4664,3303,2880,12577,16878,8893,15880,123186,80114,16067,4106,71654,15,4,15,8
2021-04-01T23:59:59+02:00,5,4,3201,3878,5503,8611,6057,11969,7822,17167,12901,18179,12879,11721,26934,34720,10267,18233,389,473,1051,1914,1440,3110,1923,4775,3186,4532,3070,2680,10551,14287,8783,15705,122871,74529,15944,3317,71219,15,3,14,8
2021-03-31T23:59:59+02:00,5,4,3200,3865,5486,8577,6024,11933,7779,17122,12820,18110,12765,11598,26882,34658,10259,18224,351,451,1015,1872,1368,3070,1819,4672,2931,4336,2659,2365,7982,11059,8607,15466,122559,67024,15904,2977,70832,14,3,13,7
2021-03-30T23:59:59+02:00,5,4,3193,3854,5461,8549,5992,11902,7740,17082,12743,18044,12678,11461,26845,34610,10254,18214,330,432,992,1840,1308,3035,1695,4593,2685,4164,2293,2118,7101,9976,8541,15339,122428,63721,15872,2700,70316,14,2,13,7
2021-03-29T23:59:59+02:00,5,4,3181,3850,5432,8530,5956,11868,7696,17049,12669,17967,12033,10704,24979,32125,10105,17959,324,429,985,1825,1288,3010,1660,4555,2539,4079,2007,1970,6451,9268,8497,15261,116443,61432,15702,2697,69952,12,2,13,7
2021-03-28T23:59:59+02:00,5,4,3151,3834,5384,8492,5906,11825,7615,16994,12559,17897,11770,10401,22996,29664,10050,17860,323,427,983,1824,1280,3006,1656,4553,2527,4071,1982,1950,6428,9253,8495,15256,116384,61302,10524,2695,69484,12,2,13,5
2021-03-27T23:59:59+01:00,5,4,3139,3830,5345,8481,5870,11810,7568,16979,12513,17850,11736,10358,22992,29656,10050,17860,323,427,983,1824,1280,3006,1655,4551,2525,4069,1980,1948,6380,9178,8462,15207,116316,61086,10523,2695,69192,12,2,13,5
2021-03-26T23:59:59+01:00,5,4,3003,3506,4894,7326,5375,10490,6957,14933,11704,15574,11516,10178,22509,28930,10005,17789,322,423,979,1821,1274,3001,1652,4549,2520,4062,1972,1942,6250,8990,8320,15022,114770,60409,10269,2683,59644,2,2,13,5
2021-03-25T23:59:59+01:00,5,3,2877,3239,4734,6560,5149,9343,6634,13213,10980,13773,10661,9376,21793,28091,9932,17634,317,414,973,1812,1259,2982,1633,4514,2486,4016,1906,1883,5959,8562,8048,14576,111866,58655,9583,2679,52533,1,2,13,5
2021-03-24T23:59:59+01:00,5,3,2830,3195,4658,6499,5015,9237,6428,13042,10469,13367,9828,8556,20782,26835,9835,17453,315,409,968,1807,1242,2972,1622,4490,2443,3966,1845,1810,5599,8092,7639,13909,107861,56457,9235,2667,50929,1,0,12,5
2021-03-23T23:59:59+01:00,5,3,2802,3162,4590,6433,4905,9143,6218,12881,10013,12946,9114,7889,20274,26233,9783,17348,303,396,950,1798,1227,2951,1594,4469,2393,3918,1775,1746,5322,7714,7252,13292,105487,54430,8903,2666,49340,1,0,12,5
2021-03-22T23:59:59+01:00,5,3,2784,3123,4530,6395,4830,9075,6079,12744,9652,12675,8513,7324,19860,25800,9723,17255,301,393,938,1792,1215,2939,1582,4456,2368,3894,1750,1725,5185,7540,6810,12478,104013,52702,8646,2661,47699,1,0,12,4
2021-03-21T23:59:59+01:00,5,3,2777,3108,4485,6373,4779,9038,5987,12676,9464,12487,8208,7068,19693,25634,9711,17230,301,393,937,1792,1213,2939,1581,4455,2365,3894,1743,1719,5176,7535,6780,12421,103813,52597,8416,2644,46485,1,0,12,4
2021-03-20T23:59:59+01:00,5,3,2777,3103,4477,6368,4772,9035,5983,12668,9444,12473,8175,7037,19519,25357,9695,17204,301,393,937,1791,1212,2939,1580,4454,2361,3886,1731,1706,5163,7486,6604,12185,103256,52106,8404,2620,46423,1,0,12,4
2021-03-19T23:59:59+01:00,5,3,2742,3079,4404,6324,4663,8985,5843,12610,9178,12285,7872,6812,19036,24767,9663,17145,301,393,936,1790,1212,2936,1577,4453,2355,3881,1715,1697,5127,7443,6201,11569,101953,50983,8162,2600,45289,1,0,12,4
2021-03-18T23:59:59+01:00,5,3,2676,3005,4241,6189,4415,8780,5485,12304,8275,11615,6612,5800,17785,23411,9514,16920,298,388,931,1780,1198,2923,1538,4437,2290,3836,1637,1655,5056,7336,5471,10461,97067,48676,7620,2558,42336,0,0,12,3
2021-03-17T23:59:59+01:00,5,3,2638,2967,4162,6091,4277,8672,5231,12028,7599,11048,5627,4906,16442,21881,9349,16666,294,386,928,1773,1194,2915,1522,4416,2224,3812,1572,1610,5011,7273,4899,9583,91663,46908,7118,2503,40799,0,0,12,3
2021-03-16T23:59:59+01:00,5,3,2618,2938,4099,6024,4185,8576,5055,11872,7149,10660,4864,4289,15592,20904,9247,16497,290,384,925,1768,1191,2908,1514,4406,2202,3793,1542,1593,4974,7230,4398,8778,88033,45471,7082,2424,39451,0,0,11,3
2021-03-15T23:59:59+01:00,5,3,2615,2927,4083,6006,4154,8550,5006,11825,7031,10546,4718,4128,15274,20494,9218,16438,288,380,924,1762,1185,2901,1500,4397,2181,3771,1502,1576,4916,7157,3821,7918,87267,43889,6985,2289,38758,0,0,11,3
2021-03-14T23:59:59+01:00,5,2,2610,2918,4062,5987,4124,8531,4964,11792,6937,10458,4614,4015,15144,20324,9202,16402,286,379,924,1760,1179,2894,1495,4386,2170,3764,1492,1570,4908,7149,3816,7905,86961,43828,6967,2248,38153,0,0,10,3
2021-03-13T23:59:59+01:00,5,2,2606,2911,4057,5975,4116,8525,4956,11783,6917,10445,4592,3989,14828,19886,9182,16366,286,379,924,1760,1179,2894,1495,4386,2170,3764,1492,1570,4908,7148,3816,7905,86076,43827,6945,2248,38110,0,0,10,3
2021-03-12T23:59:59+01:00,5,2,2543,2835,3946,5805,3997,8304,4819,11484,6739,10175,4439,3851,13908,18631,9121,16265,286,378,922,1757,1179,2891,1493,4381,2169,3757,1485,1568,4901,7129,3814,7890,83617,43752,6883,2247,36361,0,0,8,3
2021-03-11T23:59:59+01:00,4,2,2418,2610,3720,5478,3741,7866,4495,10722,6113,9365,3922,3351,12307,16638,9023,16118,286,377,918,1753,1176,2877,1484,4369,2157,3730,1445,1540,4860,7094,3802,7863,79297,43604,6721,2126,31867,0,0,8,3
2021-03-10T23:59:59+01:00,4,2,2296,2477,3569,5245,3547,7543,4227,10235,5560,8797,3351,2909,10040,13927,8878,15892,283,373,914,1744,1169,2866,1480,4353,2135,3715,1416,1532,4830,7079,3793,7855,73005,43538,6550,1998,28936,0,0,8,3
2021-03-09T23:59:59+01:00,4,2,2270,2425,3503,5159,3434,7454,4056,10040,5168,8446,2872,2553,8534,11913,8776,15743,282,372,914,1738,1162,2857,1476,4345,2127,3704,1402,1527,4822,7074,3790,7853,68155,43497,6400,1947,27789,0,0,8,3
2021-03-08T23:59:59+01:00,4,2,2246,2353,3446,5092,3361,7370,3933,9929,4876,8257,2425,2293,6617,9514,8657,15569,282,369,913,1728,1156,2841,1470,4334,2124,3697,1391,1520,4806,7054,3783,7844,62481,43390,6066,1921,27389,0,0,8,3
2021-03-07T23:59:59+01:00,4,2,2183,2297,3350,4984,3265,7281,3836,9842,4741,8162,2374,2242,6595,9493,8657,15561,282,368,912,1728,1156,2840,1470,4334,2124,3697,1391,1520,4805,7054,3783,7844,62354,43388,5385,1919,27122,0,0,8,3
2021-03-06T23:59:59+01:00,4,2,2175,2284,3338,4975,3261,7276,3827,9833,4730,8159,2372,2240,6549,9423,8625,15512,282,368,911,1724,1155,2839,1470,4331,2120,3692,1390,1515,4799,7049,3781,7835,62145,43341,5325,1919,27107,0,0,8,3
2021-03-05T23:59:59+01:00,4,2,2044,2199,3114,4787,3022,6965,3550,9439,4401,7823,2285,2179,6342,9105,8434,15251,282,366,909,1721,1155,2838,1469,4325,2117,3686,1384,1513,4793,7043,3780,7829,61167,43290,4486,1919,25285,0,0,8,3
2021-03-04T23:59:59+01:00,4,2,1791,1979,2705,4355,2566,6325,2986,8536,3716,7011,2072,2019,6051,8739,8160,14798,279,365,908,1713,1153,2821,1468,4309,2108,3674,1373,1511,4782,7029,3773,7818,59532,43167,3214,1916,21061,0,0,8,3
2021-03-03T23:59:59+01:00,4,2,1719,1891,2599,4170,2433,6098,2846,8250,3530,6747,1991,1942,5713,8266,7808,14218,278,361,908,1703,1151,2798,1464,4285,2103,3659,1348,1500,4777,7023,3769,7811,57535,43022,3071,1916,19613,0,0,8,2
2021-03-02T23:59:59+01:00,4,2,1683,1810,2531,4052,2352,5949,2741,8069,3416,6595,1919,1875,5405,7830,7409,13550,276,356,905,1684,1148,2777,1461,4266,2102,3648,1323,1494,4767,7007,3763,7804,55454,42865,2829,1916,18901,0,0,8,2
2021-03-01T23:59:59+01:00,2,2,1673,1783,2492,3944,2304,5834,2705,7968,3363,6517,1879,1855,5267,7667,6939,12688,275,354,901,1678,1146,2765,1459,4253,2100,3633,1318,1489,4764,7005,3762,7798,53604,42784,2818,1916,18452,0,0,8,2
2021-02-28T23:59:59+01:00,2,2,1656,1745,2457,3873,2274,5779,2662,7889,3336,6469,1873,1851,5259,7662,6904,12629,275,354,900,1678,1146,2765,1459,4252,2100,3632,1318,1489,4764,7004,3762,7798,53482,42781,2816,1915,18016,0,0,8,2
2021-02-27T23:59:59+01:00,2,2,1654,1739,2453,3865,2270,5779,2661,7888,3333,6466,1867,1841,5250,7618,6734,12410,275,354,890,1673,1136,2758,1449,4243,2083,3623,1317,1486,4764,7003,3762,7798,53019,42777,2816,1837,17989,0,0,8,2
2021-02-26T23:59:59+01:00,2,1,1465,1582,2329,3623,2193,5374,2569,7385,3246,6008,1852,1816,5225,7585,6475,12021,274,352,883,1666,1128,2739,1443,4221,2073,3609,1310,1477,4757,6991,3759,7786,52276,42700,2796,1769,15671,0,0,8,1
2021-02-25T23:59:59+01:00,2,1,1249,1305,2109,3189,2020,4625,2372,6442,3006,5109,1763,1745,5175,7506,5906,11180,272,344,876,1606,1094,2644,1410,4111,2017,3534,1273,1456,4715,6950,3741,7734,50408,42237,2784,1541,11505,0,0,7,1
2021-02-24T23:59:59+01:00,2,1,1196,1094,2002,2922,1915,4287,2239,6037,2835,4840,1689,1690,5117,7416,5151,10003,270,338,838,1559,1044,2553,1349,3995,1928,3406,1234,1429,4700,6924,3731,7717,48082,41980,2772,1036,9575,0,0,7,1
2021-02-23T23:59:59+01:00,2,1,1181,1044,1969,2858,1889,4188,2213,5952,2801,4779,1681,1675,5082,7368,4521,8984,270,337,811,1532,996,2501,1296,3917,1822,3331,1183,1404,4677,6899,3720,7683,46315,41783,2746,597,9120,0,0,7,1
2021-02-22T23:59:59+01:00,2,1,1173,1002,1919,2715,1845,4043,2158,5756,2747,4673,1670,1664,5048,7319,3918,8100,268,327,768,1493,942,2418,1208,3810,1683,3234,1094,1347,4637,6830,3694,7580,44708,41325,2726,9,8313,0,0,6,1
2021-02-21T23:59:59+01:00,2,1,1171,988,1889,2653,1819,3946,2131,5652,2727,4610,1663,1658,5045,7310,3918,8096,266,325,763,1487,934,2386,1206,3774,1670,3194,1085,1332,4621,6805,3672,7539,44655,41051,2716,9,7902,0,0,6,1
2021-02-20T23:59:59+01:00,2,1,1171,988,1889,2652,1818,3946,2131,5652,2725,4605,1654,1649,5041,7304,3916,8093,266,325,763,1486,933,2382,1205,3770,1669,3192,1085,1332,4569,6744,3626,7480,44640,40820,2691,8,7900,0,0,6,1
2021-02-19T23:59:59+01:00,2,1,1171,985,1886,2647,1817,3937,2130,5643,2722,4602,1635,1641,5028,7287,3913,8088,265,324,759,1476,924,2358,1198,3727,1642,3139,1058,1294,4379,6491,3449,7189,44561,39665,2672,8,7896,0,0,6,1
2021-02-18T23:59:59+01:00,2,1,1139,903,1847,2528,1779,3800,2077,5438,2660,4428,1620,1625,5012,7254,3908,8062,237,295,714,1352,877,2153,1111,3390,1526,2843,949,1107,3897,5722,3057,6341,44409,35564,2639,8,7029,0,0,6,1
2021-02-17T23:59:59+01:00,2,1,1090,775,1766,2296,1703,3503,1968,5078,2585,4180,1596,1616,4992,7240,3900,8059,232,292,704,1334,868,2131,1099,3355,1507,2822,943,1104,3516,5201,2768,5922,44369,33791,2583,8,5392,0,0,6,1
2021-02-16T23:59:59+01:00,2,1,1049,738,1709,2194,1635,3331,1898,4871,2507,4074,1561,1602,4965,7219,3891,8047,226,286,690,1300,847,2077,1068,3237,1468,2736,919,1081,3167,4656,2429,5434,44316,31617,2421,5,4551,0,0,6,1
2021-02-15T23:59:59+01:00,2,1,1042,719,1689,2117,1617,3232,1879,4762,2493,3997,1533,1588,4936,7202,3859,7991,214,276,675,1266,828,2027,1048,3171,1426,2671,889,1050,2749,4105,2104,4873,44187,29369,2339,4,4127,0,0,6,1
2021-02-14T23:59:59+01:00,2,1,946,685,1611,2083,1555,3213,1836,4740,2458,3984,1526,1586,4927,7190,3856,7986,207,264,666,1248,810,1987,1032,3105,1396,2603,860,1005,2660,3967,2033,4690,44145,28531,2304,3,3731,0,0,5,1
2021-02-13T23:59:59+01:00,2,1,893,661,1581,2060,1540,3204,1820,4733,2450,3983,1525,1585,4927,7190,3855,7985,205,263,664,1248,810,1983,1032,3103,1395,2601,859,1005,2557,3841,1968,4590,44139,28122,2304,3,3547,0,0,5,1
2021-02-12T23:59:59+01:00,2,1,558,513,1233,1943,1368,3101,1680,4650,2343,3913,1506,1577,4918,7179,3849,7979,193,257,650,1222,796,1939,1006,3018,1340,2501,797,931,2333,3531,1826,4288,44027,26627,2304,2,1977,0,0,5,1
2021-02-11T23:59:59+01:00,2,1,392,436,1044,1830,1267,2982,1584,4537,2255,3824,1399,1532,4856,7130,3828,7932,155,193,550,978,661,1494,806,2346,1062,1909,559,683,1739,2660,1348,3099,43675,20243,2105,1,1046,0,0,5,0
2021-02-10T23:59:59+01:00,2,1,280,367,921,1727,1172,2861,1492,4353,2142,3702,1361,1520,4837,7119,3823,7930,133,131,378,617,490,1005,638,1738,895,1576,540,667,1334,2103,1037,2605,43600,15889,2001,0,5,0,0,4,0
2021-02-09T23:59:59+01:00,2,1,280,366,920,1721,1169,2852,1492,4347,2141,3697,1354,1517,4835,7117,3822,7928,130,129,369,587,471,978,617,1709,870,1546,538,664,954,1638,759,2203,43575,14164,1978,0,4,0,0,4,0
2021-02-08T23:59:59+01:00,2,1,280,364,919,1719,1166,2842,1485,4341,2139,3693,1349,1513,4833,7117,3821,7925,125,123,358,576,463,961,606,1678,852,1520,530,659,565,1153,458,1780,43546,12409,1955,0,4,0,0,4,0
2021-02-07T23:59:59+01:00,2,1,280,364,917,1719,1165,2842,1483,4339,2139,3693,1349,1513,4833,7116,3820,7925,121,120,354,570,462,954,603,1666,842,1504,522,656,564,1143,453,1765,43542,12301,1954,0,0,0,0,4,0
2021-02-06T23:59:59+01:00,2,1,280,364,917,1719,1165,2842,1483,4339,2139,3693,1349,1513,4833,7116,3820,7925,118,117,352,566,461,953,603,1664,842,1503,521,655,564,1143,453,1765,43542,12282,1954,0,0,0,0,4,0
2021-02-05T23:59:59+01:00,2,1,280,363,916,1719,1165,2841,1481,4338,2138,3693,1349,1513,4832,7114,3820,7922,117,109,349,562,453,940,599,1654,828,1480,516,645,558,1127,443,1743,43529,12125,1954,0,0,0,0,4,0
2021-02-04T23:59:59+01:00,2,1,276,358,909,1681,1158,2795,1480,4285,2125,3649,1342,1506,4804,7083,3809,7892,88,72,233,389,329,684,470,1264,619,1111,387,513,468,920,386,1501,43199,9435,1953,0,0,0,0,3,0
2021-02-03T23:59:59+01:00,2,1,274,349,904,1656,1154,2760,1469,4235,2116,3613,1334,1490,4782,7054,3797,7867,54,34,81,165,152,339,228,593,295,539,207,275,270,574,223,946,42901,4976,1953,0,0,0,0,3,0
2021-02-02T23:59:59+01:00,2,1,273,347,903,1644,1150,2741,1466,4203,2109,3587,1326,1484,4775,7040,3790,7845,15,10,25,49,60,95,73,164,91,120,43,74,66,128,51,193,42730,1258,1953,0,0,0,0,3,0
2021-02-01T23:59:59+01:00,2,1,273,343,903,1642,1149,2740,1465,4199,2108,3581,1325,1483,4773,7039,3790,7845,13,9,21,43,51,87,60,138,71,101,37,66,57,118,50,180,42705,1103,1953,0,0,0,0,3,0
2021-01-31T23:59:59+01:00,2,1,273,342,903,1638,1148,2735,1465,4194,2108,3578,1324,1483,4772,7038,3790,7845,13,8,20,38,44,79,54,127,64,97,33,55,48,109,47,174,42685,1011,1951,0,0,0,0,3,0
2021-01-30T23:59:59+01:00,2,1,273,342,898,1635,1140,2727,1457,4188,2104,3575,1324,1483,4719,6978,3745,7786,13,8,20,37,44,79,53,126,64,97,33,55,48,109,47,174,42457,1008,1917,0,0,0,0,3,0
2021-01-29T23:59:59+01:00,2,1,272,341,883,1627,1128,2706,1445,4158,2081,3548,1315,1477,4558,6775,3581,7583,11,8,20,37,41,79,52,124,61,96,32,51,47,109,47,174,41673,990,1805,0,0,0,0,3,0
2021-01-28T23:59:59+01:00,2,1,268,328,864,1540,1089,2596,1408,4056,2012,3473,1288,1464,4226,6306,3319,7231,7,4,9,17,22,38,21,57,36,63,20,33,32,71,37,117,39908,585,1560,0,0,0,0,3,0
2021-01-27T23:59:59+01:00,2,1,262,325,822,1485,1042,2503,1344,3958,1938,3366,1249,1437,3815,5742,3003,6773,3,4,9,8,12,20,8,23,14,29,11,14,15,39,15,56,37957,281,1107,0,0,0,0,3,0
2021-01-26T23:59:59+01:00,2,1,256,316,788,1439,977,2418,1283,3831,1822,3258,1190,1386,3472,5188,2655,6263,1,1,5,3,5,7,4,3,3,8,6,5,3,7,3,8,35882,73,660,0,0,0,0,3,0
2021-01-25T23:59:59+01:00,2,1,246,307,736,1378,916,2300,1182,3687,1664,3139,1111,1356,3080,4676,2346,5797,1,1,5,2,3,7,2,2,3,8,6,5,3,7,3,8,33861,67,61,0,0,0,0,2,0
2021-01-24T23:59:59+01:00,2,1,243,307,730,1374,905,2284,1177,3671,1636,3109,1105,1354,3054,4640,2329,5775,1,1,3,2,3,7,2,2,3,8,6,5,3,7,3,8,33687,65,7,0,0,0,0,2,0
2021-01-23T23:59:59+01:00,2,1,242,306,729,1374,905,2280,1176,3669,1633,3107,1104,1354,2949,4514,2263,5674,1,1,3,2,2,7,2,2,3,8,6,5,3,7,3,8,33274,64,6,0,0,0,0,2,0
2021-01-22T23:59:59+01:00,2,1,241,303,727,1358,903,2267,1170,3653,1629,3104,1102,1353,2790,4321,2162,5533,1,1,3,2,2,7,2,2,3,8,6,5,3,7,3,8,32611,64,6,0,0,0,0,2,0
2021-01-21T23:59:59+01:00,2,1,237,274,663,1202,836,2055,1089,3368,1533,2897,1059,1310,2449,3858,1873,5098,1,0,3,1,2,7,2,2,3,8,6,4,3,7,3,8,29798,61,6,0,0,0,0,0,0
2021-01-20T23:59:59+01:00,2,1,212,210,503,850,662,1564,889,2668,1297,2432,964,1177,1921,3113,1464,4335,1,0,3,1,2,7,2,2,3,6,5,4,3,7,3,8,24258,58,6,0,0,0,0,0,0
2021-01-19T23:59:59+01:00,2,1,186,191,456,743,608,1408,802,2370,1123,2125,795,921,1279,2186,1006,3271,0,0,2,1,0,0,0,0,2,1,1,0,0,0,0,0,19470,7,3,0,0,0,0,0,0
2021-01-18T23:59:59+01:00,1,1,138,136,378,618,486,1054,647,1826,932,1633,589,711,636,1267,506,1965,0,0,1,0,0,0,0,0,1,0,0,0,0,0,0,0,13522,2,2,0,0,0,0,0,0
2021-01-17T23:59:59+01:00,1,1,127,122,364,581,471,989,618,1709,873,1534,540,671,588,1170,464,1823,0,0,0,0,0,0,0,0,0,0,0,0,0,0,0,0,12646,0,0,0,0,0,0,0,0
2021-01-16T23:59:59+01:00,1,1,120,118,361,577,469,978,612,1696,867,1527,539,670,587,1165,460,1811,0,0,0,0,0,0,0,0,0,0,0,0,0,0,0,0,12559,0,0,0,0,0,0,0,0
2021-01-15T23:59:59+01:00,1,1,118,111,358,572,461,962,608,1685,852,1503,533,658,580,1149,452,1789,0,0,0,0,0,0,0,0,0,0,0,0,0,0,0,0,12393,0,0,0,0,0,0,0,0
2021-01-14T23:59:59+01:00,1,1,97,89,276,464,390,783,505,1415,695,1213,416,529,500,955,396,1604,0,0,0,0,0,0,0,0,0,0,0,0,0,0,0,0,10329,0,0,0,0,0,0,0,0
2021-01-13T23:59:59+01:00,1,1,67,49,164,282,254,519,353,923,474,779,256,325,309,630,252,1025,0,0,0,0,0,0,0,0,0,0,0,0,0,0,0,0,6663,0,0,0,0,0,0,0,0
2021-01-12T23:59:59+01:00,1,1,31,21,49,101,113,211,151,384,196,333,134,176,160,347,142,559,0,0,0,0,0,0,0,0,0,0,0,0,0,0,0,0,3110,0,0,0,0,0,0,0,0
2021-01-11T23:59:59+01:00,1,0,18,11,33,64,60,110,77,170,92,125,39,66,60,123,50,181,0,0,0,0,0,0,0,0,0,0,0,0,0,0,0,0,1280,0,0,0,0,0,0,0,0
2021-01-10T23:59:59+01:00,1,0,15,7,27,53,53,98,67,155,76,111,33,56,50,113,46,172,0,0,0,0,0,0,0,0,0,0,0,0,0,0,0,0,1133,0,0,0,0,0,0,0,0
2021-01-09T23:59:59+01:00,1,0,14,7,26,51,52,97,64,154,76,109,33,56,50,113,46,172,0,0,0,0,0,0,0,0,0,0,0,0,0,0,0,0,1121,0,0,0,0,0,0,0,0
2021-01-08T23:59:59+01:00,1,0,11,7,24,48,47,92,60,141,70,105,31,51,49,113,46,172,0,0,0,0,0,0,0,0,0,0,0,0,0,0,0,0,1068,0,0,0,0,0,0,0,0
2021-01-07T23:59:59+01:00,1,0,7,4,9,18,21,40,23,57,38,65,19,34,36,76,36,116,0,0,0,0,0,0,0,0,0,0,0,0,0,0,0,0,600,0,0,0,0,0,0,0,0
2021-01-06T23:59:59+01:00,1,0,7,4,9,15,14,29,15,40,25,53,15,25,30,67,34,101,0,0,0,0,0,0,0,0,0,0,0,0,0,0,0,0,484,0,0,0,0,0,0,0,0
2021-01-05T23:59:59+01:00,1,0,7,4,9,15,14,29,15,40,25,53,15,25,29,67,34,101,0,0,0,0,0,0,0,0,0,0,0,0,0,0,0,0,483,0,0,0,0,0,0,0,0
2021-01-04T23:59:59+01:00,1,0,2,4,8,5,4,14,4,8,6,16,6,5,6,16,4,13,0,0,0,0,0,0,0,0,0,0,0,0,0,0,0,0,122,0,0,0,0,0,0,0,0
2021-01-03T23:59:59+01:00,1,0,1,1,3,2,2,7,3,3,3,9,4,4,3,8,3,8,0,0,0,0,0,0,0,0,0,0,0,0,0,0,0,0,65,0,0,0,0,0,0,0,0
2021-01-02T23:59:59+01:00,1,0,1,1,3,2,2,7,3,3,3,9,4,4,3,8,3,8,0,0,0,0,0,0,0,0,0,0,0,0,0,0,0,0,65,0,0,0,0,0,0,0,0
2021-01-01T23:59:59+01:00,1,0,1,1,3,2,2,7,2,3,3,9,4,4,3,8,3,8,0,0,0,0,0,0,0,0,0,0,0,0,0,0,0,0,64,0,0,0,0,0,0,0,0
2020-12-31T23:59:59+01:00,1,0,1,1,3,1,2,7,2,2,3,8,4,4,3,8,3,8,0,0,0,0,0,0,0,0,0,0,0,0,0,0,0,0,61,0,0,0,0,0,0,0,0
2020-12-30T23:59:59+01:00,1,0,1,1,3,1,2,7,2,2,3,6,4,4,3,8,3,8,0,0,0,0,0,0,0,0,0,0,0,0,0,0,0,0,59,0,0,0,0,0,0,0,0
2020-12-29T23:59:59+01:00,1,0,1,1,2,1,2,6,2,2,3,6,2,2,2,8,2,7,0,0,0,0,0,0,0,0,0,0,0,0,0,0,0,0,50,0,0,0,0,0,0,0,0
2020-12-28T23:59:59+01:00,1,0,0,0,2,1,0,2,1,0,1,3,0,1,0,1,1,4,0,0,0,0,0,0,0,0,0,0,0,0,0,0,0,0,18,0,0,0,0,0,0,0,0
2020-12-27T23:59:59+01:00,0,0,0,0,0,0,0,1,1,0,1,2,0,1,0,1,1,4,0,0,0,0,0,0,0,0,0,0,0,0,0,0,0,0,12,0,0,0,0,0,0,0,0
