Datum,<15_1_m,<15_1_w,15-24_1_m,15-24_1_w,25-34_1_m,25-34_1_w,35-44_1_m,35-44_1_w,45-54_1_m,45-54_1_w,55-64_1_m,55-64_1_w,65-74_1_m,65-74_1_w,75-84_1_m,75-84_1_w,>84_1_m,>84_1_w,<15_2_m,<15_2_w,15-24_2_m,15-24_2_w,25-34_2_m,25-34_2_w,35-44_2_m,35-44_2_w,45-54_2_m,45-54_2_w,55-64_2_m,55-64_2_w,65-74_2_m,65-74_2_w,75-84_2_m,75-84_2_w,>84_2_m,>84_2_w,bp_1,bp_2,mo_1,mo_2,az_1,az_2,ja,unb_1,unb_2
2021-11-06T23:59:59+01:00,6613,6402,47618,45279,62074,53636,65078,60898,76068,73904,89468,86994,60972,65198,39852,51224,12652,22752,5392,5227,42349,40583,56359,48524,60259,56130,71105,68864,85093,82926,59056,62986,38649,49597,12150,21806,692476,642092,79726,76309,109698,103817,44776,48,61
2021-11-05T23:59:59+01:00,6573,6361,47484,45176,61911,53508,64954,60807,75971,73818,89401,86946,60966,65186,39852,51219,12652,22747,5380,5212,42306,40555,56303,48482,60226,56094,71069,68836,85072,82913,59049,62980,38643,49594,12149,21804,691474,641846,79720,76307,109694,103816,44637,48,61
2021-11-04T23:59:59+01:00,6432,6235,46959,44729,61382,53052,64517,60447,75646,73533,89211,86814,60935,65132,39834,51200,12645,22739,5313,5127,42131,40363,56140,48295,60082,55954,70954,68717,84974,82838,59018,62943,38627,49549,12144,21797,687667,640394,79665,76287,109694,103815,44409,48,61
2021-11-03T23:59:59+01:00,6357,6148,46551,44389,60862,52701,64166,60157,75349,73297,89019,86672,60906,65086,39820,51180,12640,22725,5278,5071,41971,40226,55938,48132,59967,55826,70843,68605,84893,82766,58984,62907,38610,49524,12140,21784,684461,639071,79610,76268,109694,103812,44253,48,61
2021-11-02T23:59:59+01:00,6305,6093,46284,44177,60495,52464,63877,59986,75146,73162,88901,86588,60885,65055,39809,51158,12633,22715,5254,5047,41864,40145,55844,48049,59880,55764,70772,68537,84843,82716,58961,62880,38597,49509,12133,21771,682347,638330,79583,76262,109694,103812,44101,48,61
2021-11-01T23:59:59+01:00,6251,6039,46067,43993,60242,52295,63642,59814,74974,73048,88814,86533,60873,65039,39799,51152,12631,22712,5229,5021,41797,40078,55751,47972,59781,55715,70699,68489,84793,82684,58954,62864,38589,49494,12129,21757,680808,637826,79572,76260,109692,103811,43838,48,61
2021-10-31T23:59:59+01:00,6246,6039,46063,43990,60237,52291,63638,59811,74973,73045,88813,86531,60873,65039,39799,51152,12631,22712,5227,5019,41797,40076,55751,47971,59780,55715,70698,68489,84793,82684,58954,62864,38589,49493,12129,21756,680774,637816,79572,76260,109692,103811,43837,48,61
2021-10-30T23:59:59+02:00,6246,6039,46063,43989,60235,52287,63638,59811,74971,73044,88812,86531,60873,65039,39799,51152,12631,22712,5227,5019,41797,40076,55750,47966,59779,55714,70698,68489,84793,82684,58954,62864,38588,49491,12129,21756,680764,637808,79572,76258,109692,103811,43836,48,61
2021-10-29T23:59:59+02:00,6220,6009,45935,43871,60019,52133,63444,59694,74833,72929,88719,86495,60864,65034,39788,51143,12629,22706,5208,5006,41739,40022,55672,47900,59697,55670,70640,68440,84763,82667,58948,62859,38586,49488,12128,21754,679670,637510,79543,76253,109692,103811,43552,48,61
2021-10-28T23:59:59+02:00,6148,5942,45669,43642,59688,51933,63183,59503,74613,72791,88599,86412,60834,65014,39780,51132,12628,22702,5180,4957,41625,39918,55521,47799,59582,55594,70546,68362,84693,82617,58930,62838,38570,49471,12122,21741,677701,636651,79509,76241,109692,103810,43303,48,61
2021-10-27T23:59:59+02:00,6077,5875,45437,43445,59414,51723,63008,59339,74460,72667,88503,86336,60817,64994,39778,51120,12624,22697,5141,4911,41446,39762,55364,47647,59480,55476,70451,68281,84643,82542,58906,62813,38548,49446,12117,21731,675972,635452,79489,76228,109691,103810,43154,48,61
2021-10-26T23:59:59+02:00,5974,5780,45134,43185,59064,51492,62786,59148,74269,72516,88404,86249,60799,64961,39770,51105,12615,22692,5065,4833,41248,39548,55188,47471,59355,55359,70369,68169,84561,82471,58875,62775,38527,49417,12115,21717,673796,634000,79475,76218,109690,103810,42974,48,61
2021-10-25T23:59:59+02:00,5968,5774,45106,43167,59025,51470,62763,59137,74244,72503,88389,86234,60798,64959,39768,51105,12615,22692,5061,4833,41237,39546,55170,47464,59340,55357,70361,68160,84556,82463,58875,62772,38526,49417,12115,21717,673620,633956,79474,76218,109690,103810,42925,48,61
2021-10-24T23:59:59+02:00,5941,5751,45012,43102,58906,51381,62672,59070,74157,72450,88343,86204,60790,64948,39765,51098,12613,22689,5052,4822,41180,39502,55100,47411,59293,55316,70327,68129,84531,82441,58863,62759,38520,49411,12114,21716,672950,633631,79467,76209,109690,103810,42776,48,61
2021-10-23T23:59:59+02:00,5941,5751,45012,43102,58906,51380,62672,59069,74157,72450,88343,86204,60790,64948,39765,51098,12613,22689,5052,4822,41180,39502,55099,47411,59293,55316,70327,68129,84531,82441,58863,62759,38520,49411,12114,21716,672948,633630,79467,76209,109690,103810,42776,48,61
2021-10-22T23:59:59+02:00,5917,5719,44917,43034,58799,51291,62561,58990,74082,72385,88293,86176,60790,64944,39763,51096,12611,22689,5034,4803,41111,39448,55044,47359,59232,55271,70297,68094,84493,82429,58856,62754,38515,49404,12113,21716,672293,633288,79455,76207,109690,103808,42609,48,61
2021-10-21T23:59:59+02:00,5856,5677,44769,42910,58634,51155,62407,58872,73961,72294,88205,86123,60772,64930,39752,51079,12607,22682,4986,4765,40987,39315,54933,47244,59130,55146,70212,68022,84433,82382,58834,62720,38498,49386,12108,21707,671080,632276,79437,76195,109690,103808,42468,48,61
2021-10-20T23:59:59+02:00,5820,5625,44631,42779,58461,51002,62284,58775,73860,72220,88157,86077,60763,64913,39734,51063,12602,22670,4936,4693,40838,39156,54770,47085,59010,55004,70122,67925,84359,82318,58797,62683,38480,49364,12105,21696,669949,630923,79414,76176,109689,103808,42373,48,61
2021-10-19T23:59:59+02:00,5792,5586,44506,42673,58326,50899,62213,58704,73817,72152,88115,86045,60739,64896,39717,51048,12595,22658,4872,4636,40635,38972,54603,46920,58907,54861,70037,67829,84294,82258,58757,62640,38464,49343,12103,21674,669067,629463,79405,76165,109689,103807,42309,48,61
2021-10-18T23:59:59+02:00,5774,5573,44451,42613,58267,50846,62182,58665,73788,72118,88093,86032,60721,64881,39714,51039,12593,22653,4857,4622,40580,38923,54550,46858,58874,54810,70001,67787,84259,82229,58739,62625,38457,49326,12100,21664,668654,628993,79403,76156,109689,103805,42246,48,61
2021-10-17T23:59:59+02:00,5762,5555,44415,42592,58236,50817,62151,58641,73770,72099,88071,86016,60714,64877,39708,51030,12591,22644,4839,4599,40540,38894,54528,46822,58850,54783,69984,67771,84239,82210,58729,62616,38455,49322,12099,21659,668374,628702,79395,76151,109689,103805,42220,48,61
2021-10-16T23:59:59+02:00,5760,5553,44415,42592,58236,50815,62151,58641,73770,72099,88071,86016,60714,64877,39708,51030,12591,22644,4839,4598,40539,38892,54528,46820,58850,54783,69984,67771,84239,82210,58729,62616,38455,49322,12099,21659,668368,628697,79395,76150,109689,103805,42220,48,61
2021-10-15T23:59:59+02:00,5745,5533,44356,42542,58180,50768,62106,58611,73733,72061,88041,85991,60701,64874,39703,51025,12588,22641,4817,4577,40483,38841,54485,46787,58810,54741,69950,67741,84211,82192,58724,62611,38446,49319,12098,21655,667972,628336,79393,76150,109687,103805,42136,48,61
2021-10-14T23:59:59+02:00,5699,5502,44280,42453,58105,50675,62036,58542,73671,71999,87980,85955,60688,64855,39691,51007,12581,22627,4770,4518,40377,38704,54421,46709,58729,54646,69876,67662,84173,82152,58690,62589,38439,49302,12095,21646,667240,627477,79384,76133,109687,103803,42024,48,61
2021-10-13T23:59:59+02:00,5658,5439,44177,42338,57996,50573,61961,58456,73615,71931,87932,85914,60670,64828,39683,50996,12578,22618,4682,4448,40193,38468,54272,46480,58603,54474,69790,67534,84086,82075,58660,62551,38419,49262,12090,21632,666326,625777,79371,76110,109687,103803,41968,48,61
2021-10-12T23:59:59+02:00,5619,5409,44051,42214,57880,50455,61875,58372,73528,71867,87871,85868,60646,64796,39677,50979,12574,22605,4630,4382,39951,38240,54060,46283,58454,54324,69697,67422,84006,82004,58626,62507,38398,49232,12081,21619,665333,624054,79366,76108,109686,103803,41890,48,61
2021-10-11T23:59:59+02:00,5601,5395,44005,42160,57829,50394,61836,58330,73488,71834,87842,85844,60631,64783,39670,50965,12568,22593,4612,4367,39904,38193,54005,46233,58408,54279,69667,67385,83983,81970,58605,62483,38385,49205,12073,21597,664860,623536,79359,76103,109686,103802,41852,48,61
2021-10-10T23:59:59+02:00,5587,5382,43978,42131,57794,50369,61803,58302,73468,71814,87827,85832,60623,64778,39669,50961,12567,22590,4603,4357,39873,38169,53967,46199,58374,54257,69643,67368,83969,81958,58600,62476,38379,49199,12071,21595,664618,623291,79354,76098,109686,103801,41806,48,61
2021-10-09T23:59:59+02:00,5586,5381,43977,42126,57794,50369,61801,58302,73468,71814,87827,85832,60623,64778,39669,50961,12567,22590,4602,4357,39871,38167,53966,46199,58372,54257,69643,67368,83969,81958,58599,62476,38379,49199,12071,21595,664610,623286,79354,76098,109686,103799,41804,48,61
2021-10-08T23:59:59+02:00,5560,5360,43929,42079,57740,50312,61752,58268,73421,71787,87803,85820,60615,64769,39663,50952,12565,22587,4590,4335,39836,38127,53937,46165,58336,54215,69608,67347,83952,81945,58595,62464,38376,49195,12070,21593,664211,623010,79353,76095,109686,103799,41721,48,61
2021-10-07T23:59:59+02:00,5496,5282,43782,41943,57615,50184,61661,58182,73344,71712,87749,85782,60602,64745,39653,50942,12562,22579,4499,4241,39646,37900,53795,45972,58209,54053,69503,67238,83897,81883,58566,62420,38355,49179,12063,21585,663156,621439,79338,76081,109686,103799,41624,48,61
2021-10-06T23:59:59+02:00,5470,5241,43642,41829,57500,50096,61581,58090,73277,71645,87690,85738,60586,64720,39640,50917,12559,22562,4438,4187,39482,37722,53663,45818,58106,53916,69412,67129,83832,81809,58531,62380,38340,49153,12061,21567,662229,620071,79319,76078,109685,103799,41537,48,61
2021-10-05T23:59:59+02:00,5430,5203,43512,41687,57387,49961,61463,58011,73207,71581,87638,85679,60567,64700,39629,50899,12555,22544,4391,4139,39351,37575,53546,45690,58010,53794,69312,67051,83773,81749,58506,62348,38322,49128,12055,21563,661185,618917,79313,76070,109685,103798,41457,48,61
2021-10-04T23:59:59+02:00,5401,5190,43434,41617,57318,49886,61416,57970,73154,71535,87604,85654,60548,64681,39624,50891,12551,22532,4372,4120,39279,37523,53478,45628,57973,53746,69275,66998,83744,81722,58480,62328,38312,49118,12053,21560,660632,618439,79309,76048,109685,103794,41367,48,61
2021-10-03T23:59:59+02:00,5391,5174,43403,41580,57266,49851,61381,57935,73125,71509,87580,85630,60537,64672,39614,50883,12548,22521,4364,4110,39248,37491,53447,45609,57947,53715,69255,66978,83723,81704,58469,62314,38306,49117,12052,21555,660306,618213,79307,76047,109685,103794,41289,48,61
2021-10-02T23:59:59+02:00,5391,5174,43402,41579,57263,49850,61381,57934,73125,71508,87580,85630,60537,64672,39614,50883,12548,22521,4364,4110,39248,37491,53447,45609,57947,53715,69255,66978,83723,81704,58469,62314,38306,49117,12052,21555,660300,618213,79305,76047,109685,103794,41289,48,61
2021-10-01T23:59:59+02:00,5378,5153,43327,41513,57195,49786,61319,57899,73074,71470,87542,85599,60522,64662,39609,50875,12548,22521,4347,4098,39193,37437,53399,45580,57907,53677,69220,66952,83699,81681,58462,62313,38303,49115,12052,21554,659821,617920,79304,76046,109685,103793,41169,48,61
2021-09-30T23:59:59+02:00,5306,5073,43149,41323,57034,49617,61196,57756,72979,71361,87470,85551,60499,64623,39591,50855,12544,22513,4228,3969,38960,37167,53239,45389,57767,53506,69118,66832,83622,81608,58445,62276,38287,49089,12046,21551,658513,616265,79291,76045,109685,103790,40938,48,61
2021-09-29T23:59:59+02:00,5270,5037,43005,41173,56891,49483,61100,57655,72894,71273,87412,85501,60474,64600,39574,50836,12540,22503,4144,3910,38771,36943,53097,45240,57675,53379,69024,66723,83556,81523,58402,62250,38275,49073,12043,21541,657484,614904,79264,76040,109685,103789,40775,48,61
2021-09-28T23:59:59+02:00,5228,4993,42797,41015,56744,49345,60996,57548,72812,71184,87352,85434,60445,64576,39560,50815,12533,22482,4085,3856,38576,36756,52955,45103,57575,53266,68941,66638,83480,81453,58374,62219,38259,49053,12041,21534,656291,613663,79256,76039,109684,103786,40615,48,61
2021-09-27T23:59:59+02:00,5196,4971,42705,40936,56648,49261,60910,57469,72749,71130,87303,85393,60422,64549,39538,50793,12524,22448,4071,3840,38490,36697,52873,45052,57502,53212,68904,66595,83437,81418,58351,62197,38249,49038,12038,21523,655630,613269,79249,76008,109684,103780,40369,48,61
2021-09-26T23:59:59+02:00,5183,4945,42660,40902,56617,49226,60892,57445,72725,71110,87289,85371,60414,64542,39534,50788,12523,22447,4061,3833,38468,36680,52838,45023,57479,53195,68882,66572,83418,81404,58345,62189,38244,49034,12038,21523,655385,613094,79243,76003,109684,103780,40288,48,61
2021-09-25T23:59:59+02:00,5183,4944,42656,40900,56617,49225,60892,57444,72724,71108,87289,85371,60414,64542,39534,50788,12523,22447,4061,3833,38465,36677,52837,45023,57479,53193,68881,66570,83418,81404,58344,62188,38244,49034,12038,21523,655379,613084,79241,76003,109684,103780,40284,48,61
2021-09-24T23:59:59+02:00,5164,4933,42569,40818,56552,49160,60826,57389,72663,71048,87250,85332,60402,64533,39529,50784,12522,22445,4056,3825,38406,36626,52788,44978,57428,53151,68835,66514,83384,81380,58333,62182,38241,49031,12037,21521,655032,612923,79237,76000,109684,103780,39952,48,61
2021-09-23T23:59:59+02:00,5091,4832,42298,40547,56324,48948,60655,57187,72509,70911,87118,85239,60349,64491,39511,50746,12516,22416,3978,3738,38167,36447,52596,44813,57277,53011,68703,66404,83284,81295,58296,62143,38228,49005,12030,21504,653437,611762,79224,75989,109683,103778,39329,48,61
2021-09-22T23:59:59+02:00,5052,4777,42144,40363,56147,48767,60507,57031,72399,70775,87026,85158,60313,64442,39491,50709,12513,22400,3937,3688,38029,36301,52436,44678,57149,52885,68625,66305,83194,81213,58262,62108,38210,48984,12027,21494,652132,610728,79210,75985,109682,103776,38975,48,61
2021-09-21T23:59:59+02:00,5016,4721,41944,40117,55921,48543,60342,56882,72306,70654,86937,85076,60274,64398,39474,50669,12504,22386,3890,3654,37867,36155,52284,44537,57028,52788,68556,66225,83118,81149,58233,62084,38186,48962,12021,21481,650557,609696,79209,75985,109682,103775,38701,48,61
2021-09-20T23:59:59+02:00,4990,4699,41837,40035,55790,48448,60239,56798,72228,70589,86879,85021,60249,64378,39461,50649,12498,22367,3882,3641,37785,36082,52168,44462,56945,52728,68494,66174,83067,81106,58210,62066,38176,48935,12018,21476,649848,609248,79199,75933,109682,103762,38411,48,61
2021-09-19T23:59:59+02:00,4985,4695,41792,40007,55715,48401,60189,56757,72187,70576,86852,85007,60242,64369,39460,50641,12498,22365,3872,3638,37753,36059,52123,44444,56911,52717,68458,66158,83044,81087,58202,62060,38173,48931,12018,21474,649589,609111,79197,75931,109679,103761,38258,48,61
2021-09-18T23:59:59+02:00,4983,4693,41780,40002,55697,48387,60170,56747,72175,70564,86842,85003,60237,64366,39459,50641,12498,22364,3871,3638,37749,36056,52107,44439,56898,52707,68449,66150,83034,81083,58197,62057,38171,48930,12018,21474,649536,609094,79196,75931,109679,103761,38181,48,61
2021-09-17T23:59:59+02:00,4929,4642,41631,39882,55581,48240,60028,56623,72039,70449,86773,84930,60201,64344,39450,50635,12495,22358,3839,3611,37642,35969,52011,44322,56807,52614,68341,66072,82974,81025,58166,62040,38164,48922,12016,21470,648705,608619,79195,75931,109679,103761,37633,48,61
2021-09-16T23:59:59+02:00,4832,4541,41350,39609,55325,47954,59793,56351,71848,70270,86644,84798,60149,64287,39427,50612,12484,22343,3734,3508,37364,35750,51806,44086,56624,52410,68195,65926,82864,80926,58113,62005,38146,48898,12007,21459,646783,607136,79191,75925,109672,103746,36953,48,61
2021-09-15T23:59:59+02:00,4767,4476,41115,39355,55087,47670,59578,56132,71691,70127,86524,84693,60106,64231,39399,50582,12475,22319,3674,3460,37158,35564,51632,43876,56485,52266,68087,65825,82768,80824,58067,61972,38122,48873,12005,21445,644990,605918,79189,75922,109672,103746,36456,48,61
2021-09-14T23:59:59+02:00,4739,4446,40992,39229,54959,47579,59489,56016,71593,70033,86447,84634,60087,64204,39385,50570,12472,22315,3660,3447,37084,35491,51539,43820,56413,52196,68011,65763,82710,80787,58049,61946,38107,48853,11999,21437,644229,605505,79189,75922,109672,103745,36079,48,61
2021-09-13T23:59:59+02:00,4711,4432,40888,39125,54869,47483,59425,55916,71521,69977,86404,84593,60057,64172,39379,50559,12468,22310,3639,3429,37009,35421,51452,43759,56354,52131,67946,65729,82670,80760,58025,61919,38098,48842,11998,21431,643520,605060,79188,75871,109671,103730,35890,48,61
2021-09-12T23:59:59+02:00,4702,4418,40856,39098,54848,47460,59399,55885,71492,69945,86390,84573,60049,64163,39377,50556,12466,22306,3630,3425,36972,35390,51434,43740,56329,52113,67925,65701,82649,80741,58014,61906,38093,48831,11998,21429,643304,604855,79179,75866,109670,103728,35810,48,61
2021-09-11T23:59:59+02:00,4693,4416,40841,39072,54821,47433,59380,55868,71469,69933,86379,84565,60048,64160,39376,50555,12466,22304,3627,3423,36955,35379,51413,43721,56316,52100,67903,65690,82636,80737,58012,61905,38091,48831,11998,21428,643209,604810,79179,75865,109670,103728,35701,48,61
2021-09-10T23:59:59+02:00,4648,4376,40662,38901,54664,47297,59262,55716,71344,69830,86291,84483,60020,64132,39366,50543,12462,22297,3609,3404,36829,35290,51304,43628,56223,52009,67809,65624,82563,80681,57993,61884,38082,48817,11991,21422,642304,604387,79177,75865,109670,103728,35121,48,61
2021-09-09T23:59:59+02:00,4574,4288,40420,38683,54470,47075,59085,55496,71197,69663,86189,84388,59995,64089,39347,50518,12454,22292,3551,3340,36617,35116,51128,43477,56072,51844,67666,65504,82453,80602,57953,61838,38065,48795,11986,21414,640830,603246,79176,75863,109670,103728,34524,48,60
2021-09-08T23:59:59+02:00,4475,4193,40193,38424,54271,46893,58909,55328,71086,69546,86097,84309,59959,64049,39339,50486,12448,22285,3441,3235,36332,34847,50893,43262,55871,51658,67529,65373,82339,80498,57919,61782,38042,48756,11975,21400,639408,601492,79171,75855,109670,103728,34017,48,60
2021-09-07T23:59:59+02:00,4401,4131,39991,38254,54140,46773,58807,55220,71009,69457,86035,84242,59935,64021,39328,50471,12445,22282,3412,3209,36203,34740,50788,43181,55788,51594,67459,65304,82274,80441,57886,61749,38030,48733,11969,21392,638391,600829,79165,75841,109666,103727,33695,48,60
2021-09-06T23:59:59+02:00,4360,4083,39889,38152,54060,46701,58740,55144,70964,69402,85991,84204,59915,64004,39325,50466,12443,22278,3379,3185,36088,34625,50692,43110,55705,51509,67399,65233,82220,80379,57859,61718,38019,48720,11968,21390,637713,600067,79165,75803,109664,103715,33553,48,60
2021-09-05T23:59:59+02:00,4347,4065,39854,38122,54038,46670,58704,55117,70936,69379,85967,84181,59912,64001,39322,50461,12442,22274,3375,3179,36062,34604,50663,43087,55672,51488,67380,65216,82202,80363,57851,61713,38016,48714,11966,21387,637490,599915,79164,75799,109663,103715,33449,48,60
2021-09-04T23:59:59+02:00,4347,4063,39845,38119,54035,46662,58703,55115,70934,69375,85963,84174,59912,63999,39322,50461,12442,22274,3374,3178,36050,34601,50660,43080,55668,51487,67378,65212,82199,80359,57850,61711,38016,48714,11966,21387,637470,599897,79164,75798,109663,103713,33422,48,60
2021-09-03T23:59:59+02:00,4309,4033,39732,38007,53935,46592,58624,55033,70864,69315,85899,84143,59894,63983,39316,50456,12439,22271,3361,3163,35971,34533,50574,43033,55605,51431,67319,65169,82154,80327,57835,61697,38008,48708,11960,21386,636898,599575,79164,75792,109663,103713,33094,48,60
2021-09-02T23:59:59+02:00,4268,3990,39554,37849,53792,46432,58483,54906,70738,69197,85821,84078,59846,63946,39293,50428,12437,22261,3344,3149,35844,34447,50461,42949,55505,51343,67218,65088,82080,80265,57788,61665,37991,48684,11955,21379,635884,599014,79164,75791,109663,103708,32582,48,60
2021-09-01T23:59:59+02:00,4207,3920,39360,37676,53629,46290,58363,54792,70644,69110,85760,84001,59802,63915,39277,50415,12435,22250,3210,3028,35509,34102,50227,42686,55306,51147,67056,64921,81948,80158,57739,61608,37959,48657,11950,21373,634762,596793,79153,75781,109662,103707,32243,48,60
2021-08-31T23:59:59+02:00,4158,3873,39224,37526,53497,46177,58259,54686,70557,69036,85682,83945,59773,63887,39259,50386,12433,22247,3189,3011,35388,33999,50083,42586,55193,51062,66961,64854,81866,80104,57700,61572,37945,48637,11944,21370,633832,596207,79151,75780,109660,103480,31937,47,60
2021-08-30T23:59:59+02:00,4107,3828,39114,37400,53393,46092,58174,54607,70495,68958,85621,83898,59755,63862,39248,50375,12431,22241,3176,2992,35314,33926,50005,42526,55117,50991,66900,64791,81812,80046,57674,61545,37931,48616,11943,21359,632990,595615,79148,75745,109660,103468,31776,47,60
2021-08-29T23:59:59+02:00,4096,3819,39096,37382,53374,46075,58159,54588,70487,68948,85605,83881,59753,63860,39244,50371,12430,22240,3170,2985,35285,33901,49974,42507,55105,50965,66877,64764,81789,80032,57664,61529,37926,48611,11940,21358,632871,595419,79145,75728,109660,103468,31707,47,60
2021-08-28T23:59:59+02:00,4096,3819,39095,37382,53373,46074,58159,54588,70486,68946,85605,83881,59753,63860,39244,50371,12430,22240,3170,2985,35285,33900,49974,42507,55103,50965,66876,64763,81789,80032,57664,61529,37926,48611,11940,21358,632867,595416,79145,75728,109660,103468,31705,47,60
2021-08-27T23:59:59+02:00,4060,3777,38974,37283,53272,45968,58077,54493,70396,68868,85542,83822,59727,63836,39232,50361,12430,22238,3164,2969,35182,33842,49872,42444,55031,50892,66784,64700,81735,79993,57639,61509,37915,48601,11939,21357,632226,595009,79145,75728,109655,103466,31305,47,60
2021-08-26T23:59:59+02:00,3976,3714,38781,37100,53100,45800,57940,54343,70266,68753,85414,83730,59680,63789,39208,50341,12423,22228,3137,2931,35004,33669,49718,42276,54870,50731,66653,64570,81588,79880,57591,61447,37886,48575,11934,21349,631038,593842,79142,75717,109652,103461,30729,47,60
2021-08-25T23:59:59+02:00,3880,3645,38613,36901,52946,45605,57824,54201,70165,68652,85320,83637,59644,63748,39190,50322,12421,22221,3020,2797,34622,33254,49444,41955,54630,50467,66459,64367,81407,79708,57503,61365,37864,48537,11922,21337,629788,591093,79141,75715,109652,103461,30329,47,60
2021-08-24T23:59:59+02:00,3859,3629,38526,36827,52867,45535,57767,54148,70111,68606,85274,83597,59612,63722,39181,50305,12418,22211,2977,2767,34474,33126,49322,41866,54542,50382,66356,64273,81316,79631,57454,61320,37856,48521,11917,21328,629349,590167,79137,75711,109650,103456,30034,47,60
2021-08-23T23:59:59+02:00,3831,3593,38431,36731,52784,45471,57710,54083,70052,68553,85220,83558,59594,63695,39171,50292,12416,22203,2959,2736,34334,32990,49197,41789,54441,50297,66262,64177,81226,79568,57418,61270,37836,48501,11916,21317,628814,589286,79133,75677,109648,103443,29768,47,60
2021-08-22T23:59:59+02:00,3823,3592,38401,36717,52769,45452,57693,54070,70026,68534,85203,83544,59584,63685,39169,50283,12411,22201,2951,2718,34286,32951,49169,41752,54405,50270,66219,64152,81190,79541,57403,61256,37833,48492,11911,21314,628707,588998,79131,75666,109647,103442,29647,47,60
2021-08-21T23:59:59+02:00,3820,3589,38381,36711,52759,45441,57678,54064,70012,68522,85197,83535,59577,63683,39168,50283,12411,22201,2951,2718,34274,32947,49158,41743,54391,50265,66207,64141,81184,79534,57399,61255,37833,48492,11911,21314,628665,588985,79130,75664,109646,103442,29566,47,60
2021-08-20T23:59:59+02:00,3800,3557,38311,36640,52676,45369,57601,54000,69938,68469,85134,83487,59560,63663,39165,50279,12411,22195,2933,2704,34176,32841,49043,41674,54298,50190,66112,64073,81114,79480,57379,61231,37827,48487,11910,21310,628295,588461,79128,75661,109646,103439,29161,47,60
2021-08-19T23:59:59+02:00,3772,3523,38140,36498,52514,45228,57479,53896,69809,68348,85035,83411,59530,63619,39150,50262,12407,22183,2899,2651,33823,32591,48754,41427,54080,49994,65904,63885,80938,79346,57324,61158,37781,48449,11905,21299,627403,586547,79126,75563,109637,103425,28613,47,60
2021-08-18T23:59:59+02:00,3722,3473,37951,36342,52384,45104,57383,53791,69700,68253,84959,83347,59491,63576,39135,50242,12405,22175,2829,2578,33441,32179,48451,41170,53823,49715,65683,63671,80753,79184,57242,61071,37745,48407,11901,21287,626399,583967,79123,75434,109635,103418,28251,47,60
2021-08-17T23:59:59+02:00,3661,3425,37787,36182,52262,44976,57302,53694,69605,68167,84885,83285,59456,63543,39122,50219,12400,22166,2729,2501,33050,31735,48123,40852,53531,49424,65437,63428,80552,78974,57133,60960,37703,48358,11889,21276,625433,580852,79123,75420,109630,103397,27926,47,60
2021-08-16T23:59:59+02:00,3605,3370,37641,36040,52166,44880,57229,53624,69535,68098,84832,83240,59434,63514,39108,50202,12394,22158,2596,2393,32489,31176,47730,40438,53138,49036,65131,63159,80329,78778,57057,60844,37670,48303,11880,21254,624525,576808,79119,75385,109630,103377,27771,47,60
2021-08-15T23:59:59+02:00,3596,3361,37607,36016,52133,44862,57202,53590,69519,68082,84821,83229,59422,63510,39105,50193,12394,22156,2579,2382,32410,31079,47658,40374,53074,48974,65087,63117,80286,78750,57039,60824,37662,48290,11879,21250,624335,576243,79119,75355,109629,103366,27690,47,60
2021-08-14T23:59:59+02:00,3591,3356,37599,36009,52127,44858,57196,53583,69515,68079,84813,83225,59415,63505,39104,50191,12394,22156,2578,2380,32402,31071,47647,40370,53065,48965,65084,63114,80279,78748,57034,60819,37661,48288,11879,21250,624302,576210,79116,75354,109629,103366,27644,47,60
2021-08-13T23:59:59+02:00,3574,3342,37528,35967,52066,44806,57129,53532,69446,68038,84747,83189,59393,63493,39093,50176,12391,22150,2555,2352,32261,30956,47520,40271,52943,48864,64982,63034,80190,78698,57011,60798,37648,48278,11877,21245,623989,575403,79116,75353,109629,103366,27301,47,60
2021-08-12T23:59:59+02:00,3535,3315,37399,35844,51976,44716,57058,53449,69352,67965,84673,83123,59364,63469,39081,50163,12391,22147,2476,2262,31731,30469,47136,39919,52549,48509,64656,62801,79969,78486,56919,60711,37603,48235,11872,21228,623272,571910,79115,75321,109627,103259,26981,47,60
2021-08-11T23:59:59+02:00,3493,3275,37247,35700,51864,44607,56935,53326,69254,67875,84588,83042,59324,63431,39060,50147,12387,22143,2356,2182,31084,29847,46627,39531,52120,48073,64353,62523,79756,78282,56823,60605,37567,48162,11859,21211,622368,567863,79109,75297,109625,103171,26570,47,60
2021-08-10T23:59:59+02:00,3445,3230,37089,35553,51750,44485,56830,53221,69189,67805,84522,82985,59300,63394,39042,50133,12380,22138,2189,2033,30197,28867,45890,38832,51452,47467,63966,62159,79507,78039,56718,60500,37522,48093,11851,21199,621428,561649,79107,75296,109622,103168,26308,47,60
2021-08-09T23:59:59+02:00,3409,3201,36993,35445,51671,44417,56771,53178,69158,67762,84492,82953,59283,63380,39030,50114,12379,22136,2053,1913,29486,28122,45219,38246,50880,46881,63595,61801,79226,77789,56597,60403,37478,48038,11844,21185,620842,557527,79105,73849,109621,103142,26178,47,60
2021-08-08T23:59:59+02:00,3400,3187,36965,35427,51646,44391,56754,53167,69140,67743,84472,82937,59279,63375,39025,50107,12378,22135,2019,1888,29359,27981,45074,38151,50781,46796,63539,61744,79177,77748,56560,60385,37468,48027,11844,21182,620665,556599,79104,73841,109620,103110,26113,47,60
2021-08-07T23:59:59+02:00,3400,3187,36963,35421,51636,44390,56752,53167,69136,67740,84471,82935,59278,63375,39025,50107,12378,22135,2019,1888,29350,27973,45059,38148,50780,46791,63536,61739,79174,77745,56557,60384,37467,48027,11844,21181,620657,556564,79103,73839,109620,103109,26090,47,60
2021-08-06T23:59:59+02:00,3389,3172,36897,35366,51555,44325,56686,53127,69094,67707,84439,82908,59266,63356,39014,50101,12375,22133,1981,1845,29111,27739,44846,37964,50597,46644,63398,61619,79075,77677,56532,60358,37452,48017,11841,21178,620384,555095,79099,73831,109620,103107,25781,47,60
2021-08-05T23:59:59+02:00,3356,3134,36744,35234,51441,44190,56565,53012,68979,67593,84313,82832,59223,63303,38991,50081,12366,22123,1861,1714,28412,27119,44260,37477,50038,46188,63040,61320,78783,77457,56422,60263,37413,47963,11833,21162,619588,550769,79098,73821,109620,102927,25148,47,60
2021-08-04T23:59:59+02:00,3297,3071,36543,35065,51292,44042,56427,52897,68855,67464,84197,82719,59156,63245,38973,50052,12362,22113,1660,1537,27266,26002,43301,36600,49077,45282,62449,60713,78286,77017,56211,60081,37354,47873,11819,21142,618504,542425,79087,73780,109620,102874,24531,47,60
2021-08-03T23:59:59+02:00,3223,3013,36325,34869,51140,43904,56303,52775,68724,67351,84109,82646,59113,63201,38953,50022,12353,22098,1458,1332,26185,24886,42359,35700,48178,44394,61903,60181,77838,76612,56042,59894,37292,47785,11800,21110,617162,534073,79079,73731,109616,102848,24237,47,60
2021-08-02T23:59:59+02:00,3178,2959,36182,34719,51031,43792,56211,52676,68638,67260,84024,82571,59073,63153,38938,50002,12345,22086,1269,1167,25283,23896,41508,34956,47450,43652,61420,59705,77451,76268,55878,59745,37242,47706,11783,21089,616187,527097,79078,73676,109615,102705,23930,47,60
2021-08-01T23:59:59+02:00,3173,2953,36165,34697,51004,43773,56191,52649,68608,67247,84010,82559,59067,63148,38936,49998,12345,22086,1224,1136,25024,23647,41259,34754,47217,43455,61279,59568,77335,76171,55842,59716,37227,47693,11779,21085,616041,525229,79075,73634,109614,102637,23851,47,60
2021-07-31T23:59:59+02:00,3172,2952,36160,34696,51004,43772,56189,52648,68607,67246,84010,82558,59067,63148,38936,49998,12345,22085,1221,1135,25017,23631,41251,34745,47212,43449,61270,59566,77333,76168,55842,59712,37227,47693,11779,21084,616028,525158,79075,73633,109614,102636,23848,47,60
2021-07-30T23:59:59+02:00,3155,2939,36099,34633,50935,43723,56126,52587,68551,67205,83972,82518,59055,63135,38932,49991,12342,22082,1164,1080,24694,23323,40979,34532,46951,43254,61081,59435,77183,76052,55810,59673,37213,47681,11779,21084,615738,523222,79071,73630,109611,102525,23532,47,59
2021-07-29T23:59:59+02:00,3132,2911,35960,34511,50806,43597,56031,52487,68480,67140,83901,82466,59030,63117,38920,49982,12342,22081,1020,963,23738,22340,40096,33780,46049,42469,60533,58990,76822,75747,55690,59535,37173,47626,11772,21073,614865,516159,79052,73504,109611,102356,23338,47,59
2021-07-28T23:59:59+02:00,3082,2856,35718,34273,50587,43423,55833,52336,68334,66997,83787,82368,58979,63070,38898,49944,12332,22073,821,807,22518,21107,38772,32672,44730,41290,59730,58328,76316,75286,55495,59347,37104,47522,11758,21048,613491,506347,79045,73333,109610,102198,22714,47,59
2021-07-27T23:59:59+02:00,3057,2837,35610,34155,50502,43341,55754,52285,68272,66928,83726,82296,58938,63027,38886,49929,12331,22064,666,648,21282,19721,37347,31341,43363,39987,59101,57731,75895,74874,55332,59170,37046,47467,11747,21025,612765,495940,79029,73154,109609,102085,22505,47,59
2021-07-26T23:59:59+02:00,3038,2818,35549,34059,50444,43287,55712,52237,68228,66892,83690,82269,58924,63011,38874,49917,12330,22062,564,563,20265,18624,36098,30225,42092,38836,58606,57326,75608,74620,55235,59070,37025,47432,11741,21011,612244,487697,79022,72828,109609,101921,22436,47,59
2021-07-25T23:59:59+02:00,3028,2813,35502,34017,50399,43239,55684,52214,68205,66867,83660,82246,58908,63004,38871,49914,12327,22056,495,492,19867,18260,35680,29894,41683,38529,58410,57170,75449,74511,55188,59031,37003,47413,11738,21007,611949,484968,79016,72553,109609,101890,22350,47,59
2021-07-24T23:59:59+02:00,3028,2813,35496,34014,50397,43235,55682,52213,68204,66867,83658,82245,58908,63004,38870,49914,12327,22056,495,492,19859,18246,35668,29883,41676,38528,58406,57167,75445,74509,55188,59031,37002,47413,11738,21007,611941,484918,79015,72552,109609,101888,22336,47,59
2021-07-23T23:59:59+02:00,3004,2787,35346,33896,50249,43134,55564,52107,68107,66772,83567,82194,58877,62976,38860,49909,12322,22053,469,476,19620,18023,35405,29705,41405,38343,58239,57037,75309,74431,55149,59007,36990,47403,11732,21001,611314,483784,79015,72259,109609,101886,21756,47,59
2021-07-22T23:59:59+02:00,2953,2703,34907,33529,49942,42902,55302,51881,67878,66589,83391,82045,58791,62884,38824,49862,12311,22035,425,427,18831,17362,34309,28971,40278,37510,57500,56568,74756,74056,54968,58828,36924,47319,11711,20975,609178,478258,79001,70824,109605,101666,20912,47,58
2021-07-21T23:59:59+02:00,2898,2645,34597,33205,49702,42690,55114,51692,67686,66404,83263,81920,58726,62831,38793,49823,12300,22025,383,386,18005,16543,32994,27977,39018,36552,56803,56004,74304,73693,54822,58653,36858,47235,11699,20942,607356,472356,78948,68632,109604,101452,20373,47,58
2021-07-20T23:59:59+02:00,2822,2582,34239,32817,49420,42458,54944,51496,67506,66247,83123,81800,58664,62775,38765,49778,12299,22010,327,307,16857,15430,31281,26580,37282,35095,56004,55354,73757,73245,54652,58464,36807,47149,11681,20904,605264,463181,78913,66894,109602,101111,19932,47,58
2021-07-19T23:59:59+02:00,2738,2511,33679,32255,49113,42148,54670,51231,67310,66034,82949,81631,58597,62693,38720,49726,12292,21995,293,259,16199,14864,30330,25900,36415,34379,55564,54931,73428,73006,54565,58378,36770,47097,11675,20882,602065,459472,78852,64728,109601,100937,19740,47,58
2021-07-18T23:59:59+02:00,2710,2493,33580,32137,49021,42093,54614,51171,67249,65985,82905,81589,58570,62667,38709,49713,12290,21988,277,238,15881,14604,29762,25522,35921,34027,55308,54768,73282,72905,54523,58338,36762,47082,11674,20878,601456,458024,78836,63204,109600,100909,19558,47,57
2021-07-17T23:59:59+02:00,2710,2493,33579,32134,49015,42092,54611,51169,67249,65984,82905,81588,58570,62666,38709,49713,12290,21988,277,238,15876,14597,29746,25506,35916,34022,55303,54767,73282,72905,54523,58338,36762,47082,11674,20878,601445,457972,78834,63200,109595,100906,19557,47,57
2021-07-16T23:59:59+02:00,2651,2428,32971,31613,48523,41743,54218,50833,66867,65661,82592,81357,58451,62553,38659,49664,12286,21981,269,227,15460,14274,29252,25130,35468,33690,54965,54512,73022,72713,54412,58250,36727,47044,11671,20874,599225,456569,78830,63071,109594,100899,17364,47,57
2021-07-15T23:59:59+02:00,2519,2297,32110,30829,47904,41169,53646,50352,66440,65313,82338,81115,58360,62456,38625,49621,12278,21963,240,201,14624,13602,27925,24304,34163,32874,54284,54111,72608,72487,54318,58153,36698,47010,11664,20858,594210,452368,78818,60708,109593,100316,16675,47,57
2021-07-14T23:59:59+02:00,2413,2211,31568,30302,47416,40734,53229,49955,66113,65035,82100,80865,58257,62360,38592,49571,12268,21950,193,162,13384,12472,25929,22845,32259,31350,53532,53514,72096,72146,54178,58027,36655,46949,11654,20842,590366,443214,78799,58797,109592,99978,16142,47,56
2021-07-13T23:59:59+02:00,2356,2141,31303,30032,47145,40510,52980,49726,65908,64848,81932,80717,58190,62284,38566,49534,12258,21938,169,140,12393,11630,24197,21536,30315,29759,52337,52342,71274,71352,53929,57750,36568,46834,11636,20815,588215,436477,78785,55878,109584,96821,15744,47,56
2021-07-12T23:59:59+02:00,2129,1934,30443,29103,46491,39976,52409,49158,65517,64459,81654,80446,58055,62158,38524,49477,12248,21917,148,123,11643,11006,22803,20554,28573,28380,51374,51479,70531,70732,53670,57469,36501,46716,11623,20784,581988,428359,78766,53308,109584,96666,15720,47,56
2021-07-11T23:59:59+02:00,2084,1896,30323,28996,46426,39905,52356,49095,65460,64404,81593,80403,58034,62138,38518,49459,12243,21912,145,115,11481,10858,22529,20364,28207,28107,51169,51333,70358,70587,53617,57389,36479,46699,11614,20777,581169,426287,78760,53265,109582,96529,15694,47,53
2021-07-10T23:59:59+02:00,2084,1894,30320,28989,46422,39899,52354,49093,65457,64403,81591,80400,58034,62136,38517,49459,12243,21912,145,115,11469,10840,22514,20348,28191,28094,51162,51328,70355,70584,53617,57389,36478,46699,11614,20777,581139,426198,78759,53263,109582,96518,15687,47,53
2021-07-09T23:59:59+02:00,2040,1856,30087,28759,46206,39718,52170,48923,65295,64290,81486,80319,58004,62106,38502,49444,12239,21910,144,109,11085,10569,21869,19909,27524,27541,50454,50759,69772,70172,53515,57302,36455,46665,11609,20766,579942,425116,78753,52948,109577,93059,15043,46,53
2021-07-08T23:59:59+02:00,1901,1729,29427,28229,45598,39214,51615,48455,64892,63979,81185,80084,57912,62014,38470,49393,12234,21896,106,81,9906,9470,19925,18280,25054,25559,49417,49956,69144,69632,53289,57088,36379,46578,11594,20740,575680,414579,78731,50523,109561,92827,14216,46,53
2021-07-07T23:59:59+02:00,1688,1531,28311,27028,44551,38247,50518,47458,64234,63339,80642,79600,57709,61783,38403,49308,12221,21855,82,70,9370,8996,18835,17440,23656,24356,48591,49308,68597,69141,53089,56847,36303,46479,11578,20700,566403,408234,78715,48907,109559,92534,13710,46,53
2021-07-06T23:59:59+02:00,1486,1373,27234,25991,43532,37325,49580,46523,63634,62777,80207,79191,57526,61600,38347,49213,12197,21828,61,45,8658,8257,17504,16435,22043,23075,47982,48854,68220,68874,52972,56733,36253,46442,11571,20685,558147,400772,78704,48479,109556,92242,13118,46,53
2021-07-05T23:59:59+02:00,1329,1249,26093,24748,42455,36331,48527,45452,62969,62201,79770,78787,57352,61412,38294,49137,12188,21805,49,35,8406,8030,17001,16111,21477,22687,47674,48626,68024,68726,52919,56660,36227,46422,11568,20680,548852,398167,78696,48162,109556,91987,12955,46,51
2021-07-04T23:59:59+02:00,1264,1185,25771,24424,42145,36070,48275,45265,62823,62065,79656,78690,57316,61372,38283,49118,12186,21802,42,34,8150,7871,16728,15914,21192,22489,47549,48526,67944,68649,52895,56636,36212,46417,11566,20679,546536,397127,78666,47500,109555,91902,12913,46,51
2021-07-03T23:59:59+02:00,1264,1184,25763,24409,42132,36064,48273,45265,62819,62064,79655,78689,57315,61372,38283,49118,12186,21802,42,34,8144,7863,16717,15904,21185,22482,47542,48525,67939,68648,52894,56636,36212,46417,11566,20679,546503,397093,78665,47499,109555,91892,12894,46,51
2021-07-02T23:59:59+02:00,1196,1127,25447,24058,41810,35787,48015,45008,62676,61918,79581,78618,57298,61349,38277,49106,12182,21797,41,31,7965,7714,16345,15638,20740,22175,46575,47745,67441,68298,52810,56544,36197,46399,11565,20676,544121,394604,78663,47496,109550,89872,12876,46,51
2021-07-01T23:59:59+02:00,1141,1077,25071,23694,41427,35436,47618,44657,62426,61677,79391,78447,57235,61286,38246,49065,12175,21787,35,27,7573,7375,15531,14853,19568,21140,45036,46258,66225,67221,52501,56241,36100,46279,11541,20649,540972,388769,78561,46670,109540,85920,12743,46,51
2021-06-30T23:59:59+02:00,1068,1011,24647,23251,40999,35066,47207,44276,62196,61469,79220,78298,57155,61208,38218,49014,12167,21766,28,20,7197,7016,14582,14052,18133,19931,41817,43527,64525,65775,52031,55740,35950,46085,11514,20599,537520,376724,78528,45972,109536,83163,12612,46,51
2021-06-29T23:59:59+02:00,977,902,24141,22716,40478,34642,46775,43860,61935,61186,79007,78119,57076,61144,38189,48970,12161,21747,19,18,6920,6706,13913,13553,16972,19003,37483,39838,63167,64514,51543,55240,35817,45906,11483,20556,533432,361386,78519,45759,109536,82957,12498,46,51
2021-06-28T23:59:59+02:00,948,869,23803,22326,40017,34250,46357,43493,61695,60931,78815,77964,57002,61075,38160,48940,12158,21732,17,10,6609,6389,13256,13051,15953,18164,33841,36787,62040,63478,51188,54844,35722,45756,11458,20518,531666,352706,76833,41062,109534,82800,12462,46,51
2021-06-27T23:59:59+02:00,934,856,23711,22235,39942,34188,46298,43433,61662,60893,78779,77934,56987,61064,38154,48933,12157,21727,16,9,6516,6318,13018,12910,15530,17927,33002,36139,61781,63277,51097,54773,35705,45734,11456,20514,531055,349797,76827,40793,109528,82644,12437,46,51
2021-06-26T23:59:59+02:00,934,856,23705,22229,39932,34184,46296,43431,61660,60892,78779,77934,56987,61064,38154,48932,12157,21727,16,9,6513,6310,13009,12896,15522,17920,32998,36138,61774,63274,51095,54767,35705,45734,11456,20513,531023,349726,76826,40792,109527,82643,12437,46,51
2021-06-25T23:59:59+02:00,911,829,23592,22112,39845,34096,46214,43359,61615,60844,78732,77912,56976,61052,38151,48929,12156,21725,15,8,6417,6195,12901,12766,15383,17757,32281,35477,61383,62948,51017,54683,35697,45713,11453,20512,530223,346715,76825,40780,109526,82624,12436,46,51
2021-06-24T23:59:59+02:00,844,771,23205,21694,39490,33784,45863,43054,61410,60650,78572,77774,56922,60998,38129,48899,12151,21714,14,5,6078,5899,12338,12305,14673,17069,28974,32762,59094,61087,50431,54085,35561,45504,11435,20464,527266,332887,76775,40513,109524,82008,12319,46,51
2021-06-23T23:59:59+02:00,740,677,22561,21036,38918,33196,45205,42345,61043,60256,78322,77523,56818,60863,38082,48846,12141,21694,12,4,5922,5704,11969,11951,14163,16539,25613,30003,57448,59554,49907,53546,35440,45330,11414,20420,521680,323432,76718,37579,109521,81570,12307,46,51
2021-06-22T23:59:59+02:00,679,612,22137,20597,38512,32773,44769,41883,60769,59969,78115,77280,56721,60752,38046,48774,12128,21672,10,3,5733,5569,11641,11683,13730,16164,21269,26468,55365,57851,49305,52940,35262,45113,11393,20376,517872,309040,76590,37526,109516,81088,12170,46,51
2021-06-21T23:59:59+02:00,642,571,21884,20359,38259,32539,44523,41607,60579,59757,77982,77140,56667,60666,38021,48733,12119,21656,8,3,5602,5458,11332,11481,13389,15897,19717,25234,54445,57078,47082,50476,34661,44390,11370,20317,515814,303696,76390,37459,109497,74775,11959,45,51
2021-06-20T23:59:59+02:00,613,551,21596,20065,37958,32259,44239,41348,60427,59589,77844,76993,56618,60621,38001,48716,12116,21649,8,3,5544,5414,11199,11391,13233,15769,19318,24908,54176,56894,45420,48490,34093,43754,11350,20296,513416,303060,76307,36704,109484,69494,11953,44,49
2021-06-19T23:59:59+02:00,611,551,21591,20051,37942,32253,44236,41343,60420,59585,77842,76990,56615,60620,38001,48715,12116,21649,8,3,5538,5405,11194,11386,13223,15763,19310,24900,54162,56882,45411,48480,34092,43754,11350,20296,513350,302974,76301,36700,109484,69481,11953,44,49
2021-06-18T23:59:59+02:00,597,537,21493,19941,37873,32196,44160,41256,60364,59539,77797,76948,56593,60598,37996,48702,12115,21648,8,3,5446,5243,10896,10849,12847,15181,18769,23880,53304,55571,45206,48315,34064,43705,11344,20284,512586,301398,76294,36699,109478,64817,11952,44,49
2021-06-17T23:59:59+02:00,512,445,20774,19228,37116,31563,43365,40504,59954,59173,77499,76696,56476,60469,37946,48634,12102,21624,8,3,5256,5030,10515,10296,12322,14409,17834,22516,51727,53626,44053,46964,33746,43307,11297,20200,506600,294067,76201,36569,109468,60656,11768,44,49
2021-06-16T23:59:59+02:00,406,366,19974,18286,36127,30630,42354,39528,59411,58689,77103,76377,56332,60313,37889,48546,12092,21601,8,3,5067,4873,10000,9970,11585,13910,16287,21209,47842,50080,42295,44949,33278,42735,11234,20073,499218,277869,75663,36368,109453,59466,11647,44,48
2021-06-15T23:59:59+02:00,296,263,19165,17439,35205,29773,41425,38637,58972,58248,76769,76047,56190,60146,37830,48476,12077,21567,7,3,4868,4749,9476,9705,10875,13436,14774,20020,43566,45984,40742,43099,32796,42113,11168,19945,492005,260663,75544,36332,109442,58793,11491,44,47
2021-06-14T23:59:59+02:00,192,172,18053,16207,33952,28498,39957,37226,58383,57680,76376,75705,56061,60000,37787,48406,12068,21552,7,3,4745,4657,9129,9495,10394,13117,13601,19016,40920,43427,39667,41949,32503,41712,11136,19859,482242,249481,75109,36305,109439,58061,11443,43,47
2021-06-13T23:59:59+02:00,151,133,17547,15804,33471,28095,39464,36842,58170,57496,76227,75603,56034,59959,37765,48385,12065,21543,7,3,4657,4607,8979,9423,10230,13047,12996,18561,40450,43033,39430,41726,32443,41627,11130,19845,479159,248514,74807,34878,109432,57441,11314,43,47
2021-06-12T23:59:59+02:00,151,133,17539,15783,33454,28085,39457,36838,58163,57492,76223,75601,56033,59957,37764,48385,12065,21543,7,3,4650,4601,8969,9418,10218,13040,12984,18548,40266,42886,39407,41711,32439,41625,11130,19844,479076,248079,74803,34878,109432,57429,11313,43,47
2021-06-11T23:59:59+02:00,149,133,17454,15724,33306,28011,39283,36782,58043,57456,76152,75577,56019,59952,37762,48382,12065,21542,7,3,4571,4409,8810,8858,10027,12321,12750,17477,39777,41583,39252,41581,32421,41589,11128,19843,478732,247591,74390,34876,109324,52589,11304,43,47
2021-06-10T23:59:59+02:00,134,113,16613,15009,31895,27102,38041,35866,57359,56997,75742,75305,55929,59860,37723,48337,12054,21524,7,3,4321,4214,8251,8355,9345,11557,12013,16407,36920,38541,38450,40775,32255,41408,11112,19813,474840,240510,71424,34743,109050,48200,10247,43,47
2021-06-09T23:59:59+02:00,112,88,15834,14310,30611,26203,36824,34978,56779,56608,75396,75077,55844,59754,37696,48292,12041,21504,7,3,4137,4064,7890,8166,8878,11336,11392,16026,31832,33665,36950,39236,32010,41139,11091,19763,470170,226565,68991,34618,109006,46613,9744,41,45
2021-06-08T23:59:59+02:00,85,70,14919,13452,29229,25114,35458,33970,56161,56199,75101,74862,55768,59679,37673,48260,12037,21494,7,3,4055,4002,7731,8043,8725,11219,11098,15819,28996,30846,35991,38292,31850,40944,11067,19730,465588,219053,65563,34557,108960,45383,9380,41,45
2021-06-07T23:59:59+02:00,77,57,14281,12878,27863,24298,34297,33188,55683,55940,74858,74754,55732,59639,37657,48249,12037,21490,7,3,3962,3929,7534,7914,8424,11087,10731,15573,24654,26460,34523,36749,31628,40677,11039,19700,462457,207242,62526,34489,108928,43792,9026,41,45
2021-06-06T23:59:59+02:00,76,54,13960,12685,27077,23882,33643,32769,55373,55774,74702,74689,55711,59615,37643,48240,12035,21489,7,3,3896,3893,7382,7871,8266,11001,10408,15370,21827,23579,33521,35665,31488,40522,11032,19685,461313,204446,60475,29240,108901,42999,8687,41,44
2021-06-05T23:59:59+02:00,76,52,13930,12656,27028,23841,33614,32750,55368,55764,74696,74683,55707,59610,37638,48238,12035,21489,7,3,3874,3876,7347,7848,8219,10982,10345,15328,20400,22023,32723,34784,31418,40441,11028,19678,461182,199465,60370,29237,108896,42892,8686,41,44
2021-06-04T23:59:59+02:00,70,48,13699,12395,26715,23522,33275,32439,55307,55684,74657,74663,55697,59605,37637,48236,12035,21488,7,3,3845,3848,7268,7769,8163,10904,10266,15205,20293,21906,32649,34729,31386,40404,11025,19675,459277,199384,60307,29224,108862,42008,8685,41,44
2021-06-03T23:59:59+02:00,52,43,13133,11911,25677,22836,32140,31688,54810,55351,74341,74469,55627,59526,37602,48205,12028,21471,7,3,3716,3757,6993,7600,7881,10731,9938,14968,18405,20043,30670,32415,31113,40071,11002,19626,454944,190777,58804,29203,108847,40644,8274,41,41
2021-06-02T23:59:59+02:00,38,31,12447,11170,24681,21935,31003,30733,54544,55086,74149,74328,55574,59446,37585,48183,12020,21464,7,3,3682,3737,6934,7543,7825,10681,9855,14877,17885,19493,28740,30235,31014,39928,10995,19615,448643,185236,58625,29202,108845,40307,8263,41,41
2021-06-01T23:59:59+02:00,24,16,11319,10289,22554,20506,28465,28841,53127,54021,73140,73545,55272,59121,37462,48010,11985,21404,7,2,3454,3561,6437,7233,7224,10254,8995,14275,15934,17679,24949,25972,30326,39042,10919,19459,439133,171204,54163,29065,108807,38457,6957,41,39
2021-05-31T23:59:59+02:00,19,12,10458,9622,20716,19336,26416,27328,52017,53170,72433,72994,55057,58858,37389,47905,11970,21368,7,2,3313,3407,6101,6985,6825,9957,8456,13918,14865,16697,23750,24594,29936,38551,10859,19365,432323,165439,49787,29026,108789,36957,6128,41,38
2021-05-30T23:59:59+02:00,17,9,10111,9278,19995,18841,25710,26747,51679,52888,72196,72797,54980,58780,37364,47877,11962,21359,7,2,3133,3218,5755,6719,6537,9715,8238,13712,14606,16427,23459,24275,29826,38445,10844,19337,429735,164611,49377,28969,108757,35957,4680,41,38
2021-05-29T23:59:59+02:00,17,9,10096,9266,19977,18810,25690,26721,51667,52883,72191,72787,54978,58775,37363,47877,11961,21359,7,2,3130,3209,5750,6714,6530,9712,8230,13704,14596,16421,23448,24266,29822,38439,10843,19336,429572,164537,49377,28966,108757,35938,4680,41,38
2021-05-28T23:59:59+02:00,17,9,10030,9172,19836,18642,25427,26489,51506,52707,72044,72656,54939,58725,37349,47857,11958,21346,7,2,3083,3132,5658,6574,6427,9510,8113,13430,14404,16145,23295,24110,29768,38376,10836,19327,427912,164143,49340,28965,108738,34373,4679,40,37
2021-05-27T23:59:59+02:00,17,9,8774,7990,17440,16834,22649,24338,50411,51893,71378,72163,54740,58502,37254,47762,11944,21316,7,2,2786,2799,4813,5950,5536,8730,7319,12439,13276,14953,22302,23069,29379,37920,10781,19241,416016,160318,48382,28701,108596,29866,2380,40,37
2021-05-26T23:59:59+02:00,16,9,8373,7573,16559,16029,21460,23329,49806,51347,70956,71774,54589,58337,37186,47684,11933,21286,7,2,2602,2627,4446,5614,5060,8223,6842,11792,12305,13971,21400,22033,29067,37477,10734,19156,410409,156453,47649,28614,108515,26621,1634,39,36
2021-05-25T23:59:59+02:00,16,9,7806,6980,15316,15149,20014,22156,49328,50945,70708,71587,54513,58254,37162,47656,11929,21276,7,2,2528,2528,4257,5485,4816,7993,6562,11483,11748,13436,19239,19853,28692,36937,10699,19107,403649,150747,47408,28601,108467,24747,1241,39,36
2021-05-24T23:59:59+02:00,16,9,7718,6880,15091,15021,19729,21977,49226,50826,70664,71548,54510,58248,37159,47653,11928,21273,7,2,2488,2465,4171,5317,4723,7750,6437,11201,11608,13194,19123,19738,28641,36891,10692,19096,402515,150596,47328,28558,108368,23130,1226,39,34
2021-05-23T23:59:59+02:00,15,9,7702,6867,15053,15004,19674,21949,49215,50824,70659,71542,54509,58244,37159,47651,11928,21273,7,2,2485,2460,4165,5313,4712,7746,6431,11188,11586,13172,18980,19540,28610,36852,10690,19094,402326,150106,47328,28556,108367,23121,1217,39,33
2021-05-22T23:59:59+02:00,15,9,7699,6858,15044,14992,19663,21942,49215,50822,70656,71542,54509,58243,37159,47651,11928,21273,6,2,2483,2453,4158,5308,4710,7746,6427,11185,11578,13169,18967,19534,28609,36852,10690,19094,402271,150069,47328,28556,108367,23098,1215,39,33
2021-05-21T23:59:59+02:00,15,9,7625,6757,14917,14857,19458,21784,48976,50589,70513,71434,54481,58216,37151,47644,11922,21267,6,2,2413,2367,4069,5169,4606,7537,6303,10888,11405,12880,18901,19467,28593,36822,10687,19092,400698,149812,47325,28555,108342,21595,1212,38,33
2021-05-20T23:59:59+02:00,15,9,7349,6458,14329,14334,18520,20906,46297,48230,69354,70459,54123,57850,37042,47501,11890,21236,6,2,2152,2197,3709,4807,4164,6988,5747,10056,10317,11778,17620,18168,28085,36222,10611,18944,389675,144543,47157,28260,108037,17741,996,37,33
2021-05-19T23:59:59+02:00,14,8,7109,6234,13660,13847,17248,19906,42309,44750,67863,69148,53667,57326,36877,47272,11853,21185,6,2,2073,1994,3544,4470,3915,6466,5301,9373,9318,10660,16138,16519,27388,35300,10483,18734,374881,137356,46582,28116,107799,15210,977,37,25
2021-05-18T23:59:59+02:00,14,7,6914,6058,13110,13413,16149,19045,37586,40727,66407,67823,53112,56787,36726,47048,11811,21129,6,2,2027,1871,3403,4279,3730,6147,4967,8889,8452,9787,14553,14778,26679,34442,10392,18559,358762,130709,46517,27550,107639,13768,911,37,25
2021-05-17T23:59:59+02:00,14,7,6779,5963,12784,13161,15648,18655,35406,38858,65574,67035,52836,56472,36643,46939,11796,21092,6,2,1955,1807,3215,4096,3510,5914,4645,8517,7671,9087,11286,10747,25768,33290,10311,18388,355026,125477,42239,21445,107554,12462,806,37,25
2021-05-16T23:59:59+02:00,14,7,6714,5878,12658,13006,15477,18488,34913,38385,65388,66865,52780,56410,36631,46912,11791,21087,6,2,1896,1710,3111,3973,3430,5812,4537,8370,7487,8898,9090,8145,25282,32604,10277,18329,353546,124326,41729,16083,107518,11950,575,36,25
2021-05-15T23:59:59+02:00,14,7,6709,5869,12651,12999,15472,18482,34904,38382,65386,66863,52779,56409,36631,46912,11791,21087,6,2,1895,1710,3109,3968,3425,5809,4532,8367,7485,8895,9088,8143,25281,32604,10277,18329,353497,124296,41729,16083,107513,11949,572,36,25
2021-05-14T23:59:59+02:00,14,7,6508,5775,12410,12936,15239,18390,33930,37590,64849,66454,52683,56322,36614,46878,11789,21082,6,2,1779,1622,2997,3897,3369,5701,4482,8221,7437,8766,9081,8137,25280,32604,10277,18328,350124,124237,41698,16079,107051,11084,562,35,24
2021-05-13T23:59:59+02:00,14,7,6259,5591,12005,12682,14667,17942,30400,34801,62367,64372,52051,55649,36475,46657,11777,21034,5,2,1737,1582,2941,3821,3337,5610,4439,8118,7355,8647,9041,8077,25261,32562,10272,18323,336122,123985,41473,16055,106620,10566,500,35,24
2021-05-12T23:59:59+02:00,14,7,6242,5568,11932,12616,14554,17832,29766,34224,61859,63919,51877,55476,36438,46612,11770,21021,5,2,1737,1579,2939,3820,3334,5610,4436,8117,7353,8641,9034,8074,25261,32560,10272,18322,333118,123962,41460,16045,106615,10565,500,34,24
2021-05-11T23:59:59+02:00,13,7,5923,5436,11486,12331,14007,17447,25503,30736,59475,61909,51216,54797,36249,46365,11746,20958,5,2,1697,1464,2836,3558,3213,5236,4294,7676,7200,8319,8950,7991,25232,32520,10268,18311,318165,123720,41406,15855,105625,8797,376,32,24
2021-05-10T23:59:59+02:00,13,7,5796,5362,11325,12214,13787,17275,22028,27974,58219,60790,50855,54443,36157,46241,11731,20927,5,2,1657,1366,2751,3329,3110,4904,4183,7186,7079,7879,8910,7931,25220,32498,10266,18307,308226,123572,41246,15706,105331,6973,309,32,23
2021-05-09T23:59:59+02:00,13,7,5721,5330,11237,12150,13684,17193,20428,26792,57755,60404,50753,54343,36132,46200,11724,20922,5,2,1640,1344,2694,3204,3059,4762,4138,7066,7031,7785,8899,7919,25213,32492,10265,18307,307655,123532,37678,15660,105129,6315,295,31,23
2021-05-08T23:59:59+02:00,13,7,5718,5328,11226,12145,13674,17184,20420,26786,57746,60398,50750,54334,36128,46197,11722,20919,5,2,1639,1344,2693,3201,3059,4762,4135,7063,7030,7784,8897,7919,25212,32490,10265,18307,307564,123515,37677,15660,105128,6314,295,31,23
2021-05-07T23:59:59+02:00,13,7,5678,5293,11157,12097,13565,17103,19967,26428,56748,59588,50621,54204,36098,46166,11719,20905,5,2,1539,1302,2613,3156,3017,4733,4100,7039,7009,7752,8889,7911,25210,32489,10265,18306,304399,123479,37657,15652,104981,5893,290,30,23
2021-05-06T23:59:59+02:00,13,7,5427,5181,10642,11788,12857,16648,18668,25442,52483,55931,49424,52824,35766,45765,11667,20804,5,2,1322,1172,2373,2984,2845,4568,3949,6841,6856,7601,8814,7830,25190,32454,10262,18299,289255,123204,37466,15511,104423,4462,167,26,23
2021-05-05T23:59:59+02:00,13,7,5173,5085,10148,11549,12100,16195,17336,24458,48115,51793,47759,50903,35326,45193,11592,20681,5,2,1276,1079,2310,2856,2759,4389,3855,6601,6749,7402,8699,7733,25128,32379,10256,18283,272073,122718,37240,15466,104036,3503,51,26,23
2021-05-04T23:59:59+02:00,13,7,5088,5000,9831,11331,11647,15803,16355,23591,46239,49760,46687,49595,34950,44707,11524,20572,5,2,1265,1060,2282,2815,2718,4305,3802,6493,6677,7323,8657,7694,25107,32362,10255,18278,261675,122499,37216,15403,103755,3147,28,26,23
2021-05-03T23:59:59+02:00,13,7,4988,4912,9477,11159,11182,15538,15298,22729,44665,48143,45805,48641,34728,44363,11496,20479,5,2,1250,1035,2246,2782,2677,4241,3753,6437,6601,7269,8085,7002,23361,30027,10117,18039,252653,116664,37206,15322,103722,2904,16,26,23
2021-05-02T23:59:59+02:00,13,7,4926,4894,9362,11120,11034,15477,14686,22238,44146,47733,45663,48475,34678,44302,11489,20468,5,1,1246,1029,2227,2779,2664,4233,3724,6422,6581,7255,7895,6760,21384,27612,10070,17951,251439,116642,35568,10303,103667,2859,11,26,23
2021-05-01T23:59:59+02:00,13,7,4926,4892,9358,11114,11031,15475,14682,22234,44144,47729,45662,48475,34678,44302,11489,20468,5,1,1245,1029,2227,2779,2664,4233,3723,6422,6580,7255,7895,6759,21384,27612,10070,17951,251408,116639,35568,10303,103666,2858,11,26,23
2021-04-30T23:59:59+02:00,13,7,4880,4868,9291,11098,10975,15450,14606,22208,42662,46317,45328,48145,34641,44250,11484,20458,5,1,1040,934,2032,2689,2565,4173,3637,6362,6517,7196,7888,6742,21383,27610,10070,17951,247422,116630,35568,10300,103654,1832,11,26,22
2021-04-29T23:59:59+02:00,13,7,4641,4784,8814,10949,10373,15274,13921,21999,37724,42004,44317,47113,34519,44132,11480,20427,5,1,861,858,1859,2611,2480,4107,3527,6291,6448,7146,7865,6722,21378,27603,10070,17951,233678,116596,35464,10195,103312,959,11,26,22
2021-04-28T23:59:59+02:00,13,7,4464,4751,8564,10863,10020,15183,13565,21842,33073,37494,43071,45857,34393,43984,11465,20409,5,1,819,831,1821,2563,2448,4031,3491,6182,6400,7056,7845,6702,21365,27590,10065,17944,220439,116509,35445,10147,103098,472,10,26,21
2021-04-27T23:59:59+02:00,12,6,4235,4538,8219,10412,9631,14600,13093,21195,31940,36365,42789,45570,34377,43956,11461,20406,5,1,792,817,1786,2540,2430,4013,3473,6162,6365,7029,7834,6693,21360,27586,10062,17938,217702,116450,35430,10118,99637,287,10,26,21
2021-04-26T23:59:59+02:00,12,6,4213,4511,8146,10374,9525,14546,12943,21134,27530,31985,41570,44349,34297,43855,11448,20395,5,1,760,806,1757,2521,2401,3992,3448,6141,6313,6983,7786,6644,21329,27555,10062,17931,205830,116248,35420,10073,99553,84,10,26,20
2021-04-25T23:59:59+02:00,12,6,4191,4498,8114,10349,9462,14514,12850,21087,25561,29942,40870,43589,34250,43796,11444,20389,5,1,748,798,1745,2507,2383,3977,3423,6120,6280,6954,7766,6627,21312,27534,10061,17927,205164,116221,30307,9838,99418,80,9,26,20
2021-04-24T23:59:59+02:00,12,6,4172,4487,8084,10320,9420,14498,12798,21066,24059,28277,40112,42746,34185,43720,11441,20383,5,1,747,797,1742,2505,2382,3973,3423,6116,6280,6951,7764,6624,21310,27534,10061,17927,200097,116199,30307,9837,99347,77,9,26,20
2021-04-23T23:59:59+02:00,11,6,3907,4336,7612,10022,8991,14143,12236,20663,23578,27977,40023,42684,34164,43686,11435,20376,5,1,734,787,1725,2492,2362,3957,3401,6093,6258,6932,7750,6605,21305,27523,10061,17926,199746,116184,30291,9638,95780,66,9,24,20
2021-04-22T23:59:59+02:00,11,6,3814,4276,7422,9906,8712,13950,11790,20337,21249,25619,37265,39439,33637,43014,11364,20252,5,1,721,778,1696,2461,2303,3899,3330,6021,6148,6835,7671,6518,21249,27479,10058,17911,186716,116066,30099,8927,95215,64,9,24,18
2021-04-21T23:59:59+02:00,11,4,3786,4243,7292,9827,8530,13777,11453,20047,19990,24414,34051,35717,33155,42314,11299,20123,5,1,697,760,1661,2433,2259,3875,3297,5988,6108,6796,7639,6491,21229,27455,10054,17907,174944,115953,29923,8615,95133,60,9,24,18
2021-04-20T23:59:59+02:00,11,4,3753,4216,7187,9758,8318,13617,11083,19749,18893,23262,30739,32071,32678,41715,11242,20006,4,1,689,750,1646,2421,2225,3853,3254,5942,6067,6754,7597,6446,21204,27432,10048,17904,163298,115794,29900,8358,95071,58,9,24,18
2021-04-19T23:59:59+02:00,11,4,3735,4200,7112,9720,8200,13507,10828,19564,18227,22602,29864,30938,32385,41351,11200,19932,4,1,681,745,1625,2407,2201,3823,3218,5909,6033,6723,7554,6413,21173,27404,10046,17900,158460,115662,29882,8114,95005,57,9,24,18
2021-04-18T23:59:59+02:00,11,4,3732,4193,7096,9708,8186,13490,10791,19538,18140,22519,29742,30812,32357,41328,11197,19924,4,1,679,741,1610,2395,2184,3808,3193,5883,6003,6700,7531,6400,21155,27382,10043,17897,157968,115603,29814,7923,94954,56,9,23,18
2021-04-17T23:59:59+02:00,11,4,3731,4191,7093,9705,8182,13490,10785,19531,18127,22508,29719,30799,32355,41325,11197,19924,4,1,678,741,1608,2394,2182,3807,3189,5882,6001,6698,7531,6400,21155,27382,10043,17897,157884,115588,29813,7923,94948,55,9,23,18
2021-04-16T23:59:59+02:00,11,4,3564,4154,6748,9575,7811,13303,10386,19286,17673,22234,29514,30637,32272,41235,11182,19905,4,1,665,721,1596,2379,2155,3792,3135,5845,5959,6648,7438,6309,20742,26815,10013,17836,157125,114258,29805,7716,92532,52,9,23,18
2021-04-15T23:59:59+02:00,11,4,3464,4074,6396,9203,7232,12802,9608,18454,16350,21006,28314,29343,31753,40593,11101,19729,4,1,635,698,1543,2340,2069,3706,3026,5725,5631,6410,6940,5921,19999,25896,9914,17666,151377,110878,29511,7172,88517,47,9,23,18
2021-04-14T23:59:59+02:00,10,4,3411,4027,6160,8963,6902,12425,8988,17906,15228,19973,26897,27840,31122,39711,10989,19531,4,1,602,672,1498,2302,1994,3628,2884,5602,5323,6176,6395,5412,18975,24601,9827,17486,144558,106595,29312,6719,86186,41,9,22,18
2021-04-13T23:59:59+02:00,10,4,3379,3995,6070,8885,6754,12292,8685,17661,14428,19279,23551,24275,30187,38530,10883,19355,4,1,597,663,1485,2279,1962,3593,2786,5531,5105,5993,6028,5070,18673,24253,9785,17419,132914,104475,29301,6686,85977,40,9,22,17
2021-04-12T23:59:59+02:00,10,4,3357,3974,6019,8826,6666,12206,8467,17467,13811,18753,22545,23125,29762,37971,10814,19228,4,1,587,655,1475,2271,1939,3572,2729,5481,4956,5888,5707,4787,18377,23949,9746,17357,127827,102877,29282,6538,85865,40,9,22,17
2021-04-11T23:59:59+02:00,10,4,3351,3968,6001,8802,6637,12189,8425,17444,13719,18693,22416,22975,29710,37906,10804,19204,4,1,583,650,1462,2261,1926,3564,2712,5464,4919,5851,5648,4727,18204,23716,9725,17326,127284,102212,29216,6465,85727,40,9,22,17
2021-04-10T23:59:59+02:00,10,4,3343,3967,5978,8801,6615,12188,8403,17443,13695,18691,22411,22972,29706,37905,10804,19204,4,1,580,647,1454,2254,1921,3561,2705,5455,4903,5843,5635,4710,18040,23461,9711,17302,127263,101690,29125,6432,85722,40,8,22,17
2021-04-09T23:59:59+02:00,9,4,3306,3955,5930,8787,6556,12169,8364,17416,13645,18645,20456,20556,29220,37286,10774,19154,4,1,566,633,1428,2232,1894,3537,2663,5419,4830,5781,5519,4607,17462,22728,9673,17231,126563,99919,23999,6233,85642,32,7,21,17
2021-04-08T23:59:59+02:00,9,4,3281,3936,5862,8756,6482,12130,8275,17352,13500,18528,17856,17481,28699,36619,10736,19104,4,1,524,604,1340,2150,1799,3440,2483,5235,4330,5420,4716,4001,15669,20487,9483,16922,125697,92901,18123,5661,84763,23,6,21,17
2021-04-07T23:59:59+02:00,7,4,3202,3907,5655,8705,6274,12070,8065,17276,13237,18432,15184,14402,28020,35818,10706,19051,4,1,500,575,1286,2093,1703,3361,2330,5095,3917,5089,3993,3430,14809,19615,9367,16735,125483,88548,16580,5313,77926,20,5,21,17
2021-04-06T23:59:59+02:00,6,4,3173,3897,5610,8686,6203,12046,7979,17239,13164,18359,13193,12031,27384,35102,10693,19021,4,1,470,552,1217,2038,1617,3278,2168,4976,3545,4813,3468,3017,13961,18609,9291,16614,125349,84891,16376,4711,72039,16,5,21,16
2021-04-05T23:59:59+02:00,6,4,3171,3894,5575,8671,6166,12033,7934,17222,13091,18323,13148,11985,27373,35086,10692,19018,4,1,438,522,1165,2001,1566,3236,2101,4922,3456,4737,3411,2965,13817,18437,9282,16596,125324,84397,16167,4224,71876,16,4,21,16
2021-04-04T23:59:59+02:00,6,4,3170,3892,5575,8669,6164,12032,7933,17220,13091,18323,13145,11985,27372,35086,10692,19018,4,1,437,521,1164,2001,1565,3236,2100,4922,3456,4737,3411,2965,13816,18437,9282,16596,125314,84391,16167,4224,71871,16,4,21,16
2021-04-03T23:59:59+02:00,6,4,3169,3892,5575,8668,6164,12032,7933,17220,13091,18323,13145,11984,27371,35083,10692,19018,4,1,437,519,1164,2001,1564,3236,2100,4921,3450,4734,3405,2955,13729,18300,9273,16580,125309,84113,16167,4224,71869,16,4,21,16
2021-04-02T23:59:59+02:00,6,4,3169,3889,5572,8663,6160,12023,7925,17207,13064,18292,13098,11931,27343,35064,10689,19014,4,1,434,512,1162,1997,1552,3227,2089,4899,3419,4701,3373,2926,12792,17049,9206,16471,125140,81638,16164,4142,71784,16,4,21,14
2021-04-01T23:59:59+02:00,6,4,3155,3875,5533,8644,6093,11990,7854,17172,12951,18220,12984,11804,27285,34988,10680,18999,4,1,386,468,1063,1929,1452,3138,1937,4786,3214,4570,3137,2724,10757,14449,9093,16290,124825,76016,16041,3349,71348,16,3,20,14
2021-03-31T23:59:59+02:00,6,4,3154,3861,5516,8610,6058,11955,7810,17127,12870,18151,12870,11682,27234,34925,10672,18989,3,1,348,445,1027,1886,1379,3098,1832,4682,2955,4369,2721,2409,8159,11215,8912,16048,124514,68452,16001,3005,70957,15,3,19,14
2021-03-30T23:59:59+02:00,6,4,3148,3849,5492,8584,6025,11923,7770,17087,12792,18085,12784,11544,27196,34877,10666,18979,3,1,327,427,1005,1854,1320,3063,1708,4601,2708,4198,2353,2161,7269,10132,8845,15919,124381,65133,15970,2730,70439,15,2,19,14
2021-03-29T23:59:59+02:00,6,4,3136,3845,5463,8564,5989,11888,7726,17054,12717,18008,12136,10786,25327,32387,10517,18722,3,1,321,424,998,1839,1300,3038,1674,4560,2559,4110,2065,2010,6609,9420,8801,15841,118382,62817,15800,2727,70073,13,2,18,14
2021-03-28T23:59:59+02:00,6,4,3106,3829,5415,8526,5938,11843,7645,16999,12606,17938,11871,10483,23343,29920,10462,18623,3,1,320,422,995,1838,1291,3034,1670,4558,2547,4102,2040,1990,6585,9405,8799,15836,118324,62684,10613,2725,69600,13,2,18,12
2021-03-27T23:59:59+01:00,6,4,3094,3824,5375,8515,5902,11828,7597,16984,12560,17891,11836,10439,23339,29912,10462,18623,3,1,320,422,995,1838,1291,3034,1669,4556,2545,4099,2038,1988,6537,9330,8767,15787,118253,62468,10612,2725,69306,13,2,18,12
2021-03-26T23:59:59+01:00,6,4,2966,3503,4924,7363,5407,10510,6985,14937,11753,15604,11615,10254,22854,29183,10417,18552,3,1,319,419,990,1835,1285,3029,1666,4554,2540,4092,2030,1982,6408,9141,8623,15598,116699,61785,10355,2713,59763,3,2,18,12
2021-03-25T23:59:59+01:00,6,3,2846,3241,4765,6597,5176,9362,6660,13215,11027,13802,10754,9451,22124,28335,10340,18395,3,1,314,410,983,1826,1270,3010,1647,4520,2504,4042,1962,1923,6116,8712,8342,15145,113774,60006,9650,2709,52655,2,2,18,11
2021-03-24T23:59:59+01:00,6,3,2800,3196,4689,6533,5042,9255,6454,13044,10514,13396,9918,8629,21104,27074,10242,18207,3,1,312,405,976,1820,1253,2999,1632,4496,2457,3986,1894,1847,5750,8237,7925,14470,109739,57752,9303,2698,51047,2,0,17,11
2021-03-23T23:59:59+01:00,6,3,2772,3163,4620,6464,4931,9162,6241,12882,10056,12974,9199,7960,20590,26467,10187,18100,3,1,300,392,959,1810,1238,2976,1602,4474,2407,3937,1815,1781,5466,7853,7520,13844,107338,55669,8970,2697,49452,1,0,17,11
2021-03-22T23:59:59+01:00,6,3,2754,3124,4561,6425,4855,9094,6102,12743,9694,12701,8597,7392,20170,26029,10126,18006,1,1,298,389,948,1803,1224,2962,1589,4461,2380,3909,1788,1759,5327,7679,7070,13018,105851,53903,8712,2692,47802,1,0,17,10
2021-03-21T23:59:59+01:00,6,3,2747,3108,4515,6401,4804,9058,6008,12676,9505,12514,8290,7132,20002,25862,10114,17978,1,1,298,389,947,1803,1222,2962,1588,4460,2377,3909,1781,1753,5318,7674,7039,12960,105648,53796,8480,2675,46578,1,0,17,10
2021-03-20T23:59:59+01:00,6,3,2746,3101,4508,6396,4797,9055,6004,12668,9485,12500,8257,7100,19829,25585,10098,17952,1,1,298,389,947,1802,1221,2962,1587,4459,2373,3901,1769,1740,5303,7625,6861,12720,105092,53298,8467,2650,46514,1,0,17,10
2021-03-19T23:59:59+01:00,6,3,2710,3074,4437,6351,4690,9005,5864,12610,9217,12312,7953,6873,19344,24994,10066,17893,1,1,298,388,946,1801,1221,2959,1585,4458,2366,3896,1753,1729,5266,7582,6448,12098,103788,52158,8225,2627,45372,1,0,17,10
2021-03-18T23:59:59+01:00,6,3,2644,3001,4273,6213,4440,8800,5507,12303,8304,11641,6689,5857,18083,23631,9911,17661,1,1,295,383,941,1791,1207,2946,1546,4442,2301,3850,1674,1687,5191,7475,5703,10979,98866,49819,7681,2585,42403,0,0,17,9
2021-03-17T23:59:59+01:00,6,3,2607,2961,4192,6116,4302,8692,5252,12027,7628,11074,5700,4956,16730,22091,9744,17401,1,1,291,381,937,1783,1203,2937,1529,4421,2235,3825,1610,1642,5146,7409,5122,10087,93422,48023,7181,2528,40862,0,0,17,9
2021-03-16T23:59:59+01:00,5,3,2587,2933,4129,6049,4208,8595,5075,11871,7179,10685,4934,4337,15869,21108,9638,17227,1,1,287,379,934,1778,1200,2930,1521,4411,2213,3806,1577,1625,5108,7366,4612,9267,89759,46560,7142,2449,39514,0,0,17,7
2021-03-15T23:59:59+01:00,5,3,2584,2922,4114,6029,4177,8569,5025,11824,7061,10568,4787,4175,15548,20695,9606,17168,1,1,285,375,933,1772,1194,2923,1507,4402,2192,3784,1533,1608,5048,7292,4027,8404,88984,44967,7043,2307,38816,0,0,17,7
2021-03-14T23:59:59+01:00,5,2,2578,2914,4093,6008,4147,8549,4984,11790,6967,10480,4681,4061,15415,20525,9589,17128,1,1,283,374,933,1770,1188,2916,1502,4391,2181,3777,1523,1602,5040,7284,4021,8390,88676,44904,7024,2266,38200,0,0,16,7
2021-03-13T23:59:59+01:00,5,2,2571,2904,4085,5996,4139,8542,4976,11780,6948,10467,4658,4035,15099,20087,9569,17092,1,1,283,374,933,1770,1188,2916,1502,4391,2181,3777,1522,1602,5040,7283,4021,8390,87785,44903,7002,2265,38152,0,0,16,7
2021-03-12T23:59:59+01:00,5,2,2507,2828,3975,5824,4019,8319,4839,11481,6769,10197,4505,3897,14169,18826,9507,16990,1,1,283,373,931,1767,1188,2912,1500,4386,2180,3770,1515,1600,5033,7264,4019,8373,85303,44825,6941,2264,36401,0,0,14,7
2021-03-11T23:59:59+01:00,4,2,2383,2603,3747,5497,3763,7885,4512,10719,6138,9386,3983,3393,12555,16826,9405,16841,1,1,283,372,927,1762,1185,2898,1491,4374,2167,3743,1474,1572,4992,7227,4007,8346,80942,44675,6778,2140,31908,0,0,14,7
2021-03-10T23:59:59+01:00,4,2,2264,2472,3590,5259,3568,7562,4240,10236,5581,8817,3408,2951,10267,14106,9256,16609,1,1,280,368,922,1752,1178,2887,1487,4358,2145,3728,1445,1565,4961,7212,3998,8336,74603,44610,6606,2007,28969,0,0,14,7
2021-03-09T23:59:59+01:00,4,2,2239,2421,3524,5170,3454,7472,4070,10039,5186,8468,2927,2591,8740,12087,9150,16458,1,1,279,367,922,1746,1171,2877,1483,4350,2137,3717,1430,1559,4953,7207,3995,8334,69716,44569,6458,1954,27814,0,0,14,6
2021-03-08T23:59:59+01:00,4,2,2215,2346,3465,5102,3380,7388,3948,9927,4890,8274,2485,2327,6803,9687,9029,16280,1,1,279,364,921,1736,1165,2861,1477,4339,2133,3710,1419,1552,4937,7187,3988,8324,64010,44460,6121,1928,27407,0,0,14,6
2021-03-07T23:59:59+01:00,4,2,2153,2290,3369,4994,3283,7299,3849,9840,4753,8179,2434,2275,6780,9666,9029,16272,1,1,279,363,920,1736,1165,2859,1477,4339,2133,3710,1419,1552,4936,7187,3988,8324,63881,44457,5438,1926,27138,0,0,14,6
2021-03-06T23:59:59+01:00,4,2,2145,2277,3355,4984,3279,7294,3840,9830,4743,8174,2432,2272,6734,9596,8997,16222,1,1,279,363,919,1732,1164,2858,1477,4336,2129,3705,1418,1547,4930,7182,3986,8314,63670,44409,5378,1926,27118,0,0,14,6
2021-03-05T23:59:59+01:00,4,2,2015,2191,3130,4798,3040,6982,3562,9435,4409,7838,2343,2210,6526,9274,8800,15957,1,1,279,361,917,1729,1164,2857,1476,4330,2126,3699,1412,1545,4924,7176,3985,8307,62677,44357,4531,1926,25294,0,0,14,6
2021-03-04T23:59:59+01:00,4,2,1764,1971,2717,4361,2583,6343,2996,8534,3724,7025,2124,2050,6230,8907,8516,15494,1,1,276,360,916,1721,1162,2840,1475,4314,2117,3687,1401,1543,4912,7162,3978,8296,61016,44233,3251,1923,21064,0,0,14,6
2021-03-03T23:59:59+01:00,4,2,1694,1883,2610,4178,2450,6116,2855,8247,3536,6762,2040,1972,5889,8430,8152,14905,1,1,275,357,916,1711,1159,2817,1471,4290,2112,3672,1376,1531,4907,7156,3974,8288,58989,44086,3107,1923,19615,0,0,14,5
2021-03-02T23:59:59+01:00,4,2,1659,1807,2540,4058,2369,5964,2748,8066,3421,6610,1965,1904,5572,7988,7738,14226,1,1,273,352,913,1692,1156,2797,1468,4272,2111,3661,1351,1525,4897,7139,3969,8280,56856,43930,2865,1923,18906,0,0,14,5
2021-03-01T23:59:59+01:00,2,2,1649,1780,2502,3950,2321,5849,2712,7965,3368,6531,1923,1883,5434,7825,7257,13349,1,1,272,350,909,1686,1154,2785,1466,4259,2109,3646,1346,1520,4894,7137,3967,8273,54975,43847,2854,1923,18459,0,0,14,5
2021-02-28T23:59:59+01:00,2,2,1633,1742,2468,3878,2290,5794,2669,7884,3341,6483,1917,1879,5426,7820,7220,13289,1,1,272,350,908,1686,1154,2785,1466,4258,2109,3645,1346,1520,4894,7136,3967,8273,54850,43844,2852,1922,18021,0,0,14,5
2021-02-27T23:59:59+01:00,2,2,1631,1735,2465,3871,2287,5794,2667,7883,3338,6481,1911,1869,5416,7776,7047,13065,1,1,272,350,898,1681,1144,2778,1456,4249,2092,3636,1345,1517,4894,7135,3967,8273,54379,43840,2852,1844,17995,0,0,14,5
2021-02-26T23:59:59+01:00,2,1,1443,1576,2336,3631,2209,5387,2574,7379,3251,6023,1896,1844,5391,7743,6777,12670,1,1,270,348,890,1674,1136,2758,1450,4227,2082,3622,1338,1508,4887,7123,3963,8260,53619,43759,2832,1775,15668,0,0,14,4
2021-02-25T23:59:59+01:00,2,1,1230,1294,2117,3199,2037,4635,2376,6438,3009,5125,1805,1773,5339,7663,6193,11817,1,1,268,340,883,1614,1102,2662,1417,4117,2026,3547,1300,1487,4843,7081,3943,8205,51716,43286,2820,1547,11505,0,0,12,4
2021-02-24T23:59:59+01:00,2,1,1177,1086,2012,2934,1931,4299,2243,6034,2839,4856,1728,1718,5278,7574,5428,10625,1,1,266,334,847,1566,1052,2571,1356,4001,1937,3418,1260,1459,4825,7054,3933,8184,49361,43021,2809,1040,9583,0,0,12,4
2021-02-23T23:59:59+01:00,2,1,1160,1035,1977,2870,1905,4200,2217,5949,2805,4793,1719,1703,5242,7526,4781,9592,1,1,266,333,820,1539,1002,2519,1303,3923,1831,3343,1208,1432,4801,7028,3920,8146,47561,42815,2782,597,9123,0,0,11,4
2021-02-22T23:59:59+01:00,2,1,1152,993,1928,2726,1861,4054,2161,5755,2751,4688,1708,1692,5208,7478,4166,8699,1,1,265,324,778,1501,949,2436,1214,3815,1692,3245,1118,1373,4758,6956,3891,8035,45933,42338,2764,10,8316,0,0,10,4
2021-02-21T23:59:59+01:00,2,1,1149,979,1899,2664,1834,3957,2134,5650,2731,4625,1701,1686,5205,7469,4166,8695,1,1,263,322,773,1495,941,2404,1212,3779,1679,3205,1109,1358,4740,6930,3866,7991,45880,42055,2754,10,7903,0,0,10,4
2021-02-20T23:59:59+01:00,2,1,1149,979,1899,2663,1833,3957,2134,5650,2729,4619,1692,1677,5198,7462,4164,8692,1,1,263,322,773,1494,940,2400,1211,3775,1678,3203,1109,1358,4688,6870,3819,7934,45865,41826,2726,9,7899,0,0,10,4
2021-02-19T23:59:59+01:00,2,1,1149,977,1896,2658,1833,3947,2133,5641,2725,4615,1673,1668,5183,7444,4161,8687,1,1,262,320,769,1484,931,2375,1204,3733,1649,3150,1081,1319,4495,6617,3640,7633,45785,40651,2704,9,7894,0,0,10,4
2021-02-18T23:59:59+01:00,2,1,1118,895,1856,2539,1795,3810,2080,5435,2663,4442,1656,1651,5167,7412,4156,8658,1,1,235,291,724,1359,883,2169,1118,3395,1533,2853,971,1129,4000,5834,3223,6731,45632,36437,2671,9,7023,0,0,10,4
2021-02-17T23:59:59+01:00,2,1,1072,768,1775,2307,1718,3514,1971,5075,2588,4195,1631,1642,5146,7397,4147,8655,1,1,230,288,714,1341,874,2147,1106,3360,1514,2832,965,1126,3617,5307,2924,6304,45591,34638,2611,9,5392,0,0,10,4
2021-02-16T23:59:59+01:00,2,1,1031,729,1720,2203,1649,3342,1901,4868,2509,4087,1591,1628,5119,7374,4138,8643,1,1,223,282,698,1305,852,2093,1075,3242,1475,2745,941,1102,3259,4757,2580,5805,45537,32427,2444,6,4546,0,0,8,3
2021-02-15T23:59:59+01:00,2,1,1025,710,1700,2126,1631,3242,1882,4759,2495,4008,1561,1614,5089,7358,4105,8587,1,1,211,272,682,1272,833,2043,1054,3176,1433,2680,911,1071,2830,4198,2242,5226,45410,30128,2358,5,4119,0,0,8,3
2021-02-14T23:59:59+01:00,2,1,930,677,1624,2093,1569,3223,1839,4737,2460,3995,1554,1612,5080,7346,4102,8581,1,1,204,261,673,1254,815,2003,1038,3110,1402,2612,881,1025,2738,4057,2163,5028,45366,29260,2323,4,3729,0,0,7,2
2021-02-13T23:59:59+01:00,2,1,878,653,1594,2070,1554,3215,1823,4730,2452,3994,1553,1611,5080,7345,4101,8580,1,1,202,260,671,1253,815,1999,1038,3108,1401,2609,880,1024,2634,3932,2097,4927,45359,28847,2323,3,3547,0,0,7,2
2021-02-12T23:59:59+01:00,2,1,551,507,1246,1953,1383,3113,1683,4648,2345,3924,1534,1603,5070,7334,4091,8570,1,1,190,254,656,1227,801,1955,1011,3022,1346,2509,818,949,2406,3616,1949,4604,45237,27311,2323,2,1991,0,0,7,2
2021-02-11T23:59:59+01:00,2,1,389,433,1058,1839,1280,2995,1586,4534,2256,3833,1425,1558,5007,7282,4068,8520,1,1,154,192,557,983,666,1509,810,2350,1066,1916,575,697,1787,2727,1437,3323,44879,20750,2115,1,1065,0,0,7,0
2021-02-10T23:59:59+01:00,2,1,276,364,931,1733,1178,2873,1491,4349,2142,3711,1386,1545,4986,7271,4064,8518,1,1,133,129,387,623,494,1020,641,1738,898,1582,555,681,1381,2167,1120,2820,44803,16371,2006,0,6,0,0,6,0
2021-02-09T23:59:59+01:00,2,1,276,363,930,1727,1175,2864,1491,4343,2141,3706,1378,1542,4984,7269,4063,8516,1,1,130,127,378,590,475,993,620,1709,873,1552,553,678,997,1700,840,2412,44778,14629,1982,0,5,0,0,6,0
2021-02-08T23:59:59+01:00,2,1,276,361,929,1725,1172,2854,1484,4338,2139,3702,1373,1538,4982,7269,4062,8513,1,1,125,121,367,577,467,973,609,1676,855,1526,545,673,603,1209,534,1984,44750,12846,1959,0,5,0,0,6,0
2021-02-07T23:59:59+01:00,2,1,276,361,926,1725,1171,2854,1482,4336,2139,3702,1373,1538,4982,7268,4061,8513,1,1,121,118,362,573,466,966,606,1664,845,1510,537,670,602,1199,529,1969,44746,12739,1958,0,0,0,0,6,0
2021-02-06T23:59:59+01:00,2,1,276,361,926,1725,1171,2854,1482,4336,2139,3702,1373,1538,4982,7268,4061,8513,1,1,118,115,360,569,465,964,606,1662,845,1509,536,669,602,1199,529,1969,44746,12719,1958,0,0,0,0,6,0
2021-02-05T23:59:59+01:00,2,1,275,360,924,1725,1171,2853,1480,4335,2138,3702,1373,1538,4981,7266,4061,8510,1,1,117,106,357,564,457,951,602,1652,832,1486,531,659,596,1183,519,1944,44731,12558,1958,0,0,0,0,6,0
2021-02-04T23:59:59+01:00,2,1,271,355,918,1686,1164,2806,1480,4283,2126,3659,1365,1531,4952,7234,4049,8476,1,0,89,71,239,392,331,693,473,1259,623,1118,401,521,501,967,454,1678,44395,9811,1957,0,0,0,0,6,0
2021-02-03T23:59:59+01:00,2,1,269,346,914,1661,1160,2771,1469,4233,2117,3623,1357,1515,4927,7204,4035,8446,1,0,55,34,85,167,152,346,230,593,300,545,211,278,286,603,265,1046,44087,5197,1957,0,0,0,0,6,0
2021-02-02T23:59:59+01:00,2,1,268,344,913,1649,1156,2752,1466,4201,2110,3597,1349,1509,4919,7190,4027,8420,1,0,16,10,29,52,61,101,73,165,96,124,45,75,69,133,57,207,43910,1314,1957,0,0,0,0,6,0
2021-02-01T23:59:59+01:00,2,1,268,339,913,1646,1155,2751,1465,4197,2109,3591,1348,1508,4917,7189,4027,8420,1,0,13,9,25,45,51,92,60,140,74,105,39,67,61,124,55,194,43883,1155,1957,0,0,0,0,6,0
2021-01-31T23:59:59+01:00,2,1,268,338,913,1642,1154,2746,1465,4192,2109,3588,1347,1508,4916,7188,4027,8420,1,0,12,8,22,40,44,84,54,129,64,99,34,56,52,114,52,187,43863,1052,1955,0,0,0,0,6,0
2021-01-30T23:59:59+01:00,2,1,268,338,908,1639,1146,2738,1457,4186,2105,3585,1347,1508,4863,7128,3981,8362,1,0,12,8,22,38,44,84,53,128,64,99,34,56,52,114,52,187,43635,1048,1921,0,0,0,0,6,0
2021-01-29T23:59:59+01:00,2,1,267,336,893,1631,1134,2717,1445,4156,2081,3558,1338,1502,4698,6927,3813,8153,1,0,10,8,22,38,41,84,52,126,61,98,33,52,51,114,52,187,42837,1030,1809,0,0,0,0,6,0
2021-01-28T23:59:59+01:00,2,1,263,323,874,1545,1095,2607,1408,4054,2011,3484,1312,1489,4361,6457,3536,7794,1,0,7,4,10,18,22,42,21,58,36,65,20,34,35,74,40,125,41045,612,1565,0,0,0,0,6,0
2021-01-27T23:59:59+01:00,2,1,257,320,832,1490,1048,2513,1344,3956,1937,3377,1272,1462,3949,5884,3209,7322,1,0,3,4,10,9,11,21,8,23,14,30,12,15,17,42,17,63,39057,300,1112,0,0,0,0,6,0
2021-01-26T23:59:59+01:00,2,1,250,311,796,1443,981,2428,1283,3829,1821,3269,1211,1410,3600,5325,2854,6799,1,0,1,1,6,4,4,7,4,3,3,9,7,5,5,7,4,8,36945,79,664,0,0,0,0,4,0
2021-01-25T23:59:59+01:00,2,1,240,302,745,1383,920,2309,1181,3684,1662,3148,1131,1378,3201,4810,2537,6323,1,0,1,1,6,3,2,7,2,2,3,9,7,5,5,7,4,8,34891,73,63,0,0,0,0,3,0
2021-01-24T23:59:59+01:00,2,1,237,302,739,1379,909,2293,1176,3668,1634,3118,1125,1375,3174,4774,2520,6301,1,0,1,1,4,3,2,7,2,2,3,9,7,5,5,7,4,8,34716,71,9,0,0,0,0,2,0
2021-01-23T23:59:59+01:00,2,1,236,301,738,1378,909,2289,1175,3666,1631,3116,1124,1375,3069,4648,2453,6200,1,0,1,1,4,3,2,7,2,2,3,9,7,5,5,7,4,8,34301,71,8,0,0,0,0,2,0
2021-01-22T23:59:59+01:00,2,1,235,298,735,1362,907,2276,1169,3650,1627,3112,1122,1374,2907,4453,2350,6055,1,0,1,1,4,3,2,7,2,2,3,9,7,5,5,7,4,8,33625,71,8,0,0,0,0,2,0
2021-01-21T23:59:59+01:00,2,1,230,270,671,1206,840,2064,1088,3365,1531,2906,1079,1331,2559,3989,2055,5614,1,0,1,0,3,2,2,7,2,2,3,9,7,4,5,7,4,8,30793,67,8,0,0,0,0,0,0
2021-01-20T23:59:59+01:00,2,1,206,206,511,854,665,1573,888,2664,1294,2439,981,1197,2018,3236,1631,4803,1,0,1,0,3,2,2,7,2,2,3,7,6,4,5,7,4,8,25161,64,8,0,0,0,0,0,0
2021-01-19T23:59:59+01:00,2,1,181,189,463,744,611,1418,802,2367,1119,2131,813,939,1364,2295,1145,3667,0,0,0,0,2,1,0,0,0,0,2,1,1,0,0,0,0,0,20247,7,4,0,0,0,0,0,0
2021-01-18T23:59:59+01:00,1,1,137,134,386,620,489,1061,646,1823,929,1640,603,729,691,1346,600,2239,0,0,0,0,1,0,0,0,0,0,1,0,0,0,0,0,0,0,14072,2,3,0,0,0,0,0,0
2021-01-17T23:59:59+01:00,1,1,126,119,371,585,474,996,617,1706,870,1541,554,688,641,1244,554,2074,0,0,0,0,0,0,0,0,0,0,0,0,0,0,0,0,0,0,13161,0,1,0,0,0,0,0,0
2021-01-16T23:59:59+01:00,1,1,119,115,368,581,472,984,611,1693,864,1534,553,687,640,1238,549,2060,0,0,0,0,0,0,0,0,0,0,0,0,0,0,0,0,0,0,13069,0,1,0,0,0,0,0,0
2021-01-15T23:59:59+01:00,1,1,117,108,365,575,464,968,607,1682,850,1510,547,674,632,1221,541,2035,0,0,0,0,0,0,0,0,0,0,0,0,0,0,0,0,0,0,12898,0,0,0,0,0,0,0,0
2021-01-14T23:59:59+01:00,1,1,97,87,282,467,392,789,503,1411,694,1221,430,541,549,1022,478,1835,0,0,0,0,0,0,0,0,0,0,0,0,0,0,0,0,0,0,10800,0,0,0,0,0,0,0,0
2021-01-13T23:59:59+01:00,1,1,67,47,169,284,257,522,353,923,473,787,264,328,333,672,308,1166,0,0,0,0,0,0,0,0,0,0,0,0,0,0,0,0,0,0,6955,0,0,0,0,0,0,0,0
2021-01-12T23:59:59+01:00,1,1,31,20,54,103,115,215,151,384,196,336,137,180,174,371,177,647,0,0,0,0,0,0,0,0,0,0,0,0,0,0,0,0,0,0,3293,0,0,0,0,0,0,0,0
2021-01-11T23:59:59+01:00,1,0,17,10,38,65,63,114,78,172,91,127,40,67,66,130,55,200,0,0,0,0,0,0,0,0,0,0,0,0,0,0,0,0,0,0,1334,0,0,0,0,0,0,0,0
2021-01-10T23:59:59+01:00,1,0,14,7,31,54,56,102,68,157,75,113,34,57,56,119,50,190,0,0,0,0,0,0,0,0,0,0,0,0,0,0,0,0,0,0,1184,0,0,0,0,0,0,0,0
2021-01-09T23:59:59+01:00,1,0,13,7,30,52,55,101,65,156,75,111,34,57,56,119,50,190,0,0,0,0,0,0,0,0,0,0,0,0,0,0,0,0,0,0,1172,0,0,0,0,0,0,0,0
2021-01-08T23:59:59+01:00,1,0,10,7,28,49,50,96,60,143,69,107,32,52,55,119,50,190,0,0,0,0,0,0,0,0,0,0,0,0,0,0,0,0,0,0,1118,0,0,0,0,0,0,0,0
2021-01-07T23:59:59+01:00,1,0,7,4,10,19,22,43,23,58,38,67,19,35,40,79,39,126,0,0,0,0,0,0,0,0,0,0,0,0,0,0,0,0,0,0,630,0,0,0,0,0,0,0,0
2021-01-06T23:59:59+01:00,1,0,7,4,10,16,14,30,15,40,25,54,16,25,33,69,37,110,0,0,0,0,0,0,0,0,0,0,0,0,0,0,0,0,0,0,506,0,0,0,0,0,0,0,0
2021-01-05T23:59:59+01:00,1,0,7,4,10,16,14,30,15,40,25,54,16,25,32,69,37,110,0,0,0,0,0,0,0,0,0,0,0,0,0,0,0,0,0,0,505,0,0,0,0,0,0,0,0
2021-01-04T23:59:59+01:00,1,0,2,4,9,6,4,14,4,8,6,17,7,5,9,16,5,15,0,0,0,0,0,0,0,0,0,0,0,0,0,0,0,0,0,0,132,0,0,0,0,0,0,0,0
2021-01-03T23:59:59+01:00,1,0,1,1,4,3,2,7,3,3,3,10,5,4,6,8,4,9,0,0,0,0,0,0,0,0,0,0,0,0,0,0,0,0,0,0,74,0,0,0,0,0,0,0,0
2021-01-02T23:59:59+01:00,1,0,1,1,4,3,2,7,3,3,3,10,5,4,6,8,4,9,0,0,0,0,0,0,0,0,0,0,0,0,0,0,0,0,0,0,74,0,0,0,0,0,0,0,0
2021-01-01T23:59:59+01:00,1,0,1,1,4,3,2,7,2,3,3,10,5,4,6,8,4,9,0,0,0,0,0,0,0,0,0,0,0,0,0,0,0,0,0,0,73,0,0,0,0,0,0,0,0
2020-12-31T23:59:59+01:00,1,0,1,1,4,2,2,7,2,2,3,9,5,4,6,8,4,9,0,0,0,0,0,0,0,0,0,0,0,0,0,0,0,0,0,0,70,0,0,0,0,0,0,0,0
2020-12-30T23:59:59+01:00,1,0,1,1,4,2,2,7,2,2,3,7,5,4,6,8,4,9,0,0,0,0,0,0,0,0,0,0,0,0,0,0,0,0,0,0,68,0,0,0,0,0,0,0,0
2020-12-29T23:59:59+01:00,1,0,1,1,3,1,2,6,2,2,3,6,3,2,5,8,3,8,0,0,0,0,0,0,0,0,0,0,0,0,0,0,0,0,0,0,57,0,0,0,0,0,0,0,0
2020-12-28T23:59:59+01:00,1,0,0,0,3,1,0,2,1,0,1,3,0,1,0,1,1,5,0,0,0,0,0,0,0,0,0,0,0,0,0,0,0,0,0,0,20,0,0,0,0,0,0,0,0
2020-12-27T23:59:59+01:00,0,0,0,0,0,0,0,1,1,0,1,2,0,1,0,1,1,5,0,0,0,0,0,0,0,0,0,0,0,0,0,0,0,0,0,0,13,0,0,0,0,0,0,0,0
