Datum,<24_1_m,<24_1_w,25-34_1_m,25-34_1_w,35-44_1_m,35-44_1_w,45-54_1_m,45-54_1_w,55-64_1_m,55-64_1_w,65-74_1_m,65-74_1_w,75-84_1_m,75-84_1_w,>84_1_m,>84_1_w,<24_2_m,<24_2_w,25-34_2_m,25-34_2_w,35-44_2_m,35-44_2_w,45-54_2_m,45-54_2_w,55-64_2_m,55-64_2_w,65-74_2_m,65-74_2_w,75-84_2_m,75-84_2_w,>84_2_m,>84_2_w,bp_1,bp_2,mo_1,mo_2,az_1,az_2,ja
2021-05-19T23:59:59+02:00,8146,7474,13730,13699,17386,20504,45860,48129,66884,68088,50788,54772,34159,44998,9576,17548,2316,2244,3404,4221,3750,6393,5336,9420,9311,9921,16843,17533,26561,35146,8510,15535,368909,134079,46227,27757,105779,13782,826
2021-05-18T23:59:59+02:00,7925,7270,13184,13280,16047,19466,41392,44304,65545,66867,50320,54302,34036,44806,9544,17505,2276,2189,3317,4117,3607,6178,5021,9044,8446,9111,15344,15852,25984,34455,8437,15387,353184,127777,46171,27200,105658,13008,780
2021-05-17T23:59:59+02:00,7767,7162,12852,13034,15492,18994,39249,42489,64772,66125,50087,54038,33972,44713,9531,17483,2195,2136,3154,4001,3416,6006,4704,8713,7707,8429,12014,11774,25321,33583,8368,15266,349561,122890,41919,21167,105584,12034,696
2021-05-16T23:59:59+02:00,7699,7068,12729,12888,15323,18827,38759,42032,64598,65976,50044,53978,33965,44693,9526,17479,2134,2060,3069,3913,3346,5947,4605,8610,7522,8266,9732,9046,24981,33082,8342,15222,348100,121787,41421,15868,105553,11712,510
2021-05-15T23:59:59+02:00,7692,7058,12725,12883,15320,18823,38753,42031,64597,65974,50044,53977,33965,44693,9526,17479,2133,2059,3066,3907,3343,5944,4600,8608,7520,8263,9729,9044,24981,33082,8342,15222,348059,121757,41421,15868,105551,11709,509
2021-05-14T23:59:59+02:00,7470,6954,12489,12819,15099,18738,37724,41213,64124,65606,49968,53900,33953,44666,9524,17476,2008,1965,2959,3838,3295,5839,4549,8450,7473,8155,9729,9041,24980,33082,8342,15221,344740,121709,41391,15865,105092,10852,500
2021-05-13T23:59:59+02:00,7173,6746,12086,12561,14531,18291,33976,38216,61848,63725,49451,53328,33847,44474,9513,17432,1960,1918,2906,3764,3261,5743,4514,8344,7393,8045,9698,8993,24960,33047,8340,15219,330921,121484,41170,15842,104663,10335,444
2021-05-12T23:59:59+02:00,7152,6719,12010,12495,14415,18175,33295,37625,61382,63304,49314,53170,33812,44433,9508,17423,1960,1915,2905,3764,3258,5743,4514,8342,7391,8038,9691,8992,24960,33045,8340,15218,327969,121466,41160,15832,104659,10334,444
2021-05-11T23:59:59+02:00,6795,6568,11550,12216,13896,17785,28811,33962,59184,61430,48761,52575,33661,44227,9486,17370,1911,1776,2792,3490,3148,5367,4370,7886,7249,7763,9612,8918,24939,33009,8337,15209,313163,121244,41108,15640,103683,8569,323
2021-05-10T23:59:59+02:00,6657,6488,11399,12113,13679,17616,25263,31124,58077,60418,48441,52269,33585,44113,9474,17345,1871,1665,2721,3286,3062,5023,4269,7383,7148,7403,9586,8879,24928,32992,8336,15205,303412,121135,40956,15492,103398,6835,295
2021-05-09T23:59:59+02:00,6576,6450,11313,12050,13578,17533,23610,29898,57682,60107,48351,52180,33564,44083,9469,17340,1848,1627,2668,3177,3019,4888,4231,7268,7112,7344,9576,8868,24923,32988,8335,15205,302901,121116,37399,15451,103202,6228,282
2021-05-08T23:59:59+02:00,6575,6447,11307,12047,13574,17529,23605,29894,57673,60102,48349,52173,33558,44080,9469,17337,1847,1626,2668,3176,3019,4888,4228,7265,7111,7343,9575,8868,24922,32986,8335,15205,302836,121101,37399,15451,103202,6228,282
2021-05-07T23:59:59+02:00,6526,6405,11242,12000,13475,17450,22845,29305,57040,59563,48255,52083,33542,44057,9466,17326,1734,1573,2598,3136,2983,4860,4198,7241,7089,7314,9569,8862,24920,32986,8335,15204,299859,121073,37384,15445,103060,5807,277
2021-05-06T23:59:59+02:00,6256,6274,10718,11687,12763,16998,20590,27533,53779,56638,47232,50909,33277,43710,9426,17244,1484,1417,2381,2982,2821,4687,4046,7050,6946,7169,9506,8791,24904,32960,8332,15198,285096,120831,37216,15312,102572,4381,150
2021-05-05T23:59:59+02:00,5982,6158,10199,11442,11988,16543,18521,25885,50073,53034,45806,49220,32911,43231,9374,17144,1433,1300,2324,2867,2743,4503,3953,6816,6837,6989,9400,8705,24856,32897,8327,15183,268293,120386,36991,15289,102189,3420,38
2021-05-04T23:59:59+02:00,5878,6053,9867,11228,11541,16127,17331,24828,48386,51110,44837,48055,32599,42825,9316,17046,1417,1277,2298,2824,2706,4418,3899,6702,6766,6925,9364,8668,24839,32883,8326,15179,258135,120183,36968,15229,101909,3064,15
2021-05-03T23:59:59+02:00,5756,5955,9508,11050,11068,15854,16157,23869,46874,49516,44077,47211,32423,42534,9291,16975,1395,1245,2270,2800,2665,4353,3854,6649,6689,6872,8516,7571,23382,30964,8213,14981,249270,114435,36958,15149,101883,2828,7
2021-05-02T23:59:59+02:00,5684,5932,9398,11015,10930,15793,15459,23305,46435,49172,43962,47063,32382,42481,9284,16967,1391,1241,2256,2798,2650,4343,3835,6639,6672,6858,7863,6809,21901,29093,8175,14910,248083,114421,35348,10212,101829,2799,2
2021-05-01T23:59:59+02:00,5684,5929,9393,11010,10927,15792,15455,23301,46433,49168,43961,47063,32382,42481,9284,16967,1390,1241,2256,2798,2650,4343,3833,6639,6671,6858,7863,6808,21901,29093,8175,14910,248052,114417,35348,10212,101828,2798,2
2021-04-30T23:59:59+02:00,5631,5906,9325,10990,10876,15771,15364,23265,44895,47705,43702,46791,32351,42444,9282,16960,1160,1136,2072,2718,2555,4277,3756,6587,6608,6804,7859,6795,21900,29091,8175,14910,244092,114411,35348,10210,101816,1780,2
2021-04-29T23:59:59+02:00,5346,5812,8844,10846,10277,15598,14602,23003,39817,43191,43004,46049,32258,42349,9279,16932,962,1051,1914,2644,2473,4214,3650,6514,6544,6762,7841,6782,21898,29084,8175,14910,230474,114392,35249,10107,101482,917,2
2021-04-28T23:59:59+02:00,5152,5772,8593,10759,9920,15513,14244,22834,34843,38328,42147,45203,32151,42233,9269,16917,920,1013,1878,2603,2442,4129,3613,6404,6496,6680,7822,6769,21889,29070,8171,14904,217365,114312,35233,10058,101278,431,2
2021-04-27T23:59:59+02:00,4887,5514,8256,10300,9534,14944,13754,22195,33696,37168,41968,45015,32137,42210,9266,16915,891,996,1846,2584,2428,4113,3598,6395,6468,6661,7816,6764,21885,29065,8169,14898,214636,114262,35222,10032,97899,281,2
2021-04-26T23:59:59+02:00,4857,5484,8180,10260,9432,14894,13527,22073,28889,32330,41238,44321,32075,42127,9257,16908,856,984,1816,2570,2400,4087,3572,6374,6418,6620,7769,6712,21862,29042,8169,14891,202815,114074,35215,9988,97820,78,2
2021-04-25T23:59:59+02:00,4833,5468,8146,10235,9367,14864,13440,22029,26659,29980,40813,43872,32033,42087,9256,16903,843,976,1805,2557,2385,4072,3545,6355,6388,6588,7748,6696,21848,29023,8168,14888,202179,114052,30117,9756,97688,76,1
2021-04-24T23:59:59+02:00,4811,5453,8120,10209,9322,14849,13393,22004,24942,28106,40268,43247,31982,42030,9253,16898,842,975,1801,2555,2385,4067,3545,6353,6388,6584,7746,6695,21847,29023,8168,14888,197149,114032,30117,9755,97620,74,1
2021-04-23T23:59:59+02:00,4493,5263,7657,9916,8893,14489,12818,21602,24519,27839,40199,43195,31967,42008,9248,16894,828,965,1781,2540,2365,4051,3523,6332,6368,6565,7731,6676,21843,29014,8168,14888,196833,114017,30102,9558,94064,62,1
2021-04-22T23:59:59+02:00,4385,5187,7462,9807,8620,14289,12341,21242,21890,25082,37806,40376,31535,41460,9186,16782,813,953,1754,2511,2304,3990,3449,6268,6261,6469,7655,6591,21792,28971,8166,14878,184027,113910,29913,8855,93509,59,1
2021-04-21T23:59:59+02:00,4355,5152,7323,9721,8436,14115,11964,20926,20370,23546,34850,36976,31148,40874,9131,16674,787,935,1717,2482,2260,3965,3417,6237,6225,6429,7623,6562,21776,28952,8163,14874,172386,113809,29739,8539,93435,55,1
2021-04-20T23:59:59+02:00,4321,5117,7203,9652,8226,13951,11561,20616,19084,22171,31762,33547,30755,40384,9085,16582,780,924,1698,2471,2230,3940,3375,6184,6181,6397,7590,6518,21752,28931,8158,14871,160920,113663,29718,8283,93378,53,1
2021-04-19T23:59:59+02:00,4295,5098,7128,9610,8108,13838,11285,20415,18369,21424,30936,32499,30528,40079,9050,16518,770,918,1677,2457,2203,3909,3339,6150,6149,6366,7537,6483,21732,28908,8156,14868,156163,113532,29702,8038,93314,51,1
2021-04-18T23:59:59+02:00,4289,5092,7116,9596,8087,13821,11249,20379,18286,21345,30824,32391,30504,40057,9048,16516,768,914,1660,2445,2189,3892,3314,6121,6120,6347,7513,6471,21715,28887,8153,14866,155695,113474,29635,7850,93269,50,1
2021-04-17T23:59:59+02:00,4288,5090,7112,9595,8085,13821,11246,20371,18271,21337,30805,32379,30502,40056,9048,16516,768,913,1659,2445,2188,3891,3312,6119,6118,6346,7513,6471,21715,28887,8153,14866,155623,113463,29635,7850,93263,50,1
2021-04-16T23:59:59+02:00,4093,5040,6767,9457,7721,13634,10842,20112,17828,21082,30626,32228,30434,39976,9038,16501,755,894,1646,2430,2162,3877,3253,6080,6078,6293,7419,6373,21308,28336,8126,14809,154876,112143,29629,7648,90873,47,1
2021-04-15T23:59:59+02:00,3975,4938,6388,9082,7135,13108,10018,19214,16482,19844,29481,30969,29990,39424,8976,16350,721,869,1590,2389,2083,3793,3131,5947,5742,6050,6908,5969,20631,27462,8050,14666,149171,108846,29334,7112,86868,42,1
2021-04-14T23:59:59+02:00,3910,4877,6180,8872,6810,12742,9405,18657,15371,18788,28080,29487,29453,38643,8884,16187,684,839,1543,2351,2008,3717,2981,5817,5417,5790,6349,5461,19671,26203,7982,14520,142419,104638,29138,6659,84788,35,1
2021-04-13T23:59:59+02:00,3875,4842,6085,8789,6658,12620,9088,18390,14438,17968,24779,25951,28664,37644,8802,16041,677,829,1529,2326,1981,3681,2876,5745,5191,5594,5975,5116,19406,25902,7950,14459,130920,102573,29128,6629,84585,34,1
2021-04-12T23:59:59+02:00,3852,4814,6033,8735,6573,12541,8844,18164,13797,17387,23788,24835,28320,37174,8745,15933,667,821,1519,2317,1957,3661,2816,5691,5030,5476,5655,4833,19136,25616,7915,14409,125943,100998,29113,6486,84478,34,1
2021-04-11T23:59:59+02:00,3845,4807,6014,8711,6545,12522,8803,18138,13698,17317,23666,24701,28273,37109,8737,15912,664,815,1505,2307,1944,3653,2798,5675,4992,5433,5594,4771,18968,25391,7898,14381,125403,100338,29048,6416,84346,34,1
2021-04-10T23:59:59+02:00,3833,4806,5993,8711,6521,12521,8783,18137,13680,17315,23660,24697,28270,37109,8737,15912,661,813,1500,2302,1939,3651,2792,5667,4976,5424,5581,4753,18806,25141,7885,14359,125381,99832,28960,6383,84343,34,1
2021-04-09T23:59:59+02:00,3787,4792,5949,8701,6466,12502,8741,18112,13626,17263,21593,22145,27910,36645,8711,15874,645,796,1477,2278,1911,3634,2743,5624,4904,5372,5467,4653,18249,24416,7856,14303,124693,98115,23859,6186,84264,26,1
2021-04-08T23:59:59+02:00,3757,4772,5881,8674,6396,12456,8654,18050,13474,17142,18862,18890,27548,36174,8680,15836,595,761,1395,2192,1814,3539,2540,5428,4403,5003,4666,4001,16524,22277,7706,14038,123848,91250,18008,5615,83389,16,1
2021-04-07T23:59:59+02:00,3660,4740,5677,8629,6188,12395,8429,17980,13223,17038,15983,15574,27174,35726,8655,15790,571,726,1341,2138,1713,3450,2378,5270,3961,4673,3933,3414,15747,21462,7611,13886,123644,86992,16479,5269,76737,12,1
2021-04-06T23:59:59+02:00,3628,4729,5629,8609,6121,12370,8341,17942,13149,16962,13705,12867,26848,35377,8644,15765,535,702,1270,2079,1627,3367,2201,5134,3574,4411,3399,2968,14955,20510,7548,13785,123521,83391,16278,4666,70886,7,1
2021-04-05T23:59:59+02:00,3623,4724,5590,8597,6087,12360,8288,17921,13079,16925,13654,12816,26839,35358,8643,15763,501,664,1211,2046,1576,3327,2136,5075,3490,4337,3341,2926,14822,20341,7539,13769,123499,82914,16070,4179,70697,7,1
2021-04-04T23:59:59+02:00,3622,4723,5590,8596,6087,12360,8287,17918,13079,16925,13652,12816,26839,35358,8643,15763,501,663,1211,2046,1576,3327,2136,5075,3490,4337,3341,2926,14821,20341,7539,13769,123494,82912,16070,4179,70693,7,1
2021-04-03T23:59:59+02:00,3622,4723,5590,8595,6087,12360,8287,17918,13079,16925,13651,12814,26838,35356,8643,15763,501,662,1211,2046,1575,3327,2136,5073,3483,4334,3336,2916,14735,20203,7530,13755,123488,82636,16070,4179,70692,7,1
2021-04-02T23:59:59+02:00,3621,4720,5588,8590,6082,12351,8278,17905,13049,16894,13606,12759,26816,35345,8640,15759,497,654,1210,2042,1563,3320,2125,5049,3451,4300,3307,2886,13791,18935,7482,13675,123326,80181,16067,4098,70609,7,1
2021-04-01T23:59:59+02:00,3604,4705,5552,8571,6020,12316,8194,17870,12933,16817,13499,12636,26764,35276,8633,15748,438,605,1118,1970,1461,3237,1976,4935,3247,4157,3078,2684,11801,16346,7392,13534,123013,74662,15944,3309,70180,7,1
2021-03-31T23:59:59+02:00,3600,4689,5531,8537,5988,12280,8151,17826,12854,16740,13379,12517,26725,35228,8627,15738,399,581,1076,1927,1388,3196,1859,4821,2992,3950,2629,2383,9260,13114,7235,13330,122713,67169,15905,2964,69791,6,1
2021-03-30T23:59:59+02:00,3591,4678,5505,8509,5959,12251,8111,17784,12777,16665,13293,12391,26697,35185,8623,15729,377,560,1052,1895,1327,3158,1723,4737,2748,3773,2243,2132,8438,12057,7188,13230,122591,63942,15878,2690,69279,6,0
2021-03-29T23:59:59+02:00,3578,4671,5479,8492,5924,12219,8069,17750,12697,16587,12356,11206,25124,33098,8504,15515,370,558,1047,1877,1304,3134,1679,4691,2596,3686,1947,1976,7815,11351,7150,13165,116619,61655,15708,2687,68942,4,0
2021-03-28T23:59:59+02:00,3546,4646,5429,8461,5873,12175,7986,17697,12591,16510,11627,10369,23616,31174,8457,15436,369,556,1045,1876,1297,3131,1672,4689,2584,3678,1922,1955,7795,11339,7148,13161,116558,61528,10540,2685,68495,4,0
2021-03-27T23:59:59+01:00,3533,4641,5390,8453,5836,12161,7936,17682,12549,16458,11598,10331,23613,31168,8457,15436,369,556,1045,1876,1297,3131,1671,4686,2582,3676,1920,1954,7740,11255,7120,13121,116493,61310,10539,2685,68210,4,0
2021-03-26T23:59:59+01:00,3379,4204,4915,7298,5343,10805,7311,15516,11769,14460,11411,10154,23129,30455,8419,15373,368,552,1043,1873,1291,3129,1670,4685,2576,3671,1912,1949,7580,11039,7006,12961,114945,60628,10284,2673,58712,4,0
2021-03-25T23:59:59+01:00,3248,3855,4747,6541,5113,9615,6967,13720,11025,12817,10540,9361,22499,29682,8360,15238,363,544,1035,1862,1279,3111,1648,4647,2535,3621,1844,1884,7259,10534,6768,12603,112054,58864,9582,2670,51692,3,0
2021-03-24T23:59:59+01:00,3192,3811,4679,6471,4976,9510,6746,13545,10488,12373,9696,8534,21552,28480,8281,15088,361,538,1026,1857,1261,3100,1635,4617,2484,3567,1778,1803,6830,9971,6425,12039,108036,56633,9235,2656,50151,3,0
2021-03-23T23:59:59+01:00,3162,3772,4594,6400,4874,9415,6514,13363,10023,11934,8988,7871,21096,27944,8238,14991,348,524,1008,1848,1247,3079,1604,4593,2429,3514,1697,1740,6479,9482,6106,11531,105687,54572,8901,2655,48591,2,0
2021-03-22T23:59:59+01:00,3142,3734,4538,6360,4793,9345,6366,13215,9646,11632,8388,7316,20733,27555,8188,14910,342,519,997,1842,1233,3062,1590,4579,2403,3487,1672,1719,6251,9177,5751,10849,104211,52821,8642,2650,47008,2,0
2021-03-21T23:59:59+01:00,3133,3718,4490,6336,4744,9307,6271,13139,9445,11433,8073,7061,20603,27419,8179,14887,342,519,996,1842,1232,3062,1589,4578,2400,3487,1663,1713,6238,9167,5726,10797,104010,52716,8412,2633,45816,2,0
2021-03-20T23:59:59+01:00,3132,3713,4482,6330,4738,9305,6267,13132,9421,11418,8048,7032,20430,27144,8164,14863,342,519,996,1841,1231,3062,1588,4577,2396,3478,1650,1699,6191,9082,5582,10597,103452,52221,8400,2608,45767,2,0
2021-03-19T23:59:59+01:00,3088,3682,4405,6292,4633,9258,6106,13067,9167,11227,7761,6820,19973,26583,8141,14813,342,519,995,1839,1231,3060,1585,4575,2389,3473,1635,1690,6081,8949,5246,10071,102179,51092,8160,2586,44677,2,0
2021-03-18T23:59:59+01:00,3011,3598,4227,6151,4392,9053,5698,12738,8218,10523,6507,5769,18825,25352,8023,14609,338,515,991,1829,1215,3046,1544,4555,2318,3431,1562,1644,5886,8645,4644,9167,97319,48782,7618,2548,41757,0,0
2021-03-17T23:59:59+01:00,2976,3550,4137,6052,4252,8928,5419,12438,7509,9951,5506,4851,17570,23884,7881,14397,334,514,987,1820,1209,3036,1528,4534,2243,3403,1499,1600,5750,8415,4161,8452,91958,46994,7116,2491,40227,0,0
2021-03-16T23:59:59+01:00,2952,3518,4071,5981,4157,8832,5227,12270,7030,9560,4735,4205,16781,22958,7796,14248,330,512,984,1815,1205,3028,1521,4524,2218,3383,1472,1582,5616,8235,3750,7778,88318,45541,7083,2412,38920,0,0
2021-03-15T23:59:59+01:00,2948,3504,4054,5966,4125,8807,5176,12221,6901,9440,4586,4033,16477,22571,7774,14195,328,508,983,1809,1199,3020,1504,4512,2194,3361,1429,1568,5432,8004,3297,7074,87546,43956,6989,2266,38243,0,0
2021-03-14T23:59:59+01:00,2942,3494,4037,5947,4093,8791,5127,12186,6807,9343,4488,3928,16357,22405,7757,14164,326,507,982,1807,1193,3013,1500,4502,2181,3354,1419,1560,5425,7996,3292,7062,87229,43895,6971,2224,37666,0,0
2021-03-13T23:59:59+01:00,2938,3488,4034,5937,4086,8787,5119,12174,6786,9331,4465,3900,16043,21966,7738,14132,326,507,982,1807,1193,3013,1500,4502,2181,3354,1419,1560,5425,7995,3292,7062,86346,43894,6948,2224,37630,0,0
2021-03-12T23:59:59+01:00,2863,3397,3933,5770,3961,8559,4979,11864,6610,9089,4324,3764,15118,20698,7687,14052,326,505,980,1805,1193,3010,1497,4496,2181,3348,1411,1558,5417,7971,3290,7050,83888,43815,6886,2223,35894,0,0
2021-03-11T23:59:59+01:00,2718,3142,3715,5440,3706,8096,4619,11072,5986,8316,3815,3288,13572,18734,7605,13929,326,505,976,1801,1192,2997,1487,4480,2168,3327,1365,1529,5380,7937,3280,7024,79593,43674,6723,2100,31437,0,0
2021-03-10T23:59:59+01:00,2577,2983,3568,5206,3514,7767,4327,10565,5425,7762,3233,2850,11347,16039,7480,13733,323,501,970,1789,1187,2988,1481,4465,2141,3310,1336,1521,5350,7922,3273,7015,73293,43601,6553,1971,28530,0,0
2021-03-09T23:59:59+01:00,2546,2915,3502,5129,3402,7667,4137,10358,5013,7419,2737,2481,9898,14055,7403,13615,322,499,970,1782,1180,2981,1476,4457,2135,3300,1322,1517,5343,7919,3270,7014,68468,43567,6403,1920,27406,0,0
2021-03-08T23:59:59+01:00,2516,2841,3449,5061,3325,7585,4002,10235,4709,7221,2272,2218,8002,11642,7298,13477,322,494,969,1773,1173,2964,1470,4446,2130,3294,1313,1506,5325,7899,3265,7006,62771,43456,6067,1893,27015,0,0
2021-03-07T23:59:59+01:00,2449,2774,3349,4954,3228,7502,3896,10139,4587,7137,2220,2167,7983,11623,7298,13470,322,493,968,1773,1173,2964,1470,4446,2130,3294,1313,1506,5325,7899,3265,7006,62641,43454,5385,1893,26750,0,0
2021-03-06T23:59:59+01:00,2441,2758,3337,4948,3224,7497,3887,10130,4576,7133,2218,2166,7931,11545,7271,13430,322,493,967,1769,1172,2962,1470,4443,2126,3290,1310,1501,5321,7892,3263,6998,62432,43406,5325,1893,26735,0,0
2021-03-05T23:59:59+01:00,2292,2653,3109,4759,2990,7172,3599,9722,4257,6832,2151,2111,7693,11201,7108,13202,322,491,965,1766,1172,2961,1469,4437,2122,3283,1304,1500,5315,7885,3263,6993,61452,43355,4482,1893,24917,0,0
2021-03-04T23:59:59+01:00,2012,2397,2689,4310,2538,6524,2990,8760,3618,6122,1956,1967,7378,10752,6867,12839,320,490,964,1757,1169,2943,1469,4422,2110,3274,1295,1498,5304,7872,3256,6983,59809,43236,3206,1890,20704,0,0
2021-03-03T23:59:59+01:00,1937,2296,2582,4146,2420,6304,2850,8475,3455,5902,1877,1894,6983,10188,6571,12354,319,485,964,1746,1167,2919,1462,4395,2107,3264,1271,1486,5300,7867,3252,6975,57799,43089,3061,1890,19374,0,0
2021-03-02T23:59:59+01:00,1897,2200,2515,4033,2335,6153,2748,8294,3346,5770,1802,1828,6596,9631,6249,11801,315,478,963,1727,1164,2899,1458,4377,2105,3253,1248,1481,5290,7849,3246,6970,55691,42933,2820,1890,18687,0,0
2021-03-01T23:59:59+01:00,1882,2168,2474,3919,2287,6042,2711,8194,3296,5697,1760,1806,6366,9333,5869,11070,314,474,960,1723,1162,2888,1457,4362,2103,3238,1242,1478,5288,7847,3245,6964,53826,42855,2808,1890,18240,0,0
2021-02-28T23:59:59+01:00,1863,2126,2439,3853,2260,5981,2667,8118,3272,5658,1755,1803,6350,9321,5841,11018,314,474,959,1723,1162,2888,1457,4361,2103,3237,1242,1478,5288,7847,3245,6964,53705,42853,2806,1889,17814,0,0
2021-02-27T23:59:59+01:00,1859,2116,2437,3850,2256,5981,2666,8117,3270,5655,1750,1791,6310,9245,5701,10831,314,474,949,1718,1151,2878,1448,4355,2089,3228,1241,1475,5288,7846,3245,6964,53241,42849,2806,1814,17788,0,0
2021-02-26T23:59:59+01:00,1661,1937,2321,3607,2176,5554,2570,7595,3188,5256,1741,1774,6235,9154,5486,10498,313,471,942,1710,1143,2857,1441,4334,2077,3218,1237,1466,5281,7830,3241,6955,52489,42771,2785,1745,15479,0,0
2021-02-25T23:59:59+01:00,1425,1616,2108,3172,2004,4767,2360,6585,2969,4483,1660,1718,6090,8923,5011,9812,310,459,934,1648,1109,2756,1403,4226,2025,3151,1205,1448,5239,7781,3224,6912,50610,42308,2773,1522,11320,0,0
2021-02-24T23:59:59+01:00,1361,1374,2003,2908,1900,4423,2228,6174,2796,4244,1593,1675,5909,8624,4375,8845,307,448,892,1600,1057,2663,1347,4107,1934,3032,1173,1425,5222,7757,3217,6895,48270,42053,2764,1023,9398,0,0
2021-02-23T23:59:59+01:00,1345,1319,1968,2846,1874,4322,2204,6086,2764,4195,1586,1662,5749,8403,3858,7988,307,447,860,1566,1008,2606,1294,4034,1823,2964,1132,1405,5204,7730,3205,6860,46480,41854,2739,591,8950,0,0
2021-02-22T23:59:59+01:00,1332,1267,1919,2707,1829,4176,2146,5880,2722,4112,1576,1652,5585,8188,3380,7270,305,435,815,1525,951,2518,1199,3926,1678,2874,1058,1351,5161,7657,3181,6762,44870,41391,2721,5,8150,0,0
2021-02-21T23:59:59+01:00,1327,1245,1888,2647,1803,4081,2121,5767,2701,4067,1570,1647,5583,8178,3380,7268,302,432,811,1514,943,2490,1197,3889,1666,2837,1048,1338,5141,7630,3161,6723,44820,41117,2710,5,7743,0,0
2021-02-20T23:59:59+01:00,1327,1245,1888,2647,1802,4081,2121,5767,2699,4061,1561,1640,5578,8172,3378,7265,302,432,811,1512,942,2487,1196,3884,1665,2836,1048,1338,5081,7558,3123,6678,44806,40889,2684,4,7742,0,0
2021-02-19T23:59:59+01:00,1327,1242,1885,2640,1801,4074,2120,5758,2696,4057,1541,1630,5564,8156,3376,7259,300,430,807,1503,933,2460,1191,3841,1634,2786,1019,1300,4869,7264,2974,6422,44725,39729,2663,4,7738,0,0
2021-02-18T23:59:59+01:00,1294,1144,1847,2521,1762,3936,2057,5536,2642,3914,1530,1617,5551,8120,3372,7236,271,390,759,1377,883,2250,1108,3493,1513,2516,906,1102,4336,6413,2626,5655,44576,35594,2634,4,6869,0,0
2021-02-17T23:59:59+01:00,1240,985,1773,2309,1689,3633,1960,5176,2573,3722,1512,1608,5528,8106,3364,7232,265,382,750,1364,872,2226,1095,3457,1496,2498,899,1099,3909,5815,2382,5308,44534,33813,2575,4,5301,0,0
2021-02-16T23:59:59+01:00,1197,941,1720,2204,1626,3464,1895,4992,2500,3637,1475,1592,5503,8085,3357,7221,258,374,732,1327,854,2172,1059,3336,1463,2426,876,1077,3497,5189,2103,4898,44481,31637,2409,4,4519,0,0
2021-02-15T23:59:59+01:00,1188,917,1703,2130,1609,3367,1874,4879,2481,3567,1450,1581,5466,8061,3334,7174,245,361,715,1291,836,2123,1038,3268,1425,2363,846,1048,3032,4558,1818,4415,44353,29379,2322,3,4106,0,0
2021-02-14T23:59:59+01:00,1086,873,1631,2105,1547,3347,1831,4858,2447,3555,1442,1577,5460,8050,3331,7170,238,349,703,1271,820,2089,1021,3195,1391,2300,815,999,2935,4413,1758,4237,44312,28531,2286,3,3712,0,0
2021-02-13T23:59:59+01:00,1023,845,1610,2084,1530,3340,1818,4852,2439,3554,1441,1576,5460,8050,3330,7169,235,348,702,1271,820,2085,1021,3194,1389,2298,815,999,2822,4276,1704,4151,44306,28127,2286,3,3529,0,0
2021-02-12T23:59:59+01:00,642,681,1285,1970,1376,3241,1680,4766,2335,3495,1427,1570,5450,8039,3325,7164,222,340,691,1246,804,2038,997,3107,1328,2202,758,927,2572,3927,1588,3885,44193,26630,2286,2,1967,0,0
2021-02-11T23:59:59+01:00,447,586,1116,1867,1274,3122,1588,4652,2240,3413,1323,1526,5392,7992,3307,7118,178,266,587,984,667,1579,792,2408,1042,1664,537,687,1910,2932,1162,2801,43842,20195,2088,1,1033,0,0
2021-02-10T23:59:59+01:00,323,494,983,1777,1190,2987,1492,4478,2140,3315,1288,1511,5373,7983,3303,7117,153,178,404,625,502,1065,628,1802,897,1397,522,673,1447,2304,906,2376,43768,15879,1982,0,4,0,0
2021-02-09T23:59:59+01:00,323,491,982,1772,1187,2979,1492,4473,2139,3310,1281,1508,5371,7981,3302,7115,150,173,394,598,482,1036,609,1772,874,1370,520,670,1018,1780,677,2033,43744,14156,1959,0,3,0,0
2021-02-08T23:59:59+01:00,323,489,981,1769,1184,2970,1487,4467,2137,3305,1276,1505,5369,7981,3302,7113,143,166,384,586,472,1020,598,1740,855,1348,515,665,570,1210,433,1687,43720,12392,1935,0,3,0,0
2021-02-07T23:59:59+01:00,323,489,979,1769,1183,2970,1485,4465,2137,3305,1276,1505,5369,7980,3302,7113,139,161,379,581,472,1013,594,1727,845,1333,509,662,569,1197,428,1675,43716,12284,1934,0,0,0,0
2021-02-06T23:59:59+01:00,323,489,979,1769,1183,2970,1485,4465,2137,3305,1276,1505,5369,7980,3302,7113,135,157,377,579,472,1012,594,1725,844,1331,509,662,569,1197,428,1675,43716,12266,1934,0,0,0,0
2021-02-05T23:59:59+01:00,323,488,978,1769,1183,2970,1483,4464,2136,3305,1276,1505,5368,7977,3302,7111,133,148,374,575,464,1000,590,1711,829,1312,505,652,562,1181,420,1652,43704,12108,1934,0,0,0,0
2021-02-04T23:59:59+01:00,318,479,972,1730,1178,2925,1480,4407,2124,3270,1268,1500,5339,7944,3291,7085,101,98,248,390,344,747,459,1298,623,990,388,527,480,982,366,1418,43377,9459,1933,0,0,0,0
2021-02-03T23:59:59+01:00,315,468,966,1707,1175,2886,1470,4358,2116,3236,1258,1487,5314,7912,3282,7060,56,47,86,162,157,366,219,594,301,494,210,290,278,628,221,895,43077,5004,1933,0,0,0,0
2021-02-02T23:59:59+01:00,314,466,964,1693,1172,2865,1466,4327,2109,3211,1250,1481,5307,7898,3275,7039,17,16,28,47,60,108,74,161,96,114,45,74,66,146,49,179,42904,1280,1933,0,0,0,0
2021-02-01T23:59:59+01:00,314,462,964,1691,1171,2864,1465,4320,2108,3207,1249,1481,5307,7898,3275,7039,15,14,25,41,50,98,60,133,73,96,40,64,57,138,47,165,42882,1116,1933,0,0,0,0
2021-01-31T23:59:59+01:00,314,459,964,1689,1170,2860,1465,4314,2108,3205,1248,1480,5307,7898,3275,7039,14,12,23,39,43,87,52,123,63,92,38,53,46,130,45,158,42862,1018,1933,0,0,0,0
2021-01-30T23:59:59+01:00,314,459,959,1685,1161,2852,1458,4308,2104,3203,1248,1480,5247,7826,3237,6994,14,12,23,38,43,87,51,122,63,92,38,53,46,130,45,158,42636,1015,1899,0,0,0,0
2021-01-29T23:59:59+01:00,312,458,945,1674,1149,2831,1446,4277,2082,3179,1242,1474,5059,7585,3099,6826,12,12,23,38,40,87,50,119,60,92,36,48,45,130,45,158,41848,995,1790,0,0,0,0
2021-01-28T23:59:59+01:00,307,434,924,1594,1107,2715,1406,4183,2015,3105,1219,1466,4682,7049,2871,6534,8,6,10,17,22,42,19,58,36,59,20,32,35,87,33,104,40065,588,1546,0,0,0,0
2021-01-27T23:59:59+01:00,300,424,879,1539,1055,2617,1346,4089,1941,3004,1184,1439,4220,6405,2605,6154,4,5,9,7,14,24,5,21,15,25,11,15,16,46,13,53,38103,283,1098,0,0,0,0
2021-01-26T23:59:59+01:00,293,413,839,1486,992,2529,1281,3959,1819,2910,1135,1392,3815,5773,2314,5719,2,2,4,2,6,6,3,3,2,6,7,5,4,8,3,8,36017,71,652,0,0,0,0
2021-01-25T23:59:59+01:00,282,402,785,1422,929,2408,1173,3810,1658,2804,1073,1364,3380,5183,2044,5333,2,2,4,1,4,6,1,3,2,6,7,5,4,8,3,8,33997,66,53,0,0,0,0
2021-01-24T23:59:59+01:00,279,402,777,1416,919,2393,1169,3794,1629,2775,1071,1363,3349,5147,2031,5312,2,2,2,1,4,6,1,3,2,6,7,5,4,8,3,8,33822,64,4,0,0,0,0
2021-01-23T23:59:59+01:00,277,401,777,1416,919,2389,1168,3793,1625,2773,1071,1363,3233,5009,1975,5224,2,2,2,1,3,6,1,3,2,6,7,5,4,8,3,8,33410,63,3,0,0,0,0
2021-01-22T23:59:59+01:00,275,397,776,1402,917,2376,1162,3779,1621,2770,1069,1362,3050,4789,1895,5106,2,2,2,1,3,6,1,3,2,6,7,5,4,8,3,8,32743,63,3,0,0,0,0
2021-01-21T23:59:59+01:00,266,358,711,1236,851,2163,1081,3489,1524,2587,1030,1326,2650,4249,1656,4738,2,1,2,0,3,6,1,3,2,6,7,4,4,8,3,8,29912,60,3,0,0,0,0
2021-01-20T23:59:59+01:00,240,270,539,879,680,1653,878,2787,1312,2184,943,1188,2050,3417,1317,4062,2,1,2,0,3,6,1,3,2,5,6,4,4,8,3,8,24396,58,3,0,0,0,0
2021-01-19T23:59:59+01:00,210,245,489,771,623,1483,789,2465,1134,1895,777,932,1350,2388,923,3102,0,1,1,0,0,0,0,0,1,1,1,0,0,1,0,0,19574,6,2,0,0,0,0
2021-01-18T23:59:59+01:00,158,181,403,635,498,1110,641,1892,931,1454,573,716,638,1344,485,1892,0,0,0,0,0,0,0,0,0,0,0,0,0,1,0,0,13550,1,1,0,0,0,0
2021-01-17T23:59:59+01:00,146,164,389,598,483,1040,610,1770,870,1359,526,678,592,1245,446,1749,0,0,0,0,0,0,0,0,0,0,0,0,0,0,0,0,12665,0,0,0,0,0,0
2021-01-16T23:59:59+01:00,138,159,387,593,481,1030,604,1758,863,1352,526,678,591,1240,442,1736,0,0,0,0,0,0,0,0,0,0,0,0,0,0,0,0,12578,0,0,0,0,0,0
2021-01-15T23:59:59+01:00,135,151,384,587,473,1016,600,1743,847,1332,521,666,583,1223,436,1713,0,0,0,0,0,0,0,0,0,0,0,0,0,0,0,0,12410,0,0,0,0,0,0
2021-01-14T23:59:59+01:00,113,120,293,471,401,845,500,1451,690,1076,413,541,507,1042,386,1537,0,0,0,0,0,0,0,0,0,0,0,0,0,0,0,0,10386,0,0,0,0,0,0
2021-01-13T23:59:59+01:00,72,73,178,283,261,550,348,937,458,696,253,334,319,697,251,972,0,0,0,0,0,0,0,0,0,0,0,0,0,0,0,0,6682,0,0,0,0,0,0
2021-01-12T23:59:59+01:00,35,30,54,100,117,233,146,391,200,301,138,183,166,401,144,535,0,0,0,0,0,0,0,0,0,0,0,0,0,0,0,0,3174,0,0,0,0,0,0
2021-01-11T23:59:59+01:00,22,17,36,62,58,120,74,166,91,116,40,64,59,143,48,166,0,0,0,0,0,0,0,0,0,0,0,0,0,0,0,0,1282,0,0,0,0,0,0
2021-01-10T23:59:59+01:00,18,12,31,52,50,108,63,148,73,106,37,54,49,133,44,157,0,0,0,0,0,0,0,0,0,0,0,0,0,0,0,0,1135,0,0,0,0,0,0
2021-01-09T23:59:59+01:00,17,12,30,50,49,106,60,147,73,105,37,54,49,133,44,157,0,0,0,0,0,0,0,0,0,0,0,0,0,0,0,0,1123,0,0,0,0,0,0
2021-01-08T23:59:59+01:00,14,12,28,48,44,98,55,136,68,102,35,49,48,133,44,157,0,0,0,0,0,0,0,0,0,0,0,0,0,0,0,0,1071,0,0,0,0,0,0
2021-01-07T23:59:59+01:00,8,6,9,18,21,41,19,59,37,61,21,34,37,92,33,103,0,0,0,0,0,0,0,0,0,0,0,0,0,0,0,0,599,0,0,0,0,0,0
2021-01-06T23:59:59+01:00,8,6,8,14,16,30,13,43,25,48,16,24,31,81,31,92,0,0,0,0,0,0,0,0,0,0,0,0,0,0,0,0,486,0,0,0,0,0,0
2021-01-05T23:59:59+01:00,8,6,8,14,16,30,13,43,25,48,16,24,30,81,31,92,0,0,0,0,0,0,0,0,0,0,0,0,0,0,0,0,485,0,0,0,0,0,0
2021-01-04T23:59:59+01:00,3,5,6,4,6,13,1,8,6,14,6,6,6,16,4,13,0,0,0,0,0,0,0,0,0,0,0,0,0,0,0,0,117,0,0,0,0,0,0
2021-01-03T23:59:59+01:00,2,2,1,1,3,6,1,4,2,7,5,4,3,9,3,8,0,0,0,0,0,0,0,0,0,0,0,0,0,0,0,0,61,0,0,0,0,0,0
2021-01-02T23:59:59+01:00,2,2,1,1,3,6,1,4,2,7,5,4,3,9,3,8,0,0,0,0,0,0,0,0,0,0,0,0,0,0,0,0,61,0,0,0,0,0,0
2021-01-01T23:59:59+01:00,2,2,1,1,3,6,1,4,2,7,5,4,3,9,3,8,0,0,0,0,0,0,0,0,0,0,0,0,0,0,0,0,61,0,0,0,0,0,0
2020-12-31T23:59:59+01:00,2,2,1,0,3,6,1,3,2,6,5,4,3,9,3,8,0,0,0,0,0,0,0,0,0,0,0,0,0,0,0,0,58,0,0,0,0,0,0
2020-12-30T23:59:59+01:00,2,2,1,0,3,6,1,3,2,5,5,4,3,9,3,8,0,0,0,0,0,0,0,0,0,0,0,0,0,0,0,0,57,0,0,0,0,0,0
2020-12-29T23:59:59+01:00,2,2,0,0,3,5,1,3,2,5,3,2,2,9,2,7,0,0,0,0,0,0,0,0,0,0,0,0,0,0,0,0,48,0,0,0,0,0,0
2020-12-28T23:59:59+01:00,1,1,0,0,1,1,0,0,0,3,0,1,0,2,1,4,0,0,0,0,0,0,0,0,0,0,0,0,0,0,0,0,15,0,0,0,0,0,0
2020-12-27T23:59:59+01:00,0,0,0,0,1,1,0,0,0,2,0,1,0,1,1,4,0,0,0,0,0,0,0,0,0,0,0,0,0,0,0,0,11,0,0,0,0,0,0
