Datum,<24_1_m,<24_1_w,25-34_1_m,25-34_1_w,35-44_1_m,35-44_1_w,45-54_1_m,45-54_1_w,55-64_1_m,55-64_1_w,65-74_1_m,65-74_1_w,75-84_1_m,75-84_1_w,>84_1_m,>84_1_w,<24_2_m,<24_2_w,25-34_2_m,25-34_2_w,35-44_2_m,35-44_2_w,45-54_2_m,45-54_2_w,55-64_2_m,55-64_2_w,65-74_2_m,65-74_2_w,75-84_2_m,75-84_2_w,>84_2_m,>84_2_w,bp_1,bp_2,mo_1,mo_2,az_1,az_2,ja
2021-05-11T23:59:59+02:00,6785,6541,11528,12185,13839,17730,28680,33844,59055,61319,48676,52470,33637,44185,9478,17357,1871,1697,2708,3305,3076,5143,4285,7593,7162,7592,9591,8881,24919,32976,8332,15203,312548,121006,41029,15592,103416,7420,316
2021-05-10T23:59:59+02:00,6649,6472,11382,12086,13623,17569,25200,31049,57971,60328,48362,52175,33562,44071,9466,17333,1839,1632,2670,3203,3025,4925,4233,7280,7097,7330,9567,8846,24910,32961,8331,15199,302954,120925,40908,15470,103148,6365,288
2021-05-09T23:59:59+02:00,6570,6439,11296,12032,13525,17490,23549,29827,57576,60019,48272,52086,33541,44041,9461,17328,1821,1612,2641,3157,3002,4872,4218,7231,7082,7310,9557,8835,24905,32957,8330,15199,302443,120906,37356,15429,102978,6119,275
2021-05-08T23:59:59+02:00,6569,6436,11290,12029,13521,17486,23544,29823,57567,60014,48270,52079,33535,44038,9461,17325,1820,1611,2641,3156,3002,4872,4215,7228,7081,7309,9556,8835,24904,32955,8330,15199,302378,120891,37356,15429,102978,6119,275
2021-05-07T23:59:59+02:00,6520,6394,11225,11982,13422,17407,22788,29237,56934,59476,48176,51989,33519,44015,9458,17314,1710,1559,2573,3117,2966,4844,4186,7206,7059,7283,9551,8831,24902,32955,8330,15198,299407,120863,37341,15426,102836,5709,272
2021-05-06T23:59:59+02:00,6252,6265,10704,11674,12726,16967,20549,27479,53697,56568,47165,50833,33257,43680,9419,17232,1481,1412,2375,2973,2810,4676,4037,7021,6920,7140,9489,8760,24886,32929,8327,15192,284765,120624,37173,15294,102380,4361,149
2021-05-05T23:59:59+02:00,5978,6152,10187,11429,11953,16512,18481,25834,50002,52979,45744,49156,32893,43206,9369,17136,1430,1295,2319,2859,2733,4493,3945,6787,6811,6962,9383,8674,24838,32867,8322,15177,268026,120185,36951,15271,101997,3402,37
2021-05-04T23:59:59+02:00,5874,6047,9856,11216,11515,16102,17296,24784,48330,51075,44779,47996,32582,42801,9312,17038,1415,1272,2293,2816,2696,4408,3891,6673,6741,6898,9347,8637,24821,32853,8321,15173,257943,119983,36929,15211,101717,3047,14
2021-05-03T23:59:59+02:00,5752,5949,9497,11039,11042,15829,16122,23826,46819,49484,44019,47152,32406,42510,9287,16967,1393,1240,2265,2792,2655,4343,3846,6620,6664,6845,8500,7540,23364,30934,8208,14975,249084,114236,36919,15132,101691,2810,6
2021-05-02T23:59:59+02:00,5680,5926,9387,11004,10904,15769,15425,23261,46380,49140,43904,47004,32365,42457,9280,16959,1389,1236,2251,2790,2640,4333,3827,6610,6647,6831,7849,6778,21883,29063,8170,14904,247897,114222,35309,10197,101638,2781,1
2021-05-01T23:59:59+02:00,5680,5923,9382,10999,10901,15768,15421,23257,46378,49136,43903,47004,32365,42457,9280,16959,1388,1236,2251,2790,2640,4333,3825,6610,6646,6831,7849,6777,21883,29063,8170,14904,247866,114218,35309,10197,101637,2780,1
2021-04-30T23:59:59+02:00,5627,5900,9314,10979,10850,15747,15330,23221,44841,47673,43644,46732,32334,42420,9278,16952,1158,1132,2067,2710,2545,4267,3748,6558,6583,6777,7845,6764,21882,29061,8170,14904,243907,114212,35309,10195,101625,1763,1
2021-04-29T23:59:59+02:00,5342,5806,8833,10835,10251,15575,14571,22962,39770,43159,42946,45992,32241,42325,9275,16924,960,1047,1909,2636,2466,4204,3642,6485,6522,6735,7830,6751,21880,29054,8170,14904,230294,114193,35211,10098,101301,903,1
2021-04-28T23:59:59+02:00,5148,5766,8582,10748,9895,15490,14213,22793,34796,38296,42089,45146,32134,42209,9265,16909,918,1009,1873,2595,2436,4119,3605,6375,6474,6653,7811,6738,21871,29040,8166,14898,217185,114113,35195,10049,101098,418,1
2021-04-27T23:59:59+02:00,4883,5508,8246,10289,9509,14921,13723,22154,33649,37138,41910,44958,32120,42186,9262,16907,889,992,1841,2577,2422,4104,3590,6366,6446,6634,7805,6733,21867,29035,8164,14892,214457,114063,35184,10023,97721,270,1
2021-04-26T23:59:59+02:00,4853,5478,8170,10249,9407,14871,13496,22032,28842,32300,41181,44264,32058,42103,9253,16900,854,980,1811,2563,2394,4078,3564,6345,6397,6593,7758,6681,21844,29012,8164,14885,202637,113876,35177,9979,97642,67,1
2021-04-25T23:59:59+02:00,4829,5462,8136,10224,9342,14841,13409,21988,26613,29950,40756,43815,32016,42063,9252,16895,841,972,1800,2550,2379,4063,3537,6326,6367,6561,7737,6665,21830,28993,8163,14882,202001,113854,30080,9747,97510,65,0
2021-04-24T23:59:59+02:00,4807,5447,8110,10198,9297,14826,13362,21963,24897,28076,40211,43190,31965,42006,9249,16890,840,971,1796,2548,2379,4059,3537,6324,6367,6557,7735,6664,21829,28993,8163,14882,196972,113835,30080,9746,97442,63,0
2021-04-23T23:59:59+02:00,4489,5257,7648,9905,8868,14466,12787,21561,24474,27809,40142,43138,31950,41984,9244,16886,826,961,1776,2533,2359,4043,3515,6303,6347,6538,7720,6645,21825,28984,8163,14882,196657,113820,30065,9549,93886,51,0
2021-04-22T23:59:59+02:00,4381,5181,7453,9796,8597,14266,12311,21202,21845,25054,37750,40318,31518,41436,9182,16774,811,949,1749,2504,2298,3983,3441,6240,6241,6442,7644,6560,21774,28941,8161,14872,183853,113716,29876,8846,93335,48,0
2021-04-21T23:59:59+02:00,4351,5146,7314,9711,8415,14092,11934,20886,20326,23519,34796,36920,31132,40856,9127,16669,785,931,1712,2475,2254,3958,3409,6209,6205,6403,7612,6530,21758,28922,8158,14867,172229,113614,29702,8530,93263,44,0
2021-04-20T23:59:59+02:00,4317,5111,7194,9642,8206,13929,11533,20577,19040,22144,31707,33493,30740,40366,9081,16578,778,920,1693,2464,2224,3933,3367,6156,6161,6371,7579,6486,21734,28901,8153,14864,160771,113468,29681,8274,93206,42,0
2021-04-19T23:59:59+02:00,4291,5092,7119,9600,8089,13819,11258,20376,18328,21401,30882,32445,30513,40061,9046,16514,768,914,1672,2450,2197,3902,3331,6123,6129,6340,7526,6451,21714,28878,8151,14861,156027,113338,29665,8029,93142,40,0
2021-04-18T23:59:59+02:00,4285,5086,7108,9586,8068,13803,11222,20341,18246,21322,30770,32338,30489,40039,9044,16512,766,910,1655,2438,2183,3885,3306,6094,6100,6321,7502,6439,21697,28857,8148,14859,155563,113280,29599,7841,93097,39,0
2021-04-17T23:59:59+02:00,4284,5084,7104,9585,8066,13803,11219,20333,18231,21314,30751,32326,30487,40038,9044,16512,766,909,1654,2438,2182,3884,3304,6092,6098,6320,7502,6439,21697,28857,8148,14859,155491,113270,29599,7841,93091,38,0
2021-04-16T23:59:59+02:00,4089,5034,6759,9447,7702,13616,10815,20074,17790,21059,30572,32175,30419,39958,9034,16497,753,890,1641,2423,2156,3870,3245,6053,6059,6267,7408,6341,21290,28306,8121,14802,154746,111951,29593,7639,90701,35,0
2021-04-15T23:59:59+02:00,3971,4932,6380,9072,7117,13091,9992,19176,16445,19822,29428,30918,29975,39406,8972,16346,719,865,1586,2382,2077,3786,3123,5920,5727,6024,6899,5937,20614,27432,8045,14659,149049,108662,29298,7103,86696,30,0
2021-04-14T23:59:59+02:00,3906,4870,6172,8862,6794,12725,9382,18620,15337,18767,28028,29435,29438,38625,8880,16183,682,836,1539,2344,2002,3710,2973,5790,5404,5764,6341,5431,19654,26175,7977,14513,142302,104461,29102,6650,84620,24,0
2021-04-13T23:59:59+02:00,3872,4835,6077,8780,6643,12604,9081,18365,14413,17952,24736,25908,28651,37631,8799,16040,675,826,1525,2319,1975,3674,2869,5719,5179,5568,5967,5087,19389,25874,7945,14452,130878,102400,29092,6620,84417,23,0
2021-04-12T23:59:59+02:00,3850,4807,6026,8727,6560,12527,8838,18139,13773,17373,23752,24796,28309,37161,8742,15932,665,818,1515,2310,1951,3654,2809,5665,5018,5450,5647,4804,19119,25588,7910,14402,125926,100825,29077,6477,84309,23,0
2021-04-11T23:59:59+02:00,3843,4800,6007,8703,6532,12508,8797,18113,13674,17303,23631,24664,28262,37096,8734,15911,662,812,1501,2300,1938,3646,2791,5649,4980,5407,5586,4742,18951,25363,7893,14374,125389,100165,29012,6407,84177,23,0
2021-04-10T23:59:59+02:00,3831,4799,5987,8703,6509,12507,8778,18112,13658,17301,23625,24660,28259,37096,8734,15911,659,810,1496,2295,1933,3644,2785,5641,4964,5399,5573,4724,18789,25113,7880,14352,125367,99659,28929,6375,84174,23,0
2021-04-09T23:59:59+02:00,3785,4785,5943,8693,6454,12488,8736,18087,13604,17249,21558,22110,27900,36632,8708,15873,643,793,1473,2271,1905,3627,2736,5598,4893,5347,5459,4624,18232,24389,7851,14296,124679,97943,23831,6179,84095,15,0
2021-04-08T23:59:59+02:00,3755,4766,5875,8666,6384,12443,8649,18026,13453,17128,18833,18868,27538,36161,8677,15835,594,759,1391,2186,1808,3533,2534,5409,4395,4983,4661,3979,16511,22254,7701,14031,123836,91103,17998,5611,83223,15,0
2021-04-07T23:59:59+02:00,3658,4734,5672,8621,6176,12382,8424,17957,13202,17024,15955,15552,27164,35713,8652,15789,570,724,1337,2132,1708,3444,2372,5251,3955,4654,3930,3397,15736,21442,7606,13879,123634,86861,16469,5265,76572,11,0
2021-04-06T23:59:59+02:00,3626,4723,5624,8601,6109,12357,8336,17919,13128,16948,13677,12844,26838,35364,8641,15764,534,700,1266,2075,1623,3362,2197,5116,3569,4393,3396,2954,14946,20494,7543,13779,123511,83279,16268,4662,70720,6,0
2021-04-05T23:59:59+02:00,3621,4718,5585,8589,6075,12347,8283,17898,13058,16911,13627,12793,26829,35345,8640,15762,500,662,1207,2042,1572,3322,2132,5057,3485,4319,3338,2912,14813,20325,7534,13763,123489,82802,16061,4175,70531,6,0
2021-04-04T23:59:59+02:00,3620,4717,5585,8588,6075,12347,8282,17896,13058,16911,13625,12793,26829,35345,8640,15762,500,661,1207,2042,1572,3322,2132,5057,3485,4319,3338,2912,14812,20325,7534,13763,123485,82800,16061,4175,70527,6,0
2021-04-03T23:59:59+02:00,3620,4717,5585,8587,6075,12347,8282,17896,13058,16911,13624,12791,26828,35343,8640,15762,500,660,1207,2042,1571,3322,2132,5055,3478,4316,3333,2902,14726,20187,7525,13749,123479,82524,16061,4175,70526,6,0
2021-04-02T23:59:59+02:00,3619,4714,5583,8582,6070,12339,8273,17883,13028,16880,13579,12736,26806,35332,8637,15758,496,652,1206,2038,1559,3315,2121,5031,3447,4282,3304,2872,13783,18919,7477,13669,123318,80071,16058,4094,70443,6,0
2021-04-01T23:59:59+02:00,3602,4699,5548,8563,6008,12305,8189,17849,12914,16803,13475,12613,26754,35263,8630,15746,437,603,1115,1966,1457,3232,1972,4917,3242,4139,3075,2670,11793,16331,7387,13528,123007,74553,15939,3305,70015,6,0
2021-03-31T23:59:59+02:00,3598,4683,5527,8529,5976,12269,8146,17805,12835,16726,13355,12494,26715,35215,8624,15736,398,579,1073,1923,1384,3191,1855,4804,2987,3933,2625,2369,9253,13099,7230,13324,122707,67062,15900,2960,69626,5,0
2021-03-30T23:59:59+02:00,3589,4672,5501,8502,5947,12241,8106,17763,12758,16651,13269,12368,26687,35172,8620,15727,376,558,1049,1892,1323,3153,1719,4720,2746,3756,2239,2118,8432,12042,7183,13224,122586,63839,15873,2686,69114,5,0
2021-03-29T23:59:59+02:00,3576,4665,5475,8485,5916,12210,8064,17730,12678,16573,12332,11183,25115,33087,8501,15513,369,556,1044,1874,1300,3129,1675,4674,2594,3669,1943,1962,7809,11337,7146,13159,116617,61554,15703,2683,68783,3,0
2021-03-28T23:59:59+02:00,3544,4640,5425,8454,5865,12166,7981,17677,12572,16496,11605,10346,23607,31163,8454,15434,368,554,1042,1873,1293,3126,1668,4672,2582,3661,1918,1941,7789,11325,7144,13155,116556,61427,10537,2681,68336,3,0
2021-03-27T23:59:59+01:00,3531,4635,5386,8446,5828,12152,7931,17662,12531,16445,11576,10308,23604,31157,8454,15434,368,554,1042,1873,1293,3126,1667,4669,2580,3659,1916,1940,7734,11241,7116,13115,116491,61209,10536,2681,68053,3,0
2021-03-26T23:59:59+01:00,3377,4198,4911,7291,5335,10796,7306,15496,11751,14447,11389,10131,23120,30444,8416,15371,367,551,1040,1870,1287,3124,1666,4668,2574,3654,1909,1935,7574,11025,7002,12955,114943,60529,10281,2669,58555,3,0
2021-03-25T23:59:59+01:00,3246,3849,4743,6534,5105,9606,6962,13701,11008,12803,10519,9338,22490,29671,8357,15236,362,543,1032,1859,1275,3106,1644,4630,2533,3604,1841,1870,7253,10520,6764,12597,112051,58765,9579,2666,51538,2,0
2021-03-24T23:59:59+01:00,3190,3806,4674,6464,4968,9502,6741,13525,10471,12358,9676,8509,21543,28468,8278,15086,360,537,1023,1854,1257,3095,1631,4600,2482,3555,1775,1794,6825,9965,6422,12038,108030,56559,9232,2652,49997,2,0
2021-03-23T23:59:59+01:00,3160,3767,4589,6393,4866,9407,6509,13342,10007,11919,8968,7846,21087,27931,8235,14989,347,523,1005,1845,1243,3074,1600,4576,2426,3502,1694,1731,6474,9477,6103,11530,105680,54497,8898,2651,48437,2,0
2021-03-22T23:59:59+01:00,3140,3729,4533,6353,4785,9337,6362,13195,9630,11617,8368,7291,20724,27542,8185,14908,341,518,994,1839,1229,3057,1586,4562,2400,3475,1669,1710,6246,9172,5748,10848,104206,52746,8639,2646,46854,2,0
2021-03-21T23:59:59+01:00,3131,3713,4485,6329,4736,9299,6266,13120,9429,11418,8053,7036,20594,27406,8176,14885,341,518,993,1839,1228,3057,1585,4561,2397,3475,1660,1704,6233,9162,5723,10796,104006,52641,8409,2629,45661,2,0
2021-03-20T23:59:59+01:00,3130,3708,4477,6323,4730,9297,6262,13113,9405,11403,8028,7007,20421,27131,8161,14861,341,518,993,1838,1227,3057,1584,4560,2393,3466,1647,1690,6186,9077,5579,10596,103448,52146,8397,2604,45612,2,0
2021-03-19T23:59:59+01:00,3086,3677,4400,6285,4625,9250,6101,13048,9151,11212,7742,6795,19964,26570,8138,14811,341,518,992,1836,1227,3055,1581,4558,2386,3461,1632,1681,6076,8944,5243,10070,102175,51017,8157,2582,44523,2,0
2021-03-18T23:59:59+01:00,3010,3593,4222,6144,4384,9046,5694,12719,8206,10509,6500,5756,18817,25342,8020,14608,337,514,988,1826,1211,3041,1540,4538,2315,3419,1559,1635,5881,8640,4641,9166,97326,48707,7615,2544,41629,0,0
2021-03-17T23:59:59+01:00,2975,3545,4132,6045,4244,8921,5415,12419,7497,9937,5499,4838,17562,23875,7878,14396,333,513,984,1817,1205,3031,1524,4517,2240,3391,1496,1591,5745,8410,4158,8451,91967,46919,7113,2487,40098,0,0
2021-03-16T23:59:59+01:00,2951,3513,4066,5975,4149,8825,5223,12251,7019,9547,4728,4195,16774,22951,7793,14247,329,511,981,1812,1201,3023,1517,4507,2215,3371,1469,1573,5611,8230,3747,7777,88331,45466,7080,2408,38796,0,0
2021-03-15T23:59:59+01:00,2947,3499,4049,5960,4117,8800,5172,12203,6890,9427,4579,4023,16470,22564,7771,14194,327,507,980,1806,1195,3015,1500,4495,2191,3349,1426,1559,5427,7999,3294,7073,87559,43881,6986,2262,38120,0,0
2021-03-14T23:59:59+01:00,2941,3489,4032,5941,4085,8784,5123,12168,6797,9330,4482,3918,16350,22398,7754,14163,325,506,979,1804,1189,3009,1496,4485,2179,3343,1416,1553,5420,7991,3289,7061,87242,43825,6968,2220,37545,0,0
2021-03-13T23:59:59+01:00,2937,3483,4029,5931,4078,8780,5115,12156,6776,9318,4459,3890,16036,21959,7735,14131,325,506,979,1804,1189,3009,1496,4485,2179,3343,1416,1553,5420,7990,3289,7061,86359,43824,6945,2220,37509,0,0
2021-03-12T23:59:59+01:00,2862,3392,3929,5764,3953,8552,4975,11846,6600,9076,4318,3754,15112,20691,7684,14051,325,504,977,1802,1189,3006,1493,4479,2179,3337,1408,1551,5412,7966,3287,7049,83903,43745,6883,2219,35773,0,0
2021-03-11T23:59:59+01:00,2717,3137,3711,5434,3698,8089,4616,11054,5978,8303,3809,3279,13566,18727,7602,13928,325,504,973,1798,1188,2993,1483,4463,2166,3316,1362,1522,5375,7932,3277,7023,79608,43604,6720,2096,31320,0,0
2021-03-10T23:59:59+01:00,2576,2978,3564,5200,3506,7760,4323,10547,5418,7749,3227,2841,11341,16032,7477,13732,322,500,967,1786,1183,2984,1477,4448,2139,3299,1333,1515,5346,7917,3270,7014,73308,43533,6550,1967,28413,0,0
2021-03-09T23:59:59+01:00,2545,2910,3498,5123,3394,7660,4133,10341,5008,7406,2731,2472,9892,14049,7400,13614,321,498,967,1779,1176,2977,1472,4440,2133,3289,1319,1511,5339,7914,3267,7013,68484,43499,6400,1916,27292,0,0
2021-03-08T23:59:59+01:00,2515,2836,3445,5055,3317,7578,3998,10218,4704,7208,2266,2209,7996,11636,7295,13476,321,493,966,1770,1169,2960,1466,4429,2128,3284,1310,1500,5321,7894,3262,7005,62787,43389,6064,1889,26901,0,0
2021-03-07T23:59:59+01:00,2448,2769,3345,4948,3220,7495,3892,10122,4583,7124,2214,2158,7977,11617,7295,13469,321,492,965,1770,1169,2960,1466,4429,2128,3284,1310,1500,5321,7894,3262,7005,62657,43387,5382,1889,26637,0,0
2021-03-06T23:59:59+01:00,2440,2753,3333,4942,3216,7490,3883,10113,4572,7120,2212,2157,7925,11539,7268,13429,321,492,964,1766,1168,2958,1466,4426,2124,3280,1307,1495,5317,7887,3260,6997,62448,43339,5322,1889,26622,0,0
2021-03-05T23:59:59+01:00,2291,2648,3105,4754,2982,7165,3595,9705,4253,6819,2146,2102,7688,11195,7105,13201,321,490,962,1763,1168,2957,1465,4420,2120,3273,1301,1494,5311,7880,3260,6992,61470,43288,4479,1889,24805,0,0
2021-03-04T23:59:59+01:00,2011,2392,2685,4305,2530,6517,2986,8743,3614,6109,1951,1958,7373,10746,6864,12838,319,489,961,1754,1165,2939,1465,4405,2108,3264,1292,1492,5300,7867,3253,6982,59735,43169,3203,1886,20684,0,0
2021-03-03T23:59:59+01:00,1936,2291,2578,4141,2412,6297,2846,8458,3452,5889,1872,1885,6978,10182,6568,12353,318,484,961,1743,1163,2915,1458,4378,2105,3254,1268,1480,5296,7862,3249,6974,57725,43022,3058,1886,19355,0,0
2021-03-02T23:59:59+01:00,1896,2195,2511,4028,2328,6146,2744,8277,3343,5757,1797,1819,6591,9625,6246,11800,314,477,960,1724,1160,2895,1454,4360,2103,3243,1245,1475,5286,7844,3243,6969,55617,42866,2817,1886,18669,0,0
2021-03-01T23:59:59+01:00,1881,2163,2470,3914,2280,6035,2707,8177,3293,5684,1755,1797,6361,9327,5866,11069,313,473,957,1720,1158,2884,1453,4345,2101,3228,1239,1472,5284,7842,3242,6963,53752,42788,2805,1886,18222,0,0
2021-02-28T23:59:59+01:00,1862,2122,2435,3848,2253,5974,2663,8101,3269,5645,1750,1794,6345,9315,5838,11017,313,473,956,1720,1158,2884,1453,4344,2101,3227,1239,1472,5284,7842,3242,6963,53632,42786,2803,1885,17796,0,0
2021-02-27T23:59:59+01:00,1858,2112,2433,3845,2249,5974,2662,8100,3267,5641,1745,1782,6305,9239,5698,10830,313,473,946,1715,1147,2874,1444,4338,2087,3218,1238,1469,5284,7841,3242,6963,53167,42782,2803,1810,17770,0,0
2021-02-26T23:59:59+01:00,1660,1933,2317,3603,2169,5547,2566,7580,3185,5244,1736,1765,6230,9148,5483,10497,312,470,939,1707,1139,2853,1437,4317,2075,3208,1234,1460,5277,7825,3238,6954,52416,42704,2782,1741,15465,0,0
2021-02-25T23:59:59+01:00,1424,1613,2104,3168,1997,4761,2356,6570,2966,4471,1655,1709,6085,8917,5008,9811,309,458,931,1645,1105,2752,1399,4209,2023,3141,1202,1442,5235,7776,3221,6911,50537,42241,2770,1518,11308,0,0
2021-02-24T23:59:59+01:00,1360,1371,2000,2904,1893,4417,2224,6160,2794,4233,1590,1668,5904,8618,4372,8844,306,447,889,1597,1053,2660,1343,4090,1932,3022,1170,1419,5218,7752,3214,6894,48205,41986,2761,1020,9386,0,0
2021-02-23T23:59:59+01:00,1344,1317,1966,2842,1867,4317,2200,6072,2762,4184,1583,1655,5744,8397,3855,7987,306,446,857,1563,1004,2603,1290,4017,1821,2955,1129,1400,5200,7725,3202,6859,46415,41787,2736,590,8941,0,0
2021-02-22T23:59:59+01:00,1331,1265,1917,2703,1822,4171,2142,5866,2720,4101,1573,1646,5580,8182,3377,7269,304,434,812,1522,947,2515,1195,3909,1676,2865,1055,1346,5157,7652,3178,6761,44806,41324,2718,4,8141,0,0
2021-02-21T23:59:59+01:00,1326,1243,1886,2643,1796,4076,2117,5753,2699,4056,1567,1641,5578,8172,3377,7267,301,431,808,1511,939,2487,1193,3872,1664,2828,1045,1333,5137,7625,3158,6722,44756,41050,2707,4,7734,0,0
2021-02-20T23:59:59+01:00,1326,1243,1886,2643,1795,4076,2117,5753,2697,4050,1558,1635,5574,8166,3375,7264,301,431,808,1509,938,2484,1192,3867,1663,2827,1045,1333,5077,7553,3120,6677,44744,40822,2681,3,7733,0,0
2021-02-19T23:59:59+01:00,1326,1240,1883,2636,1794,4069,2116,5744,2694,4046,1538,1625,5560,8150,3373,7258,299,429,804,1500,929,2457,1187,3824,1632,2777,1016,1295,4865,7259,2971,6421,44663,39662,2660,3,7729,0,0
2021-02-18T23:59:59+01:00,1293,1142,1845,2517,1755,3931,2053,5522,2640,3903,1527,1612,5547,8115,3369,7235,270,389,758,1374,880,2247,1104,3476,1512,2507,903,1097,4332,6408,2623,5654,44514,35531,2631,3,6861,0,0
2021-02-17T23:59:59+01:00,1239,983,1771,2305,1682,3628,1956,5162,2571,3711,1509,1603,5524,8101,3361,7231,264,381,749,1361,869,2223,1091,3440,1495,2489,896,1094,3905,5810,2379,5307,44472,33750,2572,3,5293,0,0
2021-02-16T23:59:59+01:00,1196,939,1718,2200,1620,3459,1892,4978,2498,3626,1472,1587,5499,8080,3354,7220,257,373,731,1324,851,2169,1055,3319,1462,2417,873,1072,3493,5184,2100,4897,44419,31574,2406,3,4513,0,0
2021-02-15T23:59:59+01:00,1187,915,1701,2126,1603,3362,1871,4865,2479,3557,1447,1576,5462,8056,3331,7173,244,360,714,1288,833,2120,1034,3251,1424,2354,843,1043,3028,4553,1815,4414,44292,29316,2319,2,4100,0,0
2021-02-14T23:59:59+01:00,1085,872,1629,2101,1542,3342,1828,4844,2445,3545,1439,1572,5456,8045,3328,7169,237,348,702,1268,817,2086,1017,3178,1390,2291,812,994,2931,4408,1755,4236,44251,28468,2283,2,3708,0,0
2021-02-13T23:59:59+01:00,1022,844,1608,2080,1525,3335,1815,4838,2437,3544,1438,1571,5456,8045,3327,7168,234,348,701,1268,817,2082,1017,3177,1388,2289,812,994,2818,4271,1701,4150,44245,28065,2283,2,3525,0,0
2021-02-12T23:59:59+01:00,641,680,1283,1966,1371,3236,1677,4752,2333,3485,1424,1565,5446,8034,3322,7163,221,340,690,1243,801,2035,993,3090,1327,2193,755,922,2568,3922,1585,3884,44132,26568,2283,1,1963,0,0
2021-02-11T23:59:59+01:00,446,585,1114,1863,1271,3117,1585,4638,2238,3403,1320,1521,5388,7987,3304,7117,177,266,586,981,664,1576,788,2391,1041,1656,534,682,1906,2927,1159,2800,43781,20134,2085,0,1031,0,0
2021-02-10T23:59:59+01:00,322,493,981,1774,1187,2983,1489,4464,2138,3305,1285,1506,5369,7978,3300,7116,152,178,403,622,499,1062,625,1785,896,1389,519,668,1444,2299,903,2375,43707,15819,1979,0,4,0,0
2021-02-09T23:59:59+01:00,322,490,980,1769,1184,2975,1489,4459,2137,3300,1278,1503,5367,7976,3299,7114,149,173,393,595,479,1033,606,1755,873,1362,517,665,1015,1775,674,2032,43683,14096,1956,0,3,0,0
2021-02-08T23:59:59+01:00,322,488,979,1766,1181,2966,1484,4453,2135,3295,1273,1500,5365,7976,3299,7112,142,166,383,583,470,1017,595,1723,854,1341,512,660,567,1205,430,1686,43659,12334,1932,0,3,0,0
2021-02-07T23:59:59+01:00,322,488,977,1766,1180,2966,1482,4451,2135,3295,1273,1500,5365,7975,3299,7112,138,161,378,578,470,1010,591,1710,844,1326,506,657,566,1192,425,1674,43655,12226,1931,0,0,0,0
2021-02-06T23:59:59+01:00,322,488,977,1766,1180,2966,1482,4451,2135,3295,1273,1500,5365,7975,3299,7112,134,157,376,576,470,1009,591,1708,843,1324,506,657,566,1192,425,1674,43655,12208,1931,0,0,0,0
2021-02-05T23:59:59+01:00,322,487,976,1766,1180,2966,1480,4450,2134,3295,1273,1500,5364,7972,3299,7110,132,148,373,572,463,997,587,1694,828,1305,502,647,559,1176,418,1651,43643,12052,1931,0,0,0,0
2021-02-04T23:59:59+01:00,317,478,970,1727,1175,2921,1477,4393,2122,3260,1265,1495,5335,7939,3288,7084,101,98,248,388,343,745,457,1284,622,984,385,522,477,977,364,1417,43316,9412,1930,0,0,0,0
2021-02-03T23:59:59+01:00,314,467,964,1704,1172,2882,1467,4344,2114,3226,1255,1481,5310,7907,3279,7059,56,47,86,162,156,366,218,593,301,493,210,288,278,628,221,895,43015,4998,1930,0,0,0,0
2021-02-02T23:59:59+01:00,313,465,962,1690,1169,2861,1463,4313,2107,3201,1247,1475,5303,7893,3272,7038,17,16,28,47,59,108,74,161,96,113,45,74,66,146,49,179,42842,1278,1930,0,0,0,0
2021-02-01T23:59:59+01:00,313,461,962,1688,1168,2860,1462,4306,2106,3197,1246,1475,5303,7893,3272,7038,15,14,25,41,49,98,60,133,73,95,40,64,57,138,47,165,42820,1114,1930,0,0,0,0
2021-01-31T23:59:59+01:00,313,458,962,1686,1167,2856,1462,4300,2106,3195,1245,1474,5303,7893,3272,7038,14,12,23,39,42,87,52,123,63,91,38,53,46,130,45,158,42800,1016,1930,0,0,0,0
2021-01-30T23:59:59+01:00,313,458,957,1682,1158,2848,1455,4294,2102,3193,1245,1474,5243,7821,3234,6993,14,12,23,38,42,87,51,122,63,91,38,53,46,130,45,158,42574,1013,1896,0,0,0,0
2021-01-29T23:59:59+01:00,311,457,943,1671,1146,2827,1443,4263,2080,3169,1239,1468,5055,7580,3096,6825,12,12,23,38,39,87,50,119,60,91,36,48,45,130,45,158,41786,993,1787,0,0,0,0
2021-01-28T23:59:59+01:00,306,433,922,1591,1104,2711,1403,4169,2013,3095,1216,1460,4678,7044,2868,6533,8,6,10,17,22,42,19,58,36,58,20,32,35,87,33,104,40003,587,1543,0,0,0,0
2021-01-27T23:59:59+01:00,299,423,877,1536,1052,2614,1343,4075,1939,2994,1181,1433,4216,6400,2602,6153,4,5,9,7,14,24,5,21,15,24,11,15,16,46,13,53,38041,282,1096,0,0,0,0
2021-01-26T23:59:59+01:00,292,412,837,1483,989,2526,1278,3945,1817,2900,1132,1387,3811,5768,2311,5718,2,2,4,2,6,6,3,3,2,5,7,5,4,8,3,8,35955,70,651,0,0,0,0
2021-01-25T23:59:59+01:00,281,401,783,1419,926,2405,1170,3796,1656,2794,1070,1359,3376,5178,2041,5332,2,2,4,1,4,6,1,3,2,5,7,5,4,8,3,8,33935,65,52,0,0,0,0
2021-01-24T23:59:59+01:00,278,401,775,1413,916,2390,1166,3780,1627,2766,1068,1358,3345,5142,2028,5311,2,2,2,1,4,6,1,3,2,5,7,5,4,8,3,8,33760,63,4,0,0,0,0
2021-01-23T23:59:59+01:00,276,401,775,1413,916,2386,1165,3779,1623,2764,1068,1358,3229,5004,1972,5223,2,2,2,1,3,6,1,3,2,5,7,5,4,8,3,8,33349,62,3,0,0,0,0
2021-01-22T23:59:59+01:00,274,397,774,1399,914,2373,1159,3765,1619,2761,1066,1357,3046,4784,1892,5105,2,2,2,1,3,6,1,3,2,5,7,5,4,8,3,8,32682,62,3,0,0,0,0
2021-01-21T23:59:59+01:00,265,358,709,1233,848,2160,1078,3475,1522,2578,1027,1321,2646,4244,1653,4737,2,1,2,0,3,6,1,3,2,5,7,4,4,8,3,8,29851,59,3,0,0,0,0
2021-01-20T23:59:59+01:00,239,270,537,876,677,1650,875,2773,1310,2175,940,1183,2046,3412,1314,4061,2,1,2,0,3,6,1,3,2,5,6,4,4,8,3,8,24335,58,3,0,0,0,0
2021-01-19T23:59:59+01:00,209,245,488,768,621,1480,787,2451,1132,1887,774,927,1346,2383,920,3101,0,1,1,0,0,0,0,0,1,1,1,0,0,1,0,0,19517,6,2,0,0,0,0
2021-01-18T23:59:59+01:00,157,181,402,632,497,1107,639,1878,929,1447,570,711,634,1339,482,1891,0,0,0,0,0,0,0,0,0,0,0,0,0,1,0,0,13495,1,1,0,0,0,0
2021-01-17T23:59:59+01:00,145,164,388,595,482,1037,608,1756,868,1352,523,673,588,1240,443,1748,0,0,0,0,0,0,0,0,0,0,0,0,0,0,0,0,12610,0,0,0,0,0,0
2021-01-16T23:59:59+01:00,137,159,386,590,480,1027,602,1744,861,1345,523,673,587,1235,439,1735,0,0,0,0,0,0,0,0,0,0,0,0,0,0,0,0,12523,0,0,0,0,0,0
2021-01-15T23:59:59+01:00,134,151,383,584,473,1013,598,1729,845,1325,518,661,579,1218,434,1712,0,0,0,0,0,0,0,0,0,0,0,0,0,0,0,0,12357,0,0,0,0,0,0
2021-01-14T23:59:59+01:00,112,120,293,468,401,842,499,1437,688,1069,411,536,503,1037,384,1536,0,0,0,0,0,0,0,0,0,0,0,0,0,0,0,0,10336,0,0,0,0,0,0
2021-01-13T23:59:59+01:00,72,73,178,283,261,550,348,936,458,695,253,334,318,697,251,972,0,0,0,0,0,0,0,0,0,0,0,0,0,0,0,0,6679,0,0,0,0,0,0
2021-01-12T23:59:59+01:00,35,30,54,100,117,233,146,391,200,300,138,183,166,401,144,535,0,0,0,0,0,0,0,0,0,0,0,0,0,0,0,0,3173,0,0,0,0,0,0
2021-01-11T23:59:59+01:00,22,17,36,62,58,120,74,166,91,115,40,64,59,143,48,166,0,0,0,0,0,0,0,0,0,0,0,0,0,0,0,0,1281,0,0,0,0,0,0
2021-01-10T23:59:59+01:00,18,12,31,52,50,108,63,148,73,105,37,54,49,133,44,157,0,0,0,0,0,0,0,0,0,0,0,0,0,0,0,0,1134,0,0,0,0,0,0
2021-01-09T23:59:59+01:00,17,12,30,50,49,106,60,147,73,104,37,54,49,133,44,157,0,0,0,0,0,0,0,0,0,0,0,0,0,0,0,0,1122,0,0,0,0,0,0
2021-01-08T23:59:59+01:00,14,12,28,48,44,98,55,136,68,101,35,49,48,133,44,157,0,0,0,0,0,0,0,0,0,0,0,0,0,0,0,0,1070,0,0,0,0,0,0
2021-01-07T23:59:59+01:00,8,6,9,18,21,41,19,59,37,60,21,34,37,92,33,103,0,0,0,0,0,0,0,0,0,0,0,0,0,0,0,0,598,0,0,0,0,0,0
2021-01-06T23:59:59+01:00,8,6,8,14,16,30,13,43,25,47,16,24,31,81,31,92,0,0,0,0,0,0,0,0,0,0,0,0,0,0,0,0,485,0,0,0,0,0,0
2021-01-05T23:59:59+01:00,8,6,8,14,16,30,13,43,25,47,16,24,30,81,31,92,0,0,0,0,0,0,0,0,0,0,0,0,0,0,0,0,484,0,0,0,0,0,0
2021-01-04T23:59:59+01:00,3,5,6,4,6,13,1,8,6,13,6,6,6,16,4,13,0,0,0,0,0,0,0,0,0,0,0,0,0,0,0,0,116,0,0,0,0,0,0
2021-01-03T23:59:59+01:00,2,2,1,1,3,6,1,4,2,6,5,4,3,9,3,8,0,0,0,0,0,0,0,0,0,0,0,0,0,0,0,0,60,0,0,0,0,0,0
2021-01-02T23:59:59+01:00,2,2,1,1,3,6,1,4,2,6,5,4,3,9,3,8,0,0,0,0,0,0,0,0,0,0,0,0,0,0,0,0,60,0,0,0,0,0,0
2021-01-01T23:59:59+01:00,2,2,1,1,3,6,1,4,2,6,5,4,3,9,3,8,0,0,0,0,0,0,0,0,0,0,0,0,0,0,0,0,60,0,0,0,0,0,0
2020-12-31T23:59:59+01:00,2,2,1,0,3,6,1,3,2,5,5,4,3,9,3,8,0,0,0,0,0,0,0,0,0,0,0,0,0,0,0,0,57,0,0,0,0,0,0
2020-12-30T23:59:59+01:00,2,2,1,0,3,6,1,3,2,5,5,4,3,9,3,8,0,0,0,0,0,0,0,0,0,0,0,0,0,0,0,0,57,0,0,0,0,0,0
2020-12-29T23:59:59+01:00,2,2,0,0,3,5,1,3,2,5,3,2,2,9,2,7,0,0,0,0,0,0,0,0,0,0,0,0,0,0,0,0,48,0,0,0,0,0,0
2020-12-28T23:59:59+01:00,1,1,0,0,1,1,0,0,0,3,0,1,0,2,1,4,0,0,0,0,0,0,0,0,0,0,0,0,0,0,0,0,15,0,0,0,0,0,0
2020-12-27T23:59:59+01:00,0,0,0,0,1,1,0,0,0,2,0,1,0,1,1,4,0,0,0,0,0,0,0,0,0,0,0,0,0,0,0,0,11,0,0,0,0,0,0
