Datum,<24_1_m,<24_1_w,25-34_1_m,25-34_1_w,35-44_1_m,35-44_1_w,45-54_1_m,45-54_1_w,55-64_1_m,55-64_1_w,65-74_1_m,65-74_1_w,75-84_1_m,75-84_1_w,>84_1_m,>84_1_w,<24_2_m,<24_2_w,25-34_2_m,25-34_2_w,35-44_2_m,35-44_2_w,45-54_2_m,45-54_2_w,55-64_2_m,55-64_2_w,65-74_2_m,65-74_2_w,75-84_2_m,75-84_2_w,>84_2_m,>84_2_w,bp_1,bp_2,mo_1,mo_2,az_1,az_2,ja
2021-06-24T23:59:59+02:00,27458,25629,39714,33743,45854,43610,64000,63316,77066,76630,54102,58509,35286,46544,9754,17874,7016,7035,12420,12152,14537,17412,32123,35776,58672,60599,47853,51636,32958,43378,9216,16874,522096,327254,76053,39665,108840,80638,12100
2021-06-23T23:59:59+02:00,26714,24889,39184,33210,45289,42962,63681,62978,76842,76407,54017,58398,35251,46500,9745,17859,6847,6824,12044,11817,14023,16890,28824,33038,57190,59249,47426,51182,32867,43226,9199,16843,516985,317977,76009,37198,108838,80220,12094
2021-06-22T23:59:59+02:00,26203,24361,38813,32801,44879,42530,63431,62735,76663,76187,53927,58297,35218,46438,9735,17845,6635,6669,11737,11561,13616,16522,24285,29391,55287,57673,46933,50642,32717,43047,9181,16804,513293,303727,75883,37146,108833,79773,12054
2021-06-21T23:59:59+02:00,25905,24066,38565,32564,44647,42258,63250,62545,76546,76046,53876,58231,35198,46406,9728,17830,6490,6537,11441,11372,13278,16272,22835,28280,54543,57027,44523,47924,32385,42661,9163,16755,511302,299045,75680,37077,108819,73504,11860
2021-06-20T23:59:59+02:00,25555,23717,38276,32320,44377,42008,63101,62379,76427,75917,53836,58194,35179,46394,9725,17825,6431,6489,11310,11283,13139,16146,22432,27952,54297,56862,42844,45909,32130,42369,9150,16744,508966,298445,75603,36333,108808,68856,11853
2021-06-19T23:59:59+02:00,25547,23705,38262,32316,44373,42004,63096,62376,76425,75914,53833,58194,35179,46393,9725,17825,6425,6479,11303,11279,13133,16141,22425,27945,54283,56849,42836,45900,32129,42369,9150,16744,508908,298362,75598,36330,108808,68845,11853
2021-06-18T23:59:59+02:00,25428,23576,38197,32261,44301,41925,63042,62331,76384,75871,53812,58178,35176,46380,9724,17824,6315,6257,10990,10766,12763,15519,21758,26810,53567,55735,42656,45758,32106,42327,9145,16736,508162,296802,75592,36329,108804,64225,11852
2021-06-17T23:59:59+02:00,24567,22720,37458,31625,43540,41203,62646,61975,76110,75617,53708,58064,35134,46322,9712,17801,6099,5984,10596,10236,12253,14738,20726,25312,52075,53899,41600,44544,31859,41998,9103,16664,502208,289721,75528,36202,108798,60095,11668
2021-06-16T23:59:59+02:00,23579,21605,36471,30709,42591,40265,62138,61533,75749,75326,53576,57925,35090,46243,9703,17780,5884,5802,10070,9917,11507,14230,18530,23474,48751,50742,40049,42734,31467,41512,9056,16559,494925,273776,75014,36005,108787,58946,11557
2021-06-15T23:59:59+02:00,22577,20577,35558,29863,41700,39419,61728,61110,75448,75031,53446,57773,35041,46180,9692,17753,5645,5662,9538,9648,10785,13724,16179,21587,45246,47232,38665,41072,31067,40990,8999,16446,487804,256818,74899,35971,108780,58283,11413
2021-06-14T23:59:59+02:00,21237,19152,34291,28556,40295,38063,61179,60612,75097,74709,53333,57649,35002,46117,9684,17740,5496,5553,9184,9435,10299,13390,14493,20145,43063,45033,37690,40021,30839,40652,8972,16375,478112,245750,74462,35948,108775,57575,11367
2021-06-13T23:59:59+02:00,20653,18666,33813,28157,39809,37687,60973,60447,74978,74620,53306,57611,34982,46097,9682,17732,5398,5494,9039,9371,10144,13315,13827,19640,42651,44689,37489,39812,30791,40586,8966,16363,475042,244831,74160,34538,108769,56964,11242
2021-06-12T23:59:59+02:00,20650,18648,33801,28146,39803,37684,60968,60445,74975,74618,53305,57609,34981,46097,9682,17732,5391,5488,9029,9366,10133,13310,13811,19621,42471,44545,37470,39801,30788,40584,8966,16362,474978,244404,74156,34538,108769,56953,11241
2021-06-11T23:59:59+02:00,20558,18584,33640,28078,39634,37636,60851,60405,74916,74598,53297,57604,34979,46096,9682,17731,5297,5240,8866,8809,9931,12579,13572,18457,41991,43399,37330,39682,30777,40563,8964,16360,474645,243918,73747,34536,108663,52129,11234
2021-06-10T23:59:59+02:00,19557,17738,32226,27204,38435,36748,60204,59976,74556,74347,53215,57528,34947,46055,9671,17716,5000,4994,8302,8311,9249,11809,12771,17323,39114,40375,36683,39030,30636,40415,8951,16334,470760,236919,70791,34407,108383,47782,10189
2021-06-09T23:59:59+02:00,18636,16913,30977,26313,37271,35903,59663,59618,74251,74150,53146,57427,34921,46015,9660,17698,4800,4820,7933,8121,8780,11598,12107,16897,33790,35267,35554,37850,30443,40201,8935,16293,466136,223200,68389,34284,108346,46214,9691
2021-06-08T23:59:59+02:00,17554,15933,29643,25257,35961,34954,59094,59245,74003,73965,53080,57366,34900,45984,9656,17690,4707,4744,7773,8009,8642,11488,11793,16683,30751,32219,34853,37186,30318,40033,8917,16265,461679,215810,64960,34228,108306,45003,9340
2021-06-07T23:59:59+02:00,16792,15239,28286,24462,34860,34217,58664,59029,73802,73874,53051,57327,34887,45977,9656,17686,4599,4663,7562,7881,8349,11361,11358,16378,26103,27455,33850,36142,30129,39814,8898,16242,458574,204191,61967,34166,108274,43433,8994
2021-06-06T23:59:59+02:00,16401,14994,27501,24058,34242,33818,58381,58877,73670,73818,53030,57309,34877,45970,9655,17685,4522,4625,7417,7832,8191,11276,11005,16141,23031,24274,33176,35437,30013,39691,8893,16231,457454,201429,59923,29012,108251,42656,8658
2021-06-05T23:59:59+02:00,16372,14959,27456,24020,34217,33800,58376,58870,73667,73813,53025,57304,34873,45968,9655,17685,4498,4609,7384,7811,8142,11261,10931,16091,21434,22526,32569,34761,29958,39629,8889,16225,457341,196491,59818,29010,108243,42559,8658
2021-06-04T23:59:59+02:00,16105,14663,27129,23701,33892,33491,58319,58805,73626,73794,53019,57300,34872,45966,9655,17684,4461,4576,7312,7735,8083,11181,10842,15967,21334,22416,32502,34709,29930,39598,8886,16222,455396,196412,59756,28998,108211,41686,8658
2021-06-03T23:59:59+02:00,15420,14110,26089,23022,32820,32775,57859,58487,73355,73617,52956,57235,34843,45937,9651,17672,4307,4465,7031,7576,7825,11006,10457,15694,19244,20244,30773,32727,29719,39338,8866,16176,451107,187892,58293,28979,108197,40326,8251
2021-06-02T23:59:59+02:00,14625,13266,25092,22105,31745,31887,57632,58252,73173,73489,52916,57167,34828,45920,9644,17665,4267,4438,6980,7524,7765,10955,10367,15600,18514,19450,29055,30800,29639,39225,8859,16166,444851,182391,58117,28978,108195,39992,8243
2021-06-01T23:59:59+02:00,13294,12229,22935,20652,29278,30057,56290,57252,72267,72753,52648,56887,34732,45762,9611,17618,4008,4233,6455,7217,7166,10532,9461,14962,16378,17373,25495,26808,29091,38491,8796,16040,435458,168567,53707,28842,108157,38154,6943
2021-05-31T23:59:59+02:00,12269,11458,21095,19468,27297,28575,55275,56473,71653,72247,52455,56658,34666,45671,9600,17587,3837,4061,6120,6970,6765,10238,8879,14582,15264,16300,24392,25542,28786,38077,8745,15963,428723,162910,49469,28811,108140,36685,6115
2021-05-30T23:59:59+02:00,11843,11077,20380,18959,26612,28003,54971,56208,71442,72076,52391,56592,34645,45648,9593,17580,3619,3842,5777,6717,6480,9993,8662,14376,14998,16025,24113,25237,28690,37987,8734,15940,426178,162087,49070,28753,108110,35688,4662
2021-05-29T23:59:59+02:00,11825,11061,20364,18934,26594,27979,54960,56201,71438,72070,52389,56587,34643,45648,9593,17580,3617,3833,5772,6714,6477,9990,8654,14368,14987,16022,24103,25229,28687,37983,8733,15939,426024,162020,49070,28751,108110,35675,4662
2021-05-28T23:59:59+02:00,11748,10952,20208,18765,26346,27741,54811,56031,71301,71951,52358,56540,34631,45627,9590,17572,3567,3747,5682,6573,6373,9781,8532,14103,14800,15751,23957,25084,28648,37935,8727,15932,424385,161641,49033,28750,108093,34140,4661
2021-05-27T23:59:59+02:00,10248,9571,17809,16933,23648,25672,53808,55289,70693,71494,52172,56341,34559,45541,9580,17549,3204,3353,4839,5942,5499,9007,7695,13075,13688,14573,23032,24114,28328,37555,8681,15855,412504,157859,48082,28486,107959,29733,2362
2021-05-26T23:59:59+02:00,9783,9097,16885,16079,22503,24697,53245,54775,70313,71146,52037,56193,34499,45479,9572,17521,2988,3151,4456,5593,5037,8495,7181,12403,12698,13580,22205,23128,28065,37190,8642,15783,406964,154078,47355,28400,107892,26504,1613
2021-05-25T23:59:59+02:00,9094,8416,15636,15172,21101,23576,52829,54418,70089,70974,51975,56117,34480,45459,9569,17512,2892,3031,4266,5459,4795,8263,6887,12068,12101,13007,20093,21018,27771,36726,8616,15746,400234,148496,47114,28387,107849,24636,1220
2021-05-24T23:59:59+02:00,8988,8305,15410,15044,20819,23398,52741,54307,70052,70942,51974,56112,34479,45458,9567,17509,2840,2958,4184,5283,4706,8022,6751,11772,11971,12794,19983,20909,27727,36688,8611,15737,399098,148354,47038,28347,107763,23029,1206
2021-05-23T23:59:59+02:00,8969,8288,15369,15034,20770,23370,52733,54305,70050,70937,51973,56110,34479,45457,9567,17509,2837,2954,4177,5278,4697,8017,6748,11760,11950,12770,19844,20718,27699,36651,8609,15736,398919,147880,47038,28345,107763,23020,1200
2021-05-22T23:59:59+02:00,8966,8279,15357,15022,20763,23365,52733,54303,70047,70937,51973,56109,34479,45457,9567,17509,2832,2943,4171,5276,4695,8016,6746,11757,11939,12766,19834,20714,27698,36651,8609,15736,398867,147844,47038,28345,107763,22996,1198
2021-05-21T23:59:59+02:00,8881,8164,15223,14902,20532,23177,52518,54101,69921,70837,51949,56085,34473,45451,9562,17503,2756,2847,4082,5138,4591,7784,6621,11447,11778,12512,19781,20666,27686,36633,8608,15735,397310,147629,47036,28345,107738,21496,1195
2021-05-20T23:59:59+02:00,8557,7815,14630,14384,19298,22084,50061,51912,68864,69935,51652,55774,34375,45322,9539,17480,2469,2651,3713,4775,4156,7217,6010,10564,10653,11409,18586,19430,27258,36122,8548,15611,386391,142463,46875,28053,107436,17676,980
2021-05-19T23:59:59+02:00,8257,7561,13957,13895,17640,20773,46382,48657,67481,68706,51270,55299,34235,45131,9506,17435,2381,2412,3551,4446,3898,6675,5535,9829,9621,10272,17123,17817,26668,35319,8452,15437,371707,135391,46309,27910,107208,15174,961
2021-05-18T23:59:59+02:00,8026,7346,13387,13453,16266,19706,41845,44775,66117,67448,50791,54816,34107,44934,9469,17391,2327,2258,3407,4260,3712,6351,5166,9310,8678,9355,15569,16070,26066,34600,8376,15284,355677,128798,46250,27349,107054,13746,896
2021-05-17T23:59:59+02:00,7868,7232,13044,13200,15707,19222,39694,42952,65331,66695,50556,54549,34042,44840,9456,17361,2242,2184,3220,4081,3496,6121,4812,8902,7869,8609,12187,11922,25369,33682,8305,15150,351989,123624,41991,21286,106976,12448,793
2021-05-16T23:59:59+02:00,7794,7136,12919,13047,15533,19049,39198,42481,65156,66543,50513,54489,34034,44820,9451,17356,2171,2077,3129,3958,3413,6018,4699,8746,7674,8423,9890,9176,25028,33178,8279,15102,350521,122495,41489,15961,106942,11938,567
2021-05-15T23:59:59+02:00,7787,7126,12915,13042,15529,19044,39192,42480,65155,66541,50513,54488,34034,44820,9451,17356,2170,2076,3126,3952,3409,6014,4694,8744,7672,8420,9887,9174,25028,33178,8279,15102,350480,122465,41489,15961,106940,11935,564
2021-05-14T23:59:59+02:00,7562,7022,12677,12976,15308,18957,38161,41661,64683,66172,50437,54411,34022,44792,9449,17353,2043,1982,3018,3882,3361,5907,4642,8586,7625,8312,9886,9171,25027,33178,8279,15101,347150,122413,41458,15957,106482,11077,553
2021-05-13T23:59:59+02:00,7264,6811,12267,12717,14729,18496,34394,38646,62387,64264,49916,53828,33915,44598,9438,17310,1992,1935,2964,3808,3326,5811,4602,8479,7544,8200,9853,9117,25005,33140,8277,15098,333202,122170,41235,15934,106053,10557,490
2021-05-12T23:59:59+02:00,7243,6784,12190,12649,14612,18378,33707,38047,61920,63840,49777,53667,33880,44556,9433,17301,1992,1932,2963,3808,3323,5811,4601,8477,7542,8193,9846,9115,25005,33138,8277,15097,330221,122150,41225,15924,106048,10556,490
2021-05-11T23:59:59+02:00,6884,6631,11723,12365,14089,17985,29215,34368,59710,61955,49219,53068,33727,44345,9412,17249,1944,1792,2848,3531,3209,5433,4457,8020,7398,7912,9766,9041,24983,33102,8274,15088,315338,121916,41171,15734,105069,8781,367
2021-05-10T23:59:59+02:00,6743,6545,11559,12254,13869,17809,25605,31495,58584,60929,48893,52756,33651,44231,9399,17224,1899,1673,2764,3310,3113,5079,4341,7492,7287,7540,9734,8999,24972,33084,8273,15084,305452,121789,41010,15587,104780,6964,304
2021-05-09T23:59:59+02:00,6662,6507,11471,12189,13767,17725,23939,30255,58180,60609,48800,52663,33629,44199,9394,17219,1875,1633,2706,3197,3064,4935,4298,7362,7227,7462,9723,8985,24966,33080,8272,15084,304890,121728,37446,15543,104581,6307,291
2021-05-08T23:59:59+02:00,6657,6503,11460,12183,13758,17718,23933,30250,58171,60603,48797,52656,33624,44196,9393,17216,1874,1632,2706,3196,3064,4935,4295,7358,7226,7461,9722,8985,24965,33078,8272,15084,304801,121712,37445,15543,104581,6307,291
2021-05-07T23:59:59+02:00,6607,6460,11396,12136,13657,17636,23128,29630,57500,60035,48696,52553,33602,44171,9390,17203,1758,1579,2635,3157,3026,4907,4264,7334,7204,7431,9716,8979,24963,33077,8272,15083,301647,121681,37429,15537,104438,5881,286
2021-05-06T23:59:59+02:00,6324,6321,10854,11816,12927,17175,20826,27815,54183,57068,47653,51360,33329,43814,9347,17116,1501,1422,2415,3000,2861,4731,4107,7139,7054,7278,9645,8907,24946,33047,8269,15075,286637,121395,37242,15399,103892,4446,157
2021-05-05T23:59:59+02:00,6039,6204,10326,11564,12138,16710,18732,26136,50421,53418,46192,49649,32955,43324,9293,17014,1450,1305,2353,2883,2778,4540,4011,6898,6942,7094,9535,8816,24898,32979,8263,15061,269553,120922,37015,15356,103504,3485,43
2021-05-04T23:59:59+02:00,5933,6099,9993,11347,11681,16284,17528,25062,48700,51469,45206,48460,32637,42909,9235,16914,1434,1282,2326,2840,2739,4455,3955,6783,6869,7028,9498,8778,24880,32964,8262,15057,259219,120705,36992,15296,103226,3129,20
2021-05-03T23:59:59+02:00,5809,6001,9630,11168,11202,16004,16345,24093,47171,49860,44428,47600,32458,42611,9210,16840,1412,1250,2297,2815,2697,4390,3909,6729,6791,6974,8641,7673,23417,31032,8149,14860,250235,114919,36982,15214,103201,2891,12
2021-05-02T23:59:59+02:00,5737,5976,9518,11131,11059,15943,15644,23527,46731,49515,44312,47451,32416,42557,9203,16832,1407,1245,2283,2813,2682,4380,3887,6719,6772,6960,7985,6901,21922,29151,8110,14789,249032,114902,35366,10237,103147,2860,7
2021-05-01T23:59:59+02:00,5737,5973,9513,11126,11056,15942,15640,23523,46729,49511,44311,47451,32416,42557,9203,16832,1406,1245,2283,2813,2682,4380,3885,6719,6771,6960,7985,6900,21922,29151,8110,14789,249001,114898,35366,10237,103146,2859,7
2021-04-30T23:59:59+02:00,5684,5950,9445,11106,11005,15920,15549,23486,45181,48035,44052,47179,32385,42520,9201,16825,1176,1139,2096,2730,2586,4313,3808,6667,6707,6904,7981,6887,21921,29149,8110,14789,245016,114891,35366,10235,103134,1830,7
2021-04-29T23:59:59+02:00,5398,5853,8964,10959,10398,15748,14780,23222,40076,43494,43348,46438,32292,42425,9198,16797,975,1052,1936,2655,2502,4250,3700,6594,6638,6855,7962,6874,21918,29143,8110,14789,231320,114851,35265,10133,102798,962,7
2021-04-28T23:59:59+02:00,5206,5812,8712,10872,10038,15661,14419,23052,35085,38603,42487,45592,32185,42309,9188,16782,931,1015,1900,2614,2471,4165,3663,6484,6588,6771,7943,6861,21909,29129,8106,14783,218161,114768,35248,10085,102587,473,7
2021-04-27T23:59:59+02:00,4941,5553,8374,10406,9652,15088,13924,22408,33927,37435,42306,45403,32171,42286,9185,16780,902,998,1866,2593,2456,4147,3643,6464,6556,6747,7932,6854,21905,29124,8103,14777,215444,114712,35238,10056,99150,292,7
2021-04-26T23:59:59+02:00,4911,5520,8297,10366,9545,15038,13699,22286,29128,32611,41577,44712,32109,42204,9176,16773,866,987,1836,2577,2427,4121,3617,6443,6505,6705,7885,6801,21879,29101,8103,14770,203644,114513,35231,10013,99070,90,7
2021-04-25T23:59:59+02:00,4886,5504,8262,10340,9478,15007,13608,22241,26893,30254,41147,44258,32067,42162,9174,16769,852,978,1825,2564,2412,4106,3588,6422,6474,6673,7861,6782,21865,29082,8102,14767,202982,114489,30127,9770,98935,88,6
2021-04-24T23:59:59+02:00,4864,5489,8235,10312,9434,14992,13561,22216,25170,28373,40601,43631,32016,42105,9171,16764,851,977,1821,2562,2412,4101,3588,6420,6474,6669,7859,6781,21864,29082,8102,14767,197934,114469,30127,9769,98867,86,6
2021-04-23T23:59:59+02:00,4546,5299,7772,10016,9004,14629,12982,21814,24741,28105,40530,43577,32001,42077,9165,16759,837,967,1801,2547,2392,4085,3566,6399,6454,6650,7844,6761,21860,29073,8102,14767,197591,114454,30112,9571,95308,74,6
2021-04-22T23:59:59+02:00,4436,5224,7573,9905,8729,14425,12495,21452,22092,25319,38073,40701,31566,41524,9103,16649,821,955,1773,2518,2330,4024,3489,6333,6345,6555,7767,6674,21810,29028,8100,14757,184586,114333,29923,8869,94751,71,6
2021-04-21T23:59:59+02:00,4405,5189,7431,9819,8541,14248,12124,21131,20565,23777,35113,37286,31175,40936,9049,16538,795,937,1736,2489,2288,3999,3456,6301,6308,6515,7735,6645,21794,29009,8097,14753,172894,114228,29751,8556,94676,67,6
2021-04-20T23:59:59+02:00,4368,5154,7307,9750,8330,14079,11716,20815,19264,22384,31988,33826,30776,40430,9001,16448,788,926,1716,2478,2257,3974,3412,6247,6263,6479,7702,6601,21770,28988,8092,14750,161282,114071,29729,8301,94619,65,6
2021-04-19T23:59:59+02:00,4340,5135,7230,9708,8209,13965,11435,20612,18541,21624,31149,32759,30543,40120,8966,16383,778,920,1695,2464,2230,3942,3376,6213,6231,6448,7649,6566,21749,28965,8090,14747,156447,113938,29712,8056,94554,63,6
2021-04-18T23:59:59+02:00,4334,5128,7217,9692,8189,13948,11399,20576,18447,21540,31037,32647,30518,40098,8963,16378,776,916,1678,2452,2214,3925,3351,6183,6203,6428,7626,6554,21732,28944,8087,14745,155956,113879,29644,7867,94505,62,6
2021-04-17T23:59:59+02:00,4333,5125,7213,9691,8187,13948,11395,20567,18432,21531,31018,32635,30516,40097,8963,16378,775,915,1677,2452,2213,3924,3348,6181,6201,6427,7626,6554,21732,28944,8087,14745,155881,113866,29643,7867,94499,62,6
2021-04-16T23:59:59+02:00,4138,5075,6866,9553,7823,13760,10988,20307,17989,21273,30835,32484,30448,40017,8954,16363,762,896,1664,2439,2186,3910,3289,6142,6159,6373,7531,6456,21325,28392,8060,14688,155131,112544,29635,7663,92101,59,6
2021-04-15T23:59:59+02:00,4019,4973,6486,9178,7238,13233,10164,19405,16638,20031,29689,31223,29995,39464,8894,16210,727,871,1608,2397,2104,3824,3165,6009,5817,6125,7011,6045,20646,27515,7983,14546,149393,109208,29341,7125,88100,54,6
2021-04-14T23:59:59+02:00,3949,4906,6241,8938,6883,12835,9508,18813,15508,18950,28294,29746,29456,38687,8806,16048,688,842,1558,2359,2029,3746,3013,5877,5487,5859,6439,5520,19681,26254,7915,14400,142640,104941,29141,6672,85781,48,6
2021-04-13T23:59:59+02:00,3915,4871,6144,8854,6729,12710,9187,18540,14562,18123,24969,26176,28663,37673,8724,15900,681,832,1544,2334,2001,3710,2907,5804,5258,5656,6061,5170,19416,25951,7883,14338,131027,102851,29131,6642,85576,47,6
2021-04-12T23:59:59+02:00,3890,4843,6089,8798,6641,12628,8938,18310,13907,17530,23964,25039,28314,37193,8667,15793,671,824,1534,2324,1978,3689,2845,5750,5096,5537,5739,4885,19145,25663,7849,14289,125957,101269,29115,6496,85466,47,6
2021-04-11T23:59:59+02:00,3883,4836,6070,8774,6613,12609,8898,18283,13806,17459,23842,24904,28267,37128,8659,15771,668,818,1520,2314,1965,3681,2827,5734,5058,5494,5676,4823,18977,25437,7832,14262,125414,100608,29049,6425,85333,47,6
2021-04-10T23:59:59+02:00,3871,4835,6049,8774,6589,12608,8878,18282,13787,17457,23836,24900,28264,37128,8659,15771,665,816,1515,2309,1960,3678,2821,5726,5042,5484,5663,4805,18815,25185,7819,14240,125392,100099,28960,6391,85330,47,6
2021-04-09T23:59:59+02:00,3825,4821,6005,8764,6534,12588,8836,18257,13733,17405,21769,22347,27906,36663,8633,15733,649,800,1492,2285,1932,3660,2772,5681,4967,5428,5542,4698,18249,24450,7787,14182,124705,98337,23858,6192,85250,39,6
2021-04-08T23:59:59+02:00,3795,4801,5935,8735,6462,12542,8741,18192,13581,17284,19036,19095,27543,36193,8602,15695,599,765,1408,2199,1831,3564,2565,5482,4457,5051,4715,4032,16520,22288,7637,13915,123842,91375,18009,5619,84376,29,5
2021-04-07T23:59:59+02:00,3697,4768,5730,8690,6253,12481,8515,18121,13329,17179,16103,15709,27164,35740,8577,15649,575,730,1354,2145,1728,3474,2403,5322,4015,4717,3975,3438,15732,21464,7544,13762,123633,87076,16476,5273,77592,25,4
2021-04-06T23:59:59+02:00,3665,4757,5682,8670,6187,12456,8427,18083,13252,17103,13824,12995,26839,35391,8567,15624,539,706,1281,2086,1642,3391,2226,5185,3626,4448,3436,2992,14942,20510,7480,13662,123507,83455,16275,4672,71736,21,4
2021-04-05T23:59:59+02:00,3661,4752,5643,8657,6152,12446,8376,18063,13186,17068,13778,12949,26831,35377,8566,15623,505,668,1222,2052,1591,3351,2161,5126,3540,4372,3377,2949,14808,20341,7471,13646,123485,82971,16067,4185,71573,21,3
2021-04-04T23:59:59+02:00,3660,4751,5643,8656,6151,12446,8375,18060,13186,17068,13775,12949,26830,35377,8566,15623,505,667,1222,2052,1591,3351,2161,5126,3540,4372,3377,2949,14807,20341,7471,13646,123478,82969,16067,4185,71568,21,3
2021-04-03T23:59:59+02:00,3659,4751,5643,8655,6151,12446,8375,18060,13186,17068,13774,12947,26829,35375,8566,15623,505,666,1222,2052,1590,3351,2161,5124,3533,4369,3372,2939,14721,20203,7462,13632,123472,82693,16067,4185,71566,21,3
2021-04-02T23:59:59+02:00,3658,4748,5641,8650,6146,12437,8366,18047,13156,17037,13729,12890,26807,35364,8563,15619,501,658,1221,2048,1578,3344,2151,5100,3501,4334,3342,2909,13778,18936,7414,13551,123309,80238,16064,4104,71482,21,3
2021-04-01T23:59:59+02:00,3641,4734,5604,8630,6082,12402,8283,18010,13039,16961,13621,12766,26754,35295,8556,15608,442,609,1129,1976,1476,3261,1999,4985,3295,4192,3109,2706,11784,16345,7325,13411,122993,74703,15941,3317,71049,21,3
2021-03-31T23:59:59+02:00,3637,4717,5583,8595,6051,12366,8239,17964,12962,16884,13499,12647,26715,35246,8550,15599,403,585,1087,1933,1405,3219,1882,4871,3037,3983,2660,2400,9253,13115,7171,13205,122689,67211,15902,2975,70660,20,3
2021-03-30T23:59:59+02:00,3629,4706,5556,8565,6021,12336,8197,17921,12882,16808,13412,12520,26687,35203,8545,15590,381,564,1063,1901,1343,3181,1745,4788,2785,3804,2260,2139,8415,12041,7122,13102,122560,63912,15873,2701,70143,19,2
2021-03-29T23:59:59+02:00,3615,4699,5529,8548,5986,12303,8155,17887,12800,16725,12469,11331,25115,33119,8426,15377,373,562,1058,1884,1320,3156,1702,4742,2632,3718,1963,1982,7790,11331,7084,13038,116586,61618,15704,2698,69792,17,2
2021-03-28T23:59:59+02:00,3583,4674,5479,8518,5935,12259,8071,17834,12690,16648,11738,10489,23604,31194,8379,15298,372,560,1056,1883,1313,3153,1695,4740,2620,3710,1938,1961,7771,11318,7082,13034,116526,61492,10533,2695,69332,17,2
2021-03-27T23:59:59+01:00,3569,4669,5439,8509,5898,12245,8021,17819,12648,16596,11709,10451,23601,31188,8379,15298,372,560,1056,1883,1313,3153,1694,4737,2618,3708,1936,1960,7716,11233,7055,12994,116459,61274,10532,2695,69046,17,2
2021-03-26T23:59:59+01:00,3415,4231,4963,7354,5403,10887,7393,15650,11865,14590,11522,10274,23117,30477,8341,15235,371,556,1051,1880,1306,3149,1693,4734,2612,3702,1928,1954,7556,11019,6941,12835,114913,60596,10278,2683,59524,6,2
2021-03-25T23:59:59+01:00,3278,3876,4793,6597,5169,9688,7044,13840,11115,12941,10641,9463,22484,29704,8282,15099,366,548,1043,1869,1294,3131,1671,4696,2570,3651,1860,1891,7235,10512,6708,12476,112007,58834,9587,2680,52418,5,2
2021-03-24T23:59:59+01:00,3222,3832,4723,6527,5031,9583,6821,13664,10578,12492,9795,8622,21540,28505,8204,14950,364,542,1034,1864,1275,3120,1657,4666,2519,3597,1793,1810,6806,9946,6366,11915,108002,56603,9242,2666,50845,5,0
2021-03-23T23:59:59+01:00,3191,3793,4638,6456,4930,9487,6587,13481,10110,12047,9073,7950,21083,27964,8161,14852,351,528,1016,1855,1261,3100,1625,4642,2463,3544,1710,1747,6459,9459,6051,11409,105628,54551,8910,2665,49265,4,0
2021-03-22T23:59:59+01:00,3170,3755,4582,6415,4848,9417,6432,13335,9726,11740,8465,7390,20720,27575,8112,14771,345,523,1005,1849,1247,3083,1611,4628,2437,3518,1685,1727,6234,9154,5697,10729,104149,52808,8650,2660,47654,4,0
2021-03-21T23:59:59+01:00,3160,3739,4533,6391,4799,9379,6336,13257,9525,11538,8149,7128,20587,27438,8103,14749,345,523,1004,1849,1246,3083,1610,4627,2434,3518,1676,1721,6221,9144,5673,10677,103949,52704,8421,2643,46441,4,0
2021-03-20T23:59:59+01:00,3159,3734,4525,6385,4793,9377,6332,13250,9502,11521,8118,7098,20413,27162,8088,14725,345,523,1004,1848,1245,3083,1609,4626,2430,3509,1663,1707,6175,9059,5530,10478,103392,52211,8409,2619,46381,4,0
2021-03-19T23:59:59+01:00,3115,3702,4447,6347,4687,9329,6171,13185,9243,11322,7810,6874,19949,26588,8064,14673,345,523,1003,1846,1245,3081,1606,4624,2423,3504,1648,1699,6066,8926,5198,9952,102094,51086,8168,2599,45244,4,0
2021-03-18T23:59:59+01:00,3038,3618,4269,6205,4443,9123,5763,12853,8287,10612,6547,5811,18795,25341,7944,14468,341,519,999,1836,1228,3067,1565,4604,2352,3462,1573,1654,5871,8622,4596,9050,97204,48780,7625,2557,42288,2,0
2021-03-17T23:59:59+01:00,3000,3571,4179,6106,4301,8997,5483,12553,7572,10034,5540,4886,17531,23864,7804,14253,337,518,995,1827,1223,3058,1549,4582,2277,3433,1510,1611,5735,8394,4117,8336,91809,46999,7123,2501,40742,2,0
2021-03-16T23:59:59+01:00,2976,3540,4113,6034,4205,8900,5290,12384,7092,9639,4764,4228,16738,22933,7719,14107,333,516,992,1822,1219,3050,1542,4572,2252,3413,1482,1593,5602,8215,3708,7667,88182,45554,7087,2422,39393,2,0
2021-03-15T23:59:59+01:00,2972,3526,4096,6018,4173,8874,5236,12333,6963,9518,4613,4056,16437,22545,7696,14053,331,512,991,1816,1213,3043,1525,4560,2227,3390,1441,1579,5419,7984,3255,6964,87418,43969,6992,2280,38699,1,0
2021-03-14T23:59:59+01:00,2964,3515,4079,5997,4141,8857,5187,12297,6868,9421,4511,3950,16317,22380,7680,14023,329,511,990,1814,1207,3036,1521,4550,2214,3383,1431,1571,5412,7976,3250,6953,87114,43909,6974,2238,38099,1,0
2021-03-13T23:59:59+01:00,2960,3508,4076,5986,4133,8851,5179,12285,6847,9409,4488,3922,16003,21942,7661,13991,329,511,990,1814,1207,3036,1521,4550,2214,3383,1431,1571,5412,7975,3250,6953,86232,43908,6950,2238,38059,1,0
2021-03-12T23:59:59+01:00,2885,3417,3974,5818,4006,8622,5040,11974,6670,9165,4346,3786,15078,20675,7610,13910,329,509,988,1812,1207,3033,1518,4544,2214,3377,1423,1569,5404,7951,3248,6942,83771,43830,6888,2237,36317,1,0
2021-03-11T23:59:59+01:00,2740,3160,3753,5486,3751,8157,4678,11178,6041,8385,3831,3300,13532,18710,7528,13788,329,509,984,1808,1205,3020,1508,4527,2201,3353,1377,1539,5366,7917,3238,6916,79477,43680,6725,2116,31816,1,0
2021-03-10T23:59:59+01:00,2597,2998,3605,5251,3559,7826,4385,10667,5479,7828,3247,2860,11308,16017,7405,13592,326,505,978,1797,1200,3010,1501,4512,2176,3336,1347,1532,5336,7901,3231,6909,73180,43611,6555,1986,28889,0,0
2021-03-09T23:59:59+01:00,2565,2930,3539,5174,3446,7725,4193,10460,5067,7480,2743,2489,9855,14026,7328,13472,325,503,978,1790,1193,3002,1496,4504,2169,3325,1332,1528,5329,7896,3228,6907,68343,43570,6405,1935,27744,0,0
2021-03-08T23:59:59+01:00,2535,2856,3484,5105,3368,7642,4057,10337,4764,7282,2280,2226,7969,11614,7223,13336,325,498,977,1782,1186,2985,1490,4493,2164,3319,1323,1517,5310,7876,3223,6899,62660,43458,6070,1909,27348,0,0
2021-03-07T23:59:59+01:00,2468,2789,3384,4998,3271,7558,3951,10241,4643,7198,2228,2175,7952,11595,7223,13329,325,497,976,1782,1186,2985,1490,4493,2164,3319,1323,1517,5310,7876,3223,6899,62532,43456,5389,1909,27082,0,0
2021-03-06T23:59:59+01:00,2460,2773,3372,4992,3267,7553,3942,10232,4632,7194,2226,2174,7900,11516,7197,13289,325,497,975,1778,1185,2983,1490,4490,2160,3315,1320,1512,5306,7870,3221,6891,62323,43409,5329,1909,27067,0,0
2021-03-05T23:59:59+01:00,2310,2668,3145,4802,3034,7229,3653,9824,4313,6893,2160,2120,7661,11174,7036,13061,325,495,973,1775,1185,2982,1489,4484,2156,3308,1314,1511,5300,7863,3221,6886,61346,43358,4491,1909,25246,0,0
2021-03-04T23:59:59+01:00,2029,2411,2725,4351,2582,6578,3045,8860,3670,6183,1965,1977,7347,10721,6799,12699,323,494,972,1766,1182,2964,1489,4469,2144,3299,1305,1509,5289,7850,3214,6876,59707,43239,3216,1906,21019,0,0
2021-03-03T23:59:59+01:00,1952,2308,2614,4183,2455,6348,2898,8566,3502,5956,1885,1904,6953,10158,6506,12217,322,489,972,1755,1180,2940,1482,4442,2141,3289,1281,1497,5285,7845,3210,6868,57705,43092,3070,1906,19630,0,0
2021-03-02T23:59:59+01:00,1911,2211,2546,4069,2370,6192,2790,8382,3391,5822,1809,1837,6571,9602,6185,11669,318,482,971,1736,1177,2920,1478,4424,2139,3278,1258,1492,5275,7827,3204,6863,55608,42936,2829,1906,18920,0,0
2021-03-01T23:59:59+01:00,1896,2180,2505,3953,2322,6081,2753,8281,3341,5749,1767,1816,6341,9304,5807,10940,317,478,968,1732,1175,2909,1477,4409,2137,3263,1252,1489,5273,7825,3203,6857,53747,42858,2817,1906,18472,0,0
2021-02-28T23:59:59+01:00,1876,2136,2470,3887,2294,6020,2708,8205,3317,5709,1762,1813,6325,9292,5780,10888,317,478,967,1732,1175,2909,1477,4408,2137,3262,1252,1488,5273,7825,3203,6857,53627,42855,2815,1905,18040,0,0
2021-02-27T23:59:59+01:00,1872,2126,2468,3884,2290,6020,2707,8204,3315,5706,1756,1801,6284,9216,5641,10702,317,478,957,1727,1164,2899,1468,4402,2123,3253,1251,1485,5273,7824,3203,6857,53163,42851,2815,1830,18014,0,0
2021-02-26T23:59:59+01:00,1671,1947,2352,3641,2210,5593,2611,7682,3233,5306,1747,1784,6209,9125,5430,10369,316,475,950,1720,1156,2878,1461,4381,2111,3243,1246,1476,5266,7808,3199,6848,52415,42773,2794,1761,15701,0,0
2021-02-25T23:59:59+01:00,1432,1624,2137,3205,2038,4808,2399,6672,3014,4530,1664,1728,6065,8894,4956,9684,313,463,942,1657,1122,2777,1423,4273,2058,3176,1213,1458,5224,7759,3184,6804,50540,42311,2781,1535,11529,0,0
2021-02-24T23:59:59+01:00,1368,1380,2030,2940,1932,4462,2267,6259,2841,4289,1598,1685,5886,8596,4323,8721,310,452,900,1608,1069,2684,1366,4153,1965,3056,1182,1435,5207,7736,3177,6788,48210,42055,2769,1033,9598,0,0
2021-02-23T23:59:59+01:00,1352,1323,1995,2877,1905,4361,2242,6171,2809,4239,1591,1672,5728,8376,3811,7869,310,451,869,1574,1020,2626,1312,4078,1853,2988,1139,1414,5188,7709,3167,6756,46433,41859,2742,595,9146,0,0
2021-02-22T23:59:59+01:00,1339,1271,1945,2735,1859,4215,2183,5963,2766,4154,1581,1662,5565,8160,3334,7152,308,439,824,1533,963,2537,1217,3970,1708,2898,1064,1362,5146,7636,3143,6659,44825,41401,2721,6,8338,0,0
2021-02-21T23:59:59+01:00,1335,1249,1913,2673,1833,4119,2158,5850,2745,4108,1574,1656,5563,8150,3334,7150,305,436,820,1522,955,2509,1215,3931,1696,2860,1054,1349,5127,7609,3124,6620,44774,41126,2710,6,7926,0,0
2021-02-20T23:59:59+01:00,1335,1249,1913,2673,1832,4119,2158,5850,2743,4102,1565,1649,5559,8144,3332,7147,305,436,820,1520,954,2506,1214,3926,1695,2859,1054,1349,5067,7537,3086,6575,44760,40898,2685,5,7925,0,0
2021-02-19T23:59:59+01:00,1335,1246,1910,2666,1831,4112,2157,5841,2740,4098,1545,1640,5546,8129,3330,7141,303,434,816,1511,945,2479,1209,3883,1664,2809,1025,1311,4855,7243,2937,6322,44680,39741,2666,5,7921,0,0
2021-02-18T23:59:59+01:00,1302,1149,1872,2546,1791,3974,2094,5619,2685,3952,1532,1627,5532,8092,3326,7119,273,394,768,1384,895,2268,1126,3533,1543,2537,913,1114,4327,6394,2594,5565,44529,35623,2633,5,7050,0,0
2021-02-17T23:59:59+01:00,1246,989,1791,2325,1711,3663,1988,5237,2612,3754,1514,1619,5510,8078,3318,7115,267,386,759,1371,884,2244,1113,3497,1526,2519,906,1111,3899,5798,2351,5222,44488,33848,2576,5,5406,0,0
2021-02-16T23:59:59+01:00,1202,944,1731,2216,1643,3486,1919,5036,2535,3663,1478,1603,5485,8059,3311,7104,260,378,741,1333,866,2190,1077,3374,1493,2444,883,1088,3487,5172,2072,4816,44435,31670,2413,4,4567,0,0
2021-02-15T23:59:59+01:00,1192,920,1714,2139,1624,3389,1898,4923,2516,3592,1454,1592,5449,8035,3288,7056,247,365,724,1297,848,2141,1055,3306,1454,2380,853,1059,3023,4543,1789,4335,44306,29416,2328,3,4147,0,0
2021-02-14T23:59:59+01:00,1089,876,1642,2114,1563,3369,1855,4902,2482,3580,1446,1588,5443,8023,3285,7052,240,353,712,1277,832,2107,1038,3231,1421,2317,822,1010,2926,4399,1732,4160,44264,28574,2292,3,3753,0,0
2021-02-13T23:59:59+01:00,1026,848,1621,2093,1546,3362,1842,4896,2474,3579,1445,1587,5443,8023,3284,7051,237,352,711,1277,832,2103,1038,3230,1419,2315,822,1010,2814,4262,1678,4074,44258,28171,2292,3,3570,0,0
2021-02-12T23:59:59+01:00,644,684,1293,1979,1390,3261,1704,4810,2370,3520,1431,1581,5433,8012,3279,7046,224,344,700,1252,816,2055,1014,3143,1358,2219,765,937,2565,3917,1564,3810,44145,26681,2292,2,2000,0,0
2021-02-11T23:59:59+01:00,449,589,1124,1876,1287,3140,1612,4695,2276,3438,1328,1537,5375,7967,3261,7000,180,270,595,989,678,1593,809,2443,1072,1680,542,696,1907,2929,1144,2751,43794,20277,2095,1,1065,0,0
2021-02-10T23:59:59+01:00,324,498,989,1783,1201,3004,1510,4510,2172,3335,1293,1523,5356,7956,3257,6999,155,180,408,628,511,1078,637,1821,914,1409,526,682,1444,2298,889,2329,43717,15909,1989,0,4,0,0
2021-02-09T23:59:59+01:00,324,495,988,1778,1198,2996,1510,4505,2171,3330,1286,1520,5354,7954,3256,6997,152,175,397,601,491,1049,618,1790,891,1382,524,679,1015,1774,661,1986,43693,14185,1966,0,3,0,0
2021-02-08T23:59:59+01:00,324,493,987,1776,1195,2987,1504,4499,2169,3325,1281,1517,5351,7954,3255,6994,146,168,387,589,481,1031,607,1757,872,1360,518,674,566,1205,414,1640,43665,12415,1943,0,3,0,0
2021-02-07T23:59:59+01:00,324,493,985,1776,1194,2987,1502,4497,2169,3325,1281,1517,5351,7953,3255,6994,142,163,382,584,481,1024,603,1744,862,1345,512,671,565,1192,409,1628,43661,12307,1942,0,0,0,0
2021-02-06T23:59:59+01:00,324,493,985,1776,1194,2987,1502,4497,2169,3325,1281,1517,5351,7953,3255,6994,138,159,380,582,481,1023,603,1742,861,1343,512,671,565,1192,409,1628,43661,12289,1942,0,0,0,0
2021-02-05T23:59:59+01:00,324,492,984,1776,1194,2986,1500,4496,2168,3325,1281,1517,5350,7950,3255,6992,136,150,377,578,473,1011,599,1728,846,1324,508,661,558,1176,401,1606,43648,12132,1942,0,0,0,0
2021-02-04T23:59:59+01:00,319,483,978,1737,1188,2941,1497,4439,2156,3290,1274,1510,5321,7916,3245,6966,104,100,250,393,350,752,466,1313,636,993,387,532,472,973,348,1378,43319,9447,1941,0,0,0,0
2021-02-03T23:59:59+01:00,316,472,972,1713,1185,2902,1487,4390,2147,3256,1265,1497,5296,7884,3236,6942,60,48,87,165,162,369,226,608,311,495,209,290,275,619,206,870,43019,5000,1941,0,0,0,0
2021-02-02T23:59:59+01:00,315,470,970,1699,1182,2882,1483,4359,2140,3231,1257,1491,5289,7870,3229,6921,18,15,28,48,61,108,74,161,97,114,44,74,65,143,47,173,42847,1270,1941,0,0,0,0
2021-02-01T23:59:59+01:00,315,466,970,1697,1181,2881,1482,4353,2139,3227,1255,1491,5289,7870,3229,6921,15,14,25,41,51,98,60,133,74,96,39,64,56,135,46,160,42825,1107,1941,0,0,0,0
2021-01-31T23:59:59+01:00,315,463,970,1695,1180,2877,1482,4347,2139,3225,1254,1490,5289,7870,3229,6921,14,12,23,38,44,87,52,123,64,92,37,53,45,127,44,154,42805,1009,1941,0,0,0,0
2021-01-30T23:59:59+01:00,315,463,965,1691,1171,2869,1475,4341,2135,3223,1254,1490,5229,7798,3191,6876,14,12,23,37,44,87,51,122,64,92,37,53,45,127,44,154,42579,1006,1907,0,0,0,0
2021-01-29T23:59:59+01:00,313,462,951,1681,1159,2848,1463,4310,2113,3199,1247,1484,5041,7557,3053,6711,12,12,23,37,41,87,50,119,61,92,35,48,44,127,44,154,41794,986,1798,0,0,0,0
2021-01-28T23:59:59+01:00,308,438,930,1600,1117,2732,1423,4216,2046,3125,1223,1476,4666,7023,2827,6422,8,6,10,16,23,42,19,58,36,59,20,32,34,84,33,102,40019,582,1553,0,0,0,0
2021-01-27T23:59:59+01:00,301,428,885,1545,1065,2634,1363,4122,1972,3023,1188,1449,4205,6381,2562,6047,4,5,9,7,14,25,5,21,15,26,11,15,15,44,13,51,38065,280,1105,0,0,0,0
2021-01-26T23:59:59+01:00,294,417,845,1491,1002,2546,1298,3992,1850,2928,1140,1401,3801,5750,2272,5615,2,2,4,2,6,7,3,3,2,7,7,5,3,7,3,8,35984,71,658,0,0,0,0
2021-01-25T23:59:59+01:00,283,406,791,1427,938,2425,1189,3843,1689,2821,1076,1373,3367,5161,2003,5231,2,2,4,1,4,7,1,3,2,7,7,5,3,7,3,8,33966,66,57,0,0,0,0
2021-01-24T23:59:59+01:00,280,406,783,1421,928,2409,1185,3827,1659,2792,1073,1372,3337,5125,1990,5210,2,2,2,1,4,7,1,3,2,7,7,5,3,7,3,8,33792,64,5,0,0,0,0
2021-01-23T23:59:59+01:00,278,405,783,1421,928,2405,1184,3826,1655,2790,1073,1372,3222,4987,1934,5123,2,2,2,1,3,7,1,3,2,7,7,5,3,7,3,8,33382,63,4,0,0,0,0
2021-01-22T23:59:59+01:00,276,401,782,1407,926,2392,1178,3812,1651,2787,1071,1371,3040,4767,1855,5005,2,2,2,1,3,7,1,3,2,7,7,5,3,7,3,8,32717,63,4,0,0,0,0
2021-01-21T23:59:59+01:00,267,362,717,1242,859,2178,1097,3522,1555,2604,1032,1335,2644,4228,1619,4641,2,1,2,0,3,7,1,3,2,7,7,4,3,7,3,8,29898,60,4,0,0,0,0
2021-01-20T23:59:59+01:00,241,272,542,884,686,1665,886,2806,1330,2195,944,1196,2044,3395,1282,3975,2,1,2,0,3,7,1,3,2,5,6,4,3,7,3,8,24339,57,4,0,0,0,0
2021-01-19T23:59:59+01:00,211,247,492,776,629,1495,797,2483,1152,1907,779,938,1341,2371,896,3026,0,1,1,0,0,0,0,0,1,1,1,0,0,0,0,0,19538,5,2,0,0,0,0
2021-01-18T23:59:59+01:00,159,183,405,640,505,1121,649,1908,948,1465,576,725,635,1339,463,1836,0,0,0,0,0,0,0,0,0,0,0,0,0,0,0,0,13556,0,1,0,0,0,0
2021-01-17T23:59:59+01:00,147,166,391,603,490,1051,618,1786,887,1370,529,687,588,1240,424,1698,0,0,0,0,0,0,0,0,0,0,0,0,0,0,0,0,12675,0,0,0,0,0,0
2021-01-16T23:59:59+01:00,139,161,389,598,488,1041,612,1774,880,1363,529,687,587,1235,420,1685,0,0,0,0,0,0,0,0,0,0,0,0,0,0,0,0,12588,0,0,0,0,0,0
2021-01-15T23:59:59+01:00,136,153,386,592,480,1027,608,1759,864,1343,524,675,579,1219,414,1663,0,0,0,0,0,0,0,0,0,0,0,0,0,0,0,0,12422,0,0,0,0,0,0
2021-01-14T23:59:59+01:00,114,122,295,475,405,850,506,1465,704,1078,412,547,500,1033,364,1493,0,0,0,0,0,0,0,0,0,0,0,0,0,0,0,0,10363,0,0,0,0,0,0
2021-01-13T23:59:59+01:00,74,74,179,287,266,555,354,950,470,698,254,338,315,689,234,942,0,0,0,0,0,0,0,0,0,0,0,0,0,0,0,0,6679,0,0,0,0,0,0
2021-01-12T23:59:59+01:00,34,30,54,101,119,235,146,391,202,301,138,185,164,392,135,515,0,0,0,0,0,0,0,0,0,0,0,0,0,0,0,0,3142,0,0,0,0,0,0
2021-01-11T23:59:59+01:00,21,17,36,62,59,121,74,166,93,116,39,64,59,140,47,161,0,0,0,0,0,0,0,0,0,0,0,0,0,0,0,0,1275,0,0,0,0,0,0
2021-01-10T23:59:59+01:00,17,12,31,51,51,109,63,148,75,106,36,54,49,130,44,153,0,0,0,0,0,0,0,0,0,0,0,0,0,0,0,0,1129,0,0,0,0,0,0
2021-01-09T23:59:59+01:00,16,12,30,49,50,107,60,147,75,105,36,54,49,130,44,153,0,0,0,0,0,0,0,0,0,0,0,0,0,0,0,0,1117,0,0,0,0,0,0
2021-01-08T23:59:59+01:00,13,12,28,47,45,99,55,136,70,102,34,49,48,130,44,153,0,0,0,0,0,0,0,0,0,0,0,0,0,0,0,0,1065,0,0,0,0,0,0
2021-01-07T23:59:59+01:00,8,6,9,17,22,42,19,59,38,61,21,34,37,89,33,101,0,0,0,0,0,0,0,0,0,0,0,0,0,0,0,0,596,0,0,0,0,0,0
2021-01-06T23:59:59+01:00,8,6,8,14,16,31,12,43,25,49,16,24,31,78,31,90,0,0,0,0,0,0,0,0,0,0,0,0,0,0,0,0,482,0,0,0,0,0,0
2021-01-05T23:59:59+01:00,8,6,8,14,16,31,12,43,25,49,16,24,30,78,31,90,0,0,0,0,0,0,0,0,0,0,0,0,0,0,0,0,481,0,0,0,0,0,0
2021-01-04T23:59:59+01:00,3,5,6,4,6,14,1,8,6,15,6,6,6,15,4,13,0,0,0,0,0,0,0,0,0,0,0,0,0,0,0,0,118,0,0,0,0,0,0
2021-01-03T23:59:59+01:00,2,2,1,1,3,7,1,4,2,8,5,4,3,8,3,8,0,0,0,0,0,0,0,0,0,0,0,0,0,0,0,0,62,0,0,0,0,0,0
2021-01-02T23:59:59+01:00,2,2,1,1,3,7,1,4,2,8,5,4,3,8,3,8,0,0,0,0,0,0,0,0,0,0,0,0,0,0,0,0,62,0,0,0,0,0,0
2021-01-01T23:59:59+01:00,2,2,1,1,3,7,1,4,2,8,5,4,3,8,3,8,0,0,0,0,0,0,0,0,0,0,0,0,0,0,0,0,62,0,0,0,0,0,0
2020-12-31T23:59:59+01:00,2,2,1,0,3,7,1,3,2,7,5,4,3,8,3,8,0,0,0,0,0,0,0,0,0,0,0,0,0,0,0,0,59,0,0,0,0,0,0
2020-12-30T23:59:59+01:00,2,2,1,0,3,7,1,3,2,5,5,4,3,8,3,8,0,0,0,0,0,0,0,0,0,0,0,0,0,0,0,0,57,0,0,0,0,0,0
2020-12-29T23:59:59+01:00,2,2,0,0,3,6,1,3,2,5,3,2,2,8,2,7,0,0,0,0,0,0,0,0,0,0,0,0,0,0,0,0,48,0,0,0,0,0,0
2020-12-28T23:59:59+01:00,1,1,0,0,1,2,0,0,0,3,0,1,0,1,1,4,0,0,0,0,0,0,0,0,0,0,0,0,0,0,0,0,15,0,0,0,0,0,0
2020-12-27T23:59:59+01:00,0,0,0,0,1,1,0,0,0,2,0,1,0,1,1,4,0,0,0,0,0,0,0,0,0,0,0,0,0,0,0,0,11,0,0,0,0,0,0
