Datum,<15_1_m,<15_1_w,15-24_1_m,15-24_1_w,25-34_1_m,25-34_1_w,35-44_1_m,35-44_1_w,45-54_1_m,45-54_1_w,55-64_1_m,55-64_1_w,65-74_1_m,65-74_1_w,75-84_1_m,75-84_1_w,>84_1_m,>84_1_w,<15_2_m,<15_2_w,15-24_2_m,15-24_2_w,25-34_2_m,25-34_2_w,35-44_2_m,35-44_2_w,45-54_2_m,45-54_2_w,55-64_2_m,55-64_2_w,65-74_2_m,65-74_2_w,75-84_2_m,75-84_2_w,>84_2_m,>84_2_w,bp_1,bp_2,mo_1,mo_2,az_1,az_2,ja,unb_1,unb_2
2021-11-24T23:59:59+01:00,9034,8705,54670,51011,68982,59993,70397,65712,80390,77921,92342,89813,61954,66453,40274,51895,12744,23040,5957,5788,44638,42505,58969,50647,62298,58022,73010,70709,86672,84352,59764,63823,39013,50130,12263,22027,748511,663826,81002,76758,109810,103935,46001,54,67
2021-11-23T23:59:59+01:00,8851,8551,54499,50858,68795,59782,70252,65561,80260,77765,92234,89689,61895,66380,40238,51836,12723,23021,5924,5763,44473,42359,58761,50488,62123,57886,72844,70564,86550,84254,59732,63759,38989,50086,12248,22007,746402,662093,80984,76734,109810,103928,45988,54,67
2021-11-22T23:59:59+01:00,8721,8430,54327,50705,68616,59578,70093,65412,80141,77618,92124,89582,61838,66294,40202,51775,12713,22995,5894,5728,44335,42236,58577,50351,61955,57758,72712,70447,86430,84166,59692,63700,38969,50055,12240,21983,744428,660545,80950,76718,109810,103928,45970,54,67
2021-11-21T23:59:59+01:00,8641,8339,54180,50611,68457,59406,69975,65301,80047,77517,92053,89493,61803,66230,40177,51746,12712,22982,5882,5716,44294,42201,58503,50306,61890,57712,72661,70392,86373,84118,59670,63667,38951,50031,12236,21980,742969,659924,80929,76708,109810,103928,45956,54,67
2021-11-20T23:59:59+01:00,8590,8289,54098,50563,68369,59304,69884,65229,79996,77453,92018,89455,61796,66211,40173,51740,12712,22979,5878,5702,44276,42182,58473,50289,61871,57691,72634,70372,86363,84102,59668,63660,38950,50028,12236,21980,742233,659717,80857,76690,109810,103928,45953,54,67
2021-11-19T23:59:59+01:00,8472,8180,53913,50377,68206,59141,69748,65081,79883,77345,91931,89369,61762,66177,40164,51724,12707,22972,5864,5689,44183,42122,58371,50218,61793,57634,72538,70296,86302,84062,59648,63640,38944,50020,12235,21979,740633,658956,80766,76655,109810,103925,45935,54,67
2021-11-18T23:59:59+01:00,8154,7865,53511,50040,67854,58711,69460,64762,79654,77108,91757,89174,61679,66086,40133,51668,12705,22940,5754,5585,43884,41894,58090,49990,61579,57433,72343,70087,86132,83921,59579,63572,38908,49975,12224,21964,736812,656393,80724,76625,109810,103924,45905,54,67
2021-11-17T23:59:59+01:00,7931,7651,53168,49714,67542,58373,69167,64522,79435,76921,91603,88996,61609,66001,40100,51632,12700,22914,5687,5510,43659,41675,57774,49761,61363,57230,72145,69901,85978,83781,59528,63495,38891,49927,12219,21943,733625,654018,80665,76588,109809,103924,45870,54,67
2021-11-16T23:59:59+01:00,7790,7515,52715,49377,67170,58028,68895,64249,79190,76699,91434,88807,61538,65913,40063,51581,12690,22883,5666,5489,43526,41583,57619,49653,61257,57126,72026,69800,85880,83686,59479,63425,38856,49888,12216,21932,730362,652758,80546,76548,109809,103924,45810,54,67
2021-11-15T23:59:59+01:00,7687,7420,52407,49108,66793,57701,68627,64015,78983,76508,91283,88644,61466,65822,40046,51532,12684,22867,5646,5475,43439,41519,57504,49570,61180,57049,71958,69736,85823,83623,59440,63387,38840,49854,12210,21920,727533,651900,80489,76531,109809,103923,45752,54,67
2021-11-14T23:59:59+01:00,7626,7368,52148,48936,66502,57441,68427,63840,78836,76364,91166,88535,61418,65778,40030,51505,12681,22860,5642,5467,43362,41472,57426,49502,61126,56982,71892,69687,85774,83574,59403,63353,38830,49836,12205,21915,725512,651262,80453,76519,109809,103923,45677,54,67
2021-11-13T23:59:59+01:00,7507,7269,51718,48522,66082,57051,68111,63555,78563,76169,91000,88422,61391,65738,40014,51484,12678,22855,5623,5459,43314,41420,57373,49454,61085,56948,71844,69631,85726,83539,59390,63338,38819,49824,12202,21911,722200,650722,80440,76518,109808,103922,45671,54,67
2021-11-12T23:59:59+01:00,7346,7108,51098,48069,65528,56598,67686,63183,78249,75858,90801,88252,61355,65661,39983,51445,12674,22841,5599,5433,43172,41331,57264,49361,60984,56861,71748,69539,85643,83475,59355,63303,38811,49809,12194,21904,717912,649675,80398,76515,109807,103921,45608,54,67
2021-11-11T23:59:59+01:00,7145,6889,50273,47447,64865,55954,67163,62718,77810,75472,90546,88002,61283,65568,39952,51397,12664,22821,5525,5363,42987,41144,57083,49157,60822,56685,71614,69387,85512,83360,59303,63246,38777,49767,12184,21887,712338,647841,80315,76478,109806,103917,45500,54,67
2021-11-10T23:59:59+01:00,6944,6753,49484,46799,64043,55258,66530,62180,77329,74996,90238,87709,61195,65453,39917,51338,12657,22802,5490,5311,42781,40967,56863,48944,60644,56518,71460,69208,85385,83215,59238,63185,38736,49719,12177,21870,706260,645942,80200,76434,109803,103916,45352,54,67
2021-11-09T23:59:59+01:00,6834,6626,48825,46236,63374,54715,66065,61768,76918,74603,89965,87445,61119,65362,39887,51298,12652,22787,5463,5290,42631,40865,56732,48825,60542,56407,71364,69090,85294,83122,59187,63123,38713,49680,12169,21860,701480,644796,80024,76410,109795,103915,45169,54,67
2021-11-08T23:59:59+01:00,6732,6519,48180,45770,62742,54211,65596,61345,76521,74270,89726,87214,61042,65300,39860,51260,12647,22772,5439,5269,42525,40743,56605,48727,60457,56322,71274,69009,85231,83049,59142,63078,38701,49658,12163,21839,697135,643897,79783,76370,109795,103914,44983,54,67
2021-11-07T23:59:59+01:00,6689,6471,47907,45552,62455,53961,65363,61169,76316,74100,89612,87111,61007,65259,39852,51243,12645,22766,5427,5247,42465,40692,56530,48669,60398,56271,71219,68957,85196,83015,59121,63061,38690,49647,12161,21833,695076,643397,79741,76365,109794,103914,44856,54,67
2021-11-06T23:59:59+01:00,6676,6453,47873,45514,62396,53916,65329,61145,76291,74075,89594,87100,61007,65259,39852,51243,12645,22765,5424,5247,42461,40685,56516,48660,60392,56265,71215,68953,85190,83012,59121,63061,38690,49647,12161,21833,694742,643338,79736,76364,109794,103914,44850,54,67
2021-11-05T23:59:59+01:00,6610,6383,47616,45282,62101,53657,65084,60947,76095,73901,89475,87019,60999,65241,39851,51236,12645,22759,5400,5223,42396,40635,56443,48583,60337,56199,71151,68900,85158,82981,59111,63049,38683,49641,12159,21830,692677,642843,79730,76361,109788,103914,44694,54,67
2021-11-04T23:59:59+01:00,6457,6245,47061,44808,61547,53167,64623,60565,75749,73597,89275,86881,60967,65183,39830,51216,12638,22751,5328,5136,42215,40430,56270,48389,60183,56049,71030,68772,85046,82896,59074,63009,38668,49595,12154,21823,688619,641285,79679,76340,109788,103913,44462,54,67
2021-11-03T23:59:59+01:00,6373,6155,46609,44427,60954,52764,64231,60227,75422,73337,89063,86723,60936,65138,39819,51194,12633,22736,5287,5077,42034,40276,56042,48209,60053,55912,70908,68651,84962,82818,59037,62973,38648,49566,12149,21807,685058,639855,79624,76317,109788,103911,44259,54,67
2021-11-02T23:59:59+01:00,6321,6100,46342,44215,60587,52528,63941,60057,75216,73200,88945,86642,60919,65108,39808,51173,12628,22727,5263,5053,41926,40194,55946,48125,59962,55849,70836,68582,84910,82768,59013,62944,38633,49549,12142,21783,682958,639084,79596,76311,109785,103911,44105,54,67
2021-11-01T23:59:59+01:00,6264,6043,46124,44031,60334,52359,63705,59885,75045,73087,88858,86586,60906,65092,39798,51167,12626,22724,5237,5026,41859,40126,55853,48045,59863,55801,70763,68534,84859,82735,59004,62928,38626,49533,12137,21770,681413,638569,79585,76309,109779,103910,43844,54,67
2021-10-31T23:59:59+01:00,6259,6043,46120,44028,60329,52355,63701,59882,75044,73083,88856,86584,60906,65092,39798,51167,12626,22724,5235,5024,41859,40124,55853,48044,59862,55800,70761,68534,84859,82735,59004,62928,38626,49532,12137,21769,681378,638557,79584,76309,109779,103910,43843,54,67
2021-10-30T23:59:59+02:00,6259,6043,46120,44027,60327,52351,63701,59882,75042,73082,88855,86584,60906,65092,39798,51167,12626,22724,5235,5024,41859,40124,55852,48039,59861,55799,70761,68534,84859,82735,59004,62928,38625,49530,12137,21769,681368,638549,79584,76307,109779,103910,43842,54,67
2021-10-29T23:59:59+02:00,6233,6013,45991,43909,60112,52198,63510,59769,74903,72968,88762,86548,60900,65088,39791,51161,12626,22720,5215,5011,41801,40069,55772,47971,59777,55752,70701,68485,84829,82718,58998,62922,38623,49527,12136,21767,680284,638237,79568,76302,109779,103910,43558,54,67
2021-10-28T23:59:59+02:00,6161,5946,45724,43677,59780,51997,63248,59577,74683,72828,88640,86464,60870,65069,39783,51150,12625,22716,5187,4962,41685,39965,55619,47866,59660,55672,70607,68405,84758,82668,58980,62901,38607,49510,12130,21754,678304,637362,79534,76290,109779,103909,43308,54,67
2021-10-27T23:59:59+02:00,6090,5879,45489,43480,59507,51787,63073,59413,74530,72704,88546,86389,60853,65049,39781,51138,12621,22711,5147,4916,41504,39809,55462,47714,59558,55553,70511,68322,84705,82593,58956,62876,38586,49485,12125,21744,676576,636154,79514,76277,109778,103909,43159,54,67
2021-10-26T23:59:59+02:00,5985,5785,45186,43220,59157,51558,62851,59222,74340,72552,88449,86302,60836,65017,39776,51126,12615,22705,5071,4837,41305,39595,55281,47536,59433,55437,70429,68210,84623,82522,58926,62838,38565,49456,12122,21731,674414,634695,79499,76267,109777,103909,42979,54,67
2021-10-25T23:59:59+02:00,5979,5779,45158,43203,59118,51536,62828,59211,74315,72539,88434,86287,60835,65015,39774,51126,12615,22705,5067,4837,41293,39592,55261,47529,59418,55435,70421,68201,84618,82514,58926,62835,38564,49456,12122,21731,674239,634650,79498,76267,109777,103906,42930,54,67
2021-10-24T23:59:59+02:00,5951,5754,45064,43137,58998,51447,62736,59143,74227,72486,88388,86257,60827,65003,39771,51119,12613,22702,5057,4826,41236,39545,55191,47474,59369,55394,70387,68170,84593,82492,58913,62822,38558,49450,12121,21730,673560,634317,79491,76257,109777,103906,42781,54,67
2021-10-23T23:59:59+02:00,5951,5754,45064,43137,58998,51446,62736,59142,74227,72486,88388,86257,60827,65003,39771,51119,12613,22702,5057,4826,41236,39545,55190,47474,59369,55394,70387,68170,84593,82492,58913,62822,38558,49450,12121,21730,673558,634316,79491,76257,109777,103906,42781,54,67
2021-10-22T23:59:59+02:00,5927,5722,44970,43069,58891,51358,62625,59063,74152,72421,88338,86229,60827,64999,39769,51117,12611,22702,5039,4807,41167,39490,55134,47421,59307,55348,70355,68135,84555,82480,58906,62817,38553,49443,12120,21730,672904,633967,79480,76255,109777,103904,42614,54,67
2021-10-21T23:59:59+02:00,5866,5680,44820,42944,58725,51221,62468,58944,74031,72329,88250,86176,60808,64985,39758,51099,12607,22695,4991,4769,41043,39357,55022,47306,59206,55223,70267,68063,84495,82433,58884,62783,38536,49425,12115,21721,671679,632953,79462,76242,109777,103904,42473,54,67
2021-10-20T23:59:59+02:00,5829,5628,44682,42813,58549,51067,62342,58847,73929,72254,88202,86130,60799,64967,39740,51082,12602,22679,4941,4697,40892,39198,54856,47146,59083,55081,70177,67965,84422,82369,58847,62746,38518,49403,12112,21709,670535,631594,79439,76221,109775,103904,42376,54,67
2021-10-19T23:59:59+02:00,5801,5589,44555,42704,58415,50964,62270,58775,73885,72186,88161,86100,60777,64950,39722,51068,12595,22667,4877,4640,40689,39014,54688,46981,58980,54938,70092,67869,84356,82308,58807,62703,38502,49382,12110,21687,669652,630133,79430,76210,109774,103901,42312,54,67
2021-10-18T23:59:59+02:00,5780,5576,44497,42641,58354,50908,62236,58734,73855,72151,88138,86087,60759,64935,39719,51059,12593,22662,4862,4626,40633,38965,54634,46919,58947,54887,70056,67827,84321,82279,58789,62688,38495,49365,12107,21677,669217,629662,79428,76200,109774,103899,42249,54,67
2021-10-17T23:59:59+02:00,5768,5557,44461,42620,58320,50879,62205,58711,73837,72131,88116,86071,60752,64931,39713,51050,12591,22653,4844,4603,40593,38936,54612,46883,58923,54859,70038,67809,84301,82260,58779,62679,38493,49361,12106,21672,668932,629368,79421,76194,109774,103899,42223,54,67
2021-10-16T23:59:59+02:00,5766,5555,44461,42620,58320,50877,62205,58711,73837,72131,88116,86071,60752,64931,39713,51050,12591,22653,4844,4602,40592,38934,54612,46881,58923,54859,70038,67808,84301,82260,58779,62679,38493,49361,12106,21672,668926,629363,79421,76192,109774,103899,42223,54,67
2021-10-15T23:59:59+02:00,5751,5535,44403,42569,58263,50829,62159,58682,73800,72092,88085,86046,60739,64928,39708,51045,12588,22650,4822,4581,40536,38883,54569,46848,58883,54817,70004,67778,84273,82242,58774,62674,38484,49358,12105,21668,668526,629002,79419,76192,109772,103899,42139,54,67
2021-10-14T23:59:59+02:00,5705,5504,44326,42479,58188,50736,62089,58611,73737,72029,88024,86010,60726,64910,39696,51027,12581,22636,4775,4522,40430,38746,54505,46770,58802,54723,69930,67700,84235,82202,58740,62652,38477,49341,12102,21659,667789,628145,79410,76175,109772,103897,42027,54,67
2021-10-13T23:59:59+02:00,5664,5441,44223,42363,58079,50635,62010,58523,73681,71961,87975,85968,60708,64883,39688,51016,12578,22627,4687,4452,40246,38510,54355,46539,58676,54553,69843,67572,84148,82125,58710,62614,38458,49300,12097,21645,666867,626442,79397,76153,109772,103897,41971,54,67
2021-10-12T23:59:59+02:00,5625,5411,44095,42239,57960,50515,61925,58439,73595,71897,87913,85923,60684,64852,39682,50999,12574,22614,4635,4386,40004,38281,54143,46342,58526,54402,69749,67460,84068,82053,58676,62570,38438,49270,12089,21632,665870,624716,79392,76151,109771,103897,41893,54,67
2021-10-11T23:59:59+02:00,5607,5397,44049,42186,57908,50455,61886,58396,73555,71864,87881,85899,60668,64839,39676,50985,12568,22602,4617,4371,39957,38234,54088,46292,58480,54356,69719,67423,84045,82019,58655,62546,38426,49243,12081,21610,665394,624198,79385,76146,109771,103896,41855,54,67
2021-10-10T23:59:59+02:00,5593,5384,44023,42157,57873,50430,61853,58368,73535,71844,87866,85887,60660,64834,39675,50981,12567,22599,4608,4361,39925,38210,54049,46258,58446,54334,69695,67406,84031,82007,58650,62539,38420,49237,12079,21608,665153,623951,79380,76141,109771,103895,41809,54,67
2021-10-09T23:59:59+02:00,5592,5383,44022,42152,57873,50430,61851,58368,73535,71844,87866,85887,60660,64834,39675,50981,12567,22599,4607,4361,39923,38208,54048,46258,58444,54334,69695,67406,84031,82007,58649,62539,38420,49237,12079,21608,665145,623946,79380,76141,109771,103893,41807,54,67
2021-10-08T23:59:59+02:00,5565,5362,43971,42106,57818,50373,61801,58333,73487,71816,87842,85875,60652,64825,39669,50972,12565,22595,4595,4339,39887,38166,54019,46224,58408,54291,69660,67385,84014,81994,58645,62527,38417,49233,12078,21606,664737,623666,79379,76138,109771,103893,41724,54,67
2021-10-07T23:59:59+02:00,5500,5284,43822,41969,57692,50245,61710,58247,73409,71742,87788,85836,60639,64801,39659,50962,12562,22587,4504,4245,39695,37939,53877,46030,58281,54128,69555,67276,83959,81932,58616,62483,38396,49217,12071,21598,663677,622091,79363,76124,109771,103893,41627,54,67
2021-10-06T23:59:59+02:00,5474,5243,43680,41854,57577,50157,61629,58154,73341,71674,87729,85791,60624,64776,39646,50937,12559,22570,4442,4191,39531,37760,53743,45876,58179,53992,69464,67166,83894,81858,58581,62443,38381,49191,12070,21580,662743,620724,79345,76120,109770,103892,41539,54,67
2021-10-05T23:59:59+02:00,5434,5206,43550,41711,57463,50021,61511,58075,73270,71609,87676,85732,60605,64756,39635,50919,12556,22552,4395,4143,39399,37611,53625,45748,58081,53868,69363,67087,83834,81798,58556,62411,38362,49166,12064,21576,661695,619559,79339,76111,109770,103891,41459,54,67
2021-10-04T23:59:59+02:00,5405,5193,43472,41640,57392,49945,61464,58033,73218,71563,87642,85707,60586,64737,39630,50911,12552,22540,4376,4124,39324,37559,53557,45686,58044,53820,69327,67034,83805,81771,58530,62391,38352,49156,12062,21573,661138,619079,79334,76088,109770,103887,41370,54,67
2021-10-03T23:59:59+02:00,5395,5177,43441,41603,57337,49907,61428,57996,73187,71536,87618,85683,60575,64727,39620,50903,12549,22531,4368,4114,39293,37527,53526,45667,58018,53790,69307,67014,83784,81753,58519,62377,38347,49155,12061,21570,660799,618855,79332,76087,109770,103887,41294,54,67
2021-10-02T23:59:59+02:00,5395,5177,43440,41602,57334,49906,61428,57995,73187,71536,87618,85683,60575,64727,39620,50903,12549,22531,4368,4114,39293,37527,53526,45667,58018,53790,69307,67014,83784,81753,58519,62377,38347,49155,12061,21570,660794,618855,79330,76087,109770,103887,41294,54,67
2021-10-01T23:59:59+02:00,5382,5156,43365,41536,57266,49840,61366,57960,73135,71498,87580,85652,60560,64716,39615,50895,12549,22531,4351,4102,39238,37473,53478,45637,57978,53752,69272,66988,83760,81730,58512,62376,38344,49153,12061,21569,660311,618561,79329,76086,109770,103886,41174,54,67
2021-09-30T23:59:59+02:00,5309,5076,43186,41345,57104,49670,61244,57815,73040,71388,87507,85604,60536,64677,39597,50875,12545,22523,4232,3973,39004,37203,53316,45446,57837,53581,69170,66868,83683,81657,58495,62339,38328,49127,12055,21566,658995,616903,79316,76085,109770,103883,40942,54,67
2021-09-29T23:59:59+02:00,5273,5039,43041,41195,56958,49536,61148,57714,72955,71300,87448,85555,60511,64654,39582,50858,12542,22514,4147,3914,38815,36979,53173,45296,57744,53454,69077,66759,83617,81572,58451,62313,38316,49110,12052,21556,657962,615537,79294,76080,109770,103882,40779,54,67
2021-09-28T23:59:59+02:00,5231,4995,42832,41037,56811,49397,61043,57607,72873,71211,87387,85486,60481,64631,39568,50837,12535,22493,4088,3861,38620,36792,53030,45159,57644,53341,68994,66673,83541,81501,58423,62282,38300,49090,12050,21549,656764,614295,79286,76079,109769,103879,40618,54,67
2021-09-27T23:59:59+02:00,5199,4973,42739,40958,56716,49313,60956,57527,72810,71157,87338,85446,60458,64604,39546,50815,12527,22461,4074,3845,38534,36733,52947,45108,57570,53286,68956,66630,83498,81466,58400,62260,38290,49075,12047,21538,656109,613901,79279,76048,109769,103873,40368,54,67
2021-09-26T23:59:59+02:00,5186,4947,42693,40924,56685,49278,60938,57503,72786,71136,87324,85424,60450,64597,39542,50810,12526,22460,4064,3838,38512,36716,52912,45078,57546,53269,68934,66607,83479,81452,58393,62252,38285,49071,12047,21538,655862,613723,79273,76043,109769,103873,40287,54,67
2021-09-25T23:59:59+02:00,5186,4946,42689,40922,56685,49277,60938,57502,72785,71134,87324,85424,60450,64597,39542,50810,12526,22460,4064,3838,38509,36713,52911,45078,57546,53268,68934,66605,83479,81452,58392,62251,38285,49071,12047,21538,655856,613715,79271,76043,109769,103873,40283,54,67
2021-09-24T23:59:59+02:00,5167,4935,42602,40840,56619,49211,60872,57446,72723,71074,87285,85384,60438,64588,39537,50806,12525,22458,4059,3830,38450,36662,52862,45033,57495,53226,68888,66549,83445,81427,58381,62245,38282,49068,12046,21536,655505,613554,79267,76040,109769,103873,39950,54,67
2021-09-23T23:59:59+02:00,5094,4834,42330,40569,56390,49001,60702,57245,72568,70937,87153,85292,60385,64547,39520,50770,12520,22430,3981,3743,38212,36481,52670,44868,57344,53089,68756,66439,83346,81341,58343,62207,38269,49045,12041,21522,653915,612400,79254,76029,109768,103871,39330,54,67
2021-09-22T23:59:59+02:00,5055,4779,42176,40385,56212,48819,60554,57089,72458,70801,87061,85212,60350,64498,39500,50733,12517,22415,3940,3693,38073,36334,52510,44731,57215,52963,68677,66340,83255,81258,58309,62172,38252,49024,12038,21512,652611,611359,79240,76025,109767,103869,38976,54,67
2021-09-21T23:59:59+02:00,5019,4724,41975,40138,55985,48594,60388,56939,72364,70680,86972,85130,60311,64454,39483,50693,12508,22401,3893,3658,37909,36186,52356,44590,57091,52865,68606,66260,83179,81194,58280,62147,38228,49002,12032,21499,651033,610316,79239,76025,109767,103868,38699,54,67
2021-09-20T23:59:59+02:00,4993,4702,41867,40054,55853,48498,60285,56855,72286,70615,86914,85075,60286,64434,39470,50673,12502,22382,3885,3645,37826,36112,52240,44514,57008,52805,68544,66209,83128,81151,58257,62130,38218,48975,12029,21494,650324,609868,79226,75973,109767,103855,38407,54,67
2021-09-19T23:59:59+02:00,4988,4698,41822,40026,55778,48450,60235,56814,72245,70602,86887,85061,60279,64425,39469,50665,12502,22380,3875,3642,37794,36088,52195,44496,56974,52794,68508,66193,83105,81132,58249,62124,38215,48971,12029,21492,650064,609730,79224,75971,109764,103854,38254,54,67
2021-09-18T23:59:59+02:00,4986,4696,41810,40021,55760,48436,60216,56804,72233,70590,86877,85057,60274,64422,39468,50665,12502,22379,3874,3642,37790,36085,52179,44491,56961,52784,68499,66185,83095,81128,58244,62121,38213,48970,12029,21492,650011,609713,79223,75971,109764,103854,38177,54,67
2021-09-17T23:59:59+02:00,4931,4645,41661,39901,55644,48289,60074,56680,72096,70476,86808,84984,60239,64400,39459,50659,12499,22373,3842,3615,37683,35998,52083,44374,56871,52691,68391,66108,83035,81070,58212,62104,38206,48962,12027,21488,649179,609238,79222,75971,109764,103854,37630,54,67
2021-09-16T23:59:59+02:00,4834,4544,41378,39628,55388,48002,59839,56408,71904,70297,86679,84852,60187,64343,39436,50636,12488,22358,3737,3512,37405,35779,51877,44138,56687,52488,68245,65960,82925,80971,58159,62069,38188,48939,12018,21477,647256,607755,79215,75965,109759,103839,36948,54,67
2021-09-15T23:59:59+02:00,4769,4479,41143,39374,55147,47719,59624,56189,71747,70154,86560,84747,60145,64288,39411,50611,12484,22341,3677,3464,37200,35592,51703,43927,56548,52343,68137,65860,82829,80869,58112,62035,38165,48914,12016,21463,645485,606536,79213,75962,109759,103839,36450,54,67
2021-09-14T23:59:59+02:00,4741,4449,41019,39246,55018,47627,59534,56071,71647,70058,86482,84688,60126,64261,39397,50599,12481,22337,3663,3451,37126,35519,51610,43871,56476,52273,68061,65797,82771,80832,58094,62009,38150,48894,12010,21455,644712,606123,79213,75962,109759,103838,36072,54,67
2021-09-13T23:59:59+02:00,4713,4435,40915,39142,54928,47531,59470,55971,71575,70003,86439,84647,60096,64229,39391,50588,12477,22332,3642,3433,37051,35449,51523,43811,56417,52209,67996,65760,82731,80805,58070,61982,38141,48883,12009,21449,644004,605677,79212,75911,109758,103823,35883,54,67
2021-09-12T23:59:59+02:00,4704,4421,40883,39115,54907,47508,59443,55940,71546,69971,86425,84627,60088,64220,39389,50585,12476,22328,3633,3429,37014,35418,51504,43792,56392,52191,67975,65732,82710,80786,58059,61969,38136,48872,12009,21447,643788,605471,79203,75906,109757,103821,35803,54,67
2021-09-11T23:59:59+02:00,4695,4419,40868,39089,54880,47481,59424,55923,71523,69959,86414,84619,60087,64217,39388,50584,12476,22326,3630,3427,36997,35407,51483,43773,56379,52178,67952,65721,82697,80782,58057,61968,38134,48872,12009,21446,643693,605425,79203,75905,109757,103821,35694,54,67
2021-09-10T23:59:59+02:00,4649,4379,40688,38918,54722,47345,59306,55771,71397,69856,86326,84537,60059,64189,39378,50572,12472,22319,3612,3408,36871,35318,51373,43680,56286,52086,67858,65655,82624,80726,58038,61947,38125,48858,12002,21440,642785,605001,79201,75905,109757,103821,35113,54,67
2021-09-09T23:59:59+02:00,4575,4291,40445,38700,54527,47122,59128,55550,71250,69689,86224,84442,60034,64146,39359,50547,12464,22314,3554,3344,36658,35144,51197,43529,56134,51920,67715,65536,82515,80647,57998,61901,38108,48836,11997,21432,641309,603861,79200,75904,109757,103821,34513,54,66
2021-09-08T23:59:59+02:00,4476,4196,40218,38442,54326,46940,58951,55382,71139,69572,86132,84363,59998,64106,39351,50514,12458,22307,3444,3239,36373,34875,50961,43314,55933,51734,67578,65405,82401,80543,57964,61845,38085,48797,11986,21418,639885,602106,79195,75896,109756,103821,34006,54,66
2021-09-07T23:59:59+02:00,4402,4134,40016,38272,54195,46820,58848,55274,71061,69483,86070,84296,59974,64078,39340,50499,12455,22304,3415,3213,36244,34768,50856,43233,55850,51670,67508,65338,82336,80486,57932,61813,38073,48774,11980,21410,638868,601445,79188,75884,109751,103820,33684,54,66
2021-09-06T23:59:59+02:00,4361,4086,39914,38170,54115,46748,58781,55198,71016,69428,86026,84258,59954,64061,39337,50494,12453,22300,3382,3189,36129,34653,50760,43162,55767,51585,67448,65267,82282,80424,57906,61782,38063,48762,11979,21408,638190,600685,79188,75847,109749,103808,33542,54,66
2021-09-05T23:59:59+02:00,4348,4069,39879,38140,54093,46716,58743,55171,70988,69405,86002,84235,59950,64058,39334,50489,12452,22296,3378,3183,36103,34632,50731,43139,55734,51564,67429,65250,82264,80408,57898,61777,38060,48756,11977,21405,637964,600533,79187,75843,109748,103808,33438,54,66
2021-09-04T23:59:59+02:00,4348,4067,39870,38137,54090,46708,58742,55169,70986,69401,85998,84228,59950,64056,39334,50489,12452,22296,3377,3182,36091,34629,50728,43131,55730,51563,67427,65246,82261,80404,57897,61775,38060,48756,11977,21405,637944,600514,79187,75842,109748,103806,33411,54,66
2021-09-03T23:59:59+02:00,4310,4037,39757,38025,53990,46638,58663,55088,70916,69342,85933,84197,59932,64040,39328,50484,12449,22293,3364,3167,36012,34561,50641,43084,55667,51508,67368,65204,82215,80372,57882,61761,38052,48750,11971,21404,637373,600192,79187,75836,109748,103806,33083,54,66
2021-09-02T23:59:59+02:00,4269,3994,39579,37866,53847,46478,58522,54960,70790,69223,85856,84132,59884,64003,39305,50456,12447,22283,3347,3152,35885,34475,50528,43000,55565,51418,67267,65123,82141,80308,57835,61729,38035,48726,11966,21397,636357,599623,79186,75835,109748,103801,32572,54,66
2021-09-01T23:59:59+02:00,4208,3924,39385,37693,53683,46336,58402,54846,70697,69136,85795,84054,59840,63972,39289,50443,12445,22272,3213,3031,35550,34130,50292,42738,55366,51222,67106,64957,82009,80202,57788,61673,38003,48699,11961,21391,635234,597407,79175,75825,109747,103800,32233,54,66
2021-08-31T23:59:59+02:00,4159,3876,39248,37540,53550,46223,58298,54740,70608,69062,85717,83998,59811,63944,39271,50414,12443,22269,3192,3014,35429,34026,50148,42638,55253,51138,67011,64889,81927,80148,57749,61636,37989,48679,11955,21388,634294,596818,79173,75824,109745,103572,31929,53,66
2021-08-30T23:59:59+02:00,4108,3831,39137,37415,53446,46138,58213,54661,70546,68984,85656,83952,59793,63919,39260,50403,12441,22263,3179,2995,35355,33952,50070,42578,55177,51067,66950,64826,81874,80091,57723,61609,37975,48658,11954,21377,633452,596226,79170,75789,109745,103560,31769,53,66
2021-08-29T23:59:59+02:00,4097,3822,39118,37397,53427,46121,58198,54641,70538,68974,85640,83935,59791,63917,39256,50399,12440,22262,3173,2988,35326,33926,50039,42559,55165,51041,66926,64799,81850,80077,57713,61593,37970,48653,11951,21376,633332,596027,79166,75772,109745,103560,31700,53,66
2021-08-28T23:59:59+02:00,4097,3822,39117,37397,53426,46120,58198,54641,70537,68972,85640,83935,59791,63917,39256,50399,12440,22262,3173,2988,35326,33925,50039,42559,55163,51041,66925,64798,81850,80077,57713,61593,37970,48653,11951,21376,633328,596024,79166,75772,109745,103560,31698,53,66
2021-08-27T23:59:59+02:00,4062,3780,38996,37299,53325,46014,58115,54546,70447,68894,85576,83876,59765,63893,39244,50389,12440,22260,3166,2972,35223,33866,49935,42495,55091,50968,66833,64735,81795,80037,57688,61573,37959,48643,11950,21375,632688,595612,79166,75772,109740,103558,31297,53,65
2021-08-26T23:59:59+02:00,3977,3717,38804,37116,53153,45846,57978,54397,70317,68779,85448,83784,59718,63847,39220,50369,12433,22250,3139,2934,35044,33692,49781,42327,54930,50807,66702,64605,81649,79924,57639,61512,37931,48617,11945,21367,631500,594443,79163,75761,109737,103553,30723,53,65
2021-08-25T23:59:59+02:00,3881,3649,38636,36917,52996,45652,57861,54255,70216,68678,85354,83692,59681,63805,39202,50350,12431,22243,3022,2799,34662,33277,49503,42007,54689,50542,66508,64402,81468,79753,57551,61430,37909,48579,11933,21355,630250,591691,79162,75759,109736,103553,30321,53,65
2021-08-24T23:59:59+02:00,3860,3633,38549,36843,52918,45582,57805,54202,70162,68632,85309,83652,59650,63779,39193,50333,12428,22233,2979,2769,34514,33149,49381,41918,54600,50457,66405,64308,81377,79676,57502,61386,37901,48563,11929,21346,629813,590765,79158,75755,109735,103548,30027,53,65
2021-08-23T23:59:59+02:00,3832,3597,38453,36747,52835,45518,57748,54137,70103,68581,85255,83613,59632,63752,39183,50320,12426,22225,2961,2738,34373,33013,49255,41841,54499,50372,66311,64212,81287,79613,57466,61336,37881,48543,11928,21335,629278,589882,79154,75721,109733,103534,29762,53,65
2021-08-22T23:59:59+02:00,3824,3596,38423,36733,52820,45499,57731,54124,70077,68562,85238,83599,59622,63742,39181,50311,12421,22223,2953,2719,34324,32974,49226,41804,54463,50345,66268,64187,81251,79586,57451,61322,37878,48534,11923,21332,629171,589592,79152,75709,109732,103533,29641,53,65
2021-08-21T23:59:59+02:00,3821,3593,38403,36727,52810,45488,57717,54118,70062,68550,85232,83590,59615,63740,39180,50311,12421,22223,2953,2719,34312,32970,49214,41793,54450,50340,66256,64176,81245,79579,57447,61321,37878,48534,11923,21332,629128,589576,79151,75707,109731,103533,29561,53,65
2021-08-20T23:59:59+02:00,3801,3561,38333,36656,52727,45416,57640,54054,69988,68497,85169,83542,59598,63720,39177,50307,12421,22217,2935,2705,34213,32864,49098,41724,54357,50263,66161,64108,81175,79525,57427,61297,37872,48529,11922,21328,628758,589048,79149,75704,109731,103530,29156,53,65
2021-08-19T23:59:59+02:00,3773,3527,38162,36515,52565,45274,57518,53950,69858,68376,85070,83466,59568,63676,39162,50290,12417,22205,2901,2652,33860,32615,48808,41477,54139,50066,65953,63920,80999,79391,57372,61225,37825,48491,11917,21317,627865,587133,79147,75606,109722,103516,28608,53,65
2021-08-18T23:59:59+02:00,3723,3477,37973,36359,52435,45151,57421,53845,69749,68281,84994,83402,59529,63633,39147,50270,12415,22197,2831,2579,33478,32203,48505,41221,53882,49787,65731,63707,80815,79229,57290,61137,37789,48449,11913,21305,626860,584553,79144,75477,109720,103509,28247,53,65
2021-08-17T23:59:59+02:00,3662,3429,37810,36199,52312,45025,57341,53748,69654,68194,84920,83340,59494,63600,39134,50247,12410,22188,2731,2502,33085,31758,48177,40904,53589,49496,65485,63464,80613,79019,57181,61026,37748,48400,11901,21294,625895,581434,79144,75463,109715,103488,27923,53,65
2021-08-16T23:59:59+02:00,3606,3374,37664,36057,52216,44929,57268,53677,69584,68125,84867,83295,59472,63571,39120,50230,12404,22180,2598,2394,32524,31199,47784,40490,53196,49107,65179,63195,80390,78823,57105,60910,37715,48345,11892,21272,624987,577390,79140,75428,109715,103468,27767,53,65
2021-08-15T23:59:59+02:00,3597,3365,37630,36033,52183,44911,57241,53642,69567,68109,84856,83284,59460,63567,39117,50221,12404,22178,2581,2383,32443,31103,47712,40425,53132,49045,65135,63153,80346,78795,57087,60890,37707,48332,11891,21268,624795,576822,79140,75398,109714,103457,27686,53,65
2021-08-14T23:59:59+02:00,3592,3360,37622,36026,52177,44907,57235,53635,69563,68106,84848,83280,59453,63563,39116,50219,12404,22178,2580,2381,32435,31095,47701,40421,53123,49036,65132,63150,80339,78793,57082,60886,37706,48330,11891,21268,624762,576789,79137,75397,109714,103457,27641,53,65
2021-08-13T23:59:59+02:00,3575,3346,37550,35983,52115,44855,57169,53584,69494,68065,84782,83244,59431,63551,39105,50204,12401,22172,2557,2353,32293,30979,47573,40322,53002,48935,65030,63070,80250,78743,57059,60865,37693,48320,11889,21263,624447,575981,79137,75395,109714,103457,27298,53,65
2021-08-12T23:59:59+02:00,3536,3318,37421,35860,52025,44765,57096,53499,69400,67992,84708,83178,59402,63527,39093,50191,12401,22169,2478,2263,31763,30492,47189,39968,52608,48580,64703,62838,80029,78531,56967,60778,37649,48277,11884,21246,623724,572486,79136,75363,109712,103350,26979,53,65
2021-08-11T23:59:59+02:00,3494,3278,37268,35716,51913,44656,56973,53376,69301,67901,84623,83096,59362,63489,39072,50175,12397,22165,2358,2183,31115,29870,46679,39580,52180,48143,64399,62559,79817,78327,56870,60672,37613,48204,11871,21229,622817,568438,79130,75339,109710,103260,26567,53,65
2021-08-10T23:59:59+02:00,3446,3233,37110,35569,51800,44533,56867,53271,69236,67830,84557,83039,59337,63452,39054,50161,12390,22160,2191,2034,30228,28888,45941,38877,51510,47536,64012,62195,79566,78086,56765,60567,37568,48135,11863,21217,621873,562213,79128,75338,109707,103257,26306,53,65
2021-08-09T23:59:59+02:00,3410,3204,37014,35461,51719,44465,56807,53228,69205,67787,84527,83007,59319,63438,39042,50142,12389,22158,2055,1914,29517,28143,45269,38291,50938,46950,63641,61836,79285,77837,56644,60470,37524,48080,11856,21203,621283,558090,79126,73891,109706,103231,26176,53,65
2021-08-08T23:59:59+02:00,3401,3190,36986,35443,51694,44437,56790,53217,69187,67768,84506,82991,59315,63433,39037,50135,12388,22157,2021,1889,29390,28001,45124,38195,50838,46865,63585,61779,79236,77796,56607,60451,37514,48069,11856,21200,621103,557158,79125,73883,109705,103199,26111,53,65
2021-08-07T23:59:59+02:00,3401,3190,36984,35437,51684,44436,56788,53217,69183,67765,84505,82989,59314,63433,39037,50135,12388,22157,2021,1889,29381,27993,45109,38192,50837,46860,63582,61774,79232,77793,56604,60450,37513,48069,11856,21199,621095,557122,79124,73881,109705,103198,26088,53,65
2021-08-06T23:59:59+02:00,3390,3175,36918,35382,51603,44370,56723,53177,69141,67732,84473,82962,59302,63414,39026,50129,12385,22155,1983,1846,29141,27760,44897,38007,50655,46713,63444,61654,79133,77725,56579,60424,37498,48059,11852,21196,620819,555650,79120,73873,109705,103196,25782,53,65
2021-08-05T23:59:59+02:00,3357,3137,36765,35249,51489,44235,56603,53062,69024,67618,84347,82886,59259,63361,39003,50109,12376,22145,1863,1715,28443,27140,44310,37519,50095,46257,63086,61355,78840,77506,56469,60329,37460,48005,11844,21180,620021,551322,79119,73863,109704,103016,25150,53,65
2021-08-04T23:59:59+02:00,3298,3074,36564,35078,51340,44088,56464,52947,68900,67489,84231,82772,59192,63303,38985,50080,12372,22135,1662,1538,27297,26022,43349,36641,49134,45350,62495,60747,78342,77065,56257,60147,37401,47915,11830,21160,618933,542970,79109,73821,109704,102963,24533,53,65
2021-08-03T23:59:59+02:00,3224,3016,36345,34881,51185,43950,56340,52825,68769,67375,84142,82699,59149,63261,38965,50050,12363,22120,1460,1333,26215,24905,42407,35740,48234,44462,61949,60215,77895,76660,56087,59961,37339,47827,11811,21128,617591,534614,79101,73772,109694,102937,24240,53,65
2021-08-02T23:59:59+02:00,3179,2962,36202,34731,51076,43838,56248,52727,68681,67284,84057,82624,59109,63212,38950,50030,12355,22108,1271,1168,25313,23915,41556,34995,47506,43719,61465,59739,77508,76316,55923,59811,37289,47748,11794,21107,616616,527636,79100,73717,109693,102794,23931,53,65
2021-08-01T23:59:59+02:00,3174,2956,36185,34709,51049,43819,56228,52700,68651,67271,84043,82612,59103,63207,38948,50026,12355,22108,1226,1137,25053,23666,41307,34793,47272,43520,61324,59602,77392,76219,55887,59782,37274,47735,11790,21103,616470,525765,79097,73675,109692,102725,23852,53,65
2021-07-31T23:59:59+02:00,3173,2955,36180,34708,51049,43818,56226,52699,68650,67270,84043,82610,59103,63207,38948,50026,12355,22107,1223,1136,25046,23650,41299,34784,47267,43514,61315,59600,77390,76216,55887,59778,37274,47735,11790,21102,616457,525694,79097,73674,109692,102724,23849,52,65
2021-07-30T23:59:59+02:00,3156,2942,36118,34645,50979,43769,56162,52636,68594,67229,84005,82570,59091,63194,38944,50019,12352,22104,1166,1081,24722,23342,41027,34570,47006,43317,61126,59469,77240,76100,55855,59739,37260,47723,11790,21102,616162,523754,79093,73671,109689,102613,23533,52,64
2021-07-29T23:59:59+02:00,3133,2914,35978,34523,50849,43642,56068,52536,68523,67164,83934,82518,59066,63176,38931,50010,12352,22103,1022,964,23766,22359,40144,33817,46103,42532,60578,59024,76879,75795,55734,59601,37220,47668,11783,21091,615286,516688,79075,73545,109688,102444,23339,52,64
2021-07-28T23:59:59+02:00,3083,2859,35736,34285,50630,43469,55871,52386,68376,67021,83820,82420,59015,63129,38908,49973,12342,22095,823,808,22544,21124,38819,32709,44782,41349,59770,58360,76371,75334,55539,59412,37151,47563,11769,21066,613915,506859,79070,73374,109688,102285,22711,52,64
2021-07-27T23:59:59+02:00,3058,2840,35628,34167,50544,43387,55792,52335,68314,66952,83759,82348,58974,63086,38896,49958,12341,22086,668,649,21308,19738,37394,31375,43413,40046,59140,57763,75950,74921,55376,59235,37093,47508,11758,21043,613188,496443,79054,73195,109687,102174,22502,52,64
2021-07-26T23:59:59+02:00,3039,2821,35567,34071,50486,43333,55751,52286,68270,66916,83723,82320,58960,63070,38884,49946,12340,22084,566,564,20290,18641,36144,30259,42140,38896,58645,57358,75663,74667,55279,59135,37072,47473,11752,21029,612666,488197,79047,72869,109687,102010,22433,52,64
2021-07-25T23:59:59+02:00,3029,2816,35519,34029,50441,43284,55722,52263,68247,66891,83692,82297,58944,63063,38881,49943,12337,22078,497,493,19891,18277,35725,29928,41729,38589,58448,57202,75504,74556,55232,59096,37050,47454,11749,21025,612368,485463,79041,72593,109687,101979,22346,52,64
2021-07-24T23:59:59+02:00,3029,2816,35513,34026,50439,43280,55720,52262,68246,66891,83690,82296,58944,63063,38880,49943,12337,22078,497,493,19883,18263,35713,29917,41721,38588,58444,57199,75500,74554,55232,59096,37049,47454,11749,21025,612360,485412,79040,72592,109687,101977,22332,52,64
2021-07-23T23:59:59+02:00,3005,2790,35363,33908,50290,43179,55602,52155,68149,66797,83599,82245,58913,63035,38870,49938,12332,22075,471,477,19643,18040,35449,29739,41450,38401,58277,57068,75364,74476,55193,59072,37037,47444,11743,21019,611733,484274,79040,72299,109687,101975,21751,52,64
2021-07-22T23:59:59+02:00,2953,2706,34925,33541,49982,42947,55342,51928,67920,66614,83423,82096,58828,62942,38834,49891,12321,22057,427,428,18852,17379,34353,29004,40322,37568,57537,56599,74810,74100,55011,58892,36971,47360,11722,20993,609598,478742,79026,70864,109683,101753,20906,52,63
2021-07-21T23:59:59+02:00,2898,2648,34613,33218,49741,42735,55154,51740,67728,66429,83294,81971,58763,62889,38803,49853,12310,22047,385,387,18025,16560,33037,28010,39059,36608,56839,56035,74358,73736,54865,58717,36905,47276,11710,20960,607774,472834,78973,68668,109682,101539,20368,52,63
2021-07-20T23:59:59+02:00,2822,2585,34256,32830,49459,42502,54983,51544,67547,66271,83154,81851,58701,62833,38775,49808,12309,22032,329,307,16876,15446,31323,26612,37323,35150,56039,55385,73811,73288,54695,58528,36854,47190,11692,20922,605681,463653,78938,66930,109680,101199,19925,52,63
2021-07-19T23:59:59+02:00,2738,2513,33697,32269,49152,42192,54709,51279,67351,66058,82980,81682,58634,62751,38730,49756,12302,22017,295,259,16217,14880,30372,25932,36456,34434,55599,54963,73482,73049,54608,58442,36817,47139,11686,20900,602482,459944,78877,64765,109679,101025,19734,52,62
2021-07-18T23:59:59+02:00,2710,2495,33598,32151,49059,42138,54653,51218,67291,66009,82937,81640,58607,62725,38719,49744,12300,22010,279,238,15897,14620,29804,25553,35961,34081,55345,54800,73337,72948,54566,58404,36809,47125,11685,20896,601872,458495,78861,63239,109678,100998,19555,52,61
2021-07-17T23:59:59+02:00,2710,2495,33597,32148,49053,42137,54650,51216,67291,66008,82937,81639,58607,62724,38719,49744,12300,22010,279,238,15892,14613,29788,25537,35956,34076,55340,54799,73337,72948,54566,58404,36809,47125,11685,20896,601861,458443,78859,63235,109673,100995,19554,52,61
2021-07-16T23:59:59+02:00,2651,2430,32989,31628,48561,41789,54258,50880,66908,65687,82624,81408,58489,62611,38670,49695,12296,22003,271,227,15476,14291,29294,25162,35506,33744,55001,54544,73077,72756,54455,58315,36775,47087,11682,20892,599642,457035,78855,63106,109672,100988,17365,52,61
2021-07-15T23:59:59+02:00,2519,2299,32129,30844,47942,41215,53685,50398,66481,65339,82369,81165,58399,62514,38636,49652,12288,21985,242,201,14641,13618,27967,24334,34198,32926,54320,54142,72663,72531,54362,58218,36746,47053,11675,20876,594623,452830,78843,60741,109671,100403,16678,52,61
2021-07-14T23:59:59+02:00,2413,2213,31588,30317,47453,40781,53268,50002,66153,65062,82130,80915,58295,62418,38603,49602,12278,21972,195,162,13399,12487,25970,22876,32294,31401,53569,53543,72151,72190,54222,58092,36703,46992,11665,20860,590778,443672,78824,58828,109670,100065,16146,52,60
2021-07-13T23:59:59+02:00,2356,2143,31323,30048,47182,40553,53020,49773,65946,64876,81961,80767,58229,62342,38577,49565,12268,21960,171,140,12408,11645,24236,21565,30349,29809,52373,52368,71329,71395,53972,57815,36616,46877,11647,20832,588622,436927,78810,55907,109663,96904,15749,52,60
2021-07-12T23:59:59+02:00,2130,1936,30463,29119,46528,40017,52449,49204,65555,64487,81682,80497,58093,62216,38535,49508,12258,21939,149,123,11656,11020,22840,20583,28607,28429,51410,51504,70584,70776,53713,57535,36550,46759,11634,20801,582391,428803,78792,53337,109663,96749,15725,52,59
2021-07-11T23:59:59+02:00,2085,1898,30342,29013,46463,39947,52396,49141,65498,64432,81621,80454,58072,62196,38529,49490,12253,21934,146,115,11494,10872,22566,20391,28241,28156,51205,51358,70411,70631,53659,57455,36528,46742,11625,20794,581573,426728,78786,53294,109661,96612,15699,52,56
2021-07-10T23:59:59+02:00,2085,1896,30339,29005,46458,39941,52393,49139,65495,64431,81619,80451,58072,62194,38528,49490,12253,21934,146,115,11481,10854,22550,20374,28225,28143,51198,51353,70407,70628,53659,57455,36527,46742,11625,20794,581542,426637,78784,53292,109661,96600,15691,52,56
2021-07-09T23:59:59+02:00,2041,1858,30104,28774,46242,39760,52209,48968,65333,64318,81514,80370,58042,62164,38513,49475,12249,21932,145,109,11096,10583,21905,19936,27558,27591,50490,50784,69824,70216,53557,57367,36504,46707,11620,20783,580342,425555,78778,52977,109655,93140,15047,51,56
2021-07-08T23:59:59+02:00,1902,1731,29444,28244,45634,39255,51655,48500,64930,64007,81213,80136,57949,62072,38481,49424,12244,21918,107,81,9917,9484,19961,18306,25088,25608,49452,49981,69193,69676,53330,57151,36427,46620,11605,20757,576080,415013,78756,50549,109639,92906,14220,51,56
2021-07-07T23:59:59+02:00,1689,1533,28329,27042,44587,38289,50560,47502,64272,63367,80670,79652,57746,61841,38414,49339,12231,21877,83,70,9382,9010,18870,17467,23687,24405,48626,49332,68646,69185,53130,56910,36351,46521,11589,20717,566803,408665,78740,48932,109637,92612,13716,51,56
2021-07-06T23:59:59+02:00,1487,1375,27253,26004,43568,37366,49623,46569,63672,62805,80236,79243,57563,61658,38358,49244,12207,21850,62,45,8670,8271,17538,16460,22074,23124,48017,48879,68270,68918,53013,56797,36301,46484,11582,20702,558546,401198,78729,48504,109634,92321,13128,51,56
2021-07-05T23:59:59+02:00,1330,1251,26111,24762,42491,36370,48570,45498,63006,62229,79799,78839,57389,61470,38305,49168,12198,21827,50,35,8418,8044,17034,16136,21509,22736,47709,48650,68074,68770,52959,56723,36275,46464,11579,20697,549248,398591,78721,48186,109634,92066,12965,51,54
2021-07-04T23:59:59+02:00,1265,1187,25789,24438,42180,36109,48319,45311,62859,62093,79685,78742,57353,61430,38294,49149,12196,21824,43,34,8162,7885,16759,15938,21225,22538,47585,48551,67991,68691,52935,56699,36260,46459,11577,20696,546930,397547,78691,47523,109633,91980,12924,51,54
2021-07-03T23:59:59+02:00,1265,1186,25781,24423,42167,36103,48317,45311,62855,62092,79684,78741,57352,61430,38294,49149,12196,21824,43,34,8156,7877,16748,15928,21218,22531,47578,48550,67986,68690,52934,56699,36260,46459,11577,20696,546897,397513,78690,47522,109633,91970,12905,51,54
2021-07-02T23:59:59+02:00,1197,1129,25465,24072,41845,35825,48058,45054,62712,61946,79610,78670,57335,61407,38288,49137,12192,21819,42,31,7977,7728,16376,15662,20773,22224,46611,47770,67488,68339,52849,56606,36245,46441,11576,20693,544514,395022,78688,47518,109627,89950,12887,51,54
2021-07-01T23:59:59+02:00,1142,1079,25089,23707,41462,35474,47662,44704,62462,61705,79421,78500,57272,61344,38257,49096,12185,21809,36,27,7585,7389,15561,14875,19600,21187,45069,46285,66271,67261,52540,56303,36148,46321,11552,20666,541368,389181,78586,46691,109617,85996,12754,51,54
2021-06-30T23:59:59+02:00,1069,1013,24666,23264,41033,35104,47250,44322,62232,61497,79250,78351,57191,61265,38229,49045,12177,21788,29,20,7208,7030,14611,14074,18164,19977,41850,43553,64571,65813,52070,55802,35998,46126,11525,20617,537912,377130,78553,45993,109613,83238,12623,51,54
2021-06-29T23:59:59+02:00,978,904,24161,22729,40512,34680,46818,43906,61970,61213,79037,78171,57112,61201,38200,49001,12171,21769,20,18,6931,6720,13943,13573,17002,19049,37516,39862,63213,64552,51581,55302,35864,45947,11494,20573,533822,361785,78544,45780,109613,83032,12509,51,54
2021-06-28T23:59:59+02:00,949,871,23823,22339,40051,34288,46400,43537,61731,60957,78845,78016,57038,61132,38171,48971,12168,21754,18,10,6620,6403,13283,13072,15981,18211,33873,36811,62087,63517,51226,54905,35769,45797,11469,20535,532054,353105,76858,41081,109611,82874,12473,51,54
2021-06-27T23:59:59+02:00,935,858,23728,22248,39975,34226,46341,43477,61698,60919,78808,77986,57023,61121,38165,48964,12167,21749,17,9,6527,6332,13044,12931,15558,17973,33034,36163,61828,63316,51135,54834,35752,45775,11467,20531,531438,350196,76852,40811,109605,82717,12448,51,54
2021-06-26T23:59:59+02:00,935,858,23722,22242,39965,34222,46339,43475,61696,60918,78807,77986,57023,61121,38165,48963,12167,21749,17,9,6524,6324,13035,12917,15550,17966,33030,36162,61821,63313,51133,54828,35752,45775,11467,20530,531406,350125,76851,40810,109603,82716,12448,51,54
2021-06-25T23:59:59+02:00,912,831,23609,22125,39878,34134,46257,43403,61651,60870,78760,77964,57012,61109,38162,48960,12166,21747,16,8,6427,6209,12927,12786,15411,17803,32312,35501,61430,62987,51055,54744,35744,45754,11464,20529,530606,347112,76850,40797,109602,82697,12447,51,54
2021-06-24T23:59:59+02:00,845,773,23221,21707,39523,33822,45906,43098,61446,60675,78600,77826,56958,61055,38140,48930,12161,21736,15,5,6088,5913,12363,12324,14700,17115,29004,32785,59141,61126,50467,54145,35608,45545,11446,20481,527648,333277,76800,40530,109599,82080,12330,51,54
2021-06-23T23:59:59+02:00,741,679,22577,21049,38950,33232,45247,42390,61079,60281,78350,77575,56854,60919,38093,48877,12151,21716,13,4,5932,5717,11994,11969,14190,16583,25644,30026,57496,59594,49943,53603,35487,45371,11425,20437,522058,323817,76743,37597,109596,81642,12318,51,54
2021-06-22T23:59:59+02:00,680,614,22152,20610,38544,32809,44811,41928,60806,59995,78144,77332,56757,60809,38057,48805,12138,21694,11,3,5743,5582,11666,11700,13756,16208,21301,26492,55411,57889,49340,52994,35309,45154,11404,20393,518252,309417,76616,37543,109591,81161,12181,51,54
2021-06-21T23:59:59+02:00,643,573,21899,20372,38291,32575,44565,41653,60617,59782,78012,77192,56703,60723,38032,48765,12129,21678,9,3,5612,5471,11357,11498,13415,15941,19747,25257,54491,57116,47118,50528,34709,44428,11381,20334,516193,304068,76416,37476,109573,74845,11973,50,53
2021-06-20T23:59:59+02:00,614,553,21611,20077,37990,32294,44279,41392,60465,59614,77874,77045,56654,60678,38012,48748,12126,21671,9,3,5553,5426,11223,11407,13259,15812,19348,24932,54222,56932,45457,48545,34142,43792,11361,20313,513789,303427,76333,36721,109560,69570,11967,49,51
2021-06-19T23:59:59+02:00,612,553,21606,20063,37974,32287,44275,41386,60458,59610,77872,77042,56651,60677,38012,48747,12126,21671,9,3,5547,5417,11218,11402,13249,15805,19340,24923,54208,56920,45448,48535,34141,43792,11361,20313,513720,303339,76327,36717,109560,69557,11967,49,51
2021-06-18T23:59:59+02:00,598,539,21506,19953,37905,32230,44199,41299,60402,59564,77827,77000,56629,60655,38007,48734,12125,21670,9,3,5455,5255,10920,10865,12873,15224,18799,23903,53350,55608,45242,48370,34113,43743,11355,20301,512955,301760,76320,36716,109554,64895,11966,48,51
2021-06-17T23:59:59+02:00,512,447,20786,19240,37148,31597,43404,40546,59992,59196,77529,76747,56512,60526,37957,48665,12112,21645,8,3,5265,5042,10537,10313,12348,14450,17863,22537,51772,53662,44089,47018,33795,43344,11308,20217,506961,294422,76227,36586,109545,60731,11781,48,51
2021-06-16T23:59:59+02:00,406,368,19987,18297,36160,30665,42393,39571,59448,58713,77135,76428,56369,60371,37900,48576,12102,21622,8,3,5076,4885,10021,9986,11610,13949,16316,21231,47882,50114,42331,45001,33327,42772,11245,20090,499585,278213,75689,36384,109530,59540,11660,48,50
2021-06-15T23:59:59+02:00,296,265,19179,17450,35238,29808,41464,38679,59010,58270,76802,76096,56227,60204,37843,48506,12087,21588,7,3,4876,4761,9497,9721,10900,13475,14800,20042,43600,46017,40778,43149,32841,42149,11180,19962,492370,260993,75570,36348,109520,58863,11505,48,49
2021-06-14T23:59:59+02:00,192,173,18064,16218,33984,28533,39994,37268,58421,57702,76409,75754,56098,60058,37800,48436,12078,21573,7,3,4753,4669,9150,9512,10418,13155,13626,19037,40952,43458,39703,41999,32549,41747,11148,19876,482601,249803,75135,36321,109515,58132,11457,48,49
2021-06-13T23:59:59+02:00,151,134,17558,15815,33503,28130,39501,36884,58208,57518,76259,75651,56071,60017,37778,48415,12075,21564,7,3,4664,4619,9000,9440,10254,13085,13021,18582,40481,43064,39466,41776,32489,41662,11141,19862,479516,248833,74833,34894,109508,57512,11328,48,49
2021-06-12T23:59:59+02:00,151,134,17550,15794,33486,28119,39494,36879,58201,57514,76255,75649,56070,60015,37777,48415,12075,21564,7,3,4657,4613,8990,9435,10242,13076,13009,18569,40297,42917,39444,41761,32485,41660,11141,19861,479432,248399,74829,34893,109508,57500,11326,48,49
2021-06-11T23:59:59+02:00,149,134,17465,15735,33338,28045,39320,36823,58081,57478,76184,75624,56056,60010,37775,48412,12075,21563,7,3,4578,4421,8831,8874,10050,12356,12774,17498,39808,41614,39289,41631,32467,41624,11139,19860,479087,247910,74416,34891,109400,52657,11317,48,49
2021-06-10T23:59:59+02:00,134,114,16623,15020,31927,27135,38077,35904,57396,57019,75774,75352,55967,59918,37736,48367,12064,21545,7,3,4328,4226,8275,8372,9367,11590,12036,16428,36949,38571,38485,40826,32301,41442,11123,19830,475195,240821,71444,34758,109126,48271,10260,48,49
2021-06-09T23:59:59+02:00,112,89,15843,14323,30643,26236,36859,35016,56816,56630,75429,75124,55882,59812,37709,48322,12051,21525,7,3,4143,4075,7914,8183,8899,11368,11415,16047,31856,33692,36984,39286,32056,41171,11101,19780,470525,226860,69012,34632,109081,46683,9758,46,47
2021-06-08T23:59:59+02:00,85,71,14928,13465,29261,25145,35492,34007,56197,56221,75134,74909,55806,59738,37686,48290,12047,21515,7,3,4061,4013,7755,8060,8746,11250,11120,15840,29021,30872,36025,38339,31895,40975,11077,19747,465942,219348,65583,34571,109035,45447,9393,45,47
2021-06-07T23:59:59+02:00,77,58,14290,12891,27896,24329,34331,33225,55718,55961,74891,74801,55771,59698,37670,48279,12047,21511,7,3,3968,3941,7559,7930,8446,11118,10752,15594,24676,26486,34555,36795,31673,40707,11049,19717,462811,207533,62545,34503,109004,43854,9039,45,47
2021-06-06T23:59:59+02:00,76,55,13969,12698,27108,23914,33677,32806,55409,55795,74735,74736,55750,59674,37656,48270,12045,21510,7,3,3902,3905,7406,7887,8287,11032,10429,15391,21848,23604,33553,35712,31533,40552,11042,19702,461667,204737,60495,29253,108977,43060,8699,45,46
2021-06-05T23:59:59+02:00,76,53,13939,12669,27059,23873,33648,32786,55404,55785,74729,74730,55746,59669,37651,48268,12045,21510,7,3,3880,3888,7371,7864,8240,11013,10366,15349,20421,22049,32754,34830,31463,40471,11038,19695,461535,199757,60390,29249,108972,42952,8698,45,46
2021-06-04T23:59:59+02:00,70,49,13708,12409,26746,23554,33309,32475,55343,55705,74690,74710,55736,59664,37650,48266,12045,21509,7,3,3851,3860,7292,7785,8184,10932,10286,15227,20314,21931,32679,34775,31431,40434,11035,19692,459631,199674,60327,29236,108938,42065,8697,45,46
2021-06-03T23:59:59+02:00,52,43,13141,11925,25708,22868,32174,31723,54846,55372,74373,74516,55665,59584,37615,48235,12038,21492,7,3,3722,3769,7017,7615,7901,10758,9958,14990,18426,20070,30700,32464,31157,40099,11012,19643,455293,191065,58824,29215,108923,40703,8285,45,43
2021-06-02T23:59:59+02:00,38,31,12455,11183,24711,21964,31037,30766,54579,55107,74181,74375,55612,59503,37598,48213,12030,21485,7,3,3688,3748,6958,7557,7843,10709,9873,14898,17906,19521,28769,30284,31057,39956,11005,19631,448986,185521,58645,29214,108921,40364,8271,45,43
2021-06-01T23:59:59+02:00,24,16,11327,10301,22582,20534,28496,28872,53162,54042,73171,73591,55310,59179,37475,48040,11995,21425,7,2,3460,3571,6461,7246,7242,10282,9013,14295,15953,17705,24979,26016,30369,39069,10930,19476,439474,171480,54179,29076,108883,38518,6961,45,41
2021-05-31T23:59:59+02:00,19,12,10466,9634,20743,19364,26447,27358,52052,53191,72463,73040,55094,58916,37402,47935,11980,21389,7,2,3320,3417,6124,6998,6843,9985,8473,13937,14883,16723,23782,24635,29979,38575,10870,19382,432662,165711,49801,29037,108865,37015,6132,45,40
2021-05-30T23:59:59+02:00,17,9,10119,9291,20022,18868,25741,26779,51713,52909,72225,72843,55017,58839,37377,47906,11972,21380,7,2,3140,3229,5778,6732,6555,9744,8254,13731,14623,16453,23491,24317,29869,38469,10855,19354,430072,164883,49391,28980,108834,36015,4685,45,40
2021-05-29T23:59:59+02:00,17,9,10104,9279,20004,18837,25721,26753,51701,52904,72220,72833,55015,58834,37376,47906,11971,21380,7,2,3137,3219,5773,6727,6548,9740,8246,13723,14613,16446,23480,24308,29865,38463,10854,19353,429909,164807,49391,28977,108834,35996,4685,45,39
2021-05-28T23:59:59+02:00,17,9,10038,9185,19863,18669,25458,26521,51539,52727,72073,72702,54976,58785,37362,47886,11968,21367,7,2,3090,3142,5680,6587,6445,9539,8129,13449,14421,16169,23327,24153,29811,38400,10847,19344,428247,164411,49354,28976,108815,34431,4685,44,39
2021-05-27T23:59:59+02:00,17,9,8783,8004,17467,16860,22679,24369,50444,51912,71408,72209,54779,58563,37268,47791,11954,21338,7,2,2793,2810,4835,5965,5554,8758,7335,12456,13292,14974,22332,23104,29420,37942,10792,19257,416352,160578,48394,28712,108676,29911,2388,44,39
2021-05-26T23:59:59+02:00,16,9,8382,7587,16584,16055,21489,23360,49839,51366,70987,71823,54627,58397,37200,47713,11943,21308,7,2,2608,2638,4466,5628,5078,8249,6857,11807,12319,13990,21430,22067,29109,37497,10745,19172,410745,156704,47660,28625,108596,26661,1641,43,38
2021-05-25T23:59:59+02:00,16,9,7815,6993,15339,15175,20042,22187,49361,50964,70739,71635,54552,58314,37176,47686,11939,21298,7,2,2534,2538,4276,5498,4834,8018,6576,11498,11762,13456,19267,19882,28733,36957,10710,19123,403985,150990,47418,28612,108547,24784,1247,43,38
2021-05-24T23:59:59+02:00,16,9,7728,6893,15114,15047,19756,22008,49259,50845,70695,71596,54549,58309,37175,47684,11938,21295,7,2,2493,2475,4190,5330,4741,7774,6450,11216,11622,13213,19150,19766,28680,36910,10703,19112,402850,150837,47338,28569,108453,23160,1232,43,36
2021-05-23T23:59:59+02:00,15,9,7710,6880,15076,15030,19701,21980,49248,50842,70690,71590,54548,58305,37175,47682,11938,21295,7,2,2489,2470,4183,5326,4730,7769,6444,11203,11600,13191,19007,19568,28649,36871,10701,19110,402659,150345,47338,28567,108452,23151,1222,43,35
2021-05-22T23:59:59+02:00,15,9,7707,6871,15067,15018,19690,21973,49248,50840,70687,71590,54548,58304,37175,47682,11938,21295,6,2,2487,2463,4175,5321,4728,7769,6439,11198,11592,13188,18994,19562,28648,36871,10701,19110,402604,150307,47338,28567,108452,23125,1220,43,35
2021-05-21T23:59:59+02:00,15,9,7632,6770,14940,14883,19485,21815,49009,50607,70543,71481,54520,58277,37167,47675,11932,21289,6,2,2417,2377,4086,5181,4624,7561,6315,10900,11418,12899,18926,19495,28632,36841,10698,19108,401028,150048,47335,28566,108427,21621,1217,42,34
2021-05-20T23:59:59+02:00,15,9,7356,6470,14351,14359,18547,20937,46329,48250,69383,70503,54162,57910,37058,47532,11900,21258,6,2,2156,2207,3725,4819,4182,7009,5761,10068,10329,11795,17638,18190,28122,36238,10620,18957,389999,144758,47167,28271,108122,17760,1001,40,34
2021-05-19T23:59:59+02:00,14,8,7116,6245,13683,13870,17274,19935,42340,44769,67893,69190,53702,57388,36893,47303,11863,21207,6,2,2077,2004,3558,4482,3933,6481,5315,9384,9328,10677,16157,16534,27423,35315,10492,18747,375193,137558,46592,28126,107886,15224,982,40,25
2021-05-18T23:59:59+02:00,14,7,6920,6069,13134,13436,16175,19075,37617,40747,66438,67866,53149,56846,36743,47079,11821,21151,6,2,2031,1881,3419,4292,3748,6160,4980,8900,8461,9804,14572,14796,26712,34457,10401,18572,359077,130910,46527,27559,107726,13783,917,40,25
2021-05-17T23:59:59+02:00,14,7,6785,5974,12808,13183,15673,18685,35435,38879,65605,67077,52873,56533,36660,46970,11806,21114,6,2,1959,1817,3230,4108,3526,5926,4657,8527,7679,9103,11306,10765,25803,33306,10320,18401,355338,125673,42249,21457,107641,12473,813,40,25
2021-05-16T23:59:59+02:00,14,7,6719,5889,12683,13028,15502,18517,34942,38406,65419,66907,52817,56472,36648,46943,11801,21109,6,2,1900,1718,3125,3985,3446,5824,4549,8380,7494,8914,9111,8161,25317,32623,10286,18342,353856,124517,41741,16101,107605,11959,582,39,24
2021-05-15T23:59:59+02:00,14,7,6714,5880,12676,13021,15497,18511,34933,38402,65417,66905,52816,56471,36648,46943,11801,21109,6,2,1899,1718,3123,3980,3441,5821,4544,8377,7492,8911,9109,8158,25316,32623,10286,18342,353806,124486,41741,16101,107600,11958,579,39,24
2021-05-14T23:59:59+02:00,14,7,6513,5785,12434,12958,15263,18418,33959,37610,64880,66496,52720,56384,36631,46909,11799,21104,6,2,1783,1629,3011,3908,3384,5712,4494,8230,7444,8781,9102,8152,25315,32623,10286,18341,350431,124423,41710,16097,107136,11091,569,38,23
2021-05-13T23:59:59+02:00,14,7,6264,5601,12027,12703,14689,17970,30428,34820,62398,64414,52088,55711,36492,46688,11787,21056,5,2,1741,1589,2955,3832,3352,5620,4451,8127,7363,8662,9062,8091,25296,32580,10281,18336,336423,124168,41485,16073,106703,10573,508,38,23
2021-05-12T23:59:59+02:00,14,7,6246,5577,11953,12636,14575,17860,29794,34241,61890,63961,51914,55538,36455,46643,11780,21043,5,2,1741,1586,2953,3831,3349,5620,4446,8125,7361,8656,9055,8088,25296,32578,10281,18335,333413,124142,41472,16063,106697,10572,508,37,23
2021-05-11T23:59:59+02:00,13,7,5926,5445,11507,12351,14025,17475,25529,30752,59503,61951,51253,54859,36268,46396,11756,20980,5,2,1701,1471,2850,3569,3227,5247,4303,7685,7207,8334,8969,8003,25267,32538,10277,18324,318456,123895,41417,15873,105706,8806,382,35,23
2021-05-10T23:59:59+02:00,13,7,5799,5371,11344,12234,13805,17303,22053,27992,58245,60831,50892,54505,36175,46272,11741,20949,5,2,1661,1373,2764,3340,3124,4916,4190,7195,7086,7894,8929,7942,25255,32516,10275,18320,308514,123746,41257,15724,105411,6980,314,35,23
2021-05-09T23:59:59+02:00,13,7,5724,5339,11256,12170,13702,17221,20453,26810,57781,60445,50790,54405,36150,46231,11734,20944,5,2,1644,1351,2707,3215,3073,4774,4145,7075,7038,7800,8918,7930,25248,32510,10274,18320,307943,123706,37689,15678,105209,6322,300,34,23
2021-05-08T23:59:59+02:00,13,7,5721,5337,11244,12165,13692,17208,20445,26804,57772,60439,50787,54396,36146,46228,11732,20941,5,2,1643,1351,2703,3212,3073,4773,4142,7072,7036,7799,8916,7930,25247,32508,10274,18320,307850,123688,37687,15678,105208,6319,298,34,23
2021-05-07T23:59:59+02:00,13,7,5681,5301,11175,12117,13583,17127,19991,26447,56774,59627,50658,54266,36116,46197,11729,20927,5,2,1543,1309,2623,3168,3031,4744,4107,7048,7014,7766,8908,7922,25245,32507,10274,18319,304681,123651,37667,15670,105061,5898,293,34,23
2021-05-06T23:59:59+02:00,13,7,5428,5189,10659,11808,12875,16672,18691,25461,52505,55968,49462,52885,35784,45796,11677,20826,5,2,1325,1179,2383,2997,2858,4579,3956,6850,6861,7615,8832,7839,25225,32472,10271,18312,289529,123372,37476,15529,104501,4467,170,30,23
2021-05-05T23:59:59+02:00,13,7,5173,5094,10165,11568,12118,16217,17358,24476,48135,51829,47797,50963,35344,45224,11602,20703,5,2,1279,1085,2320,2869,2772,4399,3862,6611,6754,7416,8719,7742,25163,32397,10265,18296,272337,122885,37250,15484,104114,3509,55,30,23
2021-05-04T23:59:59+02:00,13,7,5088,5008,9848,11349,11665,15825,16374,23609,46258,49795,46725,49655,34966,44738,11534,20594,5,2,1268,1066,2292,2828,2730,4314,3809,6503,6682,7337,8677,7703,25141,32380,10264,18291,261931,122664,37225,15420,103833,3153,32,30,23
2021-05-03T23:59:59+02:00,13,7,4988,4920,9494,11177,11199,15559,15317,22746,44684,48176,45842,48701,34744,44394,11506,20501,5,2,1253,1041,2256,2795,2689,4250,3760,6447,6606,7283,8106,7013,23392,30044,10125,18052,252903,116827,37215,15339,103800,2910,20,30,23
2021-05-02T23:59:59+02:00,13,7,4926,4902,9378,11138,11051,15497,14705,22255,44164,47766,45700,48535,34694,44333,11499,20490,5,1,1249,1035,2237,2792,2676,4242,3731,6432,6586,7269,7916,6770,21413,27630,10078,17964,251687,116805,35577,10318,103744,2865,15,30,23
2021-05-01T23:59:59+02:00,13,7,4926,4900,9374,11132,11048,15495,14700,22250,44162,47762,45699,48535,34694,44333,11499,20490,5,1,1248,1035,2237,2792,2676,4242,3730,6432,6585,7269,7916,6769,21413,27630,10078,17964,251654,116802,35577,10318,103743,2864,15,30,23
2021-04-30T23:59:59+02:00,13,7,4880,4876,9307,11116,10992,15470,14624,22223,42678,46350,45366,48205,34657,44281,11494,20480,5,1,1042,940,2040,2702,2577,4181,3644,6372,6520,7210,7909,6752,21412,27628,10078,17964,247667,116793,35577,10315,103731,1832,15,29,22
2021-04-29T23:59:59+02:00,13,7,4641,4793,8830,10967,10389,15292,13939,22014,37739,42034,44354,47172,34535,44163,11490,20449,5,1,863,864,1867,2624,2492,4115,3534,6301,6453,7160,7886,6732,21407,27621,10078,17964,233917,116760,35473,10210,103387,960,15,29,22
2021-04-28T23:59:59+02:00,13,7,4465,4759,8580,10881,10035,15201,13583,21857,33085,37520,43106,45914,34409,44014,11475,20431,5,1,821,837,1829,2575,2459,4038,3498,6192,6405,7070,7866,6712,21394,27608,10073,17957,220666,116672,35454,10162,103173,471,14,28,21
2021-04-27T23:59:59+02:00,12,6,4235,4546,8235,10429,9647,14618,13109,21209,31952,36392,42824,45627,34393,43986,11471,20428,5,1,794,822,1794,2552,2441,4020,3480,6171,6370,7043,7856,6703,21389,27604,10070,17951,217925,116614,35439,10132,99713,286,14,28,20
2021-04-26T23:59:59+02:00,12,6,4213,4519,8162,10391,9541,14564,12959,21148,27540,32010,41605,44405,34313,43885,11458,20417,5,1,762,811,1764,2533,2411,3998,3455,6150,6318,6997,7808,6654,21359,27573,10070,17944,206048,116412,35429,10086,99629,82,14,28,19
2021-04-25T23:59:59+02:00,12,6,4191,4506,8130,10366,9478,14532,12866,21101,25571,29967,40905,43645,34266,43826,11454,20411,5,1,750,803,1752,2519,2393,3983,3430,6129,6285,6968,7788,6637,21342,27552,10069,17940,205382,116385,30316,9851,99494,78,13,28,19
2021-04-24T23:59:59+02:00,12,6,4172,4495,8100,10337,9436,14516,12813,21080,24069,28302,40148,42801,34201,43750,11451,20405,5,1,749,802,1748,2516,2391,3979,3430,6125,6285,6965,7786,6634,21340,27552,10069,17940,200316,116361,30314,9849,99423,75,13,28,19
2021-04-23T23:59:59+02:00,11,6,3908,4343,7628,10038,9007,14161,12251,20677,23588,28001,40059,42739,34180,43716,11445,20398,5,1,736,791,1731,2503,2371,3963,3408,6102,6263,6946,7772,6615,21335,27541,10069,17939,199963,116345,30298,9650,95856,64,13,26,19
2021-04-22T23:59:59+02:00,11,6,3815,4283,7437,9921,8725,13967,11805,20350,21260,25642,37302,39494,33653,43045,11374,20273,5,1,723,782,1702,2472,2313,3905,3337,6030,6153,6849,7693,6528,21279,27497,10066,17924,186929,116227,30106,8940,95289,62,13,26,17
2021-04-21T23:59:59+02:00,11,4,3787,4250,7307,9842,8543,13792,11466,20060,20001,24436,34088,35771,33171,42344,11309,20144,5,1,699,764,1667,2444,2269,3881,3304,5996,6113,6810,7661,6501,21259,27473,10062,17920,175150,116113,29930,8628,95207,58,13,26,17
2021-04-20T23:59:59+02:00,11,4,3754,4223,7202,9773,8331,13632,11096,19761,18905,23283,30775,32123,32694,41745,11252,20027,4,1,691,754,1652,2432,2235,3859,3261,5950,6072,6768,7619,6456,21234,27450,10056,17917,163501,115954,29907,8371,95144,56,13,26,17
2021-04-19T23:59:59+02:00,11,4,3736,4207,7126,9735,8213,13522,10840,19577,18239,22622,29900,30990,32401,41381,11210,19953,4,1,683,749,1631,2418,2211,3829,3225,5916,6038,6737,7576,6423,21203,27422,10053,17913,158662,115822,29889,8126,95077,54,13,26,17
2021-04-18T23:59:59+02:00,11,4,3733,4200,7110,9722,8199,13505,10803,19551,18152,22539,29778,30864,32373,41358,11207,19945,4,1,681,744,1616,2407,2194,3813,3200,5890,6008,6714,7553,6410,21185,27400,10050,17910,158169,115762,29821,7935,95026,53,13,25,17
2021-04-17T23:59:59+02:00,11,4,3731,4198,7106,9719,8195,13505,10797,19544,18138,22528,29755,30851,32371,41355,11207,19945,4,1,680,744,1614,2406,2192,3812,3196,5889,6006,6712,7553,6410,21185,27400,10050,17910,158084,115747,29820,7935,95018,52,13,25,17
2021-04-16T23:59:59+02:00,11,4,3564,4161,6761,9589,7824,13318,10397,19299,17684,22255,29548,30687,32288,41264,11192,19926,4,1,667,724,1602,2391,2165,3797,3142,5852,5964,6662,7460,6319,20772,26833,10020,17849,157321,114417,29812,7728,92601,49,13,25,17
2021-04-15T23:59:59+02:00,11,4,3464,4081,6407,9217,7245,12817,9620,18465,16361,21027,28343,29389,31771,40623,11111,19750,4,1,637,701,1549,2351,2079,3711,3033,5732,5635,6424,6959,5933,20026,25909,9920,17679,151566,111028,29518,7181,88584,44,13,25,17
2021-04-14T23:59:59+02:00,10,4,3410,4034,6169,8978,6916,12439,9001,17917,15241,19992,26925,27883,31139,39741,10999,19553,4,1,604,675,1503,2313,2004,3632,2890,5609,5327,6190,6412,5423,19002,24616,9833,17499,144742,106741,29318,6727,86255,39,13,23,17
2021-04-13T23:59:59+02:00,10,4,3379,4001,6079,8900,6768,12306,8697,17672,14439,19298,23577,24311,30203,38563,10893,19378,4,1,599,666,1490,2290,1972,3597,2789,5538,5109,6006,6044,5079,18700,24268,9791,17432,133088,104614,29307,6694,86047,38,13,23,16
2021-04-12T23:59:59+02:00,10,4,3357,3980,6028,8841,6680,12219,8478,17477,13822,18772,22570,23161,29778,38004,10824,19251,4,1,589,658,1479,2282,1949,3576,2732,5488,4960,5900,5720,4796,18404,23963,9752,17370,127997,103010,29288,6546,85935,38,13,23,16
2021-04-11T23:59:59+02:00,10,4,3351,3974,6010,8817,6651,12202,8436,17454,13730,18712,22441,23011,29726,37939,10814,19227,4,1,585,653,1466,2272,1936,3568,2715,5471,4923,5862,5661,4736,18231,23730,9731,17339,127454,102345,29222,6472,85797,38,13,23,16
2021-04-10T23:59:59+02:00,10,4,3343,3973,5987,8816,6628,12201,8414,17452,13706,18710,22436,23008,29722,37938,10814,19227,4,1,582,650,1458,2264,1930,3565,2708,5462,4907,5854,5647,4719,18067,23475,9717,17315,127432,101821,29131,6439,85792,38,11,23,16
2021-04-09T23:59:59+02:00,9,4,3306,3961,5939,8802,6569,12182,8375,17425,13656,18663,20482,20592,29238,37319,10784,19177,4,1,568,636,1431,2242,1903,3541,2666,5426,4834,5792,5531,4616,17487,22743,9679,17244,126732,100049,24007,6239,85712,30,10,22,16
2021-04-08T23:59:59+02:00,9,4,3281,3942,5870,8771,6495,12142,8285,17361,13512,18545,17881,17517,28717,36653,10746,19127,4,1,526,607,1344,2161,1808,3444,2486,5242,4332,5432,4726,4007,15688,20496,9488,16935,125865,93010,18129,5670,84833,22,9,22,16
2021-04-07T23:59:59+02:00,7,4,3202,3913,5663,8720,6286,12080,8074,17285,13248,18448,15208,14435,28037,35852,10716,19074,4,1,502,578,1289,2104,1711,3363,2333,5102,3918,5099,4003,3437,14826,19625,9372,16748,125648,88652,16585,5322,77991,19,6,22,16
2021-04-06T23:59:59+02:00,6,4,3173,3903,5618,8701,6215,12056,7988,17248,13175,18375,13218,12060,27402,35135,10703,19044,4,1,472,555,1220,2047,1625,3279,2171,4983,3546,4822,3477,3023,13979,18616,9296,16627,125512,84988,16381,4719,72103,15,6,22,15
2021-04-05T23:59:59+02:00,6,4,3171,3900,5583,8686,6178,12043,7943,17231,13102,18339,13173,12014,27391,35118,10702,19041,4,1,441,525,1168,2010,1574,3237,2104,4929,3457,4746,3421,2971,13834,18445,9287,16609,125486,84495,16172,4233,71940,15,5,22,15
2021-04-04T23:59:59+02:00,6,4,3170,3898,5583,8684,6176,12042,7942,17229,13101,18339,13170,12013,27390,35117,10702,19041,4,1,440,523,1167,2010,1573,3237,2103,4929,3457,4746,3421,2971,13833,18445,9287,16609,125473,84489,16172,4232,71935,15,5,22,15
2021-04-03T23:59:59+02:00,6,4,3169,3898,5582,8683,6176,12042,7942,17229,13101,18339,13170,12011,27389,35114,10702,19041,4,1,440,521,1167,2010,1572,3237,2103,4928,3451,4743,3415,2961,13746,18308,9278,16593,125466,84211,16172,4232,71933,15,5,22,15
2021-04-02T23:59:59+02:00,6,4,3169,3893,5578,8678,6171,12033,7934,17216,13074,18308,13123,11958,27361,35095,10699,19037,4,1,437,514,1165,2006,1560,3228,2092,4906,3420,4710,3383,2932,12809,17057,9211,16484,125295,81736,16168,4150,71847,15,5,22,13
2021-04-01T23:59:59+02:00,6,4,3155,3879,5539,8659,6104,12000,7863,17181,12961,18236,13009,11831,27303,35018,10690,19022,4,1,389,470,1066,1938,1460,3139,1940,4793,3216,4579,3146,2730,10766,14454,9095,16302,124980,76098,16045,3358,71410,15,4,21,13
2021-03-31T23:59:59+02:00,6,4,3154,3865,5522,8625,6068,11964,7819,17135,12880,18167,12895,11709,27252,34956,10682,19012,3,1,351,447,1030,1895,1387,3099,1835,4689,2957,4378,2729,2413,8166,11223,8914,16060,124668,68532,16004,3014,71019,14,4,20,13
2021-03-30T23:59:59+02:00,6,4,3148,3853,5498,8599,6035,11932,7779,17094,12802,18101,12809,11570,27214,34908,10676,19002,3,1,330,429,1008,1863,1328,3064,1711,4608,2710,4207,2359,2165,7278,10141,8847,15931,124534,65214,15973,2739,70501,14,3,19,13
2021-03-29T23:59:59+02:00,6,4,3136,3849,5469,8579,5999,11896,7736,17060,12728,18024,12161,10812,25344,32418,10527,18746,3,1,324,426,1001,1848,1308,3039,1677,4567,2561,4119,2071,2014,6618,9429,8803,15853,118535,62898,15803,2736,70134,12,3,19,13
2021-03-28T23:59:59+02:00,6,4,3106,3833,5421,8541,5949,11851,7655,17005,12617,17954,11896,10508,23359,29949,10473,18647,3,1,323,424,998,1847,1299,3035,1673,4565,2549,4111,2046,1994,6594,9414,8801,15848,118477,62765,10615,2734,69660,12,3,19,11
2021-03-27T23:59:59+01:00,6,4,3094,3828,5380,8529,5912,11836,7605,16989,12571,17907,11861,10464,23355,29941,10473,18647,3,1,323,424,998,1847,1299,3034,1672,4563,2547,4108,2044,1992,6546,9339,8769,15800,118405,62549,10613,2734,69362,12,3,19,11
2021-03-26T23:59:59+01:00,6,4,2966,3507,4930,7376,5416,10519,6993,14941,11765,15620,11638,10280,22871,29213,10428,18576,3,1,322,421,995,1844,1293,3029,1669,4561,2542,4101,2036,1986,6417,9150,8625,15613,116852,61868,10356,2722,59819,4,3,19,11
2021-03-25T23:59:59+01:00,6,3,2846,3245,4771,6609,5185,9371,6668,13219,11036,13817,10776,9473,22141,28363,10351,18419,3,1,317,412,988,1835,1278,3010,1650,4528,2506,4051,1968,1927,6127,8723,8344,15160,113919,60094,9652,2718,52706,3,3,19,10
2021-03-24T23:59:59+01:00,6,3,2800,3200,4695,6545,5051,9264,6463,13048,10523,13411,9937,8653,21123,27105,10254,18231,3,1,314,407,981,1829,1261,2999,1635,4504,2459,3995,1899,1852,5761,8247,7926,14484,109884,57836,9305,2707,51104,3,1,18,10
2021-03-23T23:59:59+01:00,6,3,2772,3167,4627,6475,4940,9171,6248,12886,10064,12988,9218,7982,20608,26497,10199,18124,3,1,302,394,964,1818,1246,2975,1605,4482,2409,3946,1820,1786,5477,7862,7524,13857,107477,55752,8973,2706,49506,2,1,18,10
2021-03-22T23:59:59+01:00,6,3,2754,3128,4567,6436,4864,9103,6110,12747,9702,12715,8614,7411,20187,26059,10139,18030,1,1,300,391,953,1811,1232,2961,1592,4470,2382,3918,1793,1764,5338,7688,7074,13031,105990,53987,8715,2701,47851,2,1,18,9
2021-03-21T23:59:59+01:00,6,3,2747,3111,4520,6411,4813,9067,6016,12680,9513,12528,8306,7151,20019,25892,10127,18002,1,1,300,391,952,1811,1229,2961,1591,4469,2379,3918,1786,1758,5329,7683,7043,12973,105787,53879,8482,2684,46624,2,1,18,9
2021-03-20T23:59:59+01:00,6,3,2746,3104,4513,6405,4806,9064,6012,12672,9493,12514,8273,7119,19846,25615,10111,17976,1,1,300,391,952,1809,1228,2961,1590,4468,2375,3910,1774,1745,5314,7634,6865,12733,105230,53380,8469,2659,46560,2,1,18,9
2021-03-19T23:59:59+01:00,6,3,2710,3077,4443,6360,4699,9013,5872,12614,9225,12325,7969,6892,19361,25025,10079,17917,1,1,300,390,951,1808,1228,2958,1588,4467,2368,3905,1758,1734,5277,7591,6451,12109,103927,52237,8227,2636,45417,2,1,18,9
2021-03-18T23:59:59+01:00,6,3,2644,3004,4279,6222,4450,8808,5514,12307,8309,11654,6703,5868,18099,23658,9924,17684,1,1,297,385,946,1798,1214,2945,1549,4451,2303,3859,1679,1692,5202,7484,5707,10990,98995,49899,7682,2594,42440,1,1,18,8
2021-03-17T23:59:59+01:00,6,3,2608,2964,4197,6125,4312,8699,5259,12031,7633,11086,5713,4967,16747,22116,9757,17424,1,1,293,383,942,1790,1210,2936,1532,4429,2236,3834,1614,1647,5157,7417,5127,10101,93547,48103,7183,2537,40898,1,1,18,8
2021-03-16T23:59:59+01:00,5,3,2588,2936,4134,6058,4218,8602,5082,11875,7184,10697,4947,4349,15886,21134,9650,17250,1,1,289,381,939,1785,1207,2929,1524,4419,2214,3815,1582,1630,5120,7374,4616,9280,89884,46640,7144,2458,39551,0,1,18,7
2021-03-15T23:59:59+01:00,5,3,2585,2925,4119,6037,4186,8576,5033,11828,7066,10580,4800,4187,15565,20721,9618,17191,1,1,287,377,938,1779,1201,2922,1510,4410,2193,3793,1538,1613,5060,7299,4029,8417,89108,45045,7045,2315,38853,0,1,18,7
2021-03-14T23:59:59+01:00,5,2,2579,2917,4098,6016,4156,8556,4992,11794,6972,10491,4694,4071,15431,20551,9601,17150,1,1,285,376,938,1777,1195,2915,1505,4399,2182,3786,1528,1607,5052,7291,4023,8403,88799,44982,7026,2274,38233,0,1,17,7
2021-03-13T23:59:59+01:00,5,2,2572,2907,4090,6004,4148,8549,4984,11784,6953,10478,4670,4045,15117,20114,9581,17114,1,1,285,376,938,1777,1195,2915,1505,4399,2182,3786,1527,1607,5052,7290,4023,8403,87911,44981,7004,2273,38184,0,1,17,7
2021-03-12T23:59:59+01:00,5,2,2508,2832,3980,5833,4028,8326,4847,11486,6774,10206,4517,3907,14187,18852,9519,17012,1,1,285,375,936,1774,1195,2911,1502,4394,2181,3779,1520,1605,5045,7271,4021,8386,85428,44903,6943,2271,36434,0,1,15,7
2021-03-11T23:59:59+01:00,4,2,2384,2607,3751,5506,3772,7892,4519,10723,6141,9395,3993,3401,12566,16847,9417,16862,1,1,285,374,932,1769,1192,2898,1493,4382,2169,3752,1479,1577,5004,7234,4009,8359,81054,44755,6780,2147,31932,0,1,15,7
2021-03-10T23:59:59+01:00,4,2,2265,2476,3594,5268,3577,7568,4247,10239,5584,8826,3418,2953,10277,14118,9268,16624,1,1,281,370,927,1759,1185,2887,1489,4366,2147,3737,1450,1569,4974,7219,4000,8349,74696,44689,6608,2014,28988,0,1,15,7
2021-03-09T23:59:59+01:00,4,2,2240,2425,3528,5179,3463,7478,4077,10042,5189,8476,2934,2593,8750,12099,9162,16473,1,1,280,369,927,1753,1178,2877,1485,4358,2139,3726,1435,1563,4966,7214,3997,8347,69805,44648,6460,1961,27833,0,1,15,6
2021-03-08T23:59:59+01:00,4,2,2216,2350,3469,5110,3389,7394,3954,9929,4892,8282,2490,2329,6812,9699,9041,16295,1,1,280,366,926,1743,1172,2861,1479,4347,2134,3719,1424,1556,4950,7194,3990,8337,64093,44539,6123,1934,27425,0,1,15,6
2021-03-07T23:59:59+01:00,4,2,2154,2294,3373,5002,3292,7304,3855,9842,4755,8187,2439,2277,6789,9678,9041,16287,1,1,279,364,925,1743,1172,2859,1479,4347,2134,3719,1424,1556,4949,7194,3990,8336,63964,44533,5440,1932,27155,0,1,15,6
2021-03-06T23:59:59+01:00,4,2,2146,2281,3359,4992,3288,7298,3846,9832,4745,8182,2437,2274,6743,9608,9009,16237,1,1,279,364,924,1739,1171,2858,1479,4344,2130,3714,1423,1551,4943,7189,3988,8326,63752,44485,5380,1932,27135,0,1,15,6
2021-03-05T23:59:59+01:00,4,2,2016,2195,3134,4805,3047,6986,3568,9437,4411,7845,2348,2212,6535,9286,8812,15971,1,1,279,362,922,1736,1170,2857,1478,4338,2127,3708,1417,1549,4937,7183,3987,8319,62758,44433,4533,1932,25308,0,0,15,6
2021-03-04T23:59:59+01:00,4,2,1765,1975,2721,4368,2589,6347,3002,8537,3725,7032,2129,2052,6239,8919,8528,15509,1,1,276,361,921,1727,1168,2840,1477,4322,2118,3696,1406,1547,4925,7169,3981,8308,61097,44310,3253,1928,21078,0,0,15,6
2021-03-03T23:59:59+01:00,4,2,1694,1887,2614,4185,2456,6120,2860,8247,3538,6768,2045,1974,5898,8443,8162,14919,1,1,275,357,921,1717,1165,2817,1473,4298,2113,3681,1381,1535,4920,7163,3977,8300,59067,44162,3109,1928,19625,0,0,15,5
2021-03-02T23:59:59+01:00,4,2,1659,1810,2544,4064,2375,5968,2753,8065,3424,6616,1970,1906,5581,8002,7749,14240,1,1,273,352,918,1698,1162,2797,1470,4279,2112,3670,1356,1529,4910,7146,3972,8292,56935,44005,2866,1928,18916,0,0,15,5
2021-03-01T23:59:59+01:00,2,2,1649,1783,2506,3956,2327,5853,2717,7964,3371,6537,1928,1885,5443,7839,7268,13363,1,1,272,350,914,1692,1160,2785,1468,4266,2110,3654,1350,1524,4907,7144,3970,8285,55054,43920,2855,1928,18469,0,0,15,5
2021-02-28T23:59:59+01:00,2,2,1633,1745,2472,3884,2296,5799,2674,7883,3344,6489,1922,1881,5435,7834,7231,13303,1,1,272,350,913,1692,1160,2785,1468,4265,2110,3653,1350,1524,4907,7143,3970,8285,54929,43917,2853,1927,18032,0,0,15,5
2021-02-27T23:59:59+01:00,2,2,1631,1738,2469,3877,2293,5799,2672,7882,3341,6487,1916,1871,5425,7790,7058,13079,1,1,272,350,903,1687,1150,2778,1458,4256,2093,3644,1349,1521,4907,7142,3970,8285,54458,43913,2853,1849,18006,0,0,15,5
2021-02-26T23:59:59+01:00,2,1,1442,1578,2340,3636,2215,5391,2579,7378,3254,6029,1901,1847,5400,7757,6788,12684,1,1,270,348,895,1680,1142,2758,1452,4234,2083,3631,1342,1512,4899,7130,3966,8272,53699,43831,2833,1780,15675,0,0,15,5
2021-02-25T23:59:59+01:00,2,1,1229,1297,2120,3205,2043,4641,2381,6438,3011,5132,1810,1775,5348,7677,6205,11830,1,1,268,340,888,1620,1108,2663,1419,4123,2027,3556,1304,1491,4855,7088,3946,8217,51795,43358,2821,1552,11516,0,0,13,5
2021-02-24T23:59:59+01:00,2,1,1176,1089,2015,2941,1937,4303,2249,6034,2841,4863,1733,1720,5287,7588,5438,10640,1,1,266,334,851,1572,1058,2572,1358,4006,1938,3427,1264,1463,4837,7061,3936,8196,49440,43092,2810,1044,9594,0,0,13,5
2021-02-23T23:59:59+01:00,2,1,1159,1038,1979,2877,1911,4205,2223,5949,2807,4800,1725,1705,5251,7540,4791,9607,1,1,266,333,824,1545,1008,2520,1305,3928,1832,3352,1212,1436,4813,7035,3923,8157,47640,42885,2782,601,9135,0,0,13,5
2021-02-22T23:59:59+01:00,2,1,1151,995,1930,2733,1867,4059,2167,5755,2753,4695,1713,1694,5217,7492,4176,8714,1,1,265,324,782,1507,953,2437,1216,3820,1692,3254,1122,1377,4769,6964,3894,8046,46012,42409,2764,10,8327,0,0,11,5
2021-02-21T23:59:59+01:00,2,1,1148,981,1901,2671,1840,3962,2140,5650,2732,4632,1706,1688,5214,7483,4176,8710,1,1,263,322,777,1501,945,2405,1214,3783,1679,3214,1113,1362,4751,6937,3869,8002,45958,42124,2754,10,7914,0,0,11,5
2021-02-20T23:59:59+01:00,2,1,1148,981,1900,2670,1839,3961,2140,5650,2728,4626,1697,1679,5207,7476,4174,8707,1,1,263,322,777,1500,944,2401,1213,3779,1678,3212,1113,1362,4698,6877,3822,7944,45943,41893,2726,9,7906,0,0,11,5
2021-02-19T23:59:59+01:00,2,1,1148,979,1897,2665,1839,3950,2139,5641,2724,4622,1678,1670,5192,7458,4171,8702,1,1,262,320,773,1489,935,2376,1206,3737,1649,3158,1085,1323,4505,6624,3643,7643,45862,40716,2704,9,7901,0,0,11,5
2021-02-18T23:59:59+01:00,2,1,1116,897,1857,2546,1800,3813,2086,5435,2663,4449,1661,1653,5176,7426,4166,8673,1,1,235,291,727,1364,886,2170,1120,3398,1532,2861,973,1133,4007,5839,3226,6738,45709,36488,2671,9,7029,0,0,11,5
2021-02-17T23:59:59+01:00,2,1,1070,770,1776,2314,1722,3517,1976,5075,2588,4202,1636,1644,5155,7411,4157,8670,1,1,230,288,717,1346,877,2148,1108,3363,1513,2839,967,1130,3623,5312,2925,6311,45667,34685,2611,9,5397,0,0,11,5
2021-02-16T23:59:59+01:00,2,1,1029,731,1721,2210,1653,3344,1905,4869,2509,4094,1596,1630,5128,7388,4148,8658,1,1,223,282,700,1310,855,2094,1077,3245,1474,2752,943,1106,3264,4762,2581,5813,45613,32473,2444,6,4550,0,0,9,4
2021-02-15T23:59:59+01:00,2,1,1023,712,1701,2133,1635,3244,1886,4760,2495,4015,1566,1616,5098,7372,4115,8602,1,1,211,272,684,1275,836,2044,1056,3180,1432,2687,913,1075,2835,4203,2242,5234,45486,30172,2358,5,4123,0,0,9,4
2021-02-14T23:59:59+01:00,2,1,929,678,1625,2100,1573,3225,1843,4738,2460,4002,1559,1614,5089,7360,4112,8596,1,1,204,261,675,1257,818,2004,1040,3114,1401,2619,883,1029,2743,4062,2163,5035,45441,29303,2323,4,3734,0,0,8,3
2021-02-13T23:59:59+01:00,2,1,877,654,1595,2077,1558,3216,1827,4731,2452,4001,1558,1613,5089,7359,4111,8595,1,1,202,260,673,1256,818,2000,1040,3112,1400,2616,882,1028,2639,3936,2097,4934,45434,28889,2323,3,3551,0,0,8,3
2021-02-12T23:59:59+01:00,2,1,550,508,1247,1960,1387,3113,1686,4649,2345,3931,1539,1605,5079,7348,4101,8585,1,1,190,254,658,1229,804,1956,1013,3026,1345,2516,820,953,2411,3618,1949,4610,45312,27349,2322,2,1994,0,0,8,3
2021-02-11T23:59:59+01:00,2,1,389,434,1058,1846,1284,2995,1588,4534,2256,3841,1431,1561,5016,7295,4078,8535,1,1,154,192,558,985,668,1510,813,2355,1066,1921,577,698,1792,2730,1437,3327,44954,20783,2116,1,1066,0,0,8,1
2021-02-10T23:59:59+01:00,2,1,276,365,931,1740,1182,2873,1493,4349,2142,3719,1392,1548,4995,7284,4074,8533,1,1,133,129,388,625,495,1021,644,1743,898,1587,556,682,1386,2170,1120,2825,44878,16403,2007,0,7,0,0,7,1
2021-02-09T23:59:59+01:00,2,1,276,364,930,1734,1179,2863,1493,4343,2141,3714,1384,1545,4993,7282,4073,8531,1,1,130,127,379,592,476,994,622,1714,873,1556,554,679,1001,1701,840,2417,44853,14657,1983,0,5,0,0,7,0
2021-02-08T23:59:59+01:00,2,1,276,362,929,1732,1176,2853,1486,4338,2139,3710,1379,1541,4991,7282,4072,8528,1,1,125,121,368,579,468,974,610,1681,855,1530,546,674,606,1210,534,1989,44825,12872,1960,0,5,0,0,7,0
2021-02-07T23:59:59+01:00,2,1,276,362,926,1732,1175,2853,1484,4336,2139,3710,1379,1541,4991,7281,4071,8528,1,1,121,118,363,575,467,967,606,1669,845,1514,538,671,605,1200,529,1974,44821,12764,1959,0,0,0,0,7,0
2021-02-06T23:59:59+01:00,2,1,276,362,926,1732,1175,2853,1484,4336,2139,3710,1379,1541,4991,7281,4071,8528,1,1,118,115,361,571,466,965,606,1667,845,1513,537,670,605,1200,529,1974,44821,12744,1959,0,0,0,0,7,0
2021-02-05T23:59:59+01:00,2,1,275,361,924,1732,1175,2852,1482,4335,2138,3710,1379,1541,4990,7279,4071,8525,1,1,117,106,358,566,458,952,602,1657,832,1490,532,660,599,1184,519,1948,44806,12582,1959,0,0,0,0,7,0
2021-02-04T23:59:59+01:00,2,1,271,356,918,1693,1167,2805,1482,4283,2127,3667,1371,1534,4961,7247,4059,8491,1,0,89,71,240,393,332,694,473,1264,622,1121,402,522,504,968,454,1681,44470,9831,1958,0,0,0,0,7,0
2021-02-03T23:59:59+01:00,2,1,269,346,914,1667,1163,2770,1471,4234,2118,3631,1363,1518,4936,7217,4045,8461,1,0,55,34,86,168,153,347,230,597,299,547,212,279,290,604,265,1048,44162,5215,1957,0,0,0,0,7,0
2021-02-02T23:59:59+01:00,2,1,268,344,913,1655,1159,2751,1468,4202,2111,3605,1355,1512,4928,7203,4036,8435,1,0,16,10,29,53,61,101,73,165,95,125,46,76,70,133,57,209,43984,1320,1957,0,0,0,0,7,0
2021-02-01T23:59:59+01:00,2,1,268,339,913,1652,1158,2750,1467,4198,2110,3598,1353,1511,4926,7202,4036,8435,1,0,13,9,25,46,51,92,60,140,73,106,40,68,62,124,55,196,43955,1161,1957,0,0,0,0,7,0
2021-01-31T23:59:59+01:00,2,1,268,338,913,1648,1157,2745,1467,4193,2110,3595,1352,1511,4925,7201,4036,8434,1,0,12,8,22,41,44,84,54,129,63,100,35,57,53,114,52,188,43934,1057,1955,0,0,0,0,7,0
2021-01-30T23:59:59+01:00,2,1,268,338,908,1645,1149,2737,1459,4187,2106,3592,1352,1511,4872,7141,3989,8376,1,0,12,8,22,39,44,84,53,128,63,100,35,57,53,114,52,188,43705,1053,1921,0,0,0,0,7,0
2021-01-29T23:59:59+01:00,2,1,267,336,893,1637,1137,2716,1447,4157,2082,3565,1343,1505,4707,6940,3821,8167,1,0,10,8,22,39,41,84,52,126,60,99,33,52,52,114,52,188,42907,1033,1809,0,0,0,0,7,0
2021-01-28T23:59:59+01:00,2,1,263,323,873,1551,1098,2606,1410,4055,2012,3490,1317,1492,4370,6468,3544,7808,1,0,7,4,10,19,22,42,21,58,35,66,20,34,36,74,40,126,41112,615,1564,0,0,0,0,7,0
2021-01-27T23:59:59+01:00,2,1,257,320,831,1496,1051,2512,1346,3957,1938,3382,1277,1465,3957,5895,3215,7335,1,0,3,4,10,9,11,21,8,23,14,32,12,15,18,42,17,63,39119,303,1111,0,0,0,0,7,0
2021-01-26T23:59:59+01:00,2,1,250,311,794,1449,984,2427,1285,3830,1822,3275,1216,1413,3606,5336,2858,6812,1,0,1,1,6,4,4,7,4,3,3,10,7,5,5,7,4,8,37002,80,664,0,0,0,0,5,0
2021-01-25T23:59:59+01:00,2,1,240,302,743,1388,923,2308,1183,3685,1663,3153,1136,1381,3207,4821,2541,6337,1,0,1,1,6,3,2,7,2,2,3,10,7,5,5,7,4,8,34948,74,62,0,0,0,0,4,0
2021-01-24T23:59:59+01:00,2,1,237,302,737,1384,912,2292,1178,3669,1635,3123,1130,1378,3180,4785,2524,6315,1,0,1,1,4,3,2,7,2,2,3,10,7,5,5,7,4,8,34773,72,8,0,0,0,0,3,0
2021-01-23T23:59:59+01:00,2,1,236,301,736,1383,912,2288,1177,3667,1632,3121,1129,1378,3074,4659,2457,6213,1,0,1,1,4,3,2,7,2,2,3,10,7,5,5,7,4,8,34356,72,7,0,0,0,0,3,0
2021-01-22T23:59:59+01:00,2,1,235,298,733,1367,910,2275,1171,3651,1628,3117,1127,1377,2912,4464,2354,6068,1,0,1,1,4,3,2,7,2,2,3,10,7,5,5,7,4,8,33680,72,7,0,0,0,0,3,0
2021-01-21T23:59:59+01:00,2,1,230,270,668,1211,843,2063,1090,3366,1532,2912,1084,1334,2564,3999,2059,5625,1,0,1,0,3,2,2,7,2,2,3,10,7,4,5,7,4,8,30845,68,7,0,0,0,0,1,0
2021-01-20T23:59:59+01:00,2,1,206,206,508,859,668,1572,889,2666,1295,2446,986,1199,2023,3246,1635,4814,1,0,1,0,3,2,2,7,2,2,3,8,6,4,5,7,4,8,25214,65,7,0,0,0,0,0,0
2021-01-19T23:59:59+01:00,2,1,181,189,460,748,613,1417,803,2369,1119,2138,818,939,1368,2303,1149,3681,0,0,0,0,2,1,0,0,0,0,2,2,1,0,0,0,0,0,20295,8,3,0,0,0,0,0,0
2021-01-18T23:59:59+01:00,1,1,137,134,384,624,490,1061,647,1824,928,1644,606,729,694,1353,604,2249,0,0,0,0,1,0,0,0,0,0,1,0,0,0,0,0,0,0,14107,2,3,0,0,0,0,0,0
2021-01-17T23:59:59+01:00,1,1,126,119,369,589,475,996,618,1707,869,1545,557,688,643,1250,558,2084,0,0,0,0,0,0,0,0,0,0,0,0,0,0,0,0,0,0,13194,0,1,0,0,0,0,0,0
2021-01-16T23:59:59+01:00,1,1,119,115,366,585,473,984,612,1694,863,1538,556,687,642,1244,553,2070,0,0,0,0,0,0,0,0,0,0,0,0,0,0,0,0,0,0,13102,0,1,0,0,0,0,0,0
2021-01-15T23:59:59+01:00,1,1,117,108,363,578,465,968,608,1683,849,1514,550,674,634,1227,545,2044,0,0,0,0,0,0,0,0,0,0,0,0,0,0,0,0,0,0,12929,0,0,0,0,0,0,0,0
2021-01-14T23:59:59+01:00,1,1,97,87,280,469,393,789,504,1412,692,1225,432,541,551,1028,482,1843,0,0,0,0,0,0,0,0,0,0,0,0,0,0,0,0,0,0,10827,0,0,0,0,0,0,0,0
2021-01-13T23:59:59+01:00,1,1,67,47,168,286,258,522,353,924,472,789,265,328,335,678,311,1172,0,0,0,0,0,0,0,0,0,0,0,0,0,0,0,0,0,0,6977,0,0,0,0,0,0,0,0
2021-01-12T23:59:59+01:00,1,1,31,20,54,105,115,216,151,384,195,337,138,180,176,376,180,653,0,0,0,0,0,0,0,0,0,0,0,0,0,0,0,0,0,0,3313,0,0,0,0,0,0,0,0
2021-01-11T23:59:59+01:00,1,0,17,10,38,67,63,114,78,171,89,128,40,67,66,130,55,200,0,0,0,0,0,0,0,0,0,0,0,0,0,0,0,0,0,0,1334,0,0,0,0,0,0,0,0
2021-01-10T23:59:59+01:00,1,0,14,7,31,56,56,102,68,156,73,114,34,57,56,119,50,190,0,0,0,0,0,0,0,0,0,0,0,0,0,0,0,0,0,0,1184,0,0,0,0,0,0,0,0
2021-01-09T23:59:59+01:00,1,0,13,7,30,54,55,101,65,155,73,112,34,57,56,119,50,190,0,0,0,0,0,0,0,0,0,0,0,0,0,0,0,0,0,0,1172,0,0,0,0,0,0,0,0
2021-01-08T23:59:59+01:00,1,0,10,7,28,51,50,96,60,142,67,108,32,52,55,119,50,190,0,0,0,0,0,0,0,0,0,0,0,0,0,0,0,0,0,0,1118,0,0,0,0,0,0,0,0
2021-01-07T23:59:59+01:00,1,0,7,4,10,21,22,43,23,57,36,68,19,35,40,79,39,126,0,0,0,0,0,0,0,0,0,0,0,0,0,0,0,0,0,0,630,0,0,0,0,0,0,0,0
2021-01-06T23:59:59+01:00,1,0,7,4,10,17,14,30,15,40,25,56,16,25,33,69,37,110,0,0,0,0,0,0,0,0,0,0,0,0,0,0,0,0,0,0,509,0,0,0,0,0,0,0,0
2021-01-05T23:59:59+01:00,1,0,7,4,10,17,14,30,15,40,25,56,16,25,32,69,37,110,0,0,0,0,0,0,0,0,0,0,0,0,0,0,0,0,0,0,508,0,0,0,0,0,0,0,0
2021-01-04T23:59:59+01:00,1,0,2,4,9,7,4,14,4,8,6,19,7,5,9,16,5,15,0,0,0,0,0,0,0,0,0,0,0,0,0,0,0,0,0,0,135,0,0,0,0,0,0,0,0
2021-01-03T23:59:59+01:00,1,0,1,1,4,4,2,7,3,3,3,11,5,4,6,8,4,9,0,0,0,0,0,0,0,0,0,0,0,0,0,0,0,0,0,0,76,0,0,0,0,0,0,0,0
2021-01-02T23:59:59+01:00,1,0,1,1,4,3,2,7,3,3,3,11,5,4,6,8,4,9,0,0,0,0,0,0,0,0,0,0,0,0,0,0,0,0,0,0,75,0,0,0,0,0,0,0,0
2021-01-01T23:59:59+01:00,1,0,1,1,4,3,2,7,2,3,3,11,5,4,6,8,4,9,0,0,0,0,0,0,0,0,0,0,0,0,0,0,0,0,0,0,74,0,0,0,0,0,0,0,0
2020-12-31T23:59:59+01:00,1,0,1,1,4,2,2,7,2,2,3,10,5,4,6,8,4,9,0,0,0,0,0,0,0,0,0,0,0,0,0,0,0,0,0,0,71,0,0,0,0,0,0,0,0
2020-12-30T23:59:59+01:00,1,0,1,1,4,2,2,7,2,2,3,8,5,4,6,8,4,9,0,0,0,0,0,0,0,0,0,0,0,0,0,0,0,0,0,0,69,0,0,0,0,0,0,0,0
2020-12-29T23:59:59+01:00,1,0,1,1,3,1,2,6,2,2,3,7,3,2,5,8,3,8,0,0,0,0,0,0,0,0,0,0,0,0,0,0,0,0,0,0,58,0,0,0,0,0,0,0,0
2020-12-28T23:59:59+01:00,1,0,0,0,3,1,0,2,1,0,1,3,0,1,0,1,1,5,0,0,0,0,0,0,0,0,0,0,0,0,0,0,0,0,0,0,20,0,0,0,0,0,0,0,0
2020-12-27T23:59:59+01:00,0,0,0,0,0,0,0,1,1,0,1,2,0,1,0,1,1,5,0,0,0,0,0,0,0,0,0,0,0,0,0,0,0,0,0,0,13,0,0,0,0,0,0,0,0
