Datum,<15_m,<15_w,15-24_1_m,15-24_1_w,25-34_1_m,25-34_1_w,35-44_1_m,35-44_1_w,45-54_1_m,45-54_1_w,55-64_1_m,55-64_1_w,65-74_1_m,65-74_1_w,75-84_1_m,75-84_1_w,>84_1_m,>84_1_w,<24_2_m,<24_2_w,25-34_2_m,25-34_2_w,35-44_2_m,35-44_2_w,45-54_2_m,45-54_2_w,55-64_2_m,55-64_2_w,65-74_2_m,65-74_2_w,75-84_2_m,75-84_2_w,>84_2_m,>84_2_w,bp_1,bp_2,mo_1,mo_2,az_1,az_2,ja,unb_1,unb_2
2021-07-28T23:59:59+02:00,3072,2842,35811,34388,50408,43257,55672,52154,68112,66850,83486,82164,58713,62789,38471,49582,11901,21276,22410,20991,38395,32355,44339,40962,59363,58020,75804,74814,55110,58888,36694,47139,11427,20371,610289,501627,78799,72804,109341,101715,22484,35,39
2021-07-27T23:59:59+02:00,3049,2823,35706,34274,50333,43175,55602,52104,68053,66783,83428,82094,58677,62749,38459,49569,11900,21267,21220,19667,37040,31088,43034,39721,58771,57461,75398,74422,54956,58718,36637,47088,11415,20351,609589,491646,78791,72656,109341,101650,22289,35,39
2021-07-26T23:59:59+02:00,3030,2804,35649,34186,50286,43127,55567,52060,68015,66750,83402,82071,58665,62734,38449,49559,11899,21266,20208,18576,35804,29982,41785,38579,58287,57069,75129,74176,54861,58618,36618,47055,11409,20338,609077,483437,78786,72356,109341,101489,22280,35,39
2021-07-25T23:59:59+02:00,3019,2800,35599,34147,50246,43084,55544,52038,67992,66727,83375,82048,58652,62727,38446,49556,11896,21261,19811,18219,35398,29661,41388,38280,58095,56920,74976,74074,54818,58581,36597,47035,11405,20335,608797,480756,78781,72103,109341,101461,22203,35,39
2021-07-24T23:59:59+02:00,3019,2800,35595,34143,50244,43081,55542,52037,67990,66727,83373,82047,58652,62727,38446,49556,11896,21261,19806,18209,35390,29653,41382,38279,58092,56918,74972,74072,54818,58581,36597,47035,11405,20335,608788,480720,78780,72103,109341,101459,22192,35,39
2021-07-23T23:59:59+02:00,2994,2775,35445,34027,50098,42983,55426,51933,67894,66635,83284,81997,58622,62699,38436,49551,11891,21258,19578,17993,35133,29484,41117,38100,57932,56792,74840,73996,54781,58558,36585,47025,11399,20329,608171,479612,78780,71839,109341,101458,21621,35,39
2021-07-22T23:59:59+02:00,2944,2690,35011,33661,49792,42746,55165,51708,67667,66457,83110,81847,58538,62606,38401,49507,11880,21240,18803,17339,34054,28758,40006,37280,57204,56329,74294,73631,54604,58380,36521,46942,11378,20303,606045,474143,78765,70447,109337,101245,20788,35,39
2021-07-21T23:59:59+02:00,2889,2632,34702,33333,49556,42539,54978,51523,67477,66273,82984,81722,58473,62555,38370,49468,11869,21230,17981,16508,32751,27768,38750,36325,56523,55771,73851,73269,54459,58205,36457,46859,11366,20270,604238,468269,78715,68276,109336,101036,20249,35,39
2021-07-20T23:59:59+02:00,2814,2569,34347,32958,49279,42311,54807,51330,67298,66119,82847,81605,58411,62502,38343,49423,11868,21215,16840,15395,31047,26377,37028,34884,55727,55128,73313,72826,54294,58016,36408,46775,11349,20232,602182,459167,78679,66539,109335,100700,19815,35,39
2021-07-19T23:59:59+02:00,2730,2499,33790,32397,48969,42003,54534,51067,67103,65906,82677,81439,58344,62421,38299,49371,11861,21200,16194,14827,30120,25705,36181,34178,55291,54709,72989,72591,54209,57931,36371,46725,11344,20211,598993,455532,78621,64389,109334,100531,19627,35,39
2021-07-18T23:59:59+02:00,2702,2481,33691,32284,48880,41947,54479,51010,67044,65856,82636,81397,58316,62395,38288,49359,11859,21193,15881,14563,29549,25327,35688,33831,55036,54548,72844,72490,54167,57892,36363,46710,11343,20207,598395,454098,78607,62857,109333,100503,19447,35,39
2021-07-17T23:59:59+02:00,2702,2481,33689,32282,48876,41946,54478,51008,67044,65855,82636,81397,58316,62394,38288,49359,11859,21193,15876,14558,29540,25312,35683,33827,55032,54547,72844,72490,54167,57892,36363,46710,11343,20207,598385,454055,78604,62853,109333,100503,19446,35,39
2021-07-16T23:59:59+02:00,2644,2416,33083,31761,48385,41600,54086,50673,66665,65537,82325,81166,58197,62282,38238,49310,11855,21186,15465,14241,29055,24947,35240,33497,54698,54297,72588,72299,54055,57806,36328,46672,11340,20203,596174,452693,78600,62725,109332,100495,17268,35,39
2021-07-15T23:59:59+02:00,2511,2284,32223,30985,47761,41031,53514,50196,66244,65197,82075,80927,58107,62188,38204,49268,11847,21167,14633,13579,27745,24125,33949,32693,54030,53903,72180,72079,53962,57713,36299,46638,11333,20188,591182,448567,78589,60372,109332,99915,16591,35,39
2021-07-14T23:59:59+02:00,2405,2198,31677,30460,47277,40599,53097,49801,65921,64920,81841,80681,58004,62093,38173,49218,11837,21154,13396,12444,25758,22681,32052,31178,53285,53320,71678,71743,53826,57588,36258,46577,11323,20173,587354,439498,78572,58448,109331,99581,16064,35,38
2021-07-13T23:59:59+02:00,2348,2128,31408,30193,47008,40375,52851,49577,65722,64734,81675,80532,57940,62018,38147,49183,11828,21142,12415,11603,24038,21375,30118,29598,52099,52157,70862,70957,53582,57312,36172,46462,11306,20146,585218,432822,78557,55535,109323,96435,15676,35,37
2021-07-12T23:59:59+02:00,2123,1921,30546,29265,46357,39842,52283,49008,65333,64345,81401,80261,57809,61893,38105,49125,11819,21121,11669,10980,22659,20403,28391,28226,51147,51303,70124,70341,53326,57034,36108,46346,11293,20115,579002,424762,78540,52992,109323,96282,15657,35,37
2021-07-11T23:59:59+02:00,2078,1883,30425,29156,46293,39771,52231,48947,65278,64291,81341,80217,57789,61874,38099,49108,11814,21116,11503,10833,22387,20220,28032,27956,50945,51158,69955,70198,53273,56953,36086,46329,11284,20108,578186,422711,78537,52950,109322,96148,15631,35,36
2021-07-10T23:59:59+02:00,2078,1882,30420,29149,46291,39766,52228,48946,65275,64290,81340,80215,57789,61872,38098,49108,11814,21116,11494,10815,22375,20207,28018,27944,50941,51154,69953,70196,53273,56953,36085,46329,11284,20108,578158,422631,78537,52948,109322,96145,15625,35,36
2021-07-09T23:59:59+02:00,2033,1844,30188,28913,46074,39587,52046,48775,65114,64179,81236,80136,57759,61843,38082,49093,11809,21114,11113,10544,21735,19771,27355,27394,50234,50588,69374,69788,53173,56865,36062,46295,11279,20097,576959,421561,78532,52635,109317,92702,14982,35,36
2021-07-08T23:59:59+02:00,1896,1717,29525,28381,45477,39085,51491,48311,64718,63874,80942,79903,57667,61754,38051,49043,11804,21100,9931,9439,19793,18144,24900,25417,49205,49794,68753,69254,52949,56653,35987,46210,11264,20071,572740,411072,78512,50209,109300,92477,14152,35,36
2021-07-07T23:59:59+02:00,1683,1522,28422,27175,44442,38129,50397,47322,64063,63242,80406,79425,57465,61527,37985,48959,11790,21062,9400,8964,18711,17312,23509,24220,48385,49151,68213,68767,52749,56414,35911,46112,11248,20032,563516,404748,78496,48601,109299,92190,13670,35,36
2021-07-06T23:59:59+02:00,1484,1364,27337,26129,43419,37212,49461,46388,63461,62681,79975,79020,57286,61347,37930,48865,11767,21034,8683,8219,17377,16312,21906,22939,47785,48701,67837,68504,52634,56301,35862,46075,11241,20016,555273,397311,78485,48180,109296,91895,13071,35,36
2021-07-05T23:59:59+02:00,1327,1241,26193,24879,42340,36216,48412,45325,62797,62108,79542,78619,57112,61158,37878,48790,11758,21012,8432,7996,16883,16000,21349,22557,47481,48480,67644,68357,52582,56229,35837,46056,11238,20011,545985,394756,78477,47868,109295,91637,12915,35,36
2021-07-04T23:59:59+02:00,1262,1177,25871,24551,42036,35957,48162,45142,62654,61974,79428,78528,57077,61119,37868,48772,11755,21009,8178,7843,16617,15807,21070,22361,47356,48382,67567,68284,52558,56204,35822,46051,11236,20010,543685,393745,78451,47207,109293,91553,12878,35,36
2021-07-03T23:59:59+02:00,1262,1176,25865,24541,42022,35950,48160,45142,62651,61973,79427,78527,57076,61119,37868,48772,11755,21009,8173,7835,16604,15797,21063,22354,47351,48381,67563,68283,52557,56204,35822,46051,11236,20010,543656,393710,78449,47206,109293,91543,12862,35,36
2021-07-02T23:59:59+02:00,1194,1119,25547,24187,41701,35669,47904,44888,62509,61828,79354,78457,57059,61097,37861,48760,11751,21004,7995,7683,16236,15530,20623,22048,46383,47603,67071,67935,52474,56112,35807,46033,11235,20007,541272,391228,78448,47203,109289,89532,12845,35,36
2021-07-01T23:59:59+02:00,1139,1069,25171,23824,41320,35321,47509,44539,62259,61593,79165,78286,56997,61035,37830,48719,11745,20994,7606,7350,15422,14751,19458,21021,44846,46121,65860,66861,52170,55809,35710,45915,11211,19980,538133,385420,78347,46379,109280,85594,12720,35,36
2021-06-30T23:59:59+02:00,1066,1005,24748,23375,40892,34948,47100,44165,62032,61391,78997,78137,56919,60958,37803,48669,11737,20974,7233,6995,14482,13948,18032,19820,41644,43395,64169,65421,51707,55312,35563,45722,11185,19931,534700,373430,78315,45687,109278,82863,12588,35,35
2021-06-29T23:59:59+02:00,974,897,24248,22842,40379,34529,46668,43750,61770,61114,78784,77959,56843,60894,37775,48626,11731,20955,6955,6690,13819,13455,16874,18903,37326,39711,62821,64170,51221,54814,35431,45544,11154,19888,530638,358162,78307,45478,109278,82654,12480,35,35
2021-06-28T23:59:59+02:00,945,864,23909,22449,39922,34148,46248,43381,61533,60859,78595,77804,56772,60826,37746,48597,11729,20940,6645,6371,13159,12955,15862,18067,33683,36667,61700,63139,50867,54420,35337,45396,11130,19850,528890,349497,76619,40791,109278,82503,12445,35,35
2021-06-27T23:59:59+02:00,931,852,23816,22358,39849,34085,46190,43322,61503,60822,78562,77775,56757,60815,37740,48590,11728,20935,6555,6297,12926,12814,15441,17830,32851,36022,61444,62940,50778,54350,35319,45373,11128,19846,528284,346599,76615,40530,109272,82347,12424,35,35
2021-06-26T23:59:59+02:00,930,852,23810,22353,39843,34082,46189,43321,61502,60821,78562,77775,56757,60815,37740,48590,11728,20935,6552,6290,12920,12801,15435,17823,32847,36021,61437,62938,50776,54344,35319,45373,11128,19845,528259,346535,76615,40530,109272,82346,12424,35,35
2021-06-25T23:59:59+02:00,907,826,23695,22240,39758,33996,46106,43250,61458,60774,78514,77754,56746,60801,37737,48587,11727,20933,6454,6177,12810,12669,15297,17662,32129,35365,61049,62616,50698,54260,35311,45352,11125,19844,527467,343531,76615,40518,109269,82330,12423,35,35
2021-06-24T23:59:59+02:00,841,769,23307,21816,39407,33688,45754,42947,61254,60579,78354,77618,56692,60746,37715,48557,11723,20924,6115,5880,12248,12205,14591,16981,28833,32650,58771,60771,50123,53669,35178,45148,11107,19796,524517,329749,76566,40256,109267,81735,12306,35,35
2021-06-23T23:59:59+02:00,736,675,22666,21155,38832,33102,45104,42244,60889,60190,78107,77368,56590,60613,37670,48505,11713,20905,5960,5689,11881,11860,14086,16454,25469,29896,57131,59251,49599,53133,35060,44974,11086,19753,518957,320340,76512,37323,109265,81302,12295,35,35
2021-06-22T23:59:59+02:00,677,611,22243,20716,38432,32686,44672,41781,60617,59906,77904,77131,56495,60505,37633,48433,11700,20883,5769,5553,11560,11599,13663,16081,21141,26372,55062,57554,49002,52532,34883,44759,11066,19709,515181,306017,76385,37269,109260,80830,12164,35,35
2021-06-21T23:59:59+02:00,641,570,21992,20480,38182,32458,44429,41506,60431,59697,77773,76993,56442,60424,37609,48393,11691,20867,5639,5443,11252,11403,13327,15821,19598,25144,54147,56789,46782,50081,34284,44040,11043,19650,513155,300715,76182,37202,109245,74538,11961,35,35
2021-06-20T23:59:59+02:00,612,550,21703,20185,37888,32186,44146,41252,60281,59530,77639,76848,56394,60385,37589,48377,11688,20860,5583,5399,11121,11316,13174,15694,19205,24821,53882,56608,45129,48099,33717,43407,11023,19630,510785,300096,76104,36452,109234,69279,11955,35,34
2021-06-19T23:59:59+02:00,610,550,21698,20173,37873,32182,44143,41248,60275,59527,77637,76845,56391,60384,37589,48376,11688,20860,5577,5390,11117,11313,13165,15688,19198,24813,53868,56596,45120,48089,33716,43407,11023,19630,510726,300013,76099,36449,109234,69267,11955,35,34
2021-06-18T23:59:59+02:00,596,536,21601,20064,37806,32129,44069,41163,60220,59482,77594,76803,56368,60363,37584,48363,11687,20859,5482,5225,10822,10777,12793,15107,18657,23797,53016,55298,44916,47927,33688,43360,11017,19618,509976,298448,76093,36448,109229,64624,11954,35,34
2021-06-17T23:59:59+02:00,510,443,20885,19347,37053,31494,43276,40410,59814,59117,77302,76550,56255,60236,37536,48295,11674,20835,5291,5012,10440,10223,12270,14334,17732,22440,51447,53361,43769,46579,33370,42964,10970,19535,504003,291149,76001,36321,109223,60471,11770,35,34
2021-06-16T23:59:59+02:00,403,366,20086,18392,36061,30561,42264,39441,59275,58637,76912,76239,56114,60084,37480,48208,11664,20812,5103,4858,9934,9904,11536,13839,16187,21145,47586,49825,42017,44578,32907,42396,10907,19409,496648,275043,75459,36123,109208,59291,11649,35,33
2021-06-15T23:59:59+02:00,293,263,19270,17535,35139,29706,41337,38557,58838,58198,76579,75916,55972,59919,37425,48139,11649,20779,4900,4733,9411,9646,10834,13372,14682,19959,43335,45756,40469,42738,32430,41776,10840,19281,489444,257932,75344,36089,109201,58626,11490,35,32
2021-06-14T23:59:59+02:00,189,173,18151,16295,33887,28432,39875,37147,58251,57634,76186,75576,55845,59778,37380,48068,11640,20764,4773,4639,9069,9438,10359,13054,13511,18954,40706,43212,39397,41596,32140,41375,10808,19196,479693,246796,74906,36066,109197,57899,11441,34,32
2021-06-13T23:59:59+02:00,148,134,17647,15890,33405,28027,39384,36764,58038,57451,76039,75474,55818,59739,37358,48046,11637,20755,4687,4590,8924,9365,10196,12986,12906,18500,40237,42818,39162,41374,32080,41290,10802,19182,476613,245834,74604,34642,109190,57285,11313,34,32
2021-06-12T23:59:59+02:00,148,134,17644,15872,33393,28018,39377,36760,58033,57448,76035,75472,55817,59737,37357,48046,11637,20755,4680,4585,8913,9360,10184,12979,12894,18487,40054,42671,39139,41359,32076,41288,10802,19181,476547,245399,74600,34642,109190,57274,11312,34,32
2021-06-11T23:59:59+02:00,146,134,17560,15813,33248,27950,39204,36706,57913,57411,75965,75448,55805,59732,37355,48044,11637,20754,4597,4392,8752,8798,9990,12259,12658,17416,39566,41375,38985,41228,32058,41254,10800,19180,476214,244907,74189,34640,109084,52432,11304,34,32
2021-06-10T23:59:59+02:00,132,114,16714,15095,31828,27034,37960,35793,57231,56952,75557,75178,55715,59641,37316,48000,11626,20736,4342,4199,8194,8304,9310,11503,11926,16356,36728,38344,38185,40430,31892,41072,10784,19150,472325,237876,71215,34508,108803,48065,10245,34,32
2021-06-09T23:59:59+02:00,110,88,15935,14388,30549,26129,36741,34908,56657,56564,75217,74952,55634,59536,37289,47956,11613,20715,4161,4046,7835,8115,8848,11285,11313,15979,31675,33502,36697,38908,31649,40804,10763,19101,467673,224040,68772,34386,108761,46489,9741,34,32
2021-06-08T23:59:59+02:00,83,70,15014,13516,29169,25036,35373,33897,56041,56160,74923,74741,55561,59464,37267,47926,11609,20705,4081,3982,7681,8000,8695,11172,11022,15776,28875,30705,35746,37981,31489,40609,10739,19068,463097,216620,65326,34329,108721,45270,9377,34,32
2021-06-07T23:59:59+02:00,75,57,14382,12927,27798,24227,34221,33118,55566,55905,74681,74638,55525,59427,37251,47916,11609,20701,3989,3910,7487,7875,8395,11040,10656,15532,24563,26342,34289,36453,31267,40342,10711,19040,459979,204890,62298,34265,108690,43689,9023,34,31
2021-06-06T23:59:59+02:00,74,54,14060,12736,27014,23809,33572,32699,55259,55742,74527,74572,55506,59404,37237,47907,11607,20700,3922,3874,7338,7830,8240,10957,10339,15331,21762,23491,33293,35384,31128,40188,10704,19025,458845,202111,60248,29081,108666,42904,8686,34,31
2021-06-05T23:59:59+02:00,74,52,14031,12710,26971,23767,33544,32680,55254,55733,74522,74567,55502,59399,37232,47905,11607,20700,3900,3859,7303,7809,8193,10940,10278,15290,20337,21942,32501,34507,31058,40106,10700,19018,458728,197150,60143,29078,108660,42804,8685,34,31
2021-06-04T23:59:59+02:00,68,48,13802,12448,26661,23453,33208,32369,55194,55652,74483,74547,55493,59394,37231,47903,11607,20699,3869,3831,7225,7730,8136,10862,10198,15169,20230,21824,32428,34453,31026,40069,10697,19015,456832,197070,60081,29066,108628,41917,8685,34,31
2021-06-03T23:59:59+02:00,50,43,13235,11959,25624,22767,32072,31618,54704,55320,74168,74354,55422,59317,37197,47873,11601,20683,3741,3739,6953,7561,7856,10690,9872,14932,18350,19968,30461,32161,30753,39739,10674,18967,452500,188517,58581,29047,108615,40555,8277,34,28
2021-06-02T23:59:59+02:00,37,31,12545,11205,24628,21865,30931,30666,54440,55057,73977,74214,55371,59239,37181,47852,11593,20676,3706,3719,6896,7506,7800,10642,9788,14841,17831,19421,28533,29992,30654,39595,10667,18956,446191,182993,58403,29046,108614,40220,8267,33,28
2021-06-01T23:59:59+02:00,23,16,11416,10317,22494,20428,28395,28773,53029,53994,72974,73435,55070,58922,37061,47682,11559,20617,3478,3547,6399,7200,7197,10223,8936,14241,15897,17619,24769,25764,29975,38718,10591,18803,436698,169084,53932,28909,108577,38380,6965,33,26
2021-05-31T23:59:59+02:00,18,12,10551,9650,20658,19257,26349,27266,51923,53145,72271,72889,54854,58664,36988,47582,11545,20581,3337,3397,6067,6955,6798,9924,8398,13886,14836,16646,23581,24398,29588,38231,10531,18709,429909,163358,49566,28875,108559,36895,6136,33,25
2021-05-30T23:59:59+02:00,16,9,10199,9304,19935,18760,25644,26686,51583,52863,72039,72693,54778,58585,36963,47555,11537,20573,3154,3207,5717,6689,6509,9681,8181,13682,14576,16375,23288,24082,29478,38124,10516,18681,427327,162534,49158,28818,108526,35892,4678,33,25
2021-05-29T23:59:59+02:00,16,9,10183,9292,19917,18733,25626,26660,51571,52859,72034,72683,54776,58580,36962,47555,11536,20573,3152,3199,5714,6685,6504,9679,8173,13674,14566,16371,23277,24074,29474,38119,10515,18680,427170,162465,49158,28816,108526,35879,4678,33,25
2021-05-28T23:59:59+02:00,16,9,10118,9196,19781,18564,25364,26431,51412,52683,71888,72553,54739,58530,36949,47535,11533,20560,3106,3123,5622,6547,6404,9481,8062,13404,14374,16095,23125,23920,29421,38056,10508,18671,425522,162081,49121,28815,108509,34328,4677,32,25
2021-05-27T23:59:59+02:00,16,9,8854,7994,17374,16748,22581,24281,50322,51870,71222,72063,54542,58313,36858,47441,11520,20532,2809,2789,4780,5925,5511,8701,7273,12420,13253,14905,22143,22889,29039,37606,10453,18584,413595,158279,48167,28552,108374,29859,2372,32,25
2021-05-26T23:59:59+02:00,15,9,8451,7577,16497,15944,21391,23270,49717,51324,70809,71679,54391,58150,36792,47367,11509,20502,2622,2616,4414,5594,5035,8194,6796,11772,12286,13928,21248,21859,28728,37163,10407,18499,407999,154441,47436,28465,108304,26614,1624,31,24
2021-05-25T23:59:59+02:00,15,9,7876,6977,15254,15060,19941,22097,49238,50925,70563,71496,54323,58068,36770,47342,11505,20493,2547,2513,4223,5464,4790,7967,6521,11463,11732,13399,19120,19714,28360,36633,10372,18450,401235,148823,47195,28452,108260,24745,1231,31,24
2021-05-24T23:59:59+02:00,15,9,7790,6876,15030,14933,19655,21918,49137,50806,70520,71457,54322,58063,36769,47341,11503,20490,2503,2451,4139,5299,4695,7722,6397,11179,11592,13159,19006,19602,28309,36586,10365,18439,400095,148673,47117,28410,108175,23128,1216,31,23
2021-05-23T23:59:59+02:00,14,9,7774,6863,14994,14917,19601,21890,49128,50804,70516,71451,54321,58061,36769,47340,11503,20490,2501,2447,4132,5294,4686,7718,6393,11166,11571,13137,18867,19407,28278,36547,10363,18437,399912,148192,47117,28408,108175,23119,1210,31,22
2021-05-22T23:59:59+02:00,14,9,7771,6855,14984,14905,19591,21883,49128,50802,70513,71451,54321,58060,36769,47340,11503,20490,2499,2440,4125,5288,4684,7718,6390,11163,11562,13134,18855,19401,28277,36547,10363,18437,399858,148156,47117,28408,108175,23095,1208,31,22
2021-05-21T23:59:59+02:00,14,8,7697,6758,14854,14771,19385,21723,48887,50568,70371,71345,54294,58034,36762,47333,11498,20484,2428,2355,4039,5147,4581,7504,6267,10866,11393,12845,18789,19337,28261,36517,10360,18435,398287,147906,47114,28408,108150,21589,1205,30,22
2021-05-20T23:59:59+02:00,14,8,7423,6464,14270,14247,18446,20850,46204,48218,69220,70374,53942,57673,36654,47193,11467,20455,2166,2192,3677,4782,4139,6954,5715,10035,10307,11750,17517,18059,27756,35918,10287,18288,387313,142678,46952,28119,107844,17741,988,25,22
2021-05-19T23:59:59+02:00,13,7,7184,6240,13607,13764,17177,19850,42226,44730,67733,69071,53487,57151,36492,46969,11431,20403,2090,1993,3513,4442,3892,6431,5273,9355,9319,10639,16043,16414,27063,35006,10162,18079,372544,135532,46382,27976,107615,15231,969,25,12
2021-05-18T23:59:59+02:00,13,5,6985,6063,13064,13334,16080,18993,37509,40713,66282,67751,52932,56611,36345,46747,11389,20346,2043,1864,3375,4252,3707,6117,4941,8875,8455,9768,14465,14682,26355,34156,10072,17907,356453,128916,46322,27413,107458,13795,904,25,12
2021-05-17T23:59:59+02:00,13,5,6850,5967,12741,13085,15585,18603,35328,38845,65444,66969,52661,56298,36266,46639,11375,20309,1974,1804,3187,4073,3488,5890,4619,8505,7678,9068,11211,10670,25444,33009,9989,17738,352725,123711,42053,21334,107379,12495,801,25,12
2021-05-16T23:59:59+02:00,13,5,6787,5884,12616,12931,15412,18434,34839,38375,65259,66801,52606,56238,36256,46614,11370,20304,1917,1707,3084,3950,3408,5788,4513,8361,7497,8882,9021,8077,24963,32328,9955,17681,351254,122576,41549,15992,107344,11986,572,25,12
2021-05-15T23:59:59+02:00,13,5,6782,5875,12610,12925,15408,18430,34834,38372,65257,66799,52606,56237,36256,46614,11370,20304,1916,1706,3081,3944,3403,5785,4508,8358,7495,8879,9019,8075,24962,32328,9955,17681,351212,122545,41549,15992,107342,11983,569,25,12
2021-05-14T23:59:59+02:00,13,5,6585,5778,12367,12863,15176,18338,33860,37584,64721,66391,52510,56150,36239,46581,11368,20299,1800,1618,2970,3874,3346,5677,4458,8212,7449,8751,9012,8070,24961,32328,9955,17680,347849,122491,41517,15988,106881,11118,558,23,12
2021-05-13T23:59:59+02:00,13,5,6335,5591,11958,12609,14609,17889,30333,34798,62246,64316,51880,55476,36102,46362,11356,20251,1757,1580,2913,3797,3314,5585,4415,8108,7367,8632,8975,8012,24941,32287,9950,17676,333866,122245,41294,15964,106451,10598,495,23,12
2021-05-12T23:59:59+02:00,13,5,6319,5568,11886,12546,14501,17782,29698,34222,61740,63864,51708,55303,36066,46317,11349,20238,1757,1577,2912,3797,3309,5585,4413,8107,7365,8626,8968,8009,24941,32285,9950,17675,330877,122223,41284,15954,106446,10597,495,23,12
2021-05-11T23:59:59+02:00,12,5,5995,5434,11444,12269,13956,17399,25438,30736,59361,61859,51048,54623,35877,46071,11328,20175,1715,1461,2809,3536,3188,5209,4274,7662,7211,8301,8884,7928,24912,32245,9947,17664,315948,121985,41231,15765,105460,8819,371,20,11
2021-05-10T23:59:59+02:00,12,5,5868,5361,11281,12154,13737,17231,21974,27979,58117,60743,50686,54273,35785,45948,11313,20144,1677,1366,2725,3307,3086,4878,4165,7172,7089,7863,8843,7868,24900,32224,9945,17660,306046,121842,41070,15616,105168,6997,307,20,11
2021-05-09T23:59:59+02:00,12,5,5791,5329,11196,12092,13637,17150,20374,26798,57652,60359,50584,54175,35759,45907,11306,20139,1660,1346,2668,3182,3035,4737,4120,7051,7028,7764,8831,7854,24893,32218,9944,17660,305480,121780,37502,15571,104969,6340,294,20,11
2021-05-08T23:59:59+02:00,12,5,5787,5326,11184,12088,13627,17141,20366,26792,57643,60353,50581,54167,35755,45904,11304,20136,1659,1346,2668,3180,3035,4737,4117,7048,7027,7763,8830,7854,24892,32216,9944,17660,305388,121765,37501,15571,104968,6340,294,20,11
2021-05-07T23:59:59+02:00,12,5,5747,5291,11119,12038,13521,17064,19910,26435,56645,59544,50451,54036,35726,45874,11301,20122,1555,1302,2588,3136,2995,4709,4083,7024,7004,7731,8823,7846,24890,32215,9944,17659,302223,121732,37485,15564,104824,5913,289,20,11
2021-05-06T23:59:59+02:00,12,5,5493,5179,10606,11729,12816,16611,18616,25448,52388,55891,49255,52657,35395,45475,11249,20019,1330,1170,2352,2963,2825,4544,3931,6825,6852,7579,8748,7768,24869,32179,9941,17652,287095,121460,37299,15426,104272,4476,160,18,11
2021-05-05T23:59:59+02:00,12,5,5233,5080,10113,11494,12061,16161,17284,24468,48019,51749,47585,50738,34958,44906,11174,19899,1284,1075,2290,2836,2742,4364,3837,6587,6744,7380,8635,7675,24808,32105,9935,17636,269918,120985,37073,15381,103884,3515,46,18,11
2021-05-04T23:59:59+02:00,12,5,5150,4995,9797,11282,11608,15771,16309,23600,46147,49718,46518,49430,34585,44418,11108,19790,1272,1056,2261,2795,2701,4278,3785,6480,6671,7304,8593,7636,24788,32089,9934,17631,259549,120767,37049,15320,103604,3158,23,18,11
2021-05-03T23:59:59+02:00,12,5,5047,4908,9449,11114,11145,15508,15246,22736,44573,48098,45637,48477,34365,44079,11080,19701,1257,1031,2229,2764,2659,4214,3737,6426,6597,7250,8024,6948,23055,29769,9796,17394,250528,114974,37041,15238,103578,2917,15,18,11
2021-05-02T23:59:59+02:00,12,5,4985,4889,9334,11078,11001,15447,14634,22247,44054,47688,45496,48311,34318,44017,11074,19690,1253,1026,2212,2761,2646,4206,3709,6413,6577,7236,7835,6705,21090,27367,9750,17306,249320,114954,35409,10246,103523,2876,10,18,11
2021-05-01T23:59:59+02:00,12,5,4985,4887,9329,11074,10998,15445,14630,22243,44052,47684,45495,48311,34318,44017,11074,19690,1252,1026,2212,2761,2646,4206,3708,6413,6575,7236,7835,6704,21090,27367,9750,17306,249290,114950,35409,10246,103522,2875,10,18,11
2021-04-30T23:59:59+02:00,12,5,4938,4865,9262,11059,10943,15420,14555,22217,42568,46271,45160,47979,34281,43965,11069,19680,1043,931,2014,2671,2546,4145,3622,6353,6513,7178,7828,6687,21089,27365,9750,17306,245302,114941,35409,10244,103510,1842,10,18,9
2021-04-29T23:59:59+02:00,12,4,4695,4783,8792,10908,10337,15249,13870,22009,37640,41957,44150,46952,34160,43847,11065,19650,863,854,1841,2592,2460,4079,3513,6283,6441,7129,7806,6668,21084,27359,9750,17306,231576,114901,35306,10142,103170,971,10,18,9
2021-04-28T23:59:59+02:00,12,4,4520,4748,8542,10823,9985,15159,13515,21855,33002,37456,42904,45698,34034,43700,11051,19632,821,824,1804,2546,2427,4003,3477,6174,6391,7037,7787,6649,21072,27346,9745,17299,218367,114816,35288,10094,102960,479,9,16,9
2021-04-27T23:59:59+02:00,11,3,4289,4533,8199,10374,9601,14579,13047,21207,31874,36329,42625,45416,34018,43672,11047,19629,793,810,1770,2522,2409,3985,3460,6155,6356,7010,7775,6640,21067,27341,9742,17293,215643,114756,35278,10064,99507,295,9,16,9
2021-04-26T23:59:59+02:00,11,3,4268,4505,8124,10337,9493,14523,12899,21148,27465,31943,41409,44193,33938,43572,11034,19619,760,799,1740,2503,2379,3964,3436,6134,6304,6964,7728,6591,21037,27311,9742,17286,203765,114554,35269,10020,99426,91,9,15,9
2021-04-25T23:59:59+02:00,11,3,4245,4492,8092,10310,9430,14491,12806,21102,25498,29901,40707,43432,33892,43514,11030,19614,748,791,1728,2489,2361,3949,3410,6113,6271,6935,7706,6571,21020,27290,9741,17282,203098,114528,30158,9778,99291,87,8,15,9
2021-04-24T23:59:59+02:00,11,3,4226,4481,8062,10281,9389,14475,12755,21080,23996,28236,39950,42593,33827,43438,11027,19608,747,790,1725,2487,2360,3946,3410,6109,6271,6932,7704,6569,21019,27290,9741,17282,198035,114508,30158,9777,99222,85,8,15,9
2021-04-23T23:59:59+02:00,10,3,3961,4329,7592,9984,8959,14119,12193,20677,23518,27936,39864,42532,33806,43404,11021,19601,733,780,1708,2474,2340,3930,3387,6087,6249,6913,7690,6551,21014,27279,9741,17281,197687,114493,30143,9579,95657,73,8,14,9
2021-04-22T23:59:59+02:00,10,3,3868,4272,7402,9868,8681,13925,11750,20350,21192,25579,37111,39290,33279,42735,10950,19482,720,771,1680,2444,2282,3873,3314,6015,6139,6817,7611,6465,20961,27235,9738,17266,184674,114372,29954,8877,95097,71,8,14,8
2021-04-21T23:59:59+02:00,10,3,3840,4240,7275,9790,8500,13754,11416,20061,19931,24376,33901,35577,32795,42032,10888,19356,696,753,1646,2416,2238,3849,3281,5982,6097,6778,7583,6438,20943,27211,9735,17262,172923,114266,29781,8564,95019,67,8,14,8
2021-04-20T23:59:59+02:00,10,3,3806,4214,7170,9721,8286,13598,11049,19763,18837,23229,30591,31931,32322,41433,10829,19247,688,743,1631,2404,2205,3827,3238,5937,6056,6735,7543,6392,20918,27187,9729,17259,161296,114108,29759,8308,94962,65,8,14,8
2021-04-19T23:59:59+02:00,10,3,3787,4197,7096,9683,8168,13489,10794,19577,18172,22566,29718,30803,32030,41067,10787,19172,680,738,1609,2390,2181,3797,3203,5904,6022,6704,7498,6359,20887,27159,9727,17255,156459,113975,29742,8064,94896,63,8,14,8
2021-04-18T23:59:59+02:00,10,3,3784,4191,7080,9669,8153,13470,10759,19553,18084,22484,29596,30678,32002,41045,10784,19164,678,734,1594,2378,2164,3782,3179,5878,5993,6681,7476,6346,20868,27137,9724,17252,155967,113916,29674,7875,94846,62,8,14,8
2021-04-17T23:59:59+02:00,10,3,3783,4189,7078,9667,8150,13470,10753,19546,18071,22473,29574,30665,32000,41043,10784,19164,677,734,1593,2377,2163,3781,3176,5877,5991,6679,7476,6346,20868,27137,9724,17252,155888,113903,29673,7875,94840,62,8,14,8
2021-04-16T23:59:59+02:00,10,3,3616,4151,6733,9538,7784,13283,10355,19300,17622,22199,29373,30506,31918,40954,10769,19145,665,716,1581,2362,2136,3766,3122,5840,5948,6629,7383,6257,20456,26572,9694,17191,155138,112579,29665,7669,92434,59,8,14,8
2021-04-15T23:59:59+02:00,10,3,3515,4072,6382,9167,7207,12783,9579,18464,16296,20968,28176,29214,31398,40313,10689,18970,635,693,1529,2323,2054,3679,3014,5720,5620,6392,6887,5872,19727,25663,9598,17023,149395,109234,29372,7130,88417,54,8,14,8
2021-04-14T23:59:59+02:00,9,3,3460,4022,6146,8929,6877,12406,8957,17913,15180,19938,26766,27710,30766,39437,10581,18775,600,667,1483,2285,1980,3601,2872,5597,5309,6156,6341,5357,18714,24378,9513,16850,142592,104969,29173,6675,86089,48,8,13,8
2021-04-13T23:59:59+02:00,9,3,3428,3991,6054,8852,6728,12277,8655,17667,14378,19246,23414,24156,29834,38257,10477,18603,595,658,1470,2263,1953,3568,2776,5526,5093,5973,5980,5021,18416,24034,9474,16784,130966,102881,29162,6645,85880,47,8,13,8
2021-04-12T23:59:59+02:00,9,3,3406,3970,6004,8795,6640,12193,8438,17472,13761,18717,22412,23004,29410,37699,10408,18481,585,650,1460,2255,1930,3547,2720,5475,4945,5869,5664,4740,18123,23732,9436,16724,125886,101298,29143,6499,85772,47,8,13,8
2021-04-11T23:59:59+02:00,9,3,3400,3964,5986,8771,6612,12176,8398,17449,13672,18656,22282,22856,29359,37634,10399,18456,582,645,1447,2245,1917,3539,2703,5459,4908,5832,5605,4682,17950,23498,9415,16695,125345,100637,29076,6427,85640,47,8,13,8
2021-04-10T23:59:59+02:00,9,3,3392,3963,5963,8770,6590,12175,8377,17448,13647,18654,22277,22853,29355,37633,10399,18456,581,643,1441,2239,1912,3536,2697,5451,4892,5822,5593,4665,17789,23245,9401,16671,125323,100127,28985,6394,85636,47,7,13,8
2021-04-09T23:59:59+02:00,8,3,3354,3951,5915,8758,6532,12159,8338,17421,13596,18608,20324,20445,28874,37018,10369,18407,568,630,1416,2217,1885,3513,2655,5415,4821,5760,5478,4561,17212,22513,9363,16600,124634,98362,23873,6196,85555,39,7,11,8
2021-04-08T23:59:59+02:00,8,3,3330,3932,5845,8726,6457,12120,8249,17357,13452,18490,17736,17384,28350,36354,10332,18357,526,600,1328,2136,1791,3416,2476,5230,4325,5395,4675,3954,15436,20292,9178,16299,123769,91395,18018,5625,84678,28,6,11,8
2021-04-07T23:59:59+02:00,6,3,3252,3904,5635,8676,6250,12061,8041,17282,13190,18395,15075,14319,27672,35557,10302,18304,503,572,1275,2081,1697,3336,2324,5090,3914,5063,3959,3390,14585,19430,9066,16118,123561,87092,16483,5279,77864,24,5,11,8
2021-04-06T23:59:59+02:00,5,3,3224,3894,5590,8658,6180,12038,7954,17245,13116,18324,13092,11956,27040,34844,10289,18274,472,550,1206,2026,1612,3255,2162,4972,3541,4786,3433,2982,13745,18432,8992,16002,123433,83462,16281,4679,71996,20,5,11,7
2021-04-05T23:59:59+02:00,5,3,3222,3891,5554,8645,6143,12026,7909,17229,13044,18288,13046,11910,27029,34828,10288,18271,440,520,1154,1989,1560,3214,2094,4918,3453,4710,3376,2930,13602,18262,8983,15984,123410,82971,16073,4192,71833,20,4,11,7
2021-04-04T23:59:59+02:00,5,3,3221,3889,5554,8643,6141,12025,7908,17226,13044,18288,13043,11910,27028,34828,10288,18271,439,519,1153,1989,1560,3214,2094,4918,3453,4710,3376,2930,13601,18262,8983,15984,123399,82967,16073,4192,71828,20,4,11,7
2021-04-03T23:59:59+02:00,5,3,3220,3889,5554,8642,6141,12025,7908,17226,13044,18288,13043,11909,27027,34825,10288,18271,439,518,1153,1989,1559,3214,2094,4917,3447,4707,3370,2919,13514,18126,8974,15968,123394,82690,16073,4192,71826,20,4,11,7
2021-04-02T23:59:59+02:00,5,3,3220,3886,5551,8637,6137,12016,7899,17214,13019,18257,12996,11857,26999,34807,10285,18267,436,511,1151,1985,1547,3205,2084,4895,3417,4674,3339,2890,12585,16881,8909,15860,123228,80234,16070,4111,71742,20,4,11,5
2021-04-01T23:59:59+02:00,5,3,3205,3872,5512,8617,6070,11983,7828,17179,12905,18186,12879,11731,26940,34731,10276,18252,389,468,1054,1918,1448,3118,1935,4783,3220,4541,3110,2691,10567,14298,8799,15685,122909,74678,15947,3323,71304,20,3,11,5
2021-03-31T23:59:59+02:00,5,3,3204,3858,5495,8583,6038,11947,7786,17134,12825,18117,12766,11606,26889,34671,10268,18243,351,447,1018,1876,1377,3078,1831,4680,2965,4347,2699,2375,8000,11072,8624,15447,122600,67181,15908,2983,70916,19,3,11,5
2021-03-30T23:59:59+02:00,5,3,3196,3848,5470,8555,6006,11916,7748,17094,12748,18051,12680,11468,26852,34624,10263,18233,330,428,995,1844,1317,3043,1707,4600,2718,4175,2327,2127,7115,9986,8558,15321,122470,63862,15878,2708,70399,18,2,11,5
2021-03-29T23:59:59+02:00,5,3,3184,3844,5441,8536,5971,11883,7704,17061,12675,17973,12037,10711,24991,32132,10115,17977,324,426,988,1829,1296,3018,1672,4560,2572,4089,2041,1978,6465,9276,8514,15243,116489,61567,15708,2705,70033,16,2,11,5
2021-03-28T23:59:59+02:00,5,3,3154,3828,5394,8498,5922,11841,7623,17006,12565,17904,11774,10409,23006,29671,10060,17878,323,424,985,1828,1288,3014,1668,4558,2560,4081,2016,1958,6443,9262,8512,15238,116429,61439,10530,2702,69569,16,2,11,3
2021-03-27T23:59:59+01:00,5,3,3142,3824,5355,8487,5886,11826,7576,16991,12519,17857,11740,10366,23002,29663,10060,17878,323,424,985,1828,1288,3014,1667,4556,2558,4079,2014,1956,6394,9187,8479,15189,116361,61222,10529,2702,69277,16,2,11,3
2021-03-26T23:59:59+01:00,5,3,3006,3499,4906,7329,5390,10506,6964,14944,11710,15584,11521,10185,22519,28938,10015,17807,322,420,980,1825,1283,3010,1664,4554,2553,4072,2006,1950,6264,9000,8336,15004,114816,60547,10275,2690,59727,5,2,11,3
2021-03-25T23:59:59+01:00,5,3,2879,3230,4746,6563,5164,9356,6640,13224,10986,13784,10664,9383,21805,28100,9942,17652,317,411,974,1815,1268,2991,1644,4519,2516,4023,1940,1891,5974,8572,8063,14558,111916,58785,9588,2686,52609,4,2,11,3
2021-03-24T23:59:59+01:00,5,3,2831,3186,4670,6502,5030,9250,6435,13054,10475,13379,9832,8562,20796,26845,9846,17471,315,406,966,1809,1251,2980,1629,4495,2470,3966,1872,1815,5611,8100,7652,13892,107915,56554,9241,2672,51006,4,0,10,3
2021-03-23T23:59:59+01:00,5,3,2802,3153,4602,6436,4920,9156,6224,12893,10019,12957,9122,7896,20287,26242,9794,17366,303,393,948,1800,1236,2960,1601,4473,2415,3917,1792,1750,5335,7722,7264,13277,105544,54513,8909,2671,49415,3,0,9,3
2021-03-22T23:59:59+01:00,5,3,2786,3116,4542,6398,4844,9088,6085,12756,9658,12684,8518,7331,19871,25805,9734,17272,301,389,936,1794,1221,2945,1588,4459,2388,3891,1766,1729,5198,7547,6822,12466,104069,52771,8650,2666,47768,3,0,9,2
2021-03-21T23:59:59+01:00,5,3,2779,3101,4497,6376,4793,9052,5994,12688,9470,12496,8214,7073,19703,25638,9722,17247,301,389,935,1794,1219,2945,1587,4458,2385,3891,1759,1723,5189,7542,6792,12409,103869,52666,8421,2649,46552,3,0,9,2
2021-03-20T23:59:59+01:00,5,3,2779,3096,4489,6371,4787,9049,5990,12680,9450,12482,8181,7042,19529,25361,9706,17221,301,389,935,1793,1218,2945,1586,4457,2381,3883,1747,1710,5176,7493,6616,12173,103312,52175,8409,2625,46491,3,0,9,2
2021-03-19T23:59:59+01:00,5,3,2744,3073,4415,6328,4678,8999,5850,12623,9184,12294,7876,6817,19045,24770,9674,17162,301,389,934,1792,1218,2942,1583,4456,2375,3878,1731,1702,5140,7450,6214,11557,102012,51054,8167,2605,45352,3,0,9,2
2021-03-18T23:59:59+01:00,5,3,2678,3000,4253,6192,4429,8793,5492,12314,8279,11625,6614,5805,17795,23413,9526,16937,298,385,929,1782,1204,2929,1545,4441,2308,3832,1653,1660,5068,7344,5485,10449,97128,48748,7625,2563,42391,2,0,9,1
2021-03-17T23:59:59+01:00,5,3,2640,2961,4173,6095,4292,8685,5237,12039,7603,11057,5628,4910,16450,21882,9361,16683,294,384,925,1773,1200,2921,1528,4419,2241,3806,1587,1615,5023,7280,4913,9571,91727,46971,7122,2508,40846,2,0,9,1
2021-03-16T23:59:59+01:00,5,3,2620,2933,4110,6028,4200,8589,5062,11883,7153,10668,4867,4293,15599,20906,9259,16513,290,382,922,1768,1197,2914,1520,4409,2219,3787,1557,1598,4986,7237,4411,8767,88100,45534,7086,2429,39496,2,0,9,1
2021-03-15T23:59:59+01:00,5,3,2617,2922,4094,6010,4169,8563,5012,11836,7036,10554,4722,4133,15281,20496,9230,16454,288,379,921,1762,1190,2907,1506,4400,2197,3764,1516,1581,4926,7163,3834,7908,87334,43952,6990,2290,38804,1,0,9,1
2021-03-14T23:59:59+01:00,5,2,2612,2913,4073,5991,4139,8544,4969,11803,6943,10465,4618,4022,15151,20327,9214,16418,286,378,921,1760,1184,2900,1501,4389,2186,3757,1506,1574,4918,7155,3829,7895,87030,43891,6972,2248,38199,1,0,8,1
2021-03-13T23:59:59+01:00,5,2,2608,2905,4069,5979,4131,8538,4961,11794,6923,10451,4596,3996,14835,19890,9194,16382,286,378,921,1760,1184,2900,1501,4389,2186,3757,1506,1574,4918,7154,3829,7895,86146,43890,6949,2248,38156,1,0,8,1
2021-03-12T23:59:59+01:00,5,2,2545,2829,3958,5809,4012,8317,4823,11495,6745,10181,4443,3858,13913,18636,9133,16280,286,377,919,1757,1184,2897,1499,4384,2185,3750,1498,1572,4910,7135,3827,7880,83687,43813,6887,2247,36404,1,0,6,1
2021-03-11T23:59:59+01:00,4,2,2420,2603,3734,5480,3756,7879,4498,10730,6117,9367,3924,3357,12319,16649,9035,16133,286,376,915,1754,1181,2883,1490,4372,2173,3722,1455,1543,4869,7100,3815,7853,79378,43663,6725,2124,31899,1,0,5,1
2021-03-10T23:59:59+01:00,4,2,2297,2470,3581,5247,3562,7556,4232,10243,5564,8799,3355,2914,10052,13934,8890,15906,283,372,911,1745,1174,2872,1485,4356,2149,3706,1426,1535,4838,7085,3806,7845,73084,43594,6555,1995,28964,0,0,5,1
2021-03-09T23:59:59+01:00,4,2,2270,2417,3515,5161,3449,7467,4061,10048,5171,8448,2878,2556,8544,11921,8788,15757,282,371,911,1739,1167,2863,1481,4348,2141,3695,1412,1530,4830,7080,3803,7843,68229,43553,6405,1944,27818,0,0,5,1
2021-03-08T23:59:59+01:00,4,2,2246,2347,3457,5096,3375,7382,3937,9936,4879,8258,2431,2295,6626,9523,8669,15583,282,368,910,1729,1161,2847,1475,4337,2137,3688,1401,1523,4813,7058,3796,7834,62551,43442,6070,1918,27420,0,0,5,1
2021-03-07T23:59:59+01:00,4,2,2183,2291,3360,4988,3279,7293,3840,9849,4744,8163,2380,2244,6604,9502,8669,15575,282,367,909,1729,1161,2847,1474,4337,2137,3688,1401,1523,4813,7058,3796,7834,62423,43440,5389,1918,27153,0,0,5,0
2021-03-06T23:59:59+01:00,4,2,2175,2278,3348,4979,3275,7288,3831,9840,4733,8160,2378,2242,6558,9432,8637,15526,282,367,908,1725,1160,2846,1474,4334,2133,3683,1400,1518,4807,7053,3794,7825,62214,43393,5329,1918,27138,0,0,5,0
2021-03-05T23:59:59+01:00,4,2,2045,2194,3124,4790,3037,6977,3554,9444,4405,7823,2291,2181,6351,9115,8446,15265,282,365,906,1722,1160,2845,1473,4328,2130,3677,1394,1516,4801,7046,3793,7819,61238,43341,4491,1918,25314,0,0,5,0
2021-03-04T23:59:59+01:00,4,2,1791,1974,2714,4356,2580,6338,2988,8540,3720,7009,2076,2021,6060,8749,8172,14811,279,364,905,1714,1158,2828,1472,4312,2121,3665,1383,1514,4789,7032,3786,7808,59600,43217,3218,1915,21082,0,0,5,0
2021-03-03T23:59:59+01:00,4,2,1720,1887,2607,4176,2448,6113,2852,8256,3537,6746,1994,1944,5722,8276,7819,14232,278,360,905,1704,1156,2805,1468,4288,2116,3650,1359,1503,4784,7026,3782,7801,57600,43072,3075,1915,19655,0,0,5,0
2021-03-02T23:59:59+01:00,4,2,1683,1806,2539,4058,2367,5963,2747,8075,3422,6595,1922,1877,5414,7839,7420,13564,276,355,902,1685,1153,2784,1465,4269,2115,3639,1334,1497,4774,7010,3776,7794,55516,42915,2833,1915,18943,0,0,5,0
2021-03-01T23:59:59+01:00,2,2,1674,1780,2500,3950,2319,5848,2710,7973,3369,6517,1882,1857,5275,7674,6949,12700,276,353,898,1679,1151,2772,1463,4256,2113,3624,1329,1492,4771,7008,3775,7788,53660,42835,2821,1915,18495,0,0,5,0
2021-02-28T23:59:59+01:00,2,2,1657,1743,2465,3879,2289,5793,2667,7893,3342,6471,1876,1853,5267,7669,6914,12641,276,353,897,1679,1151,2772,1463,4255,2113,3623,1329,1492,4771,7007,3775,7788,53538,42832,2819,1914,18061,0,0,5,0
2021-02-27T23:59:59+01:00,2,2,1655,1737,2461,3871,2285,5793,2666,7892,3340,6468,1870,1843,5258,7625,6744,12422,276,353,887,1674,1141,2765,1453,4246,2097,3614,1328,1489,4771,7006,3775,7788,53076,42828,2819,1837,18034,0,0,5,0
2021-02-26T23:59:59+01:00,2,1,1465,1581,2336,3628,2207,5388,2574,7389,3253,6010,1855,1817,5233,7592,6485,12033,275,351,880,1667,1133,2745,1447,4225,2087,3601,1321,1480,4763,6994,3771,7775,52332,42749,2798,1768,15714,0,0,5,0
2021-02-25T23:59:59+01:00,2,1,1248,1304,2116,3194,2033,4631,2377,6444,3012,5112,1766,1745,5182,7513,5917,11193,273,343,874,1607,1099,2650,1414,4114,2031,3527,1284,1459,4723,6953,3753,7724,50465,42288,2784,1542,11537,0,0,4,0
2021-02-24T23:59:59+01:00,2,1,1195,1094,2009,2925,1928,4292,2244,6038,2842,4843,1691,1690,5124,7423,5162,10016,271,337,836,1560,1049,2559,1354,3998,1941,3399,1244,1432,4708,6927,3743,7707,48137,42031,2772,1036,9606,0,0,4,0
2021-02-23T23:59:59+01:00,2,1,1180,1045,1975,2861,1902,4194,2218,5953,2809,4781,1683,1675,5089,7374,4532,8996,271,336,809,1532,1002,2507,1301,3920,1835,3326,1192,1407,4685,6902,3732,7673,46368,41834,2745,598,9153,0,0,4,0
2021-02-22T23:59:59+01:00,2,1,1172,1004,1924,2718,1858,4048,2163,5757,2755,4675,1672,1664,5055,7326,3929,8112,269,326,766,1493,948,2424,1213,3814,1695,3231,1103,1350,4644,6832,3707,7570,44763,41379,2725,8,8344,0,0,3,0
2021-02-21T23:59:59+01:00,2,1,1170,990,1893,2656,1832,3951,2136,5653,2735,4612,1664,1658,5052,7317,3929,8108,267,324,762,1487,940,2392,1211,3778,1682,3191,1094,1335,4628,6807,3685,7529,44710,41106,2714,8,7932,0,0,3,0
2021-02-20T23:59:59+01:00,2,1,1170,990,1893,2655,1831,3951,2136,5653,2733,4607,1655,1650,5048,7311,3927,8105,267,324,762,1486,939,2388,1210,3774,1681,3189,1094,1335,4575,6746,3639,7470,44696,40874,2689,7,7930,0,0,3,0
2021-02-19T23:59:59+01:00,2,1,1170,987,1890,2650,1830,3942,2135,5644,2730,4604,1636,1642,5035,7294,3924,8099,266,323,758,1477,931,2364,1203,3732,1654,3136,1067,1297,4385,6493,3462,7179,44616,39722,2670,7,7926,0,0,3,0
2021-02-18T23:59:59+01:00,2,1,1138,904,1851,2531,1791,3804,2082,5438,2669,4429,1620,1626,5019,7260,3919,8073,238,294,713,1353,882,2159,1117,3397,1538,2841,958,1110,3902,5722,3070,6330,44461,35619,2637,7,7056,0,0,3,0
2021-02-17T23:59:59+01:00,2,1,1089,775,1770,2298,1714,3505,1973,5078,2594,4180,1597,1617,4998,7246,3911,8069,233,291,703,1335,873,2137,1105,3362,1519,2820,951,1107,3522,5202,2778,5909,44420,33842,2581,7,5413,0,0,3,0
2021-02-16T23:59:59+01:00,2,1,1048,739,1712,2194,1646,3334,1902,4872,2516,4074,1562,1603,4971,7225,3902,8057,227,285,689,1301,852,2083,1074,3245,1480,2735,928,1084,3171,4657,2440,5420,44367,31668,2419,5,4571,0,0,3,0
2021-02-15T23:59:59+01:00,2,1,1041,723,1693,2118,1627,3234,1883,4763,2502,3996,1534,1589,4942,7208,3870,8001,215,275,674,1266,833,2033,1054,3179,1438,2670,897,1053,2753,4108,2114,4859,44238,29419,2336,4,4150,0,0,3,0
2021-02-14T23:59:59+01:00,2,1,945,689,1615,2084,1566,3215,1839,4741,2467,3983,1527,1586,4933,7196,3867,7996,208,263,665,1248,814,1993,1038,3113,1408,2602,867,1008,2664,3968,2042,4676,44196,28576,2300,3,3755,0,0,1,0
2021-02-13T23:59:59+01:00,2,1,892,665,1585,2061,1551,3207,1823,4734,2459,3982,1526,1585,4933,7196,3866,7995,206,262,663,1248,814,1989,1038,3111,1407,2600,866,1008,2562,3843,1978,4576,44190,28170,2300,3,3572,0,0,1,0
2021-02-12T23:59:59+01:00,2,1,558,517,1235,1945,1379,3104,1683,4652,2352,3912,1507,1576,4924,7185,3860,7989,194,256,650,1222,800,1945,1012,3026,1351,2501,804,934,2339,3532,1836,4275,44077,26677,2300,2,2003,0,0,1,0
2021-02-11T23:59:59+01:00,2,1,392,440,1045,1832,1277,2985,1584,4538,2264,3823,1400,1532,4862,7136,3839,7942,156,192,550,979,664,1500,812,2357,1073,1911,567,685,1741,2660,1355,3088,43725,20291,2102,1,1066,0,0,1,0
2021-02-10T23:59:59+01:00,2,1,279,368,919,1727,1177,2862,1489,4353,2151,3700,1363,1519,4843,7125,3834,7940,134,130,379,618,492,1011,642,1746,905,1577,546,670,1335,2099,1040,2593,43649,15919,1998,0,4,0,0,1,0
2021-02-09T23:59:59+01:00,2,1,279,367,918,1721,1174,2853,1489,4347,2150,3695,1356,1516,4841,7123,3833,7938,131,128,370,588,473,984,621,1717,880,1546,544,667,956,1634,763,2189,43624,14193,1975,0,3,0,0,1,0
2021-02-08T23:59:59+01:00,2,1,279,365,917,1719,1171,2843,1482,4342,2148,3691,1351,1512,4839,7123,3832,7935,126,122,359,577,465,967,610,1684,862,1520,536,662,565,1147,460,1764,43596,12428,1952,0,3,0,0,1,0
2021-02-07T23:59:59+01:00,2,1,279,365,915,1719,1170,2843,1480,4340,2148,3691,1351,1512,4839,7122,3832,7935,122,119,355,571,464,960,607,1672,853,1504,528,658,564,1137,455,1749,43592,12320,1951,0,0,0,0,1,0
2021-02-06T23:59:59+01:00,2,1,279,365,915,1719,1170,2843,1480,4340,2148,3691,1351,1512,4839,7122,3832,7935,119,116,353,567,463,959,607,1670,853,1503,527,657,564,1137,455,1749,43592,12301,1951,0,0,0,0,1,0
2021-02-05T23:59:59+01:00,2,1,279,364,914,1719,1170,2842,1478,4339,2147,3691,1351,1512,4838,7120,3832,7932,118,108,350,563,455,946,603,1660,839,1480,522,647,558,1121,445,1727,43579,12144,1951,0,0,0,0,1,0
2021-02-04T23:59:59+01:00,2,1,276,359,907,1681,1163,2796,1477,4287,2134,3648,1343,1505,4810,7089,3821,7902,89,71,233,390,331,687,474,1270,628,1111,392,514,468,913,388,1485,43250,9445,1950,0,0,0,0,1,0
2021-02-03T23:59:59+01:00,2,1,274,350,902,1656,1159,2761,1466,4237,2125,3612,1335,1489,4788,7060,3809,7876,55,33,81,166,152,341,232,596,303,541,211,278,273,575,226,944,42951,5008,1950,0,0,0,0,1,0
2021-02-02T23:59:59+01:00,2,1,273,348,901,1644,1155,2742,1463,4205,2118,3586,1327,1483,4781,7047,3802,7854,16,10,26,49,60,97,73,164,97,121,45,74,67,126,50,193,42781,1269,1950,0,0,0,0,1,0
2021-02-01T23:59:59+01:00,2,1,273,343,901,1642,1154,2741,1462,4201,2117,3580,1326,1482,4779,7046,3802,7854,14,9,22,43,51,88,60,136,74,102,39,65,57,116,49,180,42755,1106,1950,0,0,0,0,1,0
2021-01-31T23:59:59+01:00,2,1,273,342,901,1638,1153,2737,1462,4196,2117,3577,1325,1482,4779,7045,3802,7854,13,8,21,38,44,80,54,125,64,96,34,54,47,108,46,174,42735,1007,1950,0,0,0,0,1,0
2021-01-30T23:59:59+01:00,2,1,273,342,896,1635,1145,2729,1454,4190,2113,3574,1325,1482,4726,6985,3756,7795,13,8,21,37,44,80,53,124,64,96,34,54,47,108,46,174,42506,1004,1916,0,0,0,0,1,0
2021-01-29T23:59:59+01:00,2,1,272,341,881,1627,1133,2708,1442,4160,2091,3547,1316,1476,4563,6782,3592,7591,11,8,21,37,41,80,52,122,61,95,32,49,46,108,46,174,41719,984,1805,0,0,0,0,1,0
2021-01-28T23:59:59+01:00,2,1,268,328,862,1540,1093,2598,1405,4060,2021,3472,1289,1464,4229,6313,3329,7238,7,4,10,17,22,39,21,56,36,63,20,31,31,70,36,117,39951,581,1560,0,0,0,0,1,0
2021-01-27T23:59:59+01:00,2,1,262,325,820,1485,1046,2504,1342,3963,1947,3365,1250,1437,3818,5749,3012,6779,3,4,10,8,12,21,8,22,14,29,11,13,15,39,14,56,37998,280,1108,0,0,0,0,1,0
2021-01-26T23:59:59+01:00,2,1,256,316,786,1439,981,2419,1281,3836,1830,3260,1192,1386,3474,5195,2664,6269,1,1,6,3,5,7,4,2,3,8,6,5,3,7,3,8,35924,73,662,0,0,0,0,1,0
2021-01-25T23:59:59+01:00,2,1,246,307,734,1378,920,2300,1180,3691,1670,3141,1113,1356,3081,4684,2355,5803,1,1,6,2,3,7,2,2,3,8,6,5,3,7,3,8,33902,68,60,0,0,0,0,0,0
2021-01-24T23:59:59+01:00,2,1,243,307,728,1374,909,2284,1175,3675,1643,3111,1107,1354,3055,4648,2338,5781,1,1,4,2,3,7,2,2,3,8,6,5,3,7,3,8,33728,66,7,0,0,0,0,0,0
2021-01-23T23:59:59+01:00,2,1,242,306,727,1374,909,2280,1174,3673,1640,3109,1106,1354,2950,4522,2272,5680,1,1,4,2,2,7,2,2,3,8,6,5,3,7,3,8,33315,65,6,0,0,0,0,0,0
2021-01-22T23:59:59+01:00,2,1,241,303,725,1358,907,2267,1168,3659,1636,3105,1104,1353,2791,4328,2170,5538,1,1,4,2,2,7,2,2,3,8,6,5,3,7,3,8,32650,65,6,0,0,0,0,0,0
2021-01-21T23:59:59+01:00,2,1,237,274,662,1202,839,2055,1087,3374,1539,2899,1061,1311,2448,3862,1881,5103,1,0,4,1,2,7,2,2,3,8,6,4,3,7,3,8,29831,62,6,0,0,0,0,0,0
2021-01-20T23:59:59+01:00,2,1,213,210,502,851,664,1565,887,2673,1302,2431,966,1177,1919,3116,1472,4339,1,0,4,1,2,7,2,2,3,6,5,4,3,7,3,8,24284,59,6,0,0,0,0,0,0
2021-01-19T23:59:59+01:00,2,1,186,191,455,744,610,1409,800,2373,1128,2124,799,920,1277,2191,1015,3275,0,0,3,1,0,0,0,0,2,1,1,0,0,0,0,0,19497,8,3,0,0,0,0,0,0
2021-01-18T23:59:59+01:00,1,1,138,136,378,619,487,1055,646,1828,937,1634,592,711,635,1271,513,1969,0,0,1,0,0,0,0,0,1,0,0,0,0,0,0,0,13549,2,2,0,0,0,0,0,0
2021-01-17T23:59:59+01:00,1,1,127,122,364,582,472,990,617,1711,878,1535,543,671,588,1174,471,1826,0,0,0,0,0,0,0,0,0,0,0,0,0,0,0,0,12673,0,0,0,0,0,0,0,0
2021-01-16T23:59:59+01:00,1,1,120,118,361,578,470,979,611,1698,872,1528,542,670,587,1169,467,1814,0,0,0,0,0,0,0,0,0,0,0,0,0,0,0,0,12586,0,0,0,0,0,0,0,0
2021-01-15T23:59:59+01:00,1,1,118,111,358,573,462,963,607,1687,857,1504,536,658,580,1153,459,1792,0,0,0,0,0,0,0,0,0,0,0,0,0,0,0,0,12420,0,0,0,0,0,0,0,0
2021-01-14T23:59:59+01:00,1,1,97,89,275,464,391,784,504,1416,700,1214,418,529,500,959,403,1607,0,0,0,0,0,0,0,0,0,0,0,0,0,0,0,0,10352,0,0,0,0,0,0,0,0
2021-01-13T23:59:59+01:00,1,1,67,49,163,282,255,519,352,923,478,780,258,324,311,634,258,1030,0,0,0,0,0,0,0,0,0,0,0,0,0,0,0,0,6685,0,0,0,0,0,0,0,0
2021-01-12T23:59:59+01:00,1,1,31,21,49,101,113,212,150,382,200,334,135,175,162,351,146,566,0,0,0,0,0,0,0,0,0,0,0,0,0,0,0,0,3130,0,0,0,0,0,0,0,0
2021-01-11T23:59:59+01:00,1,0,18,11,33,64,60,110,76,168,92,125,39,65,60,121,50,181,0,0,0,0,0,0,0,0,0,0,0,0,0,0,0,0,1274,0,0,0,0,0,0,0,0
2021-01-10T23:59:59+01:00,1,0,15,7,27,53,53,98,66,153,76,111,33,55,50,112,46,172,0,0,0,0,0,0,0,0,0,0,0,0,0,0,0,0,1128,0,0,0,0,0,0,0,0
2021-01-09T23:59:59+01:00,1,0,14,7,26,51,52,97,63,152,76,109,33,55,50,112,46,172,0,0,0,0,0,0,0,0,0,0,0,0,0,0,0,0,1116,0,0,0,0,0,0,0,0
2021-01-08T23:59:59+01:00,1,0,11,7,24,48,47,92,59,139,70,105,31,50,49,112,46,172,0,0,0,0,0,0,0,0,0,0,0,0,0,0,0,0,1063,0,0,0,0,0,0,0,0
2021-01-07T23:59:59+01:00,1,0,7,4,9,18,21,40,22,56,38,65,19,33,36,75,36,116,0,0,0,0,0,0,0,0,0,0,0,0,0,0,0,0,596,0,0,0,0,0,0,0,0
2021-01-06T23:59:59+01:00,1,0,7,4,9,15,14,30,14,39,25,53,15,25,30,67,34,101,0,0,0,0,0,0,0,0,0,0,0,0,0,0,0,0,483,0,0,0,0,0,0,0,0
2021-01-05T23:59:59+01:00,1,0,7,4,9,15,14,30,14,39,25,53,15,25,29,67,34,101,0,0,0,0,0,0,0,0,0,0,0,0,0,0,0,0,482,0,0,0,0,0,0,0,0
2021-01-04T23:59:59+01:00,1,0,2,4,8,5,4,14,3,7,6,16,6,5,6,16,4,13,0,0,0,0,0,0,0,0,0,0,0,0,0,0,0,0,120,0,0,0,0,0,0,0,0
2021-01-03T23:59:59+01:00,1,0,1,1,3,2,2,7,2,3,3,9,4,4,3,8,3,8,0,0,0,0,0,0,0,0,0,0,0,0,0,0,0,0,64,0,0,0,0,0,0,0,0
2021-01-02T23:59:59+01:00,1,0,1,1,3,2,2,7,2,3,3,9,4,4,3,8,3,8,0,0,0,0,0,0,0,0,0,0,0,0,0,0,0,0,64,0,0,0,0,0,0,0,0
2021-01-01T23:59:59+01:00,1,0,1,1,3,2,2,7,2,3,3,9,4,4,3,8,3,8,0,0,0,0,0,0,0,0,0,0,0,0,0,0,0,0,64,0,0,0,0,0,0,0,0
2020-12-31T23:59:59+01:00,1,0,1,1,3,1,2,7,2,2,3,8,4,4,3,8,3,8,0,0,0,0,0,0,0,0,0,0,0,0,0,0,0,0,61,0,0,0,0,0,0,0,0
2020-12-30T23:59:59+01:00,1,0,1,1,3,1,2,7,2,2,3,6,4,4,3,8,3,8,0,0,0,0,0,0,0,0,0,0,0,0,0,0,0,0,59,0,0,0,0,0,0,0,0
2020-12-29T23:59:59+01:00,1,0,1,1,2,1,2,6,2,2,3,6,2,2,2,8,2,7,0,0,0,0,0,0,0,0,0,0,0,0,0,0,0,0,50,0,0,0,0,0,0,0,0
2020-12-28T23:59:59+01:00,1,0,0,0,2,1,0,2,1,0,1,3,0,1,0,1,1,4,0,0,0,0,0,0,0,0,0,0,0,0,0,0,0,0,18,0,0,0,0,0,0,0,0
2020-12-27T23:59:59+01:00,0,0,0,0,0,0,0,1,1,0,1,2,0,1,0,1,1,4,0,0,0,0,0,0,0,0,0,0,0,0,0,0,0,0,12,0,0,0,0,0,0,0,0
