Datum,<24_1_m,<24_1_w,25-34_1_m,25-34_1_w,35-44_1_m,35-44_1_w,45-54_1_m,45-54_1_w,55-64_1_m,55-64_1_w,65-74_1_m,65-74_1_w,75-84_1_m,75-84_1_w,>84_1_m,>84_1_w,<24_2_m,<24_2_w,25-34_2_m,25-34_2_w,35-44_2_m,35-44_2_w,45-54_2_m,45-54_2_w,55-64_2_m,55-64_2_w,65-74_2_m,65-74_2_w,75-84_2_m,75-84_2_w,>84_2_m,>84_2_w,bp_1,bp_2,mo_1,mo_2,az_1,az_2,ja
2021-05-30T23:59:59+02:00,11734,10988,20183,18785,26374,27764,54671,55897,71053,71663,52086,56239,34633,45576,9671,17724,3551,3709,5659,6552,6360,9809,8503,14150,14784,15745,23894,25025,28657,37899,8804,16058,424301,161242,48951,28568,107272,34832,4517
2021-05-29T23:59:59+02:00,11717,10972,20166,18760,26356,27742,54661,55890,71049,71657,52084,56234,34631,45576,9671,17724,3549,3701,5654,6549,6357,9806,8497,14143,14774,15742,23884,25017,28654,37895,8803,16057,424150,161178,48951,28568,107272,34819,4517
2021-05-28T23:59:59+02:00,11642,10862,20010,18591,26110,27505,54512,55720,70912,71538,52053,56187,34619,45555,9668,17716,3499,3616,5565,6411,6254,9601,8376,13881,14590,15476,23738,24872,28615,37847,8797,16050,422513,160806,48914,28568,107257,33298,4516
2021-05-27T23:59:59+02:00,10158,9498,17648,16792,23454,25471,53520,54993,70308,71084,51869,55991,34547,45469,9659,17695,3147,3300,4747,5826,5410,8885,7581,12926,13525,14384,22858,23940,28305,37478,8753,15978,410757,157200,48027,28394,107143,29220,2229
2021-05-26T23:59:59+02:00,9710,9041,16730,15968,22321,24514,52962,54496,69933,70741,51735,55844,34487,45407,9651,17668,2960,3139,4405,5558,4985,8444,7106,12339,12573,13442,22040,22960,28042,37116,8714,15908,405254,153477,47312,28329,107100,26383,1542
2021-05-25T23:59:59+02:00,9023,8364,15488,15063,20924,23399,52546,54139,69708,70571,51673,55772,34469,45388,9648,17660,2866,3020,4218,5425,4747,8214,6815,12004,11983,12876,19940,20860,27751,36656,8688,15871,398539,147921,47069,28315,107068,24539,1159
2021-05-24T23:59:59+02:00,8925,8255,15269,14939,20648,23227,52463,54032,69672,70540,51672,55767,34468,45387,9646,17657,2814,2947,4136,5251,4660,7975,6686,11711,11857,12664,19832,20753,27708,36618,8683,15862,397436,147790,47002,28278,106984,22944,1145
2021-05-23T23:59:59+02:00,8907,8238,15227,14929,20598,23200,52456,54030,69670,70535,51671,55765,34468,45386,9646,17657,2812,2943,4129,5247,4652,7970,6683,11700,11836,12640,19693,20563,27680,36581,8681,15861,397258,147318,47002,28276,106984,22938,1139
2021-05-22T23:59:59+02:00,8902,8229,15215,14917,20591,23195,52456,54028,69668,70535,51671,55764,34468,45386,9646,17657,2807,2932,4123,5245,4650,7969,6682,11697,11825,12636,19683,20559,27679,36581,8681,15861,397205,147283,47002,28276,106984,22914,1137
2021-05-21T23:59:59+02:00,8817,8115,15082,14798,20361,23009,52242,53827,69542,70436,51649,55740,34461,45380,9641,17651,2731,2837,4035,5109,4547,7738,6557,11389,11664,12382,19630,20511,27667,36563,8680,15860,395651,147069,47000,28276,106963,21418,1137
2021-05-20T23:59:59+02:00,8494,7771,14497,14287,19132,21919,49793,51647,68493,69549,51352,55429,34369,45258,9619,17628,2449,2643,3671,4754,4115,7173,5954,10508,10544,11297,18450,19292,27244,36070,8620,15739,384785,141981,46848,27985,106663,17616,941
2021-05-19T23:59:59+02:00,8196,7518,13827,13805,17494,20621,46127,48404,67118,68324,50971,54956,34229,45071,9587,17583,2361,2407,3513,4429,3864,6637,5488,9774,9518,10167,16994,17690,26655,35270,8523,15567,370179,134965,46287,27843,106438,15122,927
2021-05-18T23:59:59+02:00,7968,7305,13272,13370,16133,19569,41605,44537,65771,67086,50497,54482,34103,44877,9551,17539,2308,2255,3378,4245,3680,6318,5125,9264,8580,9252,15453,15959,26057,34555,8447,15415,354266,128427,46229,27286,106291,13699,879
2021-05-17T23:59:59+02:00,7809,7192,12933,13118,15577,19094,39457,42720,64995,66340,50263,54216,34038,44782,9538,17511,2223,2179,3194,4070,3466,6089,4778,8862,7785,8516,12097,11848,25376,33651,8376,15283,350619,123364,41974,21241,106214,12412,776
2021-05-16T23:59:59+02:00,7736,7097,12809,12966,15405,18922,38964,42250,64820,66188,50219,54155,34031,44762,9533,17506,2155,2072,3104,3948,3384,5986,4665,8707,7592,8333,9809,9112,25034,33147,8350,15235,349154,122238,41474,15936,106183,11907,552
2021-05-15T23:59:59+02:00,7729,7087,12805,12961,15401,18917,38958,42249,64819,66186,50219,54154,34031,44762,9533,17506,2154,2071,3101,3942,3380,5982,4660,8705,7590,8330,9806,9110,25034,33147,8350,15235,349113,122208,41474,15936,106181,11904,549
2021-05-14T23:59:59+02:00,7506,6983,12569,12897,15180,18832,37929,41431,64345,65818,50143,54077,34019,44735,9531,17503,2028,1977,2994,3872,3332,5877,4608,8547,7543,8222,9806,9107,25033,33147,8350,15234,345793,122158,41444,15933,105722,11047,539
2021-05-13T23:59:59+02:00,7206,6774,12162,12640,14605,18379,34169,38419,62052,63920,49622,53497,33913,44542,9520,17459,1978,1930,2940,3797,3297,5781,4569,8441,7462,8111,9774,9055,25012,33110,8348,15231,331887,121924,41223,15909,105293,10527,476
2021-05-12T23:59:59+02:00,7185,6748,12086,12573,14489,18263,33488,37826,61587,63499,49485,53339,33878,44501,9515,17450,1978,1927,2939,3797,3294,5781,4569,8439,7460,8104,9767,9054,25012,33108,8348,15230,328934,121906,41213,15899,105289,10526,476
2021-05-11T23:59:59+02:00,6825,6596,11625,12290,13970,17872,29003,34156,59387,61620,48930,52741,33726,44293,9493,17397,1929,1788,2825,3521,3182,5405,4424,7982,7316,7827,9687,8980,24990,33072,8345,15221,314096,121680,41161,15707,104313,8753,354
2021-05-10T23:59:59+02:00,6684,6514,11468,12183,13751,17699,25451,31318,58277,60605,48609,52434,33650,44179,9481,17372,1885,1672,2744,3304,3088,5053,4309,7454,7207,7458,9659,8939,24979,33055,8344,15217,304348,121565,41000,15559,104027,6943,300
2021-05-09T23:59:59+02:00,6603,6476,11382,12120,13649,17614,23797,30091,57881,60294,48519,52345,33629,44149,9476,17367,1861,1633,2686,3191,3040,4910,4266,7325,7168,7394,9649,8928,24974,33051,8343,15217,303833,121546,37443,15517,103829,6286,287
2021-05-08T23:59:59+02:00,6602,6473,11376,12117,13645,17610,23792,30087,57872,60289,48516,52338,33624,44146,9476,17364,1860,1632,2686,3190,3040,4910,4263,7322,7167,7393,9648,8928,24973,33049,8343,15217,303768,121531,37443,15517,103829,6286,287
2021-05-07T23:59:59+02:00,6553,6431,11311,12070,13545,17530,22994,29467,57204,59724,48414,52235,33602,44121,9473,17351,1747,1579,2616,3150,3003,4882,4233,7298,7145,7363,9642,8922,24971,33049,8343,15216,300629,121503,37427,15511,103687,5863,282
2021-05-06T23:59:59+02:00,6280,6297,10776,11749,12827,17074,20716,27684,53938,56797,47388,51058,33338,43772,9432,17268,1494,1422,2398,2994,2840,4709,4080,7105,7000,7214,9577,8850,24955,33022,8340,15210,285834,121252,37257,15376,103150,4429,153
2021-05-05T23:59:59+02:00,6002,6181,10253,11501,12047,16611,18635,26020,50210,53174,45943,49356,32968,43287,9380,17167,1443,1304,2338,2878,2761,4521,3986,6867,6890,7031,9470,8763,24907,32955,8334,15195,268896,120801,37032,15334,102766,3467,41
2021-05-04T23:59:59+02:00,5898,6076,9921,11287,11595,16191,17437,24955,48508,51237,44967,48182,32653,42878,9321,17069,1427,1281,2312,2835,2724,4436,3930,6753,6819,6965,9435,8725,24889,32941,8333,15191,258662,120593,37009,15274,102486,3111,18
2021-05-03T23:59:59+02:00,5776,5978,9560,11108,11121,15915,16259,23990,46991,49636,44200,47327,32476,42586,9296,16997,1405,1249,2283,2811,2683,4371,3884,6700,6741,6912,8584,7624,23431,31014,8220,14993,249747,114829,36999,15192,102460,2874,10
2021-05-02T23:59:59+02:00,5704,5955,9449,11072,10982,15854,15561,23426,46552,49292,44085,47178,32435,42533,9289,16989,1401,1245,2269,2809,2668,4361,3865,6690,6724,6898,7929,6860,21942,29138,8181,14922,248556,114811,35389,10241,102406,2845,5
2021-05-01T23:59:59+02:00,5704,5952,9444,11067,10979,15853,15557,23422,46550,49288,44084,47178,32435,42533,9289,16989,1400,1245,2269,2809,2668,4361,3863,6690,6723,6898,7929,6859,21942,29138,8181,14922,248525,114807,35389,10241,102405,2844,5
2021-04-30T23:59:59+02:00,5651,5929,9376,11047,10928,15832,15466,23385,45012,47825,43825,46906,32404,42496,9287,16982,1170,1140,2085,2729,2573,4295,3786,6638,6660,6843,7925,6846,21941,29136,8181,14922,244564,114801,35389,10239,102393,1825,5
2021-04-29T23:59:59+02:00,5366,5835,8895,10902,10328,15659,14704,23123,39932,43309,43126,46164,32311,42401,9284,16954,970,1054,1927,2655,2491,4232,3680,6565,6596,6800,7906,6833,21939,29129,8181,14922,230942,114780,35288,10136,102058,959,5
2021-04-28T23:59:59+02:00,5173,5794,8644,10815,9971,15574,14346,22953,34959,38443,42269,45318,32204,42285,9274,16939,928,1016,1891,2614,2460,4147,3643,6455,6547,6718,7887,6820,21930,29115,8177,14916,217832,114699,35272,10087,101852,473,5
2021-04-27T23:59:59+02:00,4908,5536,8307,10353,9585,15003,13853,22312,33808,37281,42087,45129,32190,42262,9271,16937,899,999,1857,2593,2445,4129,3623,6435,6515,6694,7876,6813,21926,29110,8174,14910,215131,114643,35261,10057,98425,293,5
2021-04-26T23:59:59+02:00,4878,5506,8230,10313,9483,14953,13625,22190,29001,32443,41357,44435,32128,42179,9262,16930,864,987,1827,2578,2417,4103,3597,6414,6465,6653,7829,6761,21903,29087,8174,14903,203308,114454,35254,10013,98346,90,5
2021-04-25T23:59:59+02:00,4854,5490,8196,10288,9417,14923,13538,22146,26771,30092,40930,43986,32086,42139,9261,16925,850,979,1816,2565,2402,4088,3570,6395,6435,6621,7807,6745,21889,29068,8173,14900,202668,114431,30156,9780,98214,88,4
2021-04-24T23:59:59+02:00,4832,5475,8170,10262,9372,14908,13491,22121,25054,28218,40385,43361,32035,42082,9258,16920,849,978,1812,2563,2402,4083,3570,6393,6435,6617,7805,6744,21888,29068,8173,14900,197638,114411,30156,9779,98146,86,4
2021-04-23T23:59:59+02:00,4514,5285,7707,9968,8942,14545,12913,21719,24628,27949,40312,43307,32020,42054,9252,16915,835,968,1792,2548,2382,4067,3548,6372,6415,6598,7790,6724,21884,29059,8173,14900,197296,114396,30141,9581,94589,74,4
2021-04-22T23:59:59+02:00,4405,5209,7512,9858,8668,14344,12429,21360,21986,25183,37906,40482,31586,41501,9190,16803,820,956,1765,2519,2321,4006,3474,6308,6308,6502,7713,6637,21833,29014,8171,14890,184432,114284,29952,8878,94034,71,4
2021-04-21T23:59:59+02:00,4374,5174,7372,9772,8482,14170,12057,21042,20463,23647,34956,37078,31197,40916,9134,16693,794,938,1728,2490,2277,3981,3441,6277,6271,6462,7680,6608,21817,28995,8168,14886,172785,114180,29778,8562,93960,67,4
2021-04-20T23:59:59+02:00,4340,5139,7249,9703,8273,14006,11652,20731,19173,22266,31858,33644,30801,40420,9088,16601,787,927,1709,2479,2247,3956,3398,6223,6227,6429,7647,6563,21793,28974,8163,14883,161280,114030,29756,8306,93904,65,4
2021-04-19T23:59:59+02:00,4313,5120,7173,9661,8155,13893,11374,20529,18454,21516,31029,32594,30574,40115,9053,16537,777,921,1688,2465,2220,3925,3362,6189,6195,6398,7594,6528,21773,28951,8161,14880,156507,113899,29740,8061,93839,63,4
2021-04-18T23:59:59+02:00,4307,5113,7161,9646,8135,13876,11338,20493,18363,21432,30916,32482,30549,40093,9050,16532,775,917,1671,2453,2205,3908,3337,6159,6166,6378,7570,6516,21756,28930,8158,14878,156018,113840,29670,7871,93794,62,4
2021-04-17T23:59:59+02:00,4306,5111,7157,9645,8133,13876,11334,20485,18348,21423,30897,32470,30547,40092,9050,16532,775,916,1670,2453,2204,3907,3335,6157,6164,6377,7570,6516,21756,28930,8158,14878,155944,113830,29670,7871,93788,61,4
2021-04-16T23:59:59+02:00,4111,5061,6812,9507,7769,13689,10928,20225,17906,21167,30715,32319,30479,40012,9040,16517,762,897,1657,2438,2178,3893,3276,6118,6123,6324,7475,6418,21349,28379,8131,14821,155194,112508,29664,7669,91395,58,4
2021-04-15T23:59:59+02:00,3992,4958,6433,9132,7185,13162,10104,19325,16555,19928,29567,31057,30027,39459,8978,16364,728,872,1601,2396,2097,3809,3152,5985,5785,6079,6961,6010,20672,27505,8055,14678,149458,109197,29370,7131,87394,53,4
2021-04-14T23:59:59+02:00,3924,4894,6213,8910,6851,12789,9475,18759,15448,18858,28174,29584,29487,38679,8888,16202,690,842,1552,2358,2022,3732,3001,5853,5458,5816,6391,5492,19709,26239,7986,14532,142719,104946,29170,6678,85242,45,4
2021-04-13T23:59:59+02:00,3890,4859,6115,8827,6698,12666,9155,18491,14508,18036,24861,26033,28696,37673,8806,16055,683,832,1538,2332,1994,3696,2896,5781,5231,5618,6016,5144,19443,25937,7954,14470,131166,102869,29160,6648,85039,44,4
2021-04-12T23:59:59+02:00,3867,4831,6063,8773,6611,12584,8909,18264,13862,17449,23861,24903,28351,37200,8749,15946,673,824,1528,2323,1971,3676,2834,5727,5069,5499,5693,4860,19171,25650,7919,14420,126143,101285,29145,6504,84931,44,4
2021-04-11T23:59:59+02:00,3860,4824,6044,8749,6583,12565,8868,18238,13762,17379,23739,24768,28304,37135,8741,15925,670,818,1514,2313,1958,3668,2816,5711,5031,5456,5631,4798,19003,25424,7902,14392,125603,100624,29079,6433,84798,44,4
2021-04-10T23:59:59+02:00,3848,4823,6023,8749,6559,12564,8848,18237,13744,17377,23733,24764,28301,37135,8741,15925,667,816,1509,2308,1953,3665,2810,5703,5015,5446,5618,4780,18841,25173,7889,14370,125581,100116,28991,6399,84795,44,4
2021-04-09T23:59:59+02:00,3802,4809,5979,8739,6504,12544,8806,18212,13690,17325,21666,22211,27941,36670,8715,15887,651,799,1486,2284,1925,3648,2761,5659,4940,5390,5497,4673,18274,24442,7857,14312,124893,98358,23888,6200,84715,36,4
2021-04-08T23:59:59+02:00,3772,4789,5909,8712,6432,12498,8717,18149,13537,17202,18931,18957,27577,36199,8684,15848,601,764,1403,2198,1826,3553,2555,5462,4435,5018,4685,4013,16543,22291,7707,14046,124041,91442,18029,5629,83840,26,3
2021-04-07T23:59:59+02:00,3674,4757,5705,8667,6225,12437,8491,18079,13285,17098,16030,15615,27202,35748,8659,15802,577,729,1349,2144,1724,3464,2393,5304,3993,4688,3950,3423,15763,21476,7612,13894,123835,87175,16501,5283,77135,22,3
2021-04-06T23:59:59+02:00,3642,4746,5657,8647,6158,12412,8403,18041,13209,17022,13752,12908,26876,35399,8648,15777,541,705,1277,2085,1638,3381,2216,5167,3606,4425,3415,2978,14971,20524,7549,13793,123710,83572,16300,4679,71284,17,3
2021-04-05T23:59:59+02:00,3638,4741,5618,8634,6124,12402,8351,18020,13142,16987,13706,12862,26868,35385,8647,15776,507,667,1218,2051,1587,3341,2151,5108,3521,4351,3357,2936,14837,20355,7540,13777,123688,83093,16090,4192,71121,17,2
2021-04-04T23:59:59+02:00,3637,4740,5618,8633,6124,12402,8350,18017,13142,16987,13704,12862,26868,35385,8647,15776,507,666,1218,2051,1587,3341,2151,5108,3521,4351,3357,2936,14836,20355,7540,13777,123683,83091,16090,4192,71117,17,2
2021-04-03T23:59:59+02:00,3637,4740,5618,8632,6124,12402,8350,18017,13142,16987,13703,12860,26867,35383,8647,15776,507,665,1218,2051,1586,3341,2151,5106,3514,4348,3352,2926,14750,20217,7531,13763,123677,82815,16090,4192,71116,17,2
2021-04-02T23:59:59+02:00,3636,4737,5616,8627,6119,12393,8341,18004,13112,16956,13658,12805,26845,35372,8644,15772,503,657,1217,2047,1574,3334,2140,5082,3482,4313,3322,2896,13806,18949,7483,13682,123515,80357,16087,4111,71033,17,2
2021-04-01T23:59:59+02:00,3619,4722,5580,8608,6057,12358,8257,17968,12996,16879,13551,12682,26792,35303,8637,15761,444,608,1125,1975,1471,3250,1991,4967,3276,4170,3091,2692,11814,16359,7393,13541,123200,74826,15964,3322,70604,17,2
2021-03-31T23:59:59+02:00,3615,4706,5559,8574,6025,12322,8213,17924,12919,16802,13429,12563,26753,35255,8631,15753,405,584,1083,1932,1398,3209,1874,4853,3018,3962,2641,2391,9273,13127,7236,13334,122902,67325,15925,2977,70214,16,2
2021-03-30T23:59:59+02:00,3606,4695,5533,8545,5996,12292,8171,17881,12842,16726,13342,12438,26725,35212,8626,15744,383,563,1059,1900,1336,3171,1738,4769,2769,3783,2251,2134,8442,12062,7189,13232,122778,64061,15895,2703,69700,16,1
2021-03-29T23:59:59+02:00,3593,4688,5507,8528,5961,12260,8128,17847,12762,16648,12405,11253,25152,33126,8507,15530,376,561,1054,1882,1313,3147,1694,4723,2617,3696,1955,1978,7818,11355,7151,13167,116806,61772,15725,2700,69363,14,1
2021-03-28T23:59:59+02:00,3561,4663,5457,8497,5910,12216,8044,17794,12656,16571,11676,10415,23642,31201,8460,15451,375,559,1052,1881,1306,3144,1687,4721,2605,3688,1930,1957,7798,11343,7149,13163,116745,61645,10554,2698,68914,14,1
2021-03-27T23:59:59+01:00,3548,4658,5418,8489,5873,12202,7994,17779,12614,16519,11647,10377,23639,31195,8460,15451,375,559,1052,1881,1306,3144,1686,4718,2603,3686,1928,1956,7743,11259,7121,13123,116680,61427,10553,2698,68629,14,1
2021-03-26T23:59:59+01:00,3394,4221,4942,7334,5380,10845,7369,15614,11833,14521,11459,10200,23155,30481,8422,15388,374,555,1048,1878,1299,3140,1685,4715,2597,3680,1920,1950,7583,11043,7007,12963,115131,60745,10298,2686,59128,5,1
2021-03-25T23:59:59+01:00,3262,3872,4774,6577,5149,9654,7023,13817,11087,12878,10587,9401,22523,29707,8363,15252,369,547,1040,1867,1287,3122,1663,4677,2556,3629,1852,1886,7262,10538,6769,12605,112237,58981,9596,2683,52092,4,1
2021-03-24T23:59:59+01:00,3206,3828,4705,6507,5012,9549,6801,13641,10550,12433,9743,8572,21577,28505,8284,15101,367,541,1031,1862,1269,3111,1649,4647,2505,3575,1786,1805,6833,9975,6426,12041,108216,56750,9249,2669,50549,4,0
2021-03-23T23:59:59+01:00,3175,3789,4620,6436,4910,9454,6569,13459,10085,11993,9031,7905,21121,27964,8241,15004,354,527,1013,1853,1255,3090,1618,4623,2450,3522,1704,1742,6482,9486,6107,11533,105866,54688,8915,2668,48975,3,0
2021-03-22T23:59:59+01:00,3155,3751,4564,6396,4829,9384,6417,13311,9706,11689,8427,7348,20757,27574,8191,14923,348,522,1002,1847,1241,3073,1604,4609,2424,3495,1679,1722,6255,9181,5752,10851,104384,52939,8655,2663,47383,3,0
2021-03-21T23:59:59+01:00,3146,3735,4515,6372,4780,9346,6322,13234,9504,11489,8111,7091,20627,27438,8182,14900,348,522,1001,1847,1240,3073,1603,4608,2421,3495,1670,1716,6242,9171,5727,10799,104183,52834,8424,2646,46185,3,0
2021-03-20T23:59:59+01:00,3145,3730,4507,6366,4774,9344,6318,13227,9480,11473,8086,7062,20454,27163,8167,14876,348,522,1001,1846,1239,3073,1602,4607,2417,3486,1657,1702,6195,9086,5583,10599,103625,52339,8412,2621,46135,3,0
2021-03-19T23:59:59+01:00,3101,3699,4430,6328,4669,9297,6157,13162,9221,11276,7786,6843,19991,26596,8143,14824,348,522,1000,1844,1239,3071,1599,4605,2410,3481,1642,1693,6085,8953,5247,10073,102330,51210,8172,2599,45021,3,0
2021-03-18T23:59:59+01:00,3024,3615,4252,6187,4426,9092,5748,12831,8269,10571,6528,5784,18835,25357,8023,14619,344,518,996,1834,1222,3057,1558,4585,2339,3438,1568,1647,5890,8648,4644,9169,97444,48900,7630,2557,42087,0,0
2021-03-17T23:59:59+01:00,2989,3567,4162,6088,4285,8967,5469,12531,7558,9998,5525,4864,17578,23888,7881,14407,340,517,992,1825,1217,3047,1542,4564,2264,3410,1505,1603,5754,8418,4161,8453,92073,47112,7128,2500,40556,0,0
2021-03-16T23:59:59+01:00,2965,3535,4096,6016,4189,8871,5277,12363,7078,9607,4754,4219,16788,22962,7796,14258,336,515,989,1820,1213,3039,1535,4554,2239,3390,1477,1585,5620,8238,3750,7778,88433,45657,7094,2421,39247,0,0
2021-03-15T23:59:59+01:00,2961,3521,4079,6001,4158,8846,5226,12314,6949,9486,4605,4048,16485,22574,7774,14205,334,511,988,1814,1207,3031,1518,4542,2215,3368,1434,1571,5435,8006,3297,7074,87661,44070,7002,2275,38569,0,0
2021-03-14T23:59:59+01:00,2955,3510,4062,5982,4126,8830,5177,12279,6854,9389,4507,3943,16365,22408,7757,14174,332,510,987,1812,1201,3024,1514,4532,2202,3361,1424,1563,5428,7998,3292,7062,87344,44009,6984,2233,37990,0,0
2021-03-13T23:59:59+01:00,2951,3504,4059,5972,4119,8825,5169,12267,6833,9377,4484,3915,16051,21969,7738,14142,332,510,987,1812,1201,3024,1514,4532,2202,3361,1424,1563,5428,7997,3292,7062,86461,44008,6960,2233,37954,0,0
2021-03-12T23:59:59+01:00,2876,3412,3958,5805,3994,8597,5029,11957,6656,9133,4342,3779,15126,20701,7687,14061,332,508,985,1810,1201,3021,1511,4526,2202,3355,1416,1561,5420,7973,3290,7050,84000,43929,6898,2232,36215,0,0
2021-03-11T23:59:59+01:00,2730,3156,3740,5473,3739,8133,4668,11163,6030,8354,3826,3295,13578,18737,7605,13938,332,508,981,1806,1200,3008,1501,4509,2189,3334,1370,1532,5383,7939,3280,7024,79703,43787,6735,2109,31727,0,0
2021-03-10T23:59:59+01:00,2588,2996,3593,5238,3546,7803,4376,10654,5468,7797,3241,2855,11352,16042,7480,13739,329,504,975,1795,1195,2999,1495,4494,2164,3317,1340,1525,5353,7923,3273,7017,73399,43718,6565,1980,28804,0,0
2021-03-09T23:59:59+01:00,2557,2928,3527,5161,3433,7703,4186,10447,5055,7453,2743,2486,9901,14057,7403,13618,328,502,975,1788,1188,2991,1490,4486,2158,3307,1326,1521,5346,7920,3270,7016,68574,43683,6415,1929,27669,0,0
2021-03-08T23:59:59+01:00,2527,2854,3474,5093,3356,7621,4050,10324,4751,7255,2278,2223,8004,11644,7298,13480,328,497,974,1779,1181,2974,1484,4475,2153,3301,1317,1510,5328,7900,3265,7008,62875,43572,6079,1902,27278,0,0
2021-03-07T23:59:59+01:00,2460,2787,3374,4986,3259,7537,3944,10228,4629,7171,2226,2172,7985,11625,7298,13473,328,496,973,1779,1181,2974,1484,4475,2153,3301,1317,1510,5328,7900,3265,7008,62745,43570,5397,1902,27012,0,0
2021-03-06T23:59:59+01:00,2452,2771,3362,4980,3255,7532,3935,10219,4618,7167,2224,2171,7933,11547,7271,13433,328,496,972,1775,1180,2972,1484,4472,2149,3297,1314,1505,5324,7893,3263,7000,62536,43522,5337,1902,26997,0,0
2021-03-05T23:59:59+01:00,2303,2666,3134,4791,3021,7207,3646,9811,4299,6866,2157,2116,7695,11203,7108,13205,328,494,970,1772,1180,2971,1483,4466,2145,3290,1308,1504,5318,7886,3263,6995,61556,43471,4494,1902,25178,0,0
2021-03-04T23:59:59+01:00,2022,2410,2714,4341,2569,6558,3037,8847,3658,6156,1962,1972,7380,10754,6867,12842,326,493,969,1763,1177,2953,1483,4451,2133,3281,1299,1502,5307,7873,3256,6985,59914,43352,3218,1899,20957,0,0
2021-03-03T23:59:59+01:00,1946,2308,2605,4175,2442,6334,2892,8557,3493,5932,1883,1899,6985,10190,6571,12357,325,488,969,1752,1175,2929,1476,4424,2130,3271,1275,1490,5303,7868,3252,6977,57904,43205,3073,1899,19592,0,0
2021-03-02T23:59:59+01:00,1906,2211,2537,4061,2357,6178,2785,8373,3382,5798,1807,1832,6598,9633,6249,11804,321,481,968,1733,1172,2909,1472,4406,2128,3260,1252,1485,5293,7850,3246,6972,55796,43049,2832,1899,18883,0,0
2021-03-01T23:59:59+01:00,1891,2179,2496,3947,2309,6067,2748,8273,3332,5724,1765,1810,6368,9335,5869,11073,320,477,965,1729,1170,2898,1471,4391,2126,3245,1246,1482,5291,7848,3245,6966,53930,42971,2820,1899,18436,0,0
2021-02-28T23:59:59+01:00,1872,2135,2461,3881,2282,6006,2703,8197,3308,5685,1760,1807,6352,9323,5841,11021,320,477,964,1729,1170,2898,1471,4390,2126,3244,1246,1481,5291,7848,3245,6966,53809,42968,2818,1898,18007,0,0
2021-02-27T23:59:59+01:00,1868,2125,2459,3878,2278,6006,2702,8196,3306,5682,1755,1795,6312,9247,5701,10834,320,477,954,1724,1159,2888,1462,4384,2112,3235,1245,1478,5291,7847,3245,6966,53345,42964,2818,1823,17981,0,0
2021-02-26T23:59:59+01:00,1668,1946,2343,3634,2198,5579,2606,7674,3224,5282,1746,1778,6237,9156,5486,10501,319,474,947,1716,1151,2867,1455,4363,2100,3225,1241,1469,5284,7831,3241,6957,52593,42886,2797,1754,15668,0,0
2021-02-25T23:59:59+01:00,1432,1625,2129,3198,2026,4792,2395,6664,3005,4507,1664,1722,6092,8925,5011,9815,316,462,939,1654,1117,2766,1417,4255,2047,3158,1207,1451,5242,7782,3224,6914,50714,42422,2785,1529,11503,0,0
2021-02-24T23:59:59+01:00,1368,1382,2024,2934,1922,4447,2263,6251,2832,4268,1597,1679,5911,8626,4375,8848,313,451,897,1606,1064,2673,1361,4136,1956,3039,1175,1428,5225,7758,3217,6897,48374,42166,2775,1030,9578,0,0
2021-02-23T23:59:59+01:00,1352,1325,1989,2872,1896,4346,2239,6163,2800,4219,1590,1666,5751,8405,3858,7990,313,450,865,1572,1015,2615,1308,4061,1845,2971,1133,1407,5207,7731,3205,6862,46583,41966,2750,594,9128,0,0
2021-02-22T23:59:59+01:00,1339,1273,1939,2732,1850,4200,2180,5957,2757,4136,1580,1656,5587,8190,3380,7272,311,438,820,1531,958,2526,1213,3953,1700,2881,1059,1353,5164,7658,3181,6764,44973,41503,2731,7,8324,0,0
2021-02-21T23:59:59+01:00,1334,1251,1908,2672,1824,4105,2155,5844,2736,4090,1573,1650,5585,8180,3380,7270,308,435,816,1520,950,2498,1211,3916,1688,2844,1049,1340,5144,7631,3161,6725,44923,41229,2720,7,7914,0,0
2021-02-20T23:59:59+01:00,1334,1251,1908,2672,1823,4105,2155,5844,2734,4084,1564,1643,5580,8174,3378,7267,308,435,816,1518,949,2495,1210,3911,1687,2843,1049,1340,5084,7559,3123,6680,44909,41001,2694,6,7913,0,0
2021-02-19T23:59:59+01:00,1334,1248,1905,2665,1822,4098,2154,5835,2731,4080,1544,1633,5566,8158,3376,7261,306,433,812,1509,940,2468,1205,3868,1656,2793,1020,1302,4872,7265,2974,6424,44828,39841,2673,6,7909,0,0
2021-02-18T23:59:59+01:00,1301,1150,1867,2545,1782,3960,2091,5613,2677,3936,1532,1620,5553,8121,3372,7238,276,393,764,1383,890,2258,1122,3518,1535,2523,907,1104,4338,6414,2626,5655,44679,35700,2640,6,7039,0,0
2021-02-17T23:59:59+01:00,1246,989,1786,2325,1702,3649,1985,5231,2604,3738,1514,1611,5530,8107,3364,7234,270,385,755,1370,879,2234,1109,3482,1518,2505,900,1101,3911,5816,2382,5308,44638,33919,2581,6,5396,0,0
2021-02-16T23:59:59+01:00,1202,944,1726,2215,1634,3472,1916,5030,2527,3647,1477,1595,5505,8086,3357,7223,263,377,737,1332,861,2180,1073,3361,1485,2433,877,1079,3498,5190,2103,4898,44585,31742,2415,5,4556,0,0
2021-02-15T23:59:59+01:00,1193,920,1709,2139,1615,3375,1895,4917,2508,3576,1452,1584,5468,8062,3334,7176,250,364,720,1296,843,2131,1052,3293,1446,2370,846,1050,3033,4559,1818,4415,44457,29482,2328,4,4138,0,0
2021-02-14T23:59:59+01:00,1091,876,1637,2114,1553,3355,1852,4896,2474,3564,1444,1580,5462,8051,3331,7172,243,352,708,1276,827,2097,1035,3219,1412,2307,815,1001,2936,4414,1758,4237,44416,28633,2292,4,3744,0,0
2021-02-13T23:59:59+01:00,1028,848,1616,2093,1536,3348,1839,4890,2466,3563,1443,1579,5462,8051,3330,7171,240,351,707,1276,827,2093,1035,3218,1410,2305,815,1001,2823,4277,1704,4151,44410,28229,2292,4,3561,0,0
2021-02-12T23:59:59+01:00,647,684,1291,1979,1382,3249,1701,4804,2362,3504,1429,1573,5452,8040,3325,7166,227,343,696,1251,811,2046,1011,3131,1349,2209,758,929,2573,3928,1588,3885,44297,26732,2292,3,1999,0,0
2021-02-11T23:59:59+01:00,452,589,1122,1876,1280,3130,1609,4689,2267,3422,1325,1529,5394,7993,3307,7120,183,269,592,989,673,1585,806,2432,1063,1669,537,689,1911,2932,1162,2801,43945,20292,2094,1,1065,0,0
2021-02-10T23:59:59+01:00,328,497,987,1783,1195,2994,1507,4504,2163,3320,1290,1514,5375,7984,3303,7119,157,179,408,628,506,1070,634,1814,906,1399,522,675,1448,2304,906,2376,43871,15932,1988,0,4,0,0
2021-02-09T23:59:59+01:00,328,494,986,1778,1192,2986,1507,4499,2162,3315,1283,1511,5373,7982,3302,7117,154,174,398,601,486,1041,615,1784,883,1372,520,672,1019,1780,677,2033,43847,14209,1965,0,3,0,0
2021-02-08T23:59:59+01:00,328,492,985,1775,1189,2977,1501,4493,2160,3310,1278,1508,5371,7982,3302,7115,147,167,388,589,476,1023,604,1751,864,1350,515,667,570,1210,433,1687,43822,12441,1941,0,3,0,0
2021-02-07T23:59:59+01:00,328,492,983,1775,1188,2977,1499,4491,2160,3310,1278,1508,5371,7981,3302,7115,143,162,383,584,476,1016,600,1738,854,1335,509,664,569,1197,428,1675,43818,12333,1940,0,0,0,0
2021-02-06T23:59:59+01:00,328,492,983,1775,1188,2977,1499,4491,2160,3310,1278,1508,5371,7981,3302,7115,139,158,381,582,476,1015,600,1736,853,1333,509,664,569,1197,428,1675,43818,12315,1940,0,0,0,0
2021-02-05T23:59:59+01:00,328,491,982,1775,1188,2976,1497,4490,2159,3310,1278,1508,5370,7978,3302,7113,137,149,378,578,468,1003,596,1722,838,1314,505,654,562,1181,420,1652,43805,12157,1940,0,0,0,0
2021-02-04T23:59:59+01:00,323,482,976,1736,1183,2931,1494,4433,2147,3275,1270,1502,5341,7945,3291,7087,105,99,251,393,348,750,465,1309,631,992,388,529,480,982,366,1418,43477,9506,1939,0,0,0,0
2021-02-03T23:59:59+01:00,320,471,970,1713,1180,2892,1484,4384,2139,3241,1260,1489,5316,7913,3282,7062,60,48,87,164,161,368,225,605,309,495,210,290,278,628,221,895,43177,5044,1939,0,0,0,0
2021-02-02T23:59:59+01:00,319,469,968,1699,1177,2871,1480,4353,2132,3216,1252,1483,5309,7899,3275,7041,18,15,28,48,60,108,74,161,96,114,45,74,66,146,49,179,43004,1281,1939,0,0,0,0
2021-02-01T23:59:59+01:00,319,465,968,1697,1176,2870,1479,4346,2131,3212,1251,1483,5309,7899,3275,7041,15,14,25,41,50,98,60,133,73,96,40,64,57,138,47,165,42982,1116,1939,0,0,0,0
2021-01-31T23:59:59+01:00,319,462,968,1695,1175,2866,1479,4340,2131,3210,1250,1482,5309,7899,3275,7041,14,12,23,39,43,87,52,123,63,92,38,53,46,130,45,158,42962,1018,1939,0,0,0,0
2021-01-30T23:59:59+01:00,319,462,963,1691,1166,2858,1472,4334,2127,3208,1250,1482,5249,7827,3237,6996,14,12,23,38,43,87,51,122,63,92,38,53,46,130,45,158,42736,1015,1905,0,0,0,0
2021-01-29T23:59:59+01:00,317,461,949,1680,1154,2837,1460,4303,2105,3184,1244,1476,5061,7586,3099,6828,12,12,23,38,40,87,50,119,60,92,36,48,45,130,45,158,41948,995,1796,0,0,0,0
2021-01-28T23:59:59+01:00,312,437,928,1600,1112,2721,1420,4209,2038,3110,1220,1468,4684,7050,2871,6536,8,6,10,17,22,42,19,58,36,59,20,32,35,87,33,104,40165,588,1551,0,0,0,0
2021-01-27T23:59:59+01:00,305,427,883,1545,1060,2623,1360,4115,1964,3009,1185,1441,4222,6406,2605,6156,4,5,9,7,14,24,5,21,15,25,11,15,16,46,13,53,38203,283,1103,0,0,0,0
2021-01-26T23:59:59+01:00,298,416,843,1491,997,2535,1295,3985,1842,2915,1136,1393,3817,5774,2314,5721,2,2,4,2,6,6,3,3,2,6,7,5,4,8,3,8,36116,71,656,0,0,0,0
2021-01-25T23:59:59+01:00,287,405,789,1427,934,2414,1187,3836,1681,2809,1073,1365,3382,5184,2044,5335,2,2,4,1,4,6,1,3,2,6,7,5,4,8,3,8,34095,66,57,0,0,0,0
2021-01-24T23:59:59+01:00,284,405,781,1421,924,2398,1183,3820,1652,2780,1070,1364,3351,5148,2031,5314,2,2,2,1,4,6,1,3,2,6,7,5,4,8,3,8,33920,64,6,0,0,0,0
2021-01-23T23:59:59+01:00,282,404,781,1421,924,2394,1182,3819,1648,2778,1070,1364,3235,5010,1975,5226,2,2,2,1,3,6,1,3,2,6,7,5,4,8,3,8,33508,63,5,0,0,0,0
2021-01-22T23:59:59+01:00,280,400,780,1407,922,2381,1176,3805,1644,2775,1068,1363,3052,4790,1895,5108,2,2,2,1,3,6,1,3,2,6,7,5,4,8,3,8,32841,63,5,0,0,0,0
2021-01-21T23:59:59+01:00,271,361,715,1241,855,2167,1095,3515,1547,2592,1029,1327,2652,4250,1656,4740,2,1,2,0,3,6,1,3,2,6,7,4,4,8,3,8,30008,60,5,0,0,0,0
2021-01-20T23:59:59+01:00,244,271,542,882,682,1656,884,2801,1322,2186,942,1189,2052,3418,1317,4064,2,1,2,0,3,6,1,3,2,5,6,4,4,8,3,8,24447,58,5,0,0,0,0
2021-01-19T23:59:59+01:00,213,246,492,774,625,1486,795,2477,1144,1897,776,932,1350,2389,923,3102,0,1,1,0,0,0,0,0,1,1,1,0,0,1,0,0,19619,6,2,0,0,0,0
2021-01-18T23:59:59+01:00,161,182,406,638,501,1112,647,1903,940,1456,572,716,638,1344,485,1892,0,0,0,0,0,0,0,0,0,0,0,0,0,1,0,0,13592,1,1,0,0,0,0
2021-01-17T23:59:59+01:00,149,165,392,601,486,1042,616,1781,879,1361,525,678,592,1245,446,1749,0,0,0,0,0,0,0,0,0,0,0,0,0,0,0,0,12707,0,0,0,0,0,0
2021-01-16T23:59:59+01:00,141,160,390,596,484,1032,610,1769,872,1354,525,678,591,1240,442,1736,0,0,0,0,0,0,0,0,0,0,0,0,0,0,0,0,12620,0,0,0,0,0,0
2021-01-15T23:59:59+01:00,138,152,387,590,476,1018,606,1754,856,1334,520,666,583,1223,436,1713,0,0,0,0,0,0,0,0,0,0,0,0,0,0,0,0,12452,0,0,0,0,0,0
2021-01-14T23:59:59+01:00,116,121,296,474,404,847,506,1462,699,1078,412,541,507,1042,386,1537,0,0,0,0,0,0,0,0,0,0,0,0,0,0,0,0,10428,0,0,0,0,0,0
2021-01-13T23:59:59+01:00,75,74,180,286,264,552,354,948,467,698,253,334,318,697,251,972,0,0,0,0,0,0,0,0,0,0,0,0,0,0,0,0,6723,0,0,0,0,0,0
2021-01-12T23:59:59+01:00,35,30,54,101,117,233,146,391,200,301,138,183,166,401,144,535,0,0,0,0,0,0,0,0,0,0,0,0,0,0,0,0,3175,0,0,0,0,0,0
2021-01-11T23:59:59+01:00,22,17,36,62,58,120,74,166,91,116,40,64,59,143,48,166,0,0,0,0,0,0,0,0,0,0,0,0,0,0,0,0,1282,0,0,0,0,0,0
2021-01-10T23:59:59+01:00,18,12,31,52,50,108,63,148,73,106,37,54,49,133,44,157,0,0,0,0,0,0,0,0,0,0,0,0,0,0,0,0,1135,0,0,0,0,0,0
2021-01-09T23:59:59+01:00,17,12,30,50,49,106,60,147,73,105,37,54,49,133,44,157,0,0,0,0,0,0,0,0,0,0,0,0,0,0,0,0,1123,0,0,0,0,0,0
2021-01-08T23:59:59+01:00,14,12,28,48,44,98,55,136,68,102,35,49,48,133,44,157,0,0,0,0,0,0,0,0,0,0,0,0,0,0,0,0,1071,0,0,0,0,0,0
2021-01-07T23:59:59+01:00,8,6,9,18,21,41,19,59,37,61,21,34,37,92,33,103,0,0,0,0,0,0,0,0,0,0,0,0,0,0,0,0,599,0,0,0,0,0,0
2021-01-06T23:59:59+01:00,8,6,8,14,16,30,13,43,25,48,16,24,31,81,31,92,0,0,0,0,0,0,0,0,0,0,0,0,0,0,0,0,486,0,0,0,0,0,0
2021-01-05T23:59:59+01:00,8,6,8,14,16,30,13,43,25,48,16,24,30,81,31,92,0,0,0,0,0,0,0,0,0,0,0,0,0,0,0,0,485,0,0,0,0,0,0
2021-01-04T23:59:59+01:00,3,5,6,4,6,13,1,8,6,14,6,6,6,16,4,13,0,0,0,0,0,0,0,0,0,0,0,0,0,0,0,0,117,0,0,0,0,0,0
2021-01-03T23:59:59+01:00,2,2,1,1,3,6,1,4,2,7,5,4,3,9,3,8,0,0,0,0,0,0,0,0,0,0,0,0,0,0,0,0,61,0,0,0,0,0,0
2021-01-02T23:59:59+01:00,2,2,1,1,3,6,1,4,2,7,5,4,3,9,3,8,0,0,0,0,0,0,0,0,0,0,0,0,0,0,0,0,61,0,0,0,0,0,0
2021-01-01T23:59:59+01:00,2,2,1,1,3,6,1,4,2,7,5,4,3,9,3,8,0,0,0,0,0,0,0,0,0,0,0,0,0,0,0,0,61,0,0,0,0,0,0
2020-12-31T23:59:59+01:00,2,2,1,0,3,6,1,3,2,6,5,4,3,9,3,8,0,0,0,0,0,0,0,0,0,0,0,0,0,0,0,0,58,0,0,0,0,0,0
2020-12-30T23:59:59+01:00,2,2,1,0,3,6,1,3,2,5,5,4,3,9,3,8,0,0,0,0,0,0,0,0,0,0,0,0,0,0,0,0,57,0,0,0,0,0,0
2020-12-29T23:59:59+01:00,2,2,0,0,3,5,1,3,2,5,3,2,2,9,2,7,0,0,0,0,0,0,0,0,0,0,0,0,0,0,0,0,48,0,0,0,0,0,0
2020-12-28T23:59:59+01:00,1,1,0,0,1,1,0,0,0,3,0,1,0,2,1,4,0,0,0,0,0,0,0,0,0,0,0,0,0,0,0,0,15,0,0,0,0,0,0
2020-12-27T23:59:59+01:00,0,0,0,0,1,1,0,0,0,2,0,1,0,1,1,4,0,0,0,0,0,0,0,0,0,0,0,0,0,0,0,0,11,0,0,0,0,0,0
