Datum,<15_1_m,<15_1_w,15-24_1_m,15-24_1_w,25-34_1_m,25-34_1_w,35-44_1_m,35-44_1_w,45-54_1_m,45-54_1_w,55-64_1_m,55-64_1_w,65-74_1_m,65-74_1_w,75-84_1_m,75-84_1_w,>84_1_m,>84_1_w,<15_2_m,<15_2_w,15-24_2_m,15-24_2_w,25-34_2_m,25-34_2_w,35-44_2_m,35-44_2_w,45-54_2_m,45-54_2_w,55-64_2_m,55-64_2_w,65-74_2_m,65-74_2_w,75-84_2_m,75-84_2_w,>84_2_m,>84_2_w,bp_1,bp_2,mo_1,mo_2,az_1,az_2,ja,unb_1,unb_2
2021-11-09T23:59:59+01:00,6768,6566,48513,45987,63020,54399,65793,61483,76658,74410,89818,87304,61070,65294,39885,51274,12655,22772,5438,5267,42527,40777,56590,48697,60421,56277,71257,69007,85204,83041,59122,63052,38674,49639,12159,21829,698970,643637,79893,76360,109713,103832,45088,47,61
2021-11-08T23:59:59+01:00,6690,6486,47990,45611,62498,53996,65403,61156,76345,74141,89619,87125,61008,65252,39861,51246,12652,22758,5416,5251,42437,40664,56474,48615,60349,56209,71183,68936,85154,82983,59088,63017,38664,49619,12155,21815,695433,642893,79772,76330,109713,103831,44914,47,61
2021-11-07T23:59:59+01:00,6647,6441,47723,45394,62215,53750,65175,60982,76145,73972,89509,87019,60972,65212,39853,51226,12650,22750,5406,5231,42376,40614,56402,48557,60292,56158,71128,68885,85119,82950,59068,63001,38653,49608,12153,21809,693395,642403,79732,76325,109713,103831,44790,47,61
2021-11-06T23:59:59+01:00,6635,6423,47689,45357,62157,53705,65142,60958,76120,73948,89491,87008,60972,65212,39853,51225,12650,22749,5403,5231,42372,40608,56389,48548,60287,56152,71124,68881,85113,82948,59068,63001,38653,49608,12153,21809,693060,642344,79728,76324,109713,103831,44788,47,61
2021-11-05T23:59:59+01:00,6589,6371,47536,45226,61979,53561,65001,60851,76009,73847,89412,86953,60965,65197,39853,51219,12650,22743,5386,5215,42323,40575,56331,48502,60248,56112,71082,68849,85090,82932,59060,62993,38646,49604,12152,21807,691876,642045,79722,76321,109709,103831,44649,47,61
2021-11-04T23:59:59+01:00,6439,6236,46984,44753,61427,53072,64540,60470,75662,73542,89212,86815,60932,65137,39831,51198,12643,22735,5315,5128,42144,40374,56161,48310,60098,55967,70962,68725,84982,82850,59023,62954,38630,49558,12147,21800,687828,640517,79666,76301,109709,103830,44419,47,61
2021-11-03T23:59:59+01:00,6360,6148,46561,44396,60879,52700,64174,60164,75355,73297,89015,86670,60901,65092,39818,51176,12638,22721,5279,5071,41980,40229,55951,48137,59977,55835,70848,68612,84901,82775,58987,62918,38611,49531,12142,21784,684489,639151,79610,76278,109709,103827,44251,47,61
2021-11-02T23:59:59+01:00,6308,6093,46294,44184,60512,52463,63884,59995,75151,73162,88896,86588,60884,65062,39807,51157,12633,22713,5255,5047,41873,40148,55856,48054,59890,55773,70777,68544,84850,82725,58964,62891,38598,49516,12135,21771,682388,638408,79583,76272,109709,103827,44099,47,61
2021-11-01T23:59:59+01:00,6253,6039,46076,43999,60259,52294,63648,59823,74979,73048,88809,86532,60872,65046,39797,51151,12631,22710,5230,5021,41806,40081,55763,47977,59791,55724,70704,68496,84800,82693,58956,62875,38590,49501,12130,21757,680848,637902,79572,76270,109703,103826,43836,47,61
2021-10-31T23:59:59+01:00,6248,6039,46072,43996,60254,52290,63644,59820,74978,73045,88808,86530,60872,65046,39797,51151,12631,22710,5228,5019,41806,40079,55763,47976,59790,55724,70703,68496,84800,82693,58956,62875,38590,49500,12130,21756,680814,637892,79572,76270,109703,103826,43835,47,61
2021-10-30T23:59:59+02:00,6248,6039,46072,43995,60252,52286,63644,59820,74976,73044,88807,86530,60872,65046,39797,51151,12631,22710,5228,5019,41806,40079,55762,47971,59789,55723,70703,68496,84800,82693,58956,62875,38589,49498,12130,21756,680804,637884,79572,76268,109703,103826,43834,47,61
2021-10-29T23:59:59+02:00,6222,6009,45944,43877,60036,52132,63451,59703,74838,72929,88714,86494,60863,65041,39786,51142,12629,22704,5208,5006,41748,40025,55684,47905,59706,55679,70645,68447,84770,82676,58950,62870,38587,49495,12129,21754,679711,637584,79543,76263,109703,103826,43550,47,61
2021-10-28T23:59:59+02:00,6150,5942,45678,43648,59705,51932,63190,59512,74618,72791,88594,86411,60833,65021,39778,51131,12628,22700,5180,4957,41634,39921,55533,47804,59591,55602,70551,68369,84700,82626,58932,62849,38571,49478,12123,21741,677742,636724,79509,76251,109703,103825,43301,47,61
2021-10-27T23:59:59+02:00,6079,5875,45446,43451,59430,51722,63015,59348,74465,72667,88499,86335,60816,65001,39776,51119,12624,22695,5141,4911,41455,39765,55376,47652,59489,55484,70455,68287,84649,82551,58908,62824,38549,49453,12118,21731,676013,635522,79489,76238,109702,103825,43152,47,61
2021-10-26T23:59:59+02:00,5976,5780,45142,43191,59080,51491,62793,59157,74274,72516,88402,86248,60799,64969,39770,51107,12618,22690,5065,4833,41256,39551,55200,47476,59364,55368,70372,68175,84567,82480,58878,62786,38528,49424,12116,21718,673849,634072,79475,76228,109701,103825,42971,47,61
2021-10-25T23:59:59+02:00,5970,5774,45114,43173,59041,51469,62770,59146,74249,72503,88387,86233,60798,64967,39768,51107,12618,22690,5061,4833,41245,39549,55182,47469,59349,55366,70364,68166,84562,82472,58878,62783,38527,49424,12116,21718,673673,634028,79474,76228,109701,103825,42922,47,61
2021-10-24T23:59:59+02:00,5943,5751,45020,43108,58922,51380,62679,59079,74162,72450,88341,86203,60790,64956,39765,51100,12616,22687,5052,4822,41188,39505,55112,47416,59301,55325,70330,68135,84537,82450,58866,62770,38521,49418,12115,21717,673003,633702,79467,76219,109701,103825,42773,47,61
2021-10-23T23:59:59+02:00,5943,5751,45020,43108,58922,51379,62679,59078,74162,72450,88341,86203,60790,64956,39765,51100,12616,22687,5052,4822,41188,39505,55111,47416,59301,55325,70330,68135,84537,82450,58866,62770,38521,49418,12115,21717,673001,633701,79467,76219,109701,103825,42773,47,61
2021-10-22T23:59:59+02:00,5919,5719,44925,43040,58815,51291,62568,58999,74087,72385,88291,86175,60790,64952,39763,51098,12614,22687,5034,4803,41119,39451,55056,47363,59240,55280,70300,68100,84499,82438,58859,62765,38516,49411,12114,21717,672346,633358,79456,76217,109701,103823,42606,47,61
2021-10-21T23:59:59+02:00,5858,5677,44777,42916,58650,51155,62414,58881,73966,72294,88203,86122,60772,64938,39752,51081,12610,22680,4986,4765,40995,39318,54945,47248,59138,55155,70215,68028,84439,82391,58837,62731,38499,49393,12109,21708,671133,632346,79438,76205,109701,103823,42465,47,61
2021-10-20T23:59:59+02:00,5822,5625,44639,42785,58477,51002,62291,58784,73865,72220,88156,86076,60763,64921,39734,51065,12605,22668,4936,4693,40845,39159,54780,47089,59018,55013,70125,67931,84365,82327,58800,62694,38481,49371,12106,21697,670003,630990,79415,76186,109700,103823,42370,47,61
2021-10-19T23:59:59+02:00,5794,5586,44514,42679,58342,50899,62220,58713,73822,72152,88114,86044,60739,64904,39717,51050,12598,22656,4872,4636,40642,38975,54612,46924,58915,54870,70040,67835,84300,82267,58760,62651,38465,49350,12104,21675,669121,629529,79406,76175,109700,103822,42306,47,61
2021-10-18T23:59:59+02:00,5776,5573,44458,42617,58283,50846,62189,58674,73793,72118,88092,86031,60721,64889,39714,51041,12596,22651,4857,4622,40586,38926,54559,46862,58882,54819,70004,67793,84265,82238,58742,62636,38458,49333,12101,21665,668705,629058,79404,76166,109700,103820,42243,47,61
2021-10-17T23:59:59+02:00,5764,5554,44422,42596,58251,50818,62158,58650,73775,72099,88070,86015,60714,64885,39708,51032,12594,22642,4839,4599,40546,38897,54537,46826,58858,54792,69986,67776,84245,82219,58732,62627,38456,49329,12100,21660,668424,628765,79396,76161,109700,103820,42217,47,61
2021-10-16T23:59:59+02:00,5762,5552,44422,42596,58251,50816,62158,58650,73775,72099,88070,86015,60714,64885,39708,51032,12594,22642,4839,4598,40545,38895,54537,46824,58858,54792,69986,67776,84245,82219,58732,62627,38456,49329,12100,21660,668418,628760,79396,76160,109700,103820,42217,47,61
2021-10-15T23:59:59+02:00,5747,5532,44363,42545,58195,50768,62113,58620,73738,72061,88040,85990,60701,64882,39703,51027,12591,22639,4817,4577,40489,38844,54494,46791,58818,54750,69952,67746,84217,82201,58727,62622,38447,49326,12099,21656,668020,628399,79394,76160,109698,103820,42133,47,61
2021-10-14T23:59:59+02:00,5701,5501,44287,42456,58120,50675,62043,58551,73677,71999,87979,85954,60688,64863,39691,51009,12584,22625,4770,4518,40383,38707,54430,46713,58737,54656,69878,67667,84179,82161,58693,62600,38440,49309,12096,21647,667289,627541,79385,76143,109698,103818,42021,47,61
2021-10-13T23:59:59+02:00,5660,5438,44184,42341,58011,50573,61968,58465,73621,71931,87930,85912,60670,64836,39683,50998,12581,22616,4682,4448,40199,38471,54281,46483,58611,54484,69792,67539,84092,82084,58663,62562,38420,49269,12091,21633,666373,625840,79372,76120,109698,103818,41965,47,61
2021-10-12T23:59:59+02:00,5621,5408,44057,42217,57893,50455,61882,58381,73534,71867,87869,85866,60646,64804,39677,50981,12577,22603,4630,4382,39957,38243,54069,46286,58461,54334,69698,67427,84012,82013,58629,62518,38399,49239,12082,21620,665377,624115,79367,76118,109697,103818,41887,47,61
2021-10-11T23:59:59+02:00,5603,5394,44012,42163,57841,50394,61843,58339,73494,71834,87840,85842,60631,64791,39670,50967,12571,22591,4612,4367,39910,38196,54014,46236,58415,54289,69668,67390,83989,81979,58608,62494,38386,49212,12074,21598,664904,623597,79360,76113,109697,103817,41849,47,61
2021-10-10T23:59:59+02:00,5589,5381,43985,42134,57806,50369,61810,58311,73473,71814,87825,85830,60623,64786,39669,50963,12570,22588,4603,4357,39879,38172,53976,46202,58381,54267,69644,67373,83975,81967,58603,62487,38380,49206,12072,21596,664661,623352,79355,76108,109697,103816,41803,47,61
2021-10-09T23:59:59+02:00,5588,5380,43984,42129,57806,50369,61808,58311,73473,71814,87825,85830,60623,64786,39669,50963,12570,22588,4602,4357,39877,38170,53975,46202,58379,54267,69644,67373,83975,81967,58602,62487,38380,49206,12072,21596,664653,623347,79355,76108,109697,103814,41801,47,61
2021-10-08T23:59:59+02:00,5561,5359,43935,42081,57752,50312,61757,58276,73426,71787,87801,85818,60615,64777,39663,50954,12568,22585,4590,4335,39842,38130,53946,46168,58343,54225,69609,67352,83958,81954,58598,62475,38377,49202,12071,21594,664248,623071,79354,76105,109697,103814,41718,47,61
2021-10-07T23:59:59+02:00,5497,5281,43786,41945,57627,50184,61666,58190,73348,71712,87746,85780,60602,64753,39653,50944,12565,22577,4499,4241,39652,37903,53804,45975,58216,54062,69504,67243,83903,81892,58569,62431,38356,49186,12064,21586,663190,621499,79338,76091,109697,103814,41621,47,61
2021-10-06T23:59:59+02:00,5471,5240,43646,41831,57512,50096,61586,58098,73281,71645,87687,85736,60586,64728,39640,50919,12562,22560,4438,4187,39488,37725,53672,45821,58113,53925,69413,67134,83839,81818,58534,62391,38341,49160,12062,21568,662263,620132,79319,76088,109696,103814,41534,47,61
2021-10-05T23:59:59+02:00,5431,5202,43516,41689,57399,49960,61468,58019,73210,71580,87635,85677,60567,64708,39629,50901,12558,22542,4391,4139,39357,37578,53555,45693,58017,53803,69313,67056,83780,81758,58509,62359,38323,49135,12056,21564,661216,618978,79313,76080,109696,103813,41454,47,61
2021-10-04T23:59:59+02:00,5402,5189,43438,41619,57330,49885,61421,57979,73157,71534,87601,85652,60548,64689,39624,50893,12554,22530,4372,4120,39285,37526,53487,45631,57980,53755,69276,67003,83751,81731,58483,62339,38313,49125,12054,21561,660664,618500,79309,76058,109696,103809,41364,47,61
2021-10-03T23:59:59+02:00,5392,5173,43407,41582,57278,49850,61386,57944,73128,71508,87577,85628,60537,64680,39614,50885,12551,22519,4364,4110,39254,37494,53456,45612,57954,53725,69256,66983,83730,81713,58472,62325,38307,49124,12053,21556,660338,618275,79307,76057,109696,103809,41286,47,61
2021-10-02T23:59:59+02:00,5392,5173,43406,41581,57275,49849,61386,57943,73128,71507,87577,85628,60537,64680,39614,50885,12551,22519,4364,4110,39254,37494,53456,45612,57954,53725,69256,66983,83730,81713,58472,62325,38307,49124,12053,21556,660332,618275,79305,76057,109696,103809,41286,47,61
2021-10-01T23:59:59+02:00,5379,5152,43331,41515,57207,49785,61324,57908,73077,71469,87539,85597,60522,64670,39609,50877,12551,22519,4347,4098,39199,37440,53408,45583,57914,53687,69221,66957,83706,81690,58465,62324,38304,49122,12053,21555,659853,617982,79304,76056,109696,103808,41166,47,61
2021-09-30T23:59:59+02:00,5307,5072,43153,41325,57046,49616,61201,57766,72982,71360,87467,85549,60499,64631,39591,50857,12547,22511,4228,3969,38966,37170,53248,45392,57774,53516,69119,66837,83629,81617,58448,62287,38288,49096,12047,21552,658546,616327,79291,76055,109696,103805,40935,47,61
2021-09-29T23:59:59+02:00,5271,5036,43008,41175,56900,49482,61105,57665,72897,71272,87408,85499,60474,64608,39575,50838,12543,22502,4144,3910,38777,36946,53106,45243,57682,53389,69025,66728,83563,81532,58405,62261,38276,49080,12044,21542,657512,614966,79266,76050,109696,103804,40772,47,61
2021-09-28T23:59:59+02:00,5229,4992,42800,41017,56753,49345,61001,57558,72815,71183,87348,85431,60445,64584,39561,50817,12536,22481,4085,3857,38582,36759,52964,45106,57582,53276,68942,66642,83487,81461,58377,62230,38260,49060,12042,21535,656320,613725,79258,76049,109695,103801,40611,47,61
2021-09-27T23:59:59+02:00,5197,4970,42708,40938,56657,49261,60915,57479,72752,71129,87299,85390,60422,64557,39539,50795,12527,22448,4071,3841,38496,36700,52882,45055,57509,53222,68905,66599,83444,81426,58354,62208,38250,49045,12039,21524,655660,613331,79251,76018,109695,103795,40365,47,61
2021-09-26T23:59:59+02:00,5184,4944,42662,40904,56626,49226,60897,57455,72728,71109,87285,85368,60414,64550,39535,50790,12526,22447,4061,3834,38474,36683,52847,45026,57486,53205,68883,66576,83425,81412,58348,62200,38245,49041,12039,21524,655414,613156,79245,76013,109695,103795,40284,47,61
2021-09-25T23:59:59+02:00,5184,4943,42658,40902,56626,49225,60897,57454,72727,71107,87285,85368,60414,64550,39535,50790,12526,22447,4061,3834,38471,36680,52846,45026,57486,53203,68882,66574,83425,81412,58347,62199,38245,49041,12039,21524,655408,613146,79243,76013,109695,103795,40280,47,61
2021-09-24T23:59:59+02:00,5165,4932,42571,40820,56561,49160,60831,57399,72666,71047,87246,85329,60402,64541,39530,50786,12525,22445,4056,3826,38412,36629,52797,44981,57435,53161,68836,66518,83391,81388,58336,62193,38242,49038,12038,21522,655061,612985,79239,76010,109695,103795,39948,47,61
2021-09-23T23:59:59+02:00,5092,4831,42300,40549,56333,48949,60660,57196,72512,70910,87114,85236,60349,64499,39512,50748,12519,22416,3978,3739,38173,36450,52605,44816,57284,53021,68704,66408,83291,81303,58299,62154,38229,49012,12031,21505,653466,611824,79226,75999,109694,103793,39325,47,61
2021-09-22T23:59:59+02:00,5053,4776,42146,40365,56156,48768,60512,57040,72402,70774,87022,85156,60314,64450,39492,50711,12516,22400,3937,3689,38035,36304,52445,44681,57156,52895,68626,66309,83201,81221,58265,62119,38211,48991,12028,21495,652163,610790,79212,75995,109693,103791,38971,47,61
2021-09-21T23:59:59+02:00,5017,4720,41946,40119,55930,48544,60347,56891,72309,70653,86933,85074,60275,64406,39475,50671,12507,22386,3890,3655,37873,36158,52293,44540,57035,52798,68557,66229,83125,81157,58236,62095,38187,48969,12022,21482,650588,609758,79211,75995,109693,103790,38697,47,61
2021-09-20T23:59:59+02:00,4991,4698,41838,40037,55799,48449,60244,56807,72231,70588,86875,85019,60250,64386,39462,50651,12501,22367,3882,3642,37790,36085,52177,44465,56952,52738,68495,66178,83074,81114,58213,62077,38177,48942,12019,21477,649879,609310,79201,75943,109693,103777,38406,47,61
2021-09-19T23:59:59+02:00,4986,4694,41793,40009,55724,48402,60194,56766,72190,70575,86848,85005,60243,64377,39461,50643,12501,22365,3872,3639,37758,36062,52132,44447,56918,52727,68459,66162,83051,81095,58205,62071,38174,48938,12019,21475,649620,609173,79199,75941,109690,103776,38253,47,61
2021-09-18T23:59:59+02:00,4984,4692,41781,40004,55706,48388,60175,56756,72178,70563,86838,85001,60238,64374,39460,50643,12501,22364,3871,3639,37754,36059,52116,44442,56905,52717,68450,66154,83041,81091,58200,62068,38172,48937,12019,21475,649567,609156,79198,75941,109690,103776,38176,47,61
2021-09-17T23:59:59+02:00,4930,4641,41632,39884,55590,48241,60033,56632,72042,70448,86769,84928,60202,64352,39451,50637,12498,22358,3839,3612,37647,35972,52020,44325,56814,52624,68342,66076,82981,81033,58169,62051,38165,48929,12017,21471,648736,608681,79197,75941,109690,103776,37628,47,61
2021-09-16T23:59:59+02:00,4833,4540,41351,39611,55334,47955,59798,56360,71851,70270,86640,84796,60150,64295,39428,50614,12487,22343,3734,3509,37369,35753,51815,44089,56631,52420,68196,65929,82871,80934,58116,62016,38147,48905,12008,21460,646815,607197,79193,75935,109683,103761,36948,47,61
2021-09-15T23:59:59+02:00,4768,4475,41116,39357,55095,47672,59583,56141,71694,70127,86520,84691,60107,64239,39400,50584,12478,22319,3674,3461,37163,35567,51641,43879,56492,52276,68088,65828,82775,80832,58070,61983,38123,48880,12006,21446,645022,605979,79191,75932,109683,103761,36451,47,61
2021-09-14T23:59:59+02:00,4740,4445,40993,39231,54967,47581,59494,56025,71595,70032,86443,84632,60088,64212,39386,50572,12475,22315,3660,3448,37089,35494,51548,43823,56420,52206,68012,65766,82717,80795,58052,61957,38108,48860,12000,21438,644259,605566,79191,75932,109683,103760,36074,47,61
2021-09-13T23:59:59+02:00,4712,4431,40889,39127,54877,47485,59430,55925,71523,69976,86400,84591,60058,64180,39380,50561,12471,22310,3639,3430,37014,35424,51461,43762,56361,52141,67947,65731,82677,80768,58028,61930,38099,48849,11999,21432,643550,605120,79190,75881,109682,103745,35885,47,61
2021-09-12T23:59:59+02:00,4703,4417,40857,39100,54856,47462,59404,55894,71494,69944,86386,84571,60050,64171,39378,50558,12469,22306,3630,3426,36977,35393,51443,43743,56336,52123,67926,65703,82656,80749,58017,61917,38094,48838,11999,21430,643334,604915,79181,75876,109681,103743,35805,47,61
2021-09-11T23:59:59+02:00,4694,4415,40842,39074,54829,47435,59385,55877,71471,69932,86375,84563,60049,64168,39377,50557,12469,22304,3627,3424,36960,35382,51422,43724,56323,52110,67904,65692,82643,80745,58015,61916,38092,48838,11999,21429,643239,604870,79181,75875,109681,103743,35696,47,61
2021-09-10T23:59:59+02:00,4649,4375,40663,38903,54672,47299,59267,55725,71346,69829,86287,84481,60021,64140,39367,50545,12465,22297,3609,3405,36834,35293,51313,43631,56230,52019,67810,65626,82570,80689,57996,61895,38083,48824,11992,21423,642334,604447,79179,75875,109681,103743,35116,47,61
2021-09-09T23:59:59+02:00,4575,4287,40421,38685,54478,47077,59090,55505,71199,69662,86185,84386,59996,64097,39348,50520,12457,22292,3551,3341,36622,35119,51137,43480,56079,51855,67667,65506,82460,80610,57956,61849,38066,48802,11987,21415,640860,603306,79178,75874,109681,103743,34519,47,60
2021-09-08T23:59:59+02:00,4476,4192,40194,38426,54279,46895,58914,55337,71088,69545,86093,84307,59960,64057,39340,50488,12451,22285,3441,3236,36337,34850,50902,43265,55878,51669,67530,65375,82346,80506,57922,61793,38043,48763,11976,21401,639438,601552,79173,75866,109681,103743,34012,47,60
2021-09-07T23:59:59+02:00,4402,4130,39992,38256,54148,46775,58812,55229,71010,69456,86031,84240,59936,64029,39329,50473,12448,22282,3412,3210,36208,34743,50797,43184,55795,51605,67460,65306,82281,80449,57889,61760,38031,48740,11970,21393,638421,600889,79167,75852,109676,103742,33690,47,60
2021-09-06T23:59:59+02:00,4361,4082,39890,38154,54068,46703,58745,55153,70965,69401,85987,84202,59916,64012,39326,50468,12446,22278,3379,3186,36093,34628,50701,43113,55712,51520,67400,65235,82227,80387,57862,61729,38020,48727,11969,21391,637743,600127,79167,75814,109674,103730,33548,47,60
2021-09-05T23:59:59+02:00,4348,4065,39855,38124,54046,46672,58708,55126,70937,69378,85963,84179,59913,64009,39323,50463,12445,22274,3375,3180,36067,34607,50672,43090,55679,51499,67381,65218,82209,80371,57854,61724,38017,48721,11967,21388,637520,599975,79166,75810,109673,103730,33444,47,60
2021-09-04T23:59:59+02:00,4348,4063,39846,38121,54043,46664,58707,55124,70935,69374,85959,84172,59913,64007,39323,50463,12445,22274,3374,3179,36055,34604,50669,43083,55675,51498,67379,65214,82206,80367,57853,61722,38017,48721,11967,21388,637500,599957,79166,75809,109673,103728,33417,47,60
2021-09-03T23:59:59+02:00,4310,4033,39733,38009,53943,46594,58628,55042,70865,69314,85895,84141,59895,63991,39317,50458,12442,22271,3361,3164,35976,34536,50583,43036,55612,51442,67320,65171,82161,80335,57838,61708,38009,48715,11961,21387,636928,599635,79166,75803,109673,103728,33089,47,60
2021-09-02T23:59:59+02:00,4269,3990,39555,37851,53800,46434,58487,54915,70739,69196,85817,84076,59847,63954,39294,50430,12440,22261,3344,3150,35849,34450,50470,42952,55512,51354,67219,65090,82087,80273,57791,61676,37992,48691,11956,21380,635914,599074,79166,75802,109673,103723,32577,47,60
2021-09-01T23:59:59+02:00,4208,3920,39361,37678,53637,46292,58367,54801,70646,69109,85756,83999,59803,63923,39278,50417,12438,22250,3210,3029,35514,34105,50236,42689,55313,51158,67058,64923,81955,80166,57742,61619,37960,48664,11951,21374,634792,596853,79155,75792,109672,103722,32239,47,60
2021-08-31T23:59:59+02:00,4159,3873,39225,37528,53505,46179,58263,54695,70559,69035,85678,83943,59774,63895,39260,50388,12436,22247,3189,3012,35393,34001,50092,42589,55200,51073,66963,64856,81873,80112,57703,61583,37946,48644,11945,21371,633862,596266,79153,75791,109670,103495,31933,46,60
2021-08-30T23:59:59+02:00,4108,3828,39115,37402,53401,46094,58178,54616,70497,68957,85617,83896,59756,63870,39249,50377,12434,22241,3176,2993,35319,33928,50014,42529,55124,51002,66902,64793,81819,80054,57677,61556,37932,48623,11944,21360,633020,595674,79150,75756,109670,103483,31772,46,60
2021-08-29T23:59:59+02:00,4097,3819,39097,37384,53382,46077,58163,54596,70489,68947,85601,83879,59754,63868,39245,50373,12433,22240,3170,2986,35290,33902,49983,42510,55112,50976,66879,64766,81796,80040,57667,61540,37927,48618,11941,21359,632900,595477,79147,75739,109670,103483,31703,46,60
2021-08-28T23:59:59+02:00,4097,3819,39096,37384,53381,46076,58163,54596,70488,68945,85601,83879,59754,63868,39245,50373,12433,22240,3170,2986,35290,33901,49983,42510,55110,50976,66878,64765,81796,80040,57667,61540,37927,48618,11941,21359,632896,595474,79147,75739,109670,103483,31701,46,60
2021-08-27T23:59:59+02:00,4061,3777,38975,37286,53280,45970,58081,54501,70398,68867,85538,83820,59728,63844,39233,50363,12433,22238,3164,2970,35187,33842,49881,42447,55038,50903,66786,64702,81742,80001,57642,61520,37916,48608,11940,21358,632256,595066,79147,75739,109665,103481,31301,46,60
2021-08-26T23:59:59+02:00,3976,3714,38782,37103,53108,45802,57944,54351,70268,68752,85410,83728,59681,63797,39209,50343,12426,22228,3137,2932,35009,33669,49727,42279,54877,50742,66655,64572,81595,79888,57594,61458,37887,48582,11935,21350,631067,593899,79144,75728,109662,103476,30725,46,60
2021-08-25T23:59:59+02:00,3880,3646,38614,36904,52954,45607,57828,54209,70167,68651,85316,83635,59645,63756,39191,50324,12424,22221,3020,2797,34627,33254,49453,41958,54637,50478,66461,64369,81414,79716,57506,61376,37865,48544,11923,21338,629818,591149,79143,75726,109662,103476,30325,46,60
2021-08-24T23:59:59+02:00,3859,3630,38527,36830,52875,45537,57771,54156,70113,68605,85270,83595,59613,63730,39182,50307,12421,22211,2977,2767,34479,33126,49330,41869,54549,50393,66358,64275,81323,79639,57457,61331,37857,48528,11918,21329,629379,590222,79139,75722,109660,103471,30030,46,60
2021-08-23T23:59:59+02:00,3831,3594,38432,36734,52792,45473,57714,54091,70054,68552,85216,83556,59595,63703,39172,50294,12419,22203,2959,2736,34339,32990,49204,41792,54448,50308,66264,64179,81233,79576,57421,61281,37837,48508,11917,21318,628844,589340,79135,75688,109658,103458,29764,46,60
2021-08-22T23:59:59+02:00,3823,3593,38402,36720,52777,45454,57697,54078,70028,68533,85199,83542,59585,63693,39170,50285,12414,22201,2951,2718,34291,32951,49176,41755,54412,50281,66221,64154,81197,79549,57406,61267,37834,48499,11912,21315,628737,589052,79133,75677,109657,103457,29643,46,60
2021-08-21T23:59:59+02:00,3820,3590,38382,36714,52767,45443,57682,54072,70014,68521,85193,83533,59578,63691,39169,50285,12414,22201,2951,2718,34279,32947,49165,41746,54398,50276,66209,64143,81191,79542,57402,61266,37834,48499,11912,21315,628695,589039,79132,75675,109656,103457,29562,46,60
2021-08-20T23:59:59+02:00,3800,3558,38312,36643,52684,45371,57605,54008,69940,68468,85130,83485,59561,63671,39166,50281,12414,22195,2933,2704,34181,32841,49050,41677,54305,50201,66114,64075,81121,79488,57382,61242,37828,48494,11911,21311,628325,588515,79130,75672,109656,103454,29157,46,60
2021-08-19T23:59:59+02:00,3772,3524,38141,36501,52522,45229,57483,53904,69811,68347,85031,83409,59531,63627,39151,50264,12410,22183,2899,2651,33828,32591,48761,41430,54087,50005,65906,63887,80945,79354,57327,61169,37782,48456,11906,21300,627432,586601,79128,75574,109647,103440,28609,46,60
2021-08-18T23:59:59+02:00,3722,3474,37952,36345,52392,45105,57387,53799,69702,68252,84955,83345,59492,63584,39136,50244,12408,22175,2829,2578,33446,32179,48458,41173,53830,49726,65685,63674,80760,79192,57245,61082,37746,48414,11902,21288,626428,584022,79125,75445,109645,103433,28247,46,60
2021-08-17T23:59:59+02:00,3661,3426,37788,36185,52270,44977,57306,53702,69607,68165,84881,83283,59457,63551,39123,50221,12403,22166,2729,2501,33055,31735,48130,40855,53538,49435,65439,63431,80559,78982,57136,60971,37704,48365,11890,21277,625461,580907,79125,75431,109640,103412,27922,46,60
2021-08-16T23:59:59+02:00,3605,3371,37642,36043,52174,44881,57233,53632,69537,68096,84828,83238,59435,63522,39109,50204,12397,22158,2596,2393,32494,31176,47737,40441,53145,49047,65133,63162,80336,78786,57060,60855,37671,48310,11881,21255,624553,576863,79121,75396,109640,103392,27767,46,60
2021-08-15T23:59:59+02:00,3596,3362,37608,36019,52141,44863,57206,53598,69521,68080,84817,83227,59423,63518,39106,50195,12397,22156,2579,2382,32414,31080,47665,40377,53081,48985,65089,63120,80293,78758,57042,60835,37663,48297,11880,21251,624363,576298,79121,75366,109639,103381,27686,46,60
2021-08-14T23:59:59+02:00,3591,3357,37600,36012,52135,44859,57200,53591,69517,68077,84809,83223,59416,63513,39105,50193,12397,22156,2578,2380,32406,31072,47654,40373,53072,48976,65086,63117,80286,78756,57037,60830,37662,48295,11880,21251,624330,576265,79118,75365,109639,103381,27640,46,60
2021-08-13T23:59:59+02:00,3574,3343,37529,35970,52074,44807,57133,53540,69448,68036,84743,83187,59394,63501,39094,50178,12394,22150,2555,2352,32265,30957,47527,40274,52950,48875,64984,63037,80197,78706,57014,60809,37649,48285,11878,21246,624017,575458,79118,75364,109639,103381,27297,46,60
2021-08-12T23:59:59+02:00,3535,3316,37400,35847,51984,44717,57062,53457,69354,67963,84669,83121,59365,63477,39082,50165,12394,22147,2476,2262,31735,30470,47143,39922,52557,48520,64658,62804,79976,78494,56922,60722,37605,48242,11873,21229,623300,571967,79117,75332,109637,103274,26977,46,60
2021-08-11T23:59:59+02:00,3493,3276,37248,35703,51872,44608,56939,53334,69256,67872,84584,83040,59325,63439,39061,50149,12390,22143,2356,2182,31088,29848,46634,39534,52128,48084,64355,62526,79763,78290,56826,60616,37569,48169,11860,21212,622395,567920,79111,75308,109635,103186,26566,46,60
2021-08-10T23:59:59+02:00,3445,3231,37090,35556,51758,44486,56835,53229,69191,67802,84518,82983,59301,63402,39043,50135,12383,22138,2189,2033,30201,28868,45897,38835,51459,47478,63968,62162,79514,78047,56721,60511,37524,48100,11852,21200,621456,561705,79109,75307,109632,103183,26304,46,60
2021-08-09T23:59:59+02:00,3409,3202,36994,35448,51679,44418,56776,53186,69160,67759,84488,82951,59284,63388,39031,50116,12382,22136,2053,1913,29490,28123,45225,38249,50887,46892,63597,61803,79233,77798,56600,60414,37480,48045,11845,21186,620870,557582,79107,73860,109631,103157,26174,46,60
2021-08-08T23:59:59+02:00,3400,3188,36966,35430,51654,44392,56759,53175,69142,67740,84468,82935,59280,63383,39026,50109,12381,22135,2019,1888,29363,27982,45080,38154,50788,46807,63541,61746,79184,77757,56563,60395,37470,48034,11845,21183,620693,556653,79106,73852,109630,103125,26109,46,60
2021-08-07T23:59:59+02:00,3400,3188,36964,35424,51644,44391,56757,53175,69138,67737,84467,82933,59279,63383,39026,50109,12381,22135,2019,1888,29354,27974,45065,38151,50787,46802,63538,61741,79181,77754,56560,60394,37469,48034,11845,21182,620685,556618,79105,73850,109630,103124,26086,46,60
2021-08-06T23:59:59+02:00,3389,3173,36898,35369,51564,44326,56691,53135,69096,67704,84435,82906,59267,63364,39015,50103,12378,22133,1981,1845,29115,27741,44853,37967,50604,46655,63400,61621,79082,77686,56535,60368,37454,48024,11842,21179,620412,555150,79101,73842,109630,103122,25778,46,60
2021-08-05T23:59:59+02:00,3356,3135,36745,35237,51450,44191,56570,53020,68980,67590,84309,82830,59224,63311,38992,50083,12369,22123,1861,1714,28416,27121,44267,37480,50045,46199,63042,61322,78790,77466,56425,60273,37415,47970,11834,21163,619616,550824,79100,73832,109629,102942,25145,46,60
2021-08-04T23:59:59+02:00,3297,3072,36544,35067,51301,44043,56432,52905,68856,67461,84193,82716,59157,63253,38974,50054,12365,22113,1660,1537,27270,26004,43307,36603,49084,45293,62451,60715,78293,77025,56214,60091,37356,47880,11820,21143,618531,542479,79089,73791,109629,102889,24527,46,60
2021-08-03T23:59:59+02:00,3223,3014,36326,34871,51148,43905,56308,52783,68725,67348,84105,82643,59114,63209,38954,50024,12356,22098,1458,1332,26189,24888,42365,35703,48185,44405,61905,60183,77845,76620,56045,59904,37294,47792,11801,21111,617188,534127,79081,73742,109625,102863,24233,46,60
2021-08-02T23:59:59+02:00,3178,2960,36183,34721,51039,43793,56216,52684,68638,67257,84020,82568,59074,63161,38939,50004,12348,22086,1269,1167,25287,23898,41514,34959,47457,43663,61422,59707,77458,76276,55881,59755,37244,47713,11784,21090,616212,527151,79080,73687,109624,102720,23926,46,60
2021-08-01T23:59:59+02:00,3173,2954,36166,34699,51012,43774,56196,52657,68608,67244,84006,82556,59068,63156,38937,50000,12348,22086,1224,1136,25028,23649,41265,34757,47224,43466,61281,59570,77342,76179,55845,59726,37229,47700,11780,21086,616066,525283,79077,73645,109623,102652,23847,46,60
2021-07-31T23:59:59+02:00,3172,2953,36161,34698,51012,43773,56194,52656,68607,67243,84006,82555,59068,63156,38937,50000,12348,22085,1221,1135,25021,23633,41257,34748,47219,43460,61272,59568,77340,76176,55845,59722,37229,47700,11780,21085,616053,525212,79077,73644,109623,102651,23844,46,60
2021-07-30T23:59:59+02:00,3155,2940,36100,34635,50943,43724,56131,52595,68551,67202,83968,82515,59056,63143,38933,49993,12345,22082,1164,1080,24697,23325,40985,34535,46958,43265,61083,59437,77190,76060,55813,59683,37215,47688,11780,21085,615763,523275,79073,73641,109620,102540,23528,46,59
2021-07-29T23:59:59+02:00,3132,2912,35961,34513,50814,43598,56036,52495,68480,67137,83897,82463,59031,63125,38921,49984,12345,22081,1020,963,23741,22342,40102,33783,46056,42480,60535,58993,76829,75755,55693,59545,37175,47633,11773,21074,614890,516213,79054,73515,109620,102371,23334,46,59
2021-07-28T23:59:59+02:00,3082,2857,35719,34275,50595,43424,55838,52344,68334,66994,83783,82365,58980,63078,38898,49946,12335,22073,821,807,22521,21109,38778,32675,44737,41301,59732,58331,76323,75294,55498,59357,37106,47529,11759,21049,613515,506401,79047,73344,109619,102213,22710,46,59
2021-07-27T23:59:59+02:00,3057,2838,35611,34157,50510,43342,55759,52293,68272,66925,83722,82293,58939,63035,38886,49931,12334,22064,666,648,21285,19723,37353,31344,43369,39998,59103,57734,75902,74881,55335,59180,37048,47474,11748,21026,612789,495992,79031,73165,109618,102100,22501,46,59
2021-07-26T23:59:59+02:00,3038,2819,35550,34061,50452,43288,55717,52244,68228,66889,83686,82266,58925,63019,38874,49919,12333,22062,564,563,20268,18626,36104,30228,42098,38847,58608,57329,75615,74627,55238,59080,37027,47439,11742,21012,612267,487749,79024,72839,109618,101936,22432,46,59
2021-07-25T23:59:59+02:00,3028,2814,35503,34019,50407,43240,55689,52221,68205,66864,83656,82243,58909,63012,38871,49916,12330,22056,495,492,19870,18262,35686,29897,41688,38540,58412,57173,75456,74518,55191,59041,37005,47420,11739,21008,611972,485019,79018,72564,109618,101905,22346,46,59
2021-07-24T23:59:59+02:00,3028,2814,35497,34016,50405,43236,55687,52220,68204,66864,83654,82242,58909,63012,38870,49916,12330,22056,495,492,19862,18248,35674,29886,41681,38539,58408,57170,75452,74516,55191,59041,37004,47420,11739,21008,611964,484969,79017,72563,109618,101903,22332,46,59
2021-07-23T23:59:59+02:00,3004,2788,35347,33898,50256,43135,55570,52114,68107,66769,83563,82191,58878,62984,38860,49911,12325,22053,469,476,19623,18025,35411,29708,41411,38353,58241,57040,75316,74438,55152,59017,36992,47410,11733,21002,611336,483834,79017,72270,109618,101901,21753,46,59
2021-07-22T23:59:59+02:00,2953,2704,34908,33531,49949,42903,55308,51888,67878,66586,83387,82042,58792,62891,38824,49864,12314,22035,425,427,18834,17364,34315,28974,40284,37520,57502,56571,74763,74063,54971,58837,36926,47326,11712,20976,609200,478308,79003,70835,109614,101681,20908,46,58
2021-07-21T23:59:59+02:00,2898,2646,34598,33207,49709,42691,55120,51699,67686,66401,83259,81917,58727,62838,38793,49825,12303,22025,383,386,18007,16545,32999,27980,39024,36561,56805,56007,74311,73700,54825,58662,36860,47242,11700,20943,607378,472406,78950,68640,109613,101467,20369,46,58
2021-07-20T23:59:59+02:00,2822,2583,34241,32819,49427,42459,54950,51503,67506,66244,83119,81797,58665,62782,38765,49780,12302,22010,327,307,16859,15432,31286,26582,37288,35104,56006,55357,73764,73252,54655,58473,36809,47156,11682,20905,605287,463230,78915,66902,109611,101126,19928,46,58
2021-07-19T23:59:59+02:00,2738,2512,33681,32257,49120,42149,54676,51238,67310,66031,82945,81628,58598,62700,38720,49728,12295,21995,293,259,16200,14866,30335,25902,36421,34388,55566,54934,73435,73013,54568,58387,36772,47104,11676,20883,602088,459520,78854,64736,109610,100952,19736,46,58
2021-07-18T23:59:59+02:00,2710,2494,33582,32139,49028,42095,54620,51178,67249,65982,82901,81586,58571,62674,38709,49715,12293,21988,277,238,15882,14606,29767,25523,35927,34036,55310,54771,73289,72912,54526,58347,36764,47089,11675,20879,601480,458071,78838,63212,109609,100924,19554,46,57
2021-07-17T23:59:59+02:00,2710,2494,33581,32136,49022,42094,54617,51176,67249,65981,82901,81585,58571,62673,38709,49715,12293,21988,277,238,15877,14599,29751,25507,35922,34031,55305,54770,73289,72912,54526,58347,36764,47089,11675,20879,601469,458019,78836,63208,109604,100921,19553,46,57
2021-07-16T23:59:59+02:00,2651,2429,32973,31615,48530,41745,54223,50840,66867,65659,82588,81354,58452,62560,38659,49666,12289,21981,269,227,15461,14276,29257,25131,35474,33699,54967,54516,73029,72720,54415,58259,36729,47051,11672,20875,599248,456616,78832,63079,109603,100914,17361,46,57
2021-07-15T23:59:59+02:00,2519,2298,32112,30831,47911,41171,53651,50359,66440,65311,82334,81112,58361,62463,38625,49623,12281,21963,240,201,14625,13603,27930,24305,34169,32883,54286,54115,72615,72494,54321,58162,36700,47017,11665,20859,594233,452415,78820,60716,109602,100330,16672,46,57
2021-07-14T23:59:59+02:00,2413,2212,31570,30304,47423,40736,53234,49962,66113,65034,82096,80862,58258,62367,38592,49573,12271,21950,193,162,13384,12473,25933,22846,32265,31359,53534,53517,72103,72153,54181,58036,36657,46956,11655,20843,590390,443260,78801,58803,109601,99992,16139,46,56
2021-07-13T23:59:59+02:00,2356,2142,31305,30034,47152,40512,52985,49733,65908,64847,81928,80714,58191,62291,38566,49536,12261,21938,169,140,12393,11631,24201,21537,30320,29767,52339,52344,71281,71359,53932,57759,36570,46841,11637,20816,588239,436522,78787,55883,109593,96834,15741,46,56
2021-07-12T23:59:59+02:00,2129,1935,30445,29105,46498,39978,52414,49165,65517,64458,81650,80443,58056,62165,38524,49479,12251,21917,148,123,11643,11007,22807,20555,28578,28388,51376,51481,70538,70739,53673,57478,36503,46723,11624,20785,582012,428404,78768,53313,109593,96679,15717,46,56
2021-07-11T23:59:59+02:00,2084,1897,30324,28999,46433,39907,52361,49102,65460,64403,81589,80400,58035,62145,38518,49461,12246,21912,145,115,11481,10859,22533,20365,28212,28115,51171,51335,70365,70594,53620,57398,36481,46706,11615,20778,581193,426332,78762,53270,109591,96542,15691,46,53
2021-07-10T23:59:59+02:00,2084,1895,30321,28992,46429,39901,52359,49100,65457,64402,81587,80397,58035,62143,38517,49461,12246,21912,145,115,11469,10841,22518,20349,28196,28102,51164,51330,70362,70591,53620,57398,36480,46706,11615,20778,581163,426243,78761,53268,109591,96531,15684,46,53
2021-07-09T23:59:59+02:00,2040,1857,30088,28762,46213,39720,52175,48930,65295,64289,81482,80316,58005,62113,38502,49446,12242,21910,144,109,11085,10570,21873,19910,27529,27549,50455,50761,69779,70179,53518,57311,36457,46672,11610,20767,579966,425161,78755,52953,109586,93071,15040,45,53
2021-07-08T23:59:59+02:00,1901,1730,29428,28232,45605,39216,51620,48462,64892,63978,81181,80081,57913,62021,38470,49395,12237,21896,106,81,9906,9471,19929,18281,25059,25567,49418,49958,69151,69639,53292,57097,36381,46585,11595,20741,575704,414624,78733,50528,109570,92839,14213,45,53
2021-07-07T23:59:59+02:00,1688,1532,28312,27030,44557,38249,50523,47464,64234,63338,80638,79597,57710,61790,38403,49310,12224,21855,82,70,9370,8997,18838,17441,23661,24364,48592,49310,68604,69148,53092,56856,36305,46486,11579,20701,566425,408279,78717,48912,109568,92546,13706,45,53
2021-07-06T23:59:59+02:00,1486,1374,27235,25993,43538,37327,49585,46529,63634,62776,80203,79188,57527,61607,38347,49215,12200,21828,61,45,8658,8258,17507,16436,22048,23083,47983,48856,68227,68881,52975,56742,36255,46449,11572,20686,558169,400817,78706,48484,109565,92254,13114,45,53
2021-07-05T23:59:59+02:00,1329,1250,26094,24750,42461,36333,48532,45458,62969,62200,79766,78784,57353,61419,38294,49139,12191,21805,49,35,8406,8031,17004,16112,21482,22695,47675,48628,68031,68733,52922,56669,36229,46429,11569,20681,548874,398212,78698,48167,109565,91999,12951,45,51
2021-07-04T23:59:59+02:00,1264,1186,25772,24426,42151,36072,48280,45271,62823,62063,79652,78687,57317,61379,38283,49120,12189,21802,42,34,8150,7872,16731,15915,21197,22497,47550,48528,67951,68656,52898,56645,36214,46424,11567,20680,546557,397172,78668,47505,109564,91914,12909,45,51
2021-07-03T23:59:59+02:00,1264,1185,25764,24411,42138,36066,48278,45271,62819,62062,79651,78686,57316,61379,38283,49120,12189,21802,42,34,8144,7864,16720,15905,21190,22490,47543,48527,67946,68655,52897,56645,36214,46424,11567,20680,546524,397138,78667,47504,109564,91904,12890,45,51
2021-07-02T23:59:59+02:00,1196,1128,25448,24060,41816,35789,48020,45014,62676,61916,79577,78615,57299,61356,38277,49108,12185,21797,41,31,7965,7715,16348,15639,20745,22183,46576,47747,67448,68305,52813,56553,36199,46406,11566,20677,544142,394649,78665,47501,109559,89884,12872,45,51
2021-07-01T23:59:59+02:00,1141,1078,25072,23695,41433,35438,47623,44664,62426,61675,79387,78444,57236,61293,38246,49067,12178,21787,35,27,7573,7376,15534,14853,19573,21147,45037,46260,66232,67227,52504,56250,36102,46286,11542,20650,540993,388813,78563,46674,109549,85931,12739,45,51
2021-06-30T23:59:59+02:00,1068,1012,24648,23252,41005,35068,47212,44283,62196,61467,79216,78295,57156,61214,38218,49016,12170,21766,28,20,7197,7017,14584,14052,18138,19938,41818,43529,64532,65781,52034,55749,35952,46092,11515,20600,537540,376767,78530,45976,109545,83174,12608,45,51
2021-06-29T23:59:59+02:00,977,903,24142,22717,40484,34644,46780,43867,61935,61184,79003,78116,57077,61150,38189,48972,12164,21747,19,18,6920,6707,13915,13553,16977,19010,37484,39840,63174,64520,51546,55249,35818,45913,11484,20557,533452,361428,78521,45763,109545,82968,12494,45,51
2021-06-28T23:59:59+02:00,948,870,23804,22327,40023,34252,46362,43500,61695,60929,78811,77961,57003,61081,38160,48942,12161,21732,17,10,6609,6390,13258,13051,15957,18171,33842,36789,62047,63484,51191,54853,35723,45763,11459,20519,531686,352748,76835,41065,109543,82811,12458,45,51
2021-06-27T23:59:59+02:00,934,857,23712,22236,39947,34190,46303,43440,61662,60891,78775,77931,56988,61070,38154,48935,12160,21727,16,9,6516,6319,13020,12910,15534,17934,33003,36141,61788,63283,51100,54782,35706,45741,11457,20515,531074,349839,76829,40796,109537,82655,12433,45,51
2021-06-26T23:59:59+02:00,934,857,23706,22230,39937,34186,46301,43438,61660,60890,78775,77931,56988,61070,38154,48934,12160,21727,16,9,6513,6311,13011,12896,15526,17927,32999,36140,61781,63280,51098,54776,35706,45741,11457,20514,531042,349768,76828,40795,109536,82654,12433,45,51
2021-06-25T23:59:59+02:00,911,830,23593,22113,39850,34098,46219,43366,61615,60842,78728,77909,56977,61058,38151,48931,12159,21725,15,8,6417,6196,12903,12766,15387,17764,32282,35479,61390,62954,51020,54692,35698,45720,11454,20513,530242,346757,76827,40783,109535,82635,12432,45,51
2021-06-24T23:59:59+02:00,844,772,23206,21695,39495,33786,45868,43061,61410,60648,78568,77771,56923,61004,38129,48901,12154,21714,14,5,6078,5900,12340,12305,14677,17076,28975,32764,59101,61093,50434,54094,35562,45511,11436,20465,527285,332929,76777,40516,109533,82019,12315,45,51
2021-06-23T23:59:59+02:00,740,678,22562,21037,38923,33198,45210,42352,61043,60254,78318,77520,56819,60869,38082,48848,12144,21694,12,4,5922,5705,11971,11951,14167,16545,25614,30004,57455,59560,49910,53555,35441,45337,11415,20421,521699,323472,76720,37582,109530,81581,12303,45,51
2021-06-22T23:59:59+02:00,679,613,22138,20598,38517,32775,44774,41890,60770,59967,78111,77277,56722,60758,38046,48776,12131,21672,10,3,5733,5570,11643,11683,13734,16170,21269,26469,55372,57856,49308,52949,35263,45120,11394,20377,517892,309078,76592,37529,109525,81099,12166,45,51
2021-06-21T23:59:59+02:00,642,572,21885,20360,38264,32541,44528,41614,60580,59755,77978,77137,56668,60672,38021,48735,12122,21656,8,3,5602,5459,11334,11481,13393,15903,19717,25235,54452,57083,47085,50485,34662,44396,11371,20318,515834,303734,76392,37462,109506,74785,11955,44,51
2021-06-20T23:59:59+02:00,613,552,21597,20066,37963,32261,44244,41355,60428,59587,77840,76990,56619,60627,38001,48718,12119,21649,8,3,5544,5415,11201,11391,13237,15775,19318,24909,54183,56899,45423,48498,34094,43760,11351,20297,513436,303098,76309,36707,109493,69503,11949,43,49
2021-06-19T23:59:59+02:00,611,552,21592,20052,37947,32254,44241,41350,60421,59583,77838,76987,56616,60626,38001,48717,12119,21649,8,3,5538,5406,11196,11386,13227,15769,19310,24901,54169,56887,45414,48488,34093,43760,11351,20297,513369,303012,76303,36703,109493,69490,11949,43,49
2021-06-18T23:59:59+02:00,597,538,21493,19942,37878,32197,44165,41263,60365,59537,77793,76945,56594,60604,37996,48704,12118,21648,8,3,5446,5244,10898,10849,12851,15187,18769,23881,53311,55576,45209,48323,34065,43711,11345,20285,512604,301436,76296,36702,109487,64826,11948,43,49
2021-06-17T23:59:59+02:00,512,446,20774,19229,37121,31564,43370,40511,59955,59171,77495,76693,56477,60475,37946,48636,12105,21624,8,3,5256,5031,10517,10296,12326,14415,17834,22517,51735,53631,44056,46972,33747,43312,11298,20201,506618,294104,76203,36572,109477,60666,11764,43,49
2021-06-16T23:59:59+02:00,406,367,19974,18287,36132,30631,42359,39535,59412,58687,77099,76374,56334,60319,37889,48548,12095,21601,8,3,5067,4874,10001,9970,11589,13915,16287,21210,47850,50085,42297,44957,33279,42740,11235,20074,499237,277903,75665,36371,109462,59476,11643,43,48
2021-06-15T23:59:59+02:00,296,264,19165,17440,35210,29775,41430,38644,58973,58245,76766,76043,56192,60152,37830,48478,12080,21567,7,3,4868,4750,9477,9706,10879,13441,14774,20021,43573,45989,40744,43107,32797,42118,11169,19946,492023,260696,75546,36335,109451,58803,11488,43,47
2021-06-14T23:59:59+02:00,192,173,18053,16208,33957,28500,39961,37233,58384,57677,76373,75701,56063,60006,37787,48408,12071,21552,7,3,4745,4658,9130,9496,10397,13121,13601,19017,40926,43432,39669,41957,32504,41717,11137,19860,482258,249511,75111,36308,109448,58071,11440,43,47
2021-06-13T23:59:59+02:00,151,134,17547,15805,33476,28097,39468,36849,58171,57493,76224,75599,56036,59965,37765,48387,12068,21543,7,3,4657,4608,8980,9424,10233,13051,12996,18562,40456,43038,39432,41734,32444,41632,11131,19846,479175,248544,74809,34881,109441,57451,11311,43,47
2021-06-12T23:59:59+02:00,151,134,17539,15784,33459,28087,39461,36845,58164,57489,76220,75597,56035,59963,37764,48387,12068,21543,7,3,4650,4602,8970,9419,10221,13044,12984,18549,40272,42891,39409,41719,32440,41630,11131,19845,479092,248109,74805,34881,109441,57439,11310,43,47
2021-06-11T23:59:59+02:00,149,134,17454,15725,33311,28013,39287,36789,58044,57453,76149,75573,56021,59958,37762,48384,12068,21542,7,3,4571,4410,8811,8859,10030,12325,12750,17479,39783,41588,39254,41589,32422,41594,11129,19844,478748,247621,74392,34879,109333,52600,11301,43,47
2021-06-10T23:59:59+02:00,134,114,16612,15010,31899,27104,38045,35872,57360,56994,75739,75301,55931,59866,37723,48339,12057,21524,7,3,4321,4215,8252,8355,9348,11561,12013,16409,36924,38546,38452,40783,32256,41413,11113,19814,474856,240539,71423,34746,109059,48209,10244,43,47
2021-06-09T23:59:59+02:00,112,89,15833,14311,30615,26205,36828,34984,56780,56605,75393,75073,55846,59760,37696,48294,12044,21504,7,3,4137,4065,7891,8166,8881,11340,11392,16028,31835,33668,36952,39244,32011,41144,11092,19764,470186,226591,68990,34621,109015,46622,9741,41,45
2021-06-08T23:59:59+02:00,85,71,14918,13453,29233,25116,35462,33976,56162,56196,75098,74858,55770,59685,37673,48262,12040,21494,7,3,4055,4003,7732,8043,8728,11223,11098,15821,28999,30849,35993,38300,31851,40949,11068,19731,465604,219079,65562,34560,108969,45392,9377,41,45
2021-06-07T23:59:59+02:00,77,58,14280,12879,27867,24300,34301,33194,55684,55937,74855,74750,55734,59645,37657,48251,12040,21490,7,3,3962,3930,7535,7914,8427,11091,10731,15575,24657,26463,34525,36756,31629,40682,11040,19701,462473,207268,62525,34492,108937,43800,9023,41,45
2021-06-06T23:59:59+02:00,76,55,13959,12686,27081,23884,33647,32775,55374,55771,74699,74685,55713,59621,37643,48242,12038,21489,7,3,3896,3894,7383,7871,8269,11005,10408,15372,21830,23582,33523,35672,31489,40527,11033,19686,461329,204472,60474,29243,108910,43007,8684,41,44
2021-06-05T23:59:59+02:00,76,53,13929,12657,27032,23843,33618,32755,55369,55761,74693,74679,55709,59616,37638,48240,12038,21489,7,3,3874,3877,7348,7848,8222,10986,10345,15330,20403,22026,32725,34791,31419,40446,11029,19679,461197,199491,60369,29240,108905,42900,8683,41,44
2021-06-04T23:59:59+02:00,70,49,13698,12396,26719,23524,33279,32444,55308,55681,74654,74659,55699,59611,37637,48238,12038,21488,7,3,3845,3849,7269,7769,8166,10908,10266,15208,20296,21909,32651,34736,31387,40409,11026,19676,459292,199410,60306,29227,108871,42017,8682,41,44
2021-06-03T23:59:59+02:00,52,43,13132,11912,25681,22838,32144,31693,54811,55348,74338,74465,55629,59532,37602,48207,12031,21471,7,3,3716,3758,6994,7600,7884,10735,9938,14971,18408,20046,30671,32422,31114,40076,11003,19627,454958,190802,58803,29206,108856,40653,8271,41,41
2021-06-02T23:59:59+02:00,38,31,12446,11171,24685,21937,31007,30737,54545,55083,74146,74324,55576,59452,37585,48185,12023,21464,7,3,3682,3738,6935,7543,7828,10686,9855,14880,17888,19496,28741,30242,31015,39933,10996,19616,448656,185262,58624,29205,108854,40316,8260,41,41
2021-06-01T23:59:59+02:00,24,16,11318,10290,22557,20508,28468,28845,53128,54018,73137,73542,55274,59127,37462,48012,11988,21404,7,2,3454,3562,6438,7233,7227,10259,8995,14278,15937,17681,24950,25979,30327,39047,10920,19460,439146,171229,54161,29068,108816,38466,6954,41,39
2021-05-31T23:59:59+02:00,19,12,10458,9623,20719,19338,26419,27332,52018,53167,72430,72991,55059,58864,37389,47907,11973,21368,7,2,3314,3408,6102,6985,6828,9962,8455,13920,14868,16699,23751,24601,29937,38554,10860,19366,432336,165461,49785,29029,108798,36965,6126,41,38
2021-05-30T23:59:59+02:00,17,9,10111,9279,19998,18843,25713,26751,51680,52885,72193,72794,54982,58786,37364,47879,11965,21359,7,2,3134,3219,5756,6719,6540,9720,8237,13714,14609,16429,23460,24282,29827,38448,10845,19338,429748,164633,49375,28972,108766,35965,4678,41,38
2021-05-29T23:59:59+02:00,17,9,10096,9267,19980,18812,25693,26725,51668,52880,72188,72784,54980,58781,37363,47879,11964,21359,7,2,3131,3210,5751,6714,6533,9717,8229,13706,14599,16423,23449,24273,29823,38442,10844,19337,429585,164559,49375,28969,108766,35946,4678,41,38
2021-05-28T23:59:59+02:00,17,9,10030,9173,19839,18644,25430,26493,51507,52704,72041,72653,54941,58731,37349,47859,11961,21346,7,2,3084,3133,5659,6574,6430,9515,8112,13433,14407,16147,23296,24117,29769,38379,10837,19328,427925,164165,49338,28968,108747,34381,4677,40,38
2021-05-27T23:59:59+02:00,17,9,8774,7991,17443,16835,22652,24342,50412,51890,71375,72160,54743,58508,37254,47764,11947,21316,7,2,2787,2800,4814,5950,5539,8735,7318,12441,13279,14955,22303,23076,29380,37923,10782,19242,416030,160340,48379,28704,108605,29873,2378,40,38
2021-05-26T23:59:59+02:00,16,9,8373,7574,16562,16030,21463,23333,49807,51344,70953,71773,54592,58343,37186,47686,11936,21286,7,2,2603,2628,4447,5614,5063,8228,6841,11794,12308,13972,21401,22040,29068,37480,10735,19157,410425,156474,47646,28617,108524,26628,1632,39,37
2021-05-25T23:59:59+02:00,16,9,7806,6981,15319,15150,20017,22160,49329,50942,70705,71586,54516,58260,37162,47658,11932,21276,7,2,2529,2529,4258,5485,4819,7998,6561,11485,11751,13437,19240,19858,28693,36940,10700,19108,403665,150767,47405,28604,108476,24753,1239,39,37
2021-05-24T23:59:59+02:00,16,9,7718,6881,15094,15022,19731,21981,49227,50823,70661,71547,54513,58254,37159,47655,11931,21273,7,2,2489,2466,4172,5317,4726,7755,6436,11203,11611,13195,19124,19743,28642,36894,10693,19097,402530,150616,47325,28561,108377,23136,1224,39,35
2021-05-23T23:59:59+02:00,15,9,7702,6868,15056,15005,19676,21953,49216,50821,70656,71541,54512,58250,37159,47653,11931,21273,7,2,2486,2461,4166,5313,4715,7751,6430,11190,11589,13173,18981,19545,28611,36855,10691,19095,402341,150126,47325,28559,108376,23127,1215,39,34
2021-05-22T23:59:59+02:00,15,9,7699,6859,15047,14993,19665,21946,49216,50819,70653,71541,54512,58249,37159,47653,11931,21273,6,2,2484,2454,4159,5308,4713,7751,6426,11187,11581,13170,18968,19539,28610,36855,10691,19095,402286,150089,47325,28559,108376,23104,1213,39,34
2021-05-21T23:59:59+02:00,15,9,7625,6758,14920,14858,19460,21788,48977,50586,70510,71433,54484,58222,37151,47646,11925,21267,6,2,2414,2368,4070,5169,4609,7541,6302,10889,11408,12882,18902,19472,28594,36825,10688,19093,400713,149832,47322,28558,108351,21600,1210,38,34
2021-05-20T23:59:59+02:00,15,9,7349,6459,14332,14335,18522,20910,46298,48227,69352,70458,54126,57856,37042,47503,11893,21236,6,2,2153,2198,3710,4807,4167,6992,5746,10057,10319,11779,17620,18173,28086,36225,10612,18945,389691,144561,47154,28263,108046,17745,994,37,34
2021-05-19T23:59:59+02:00,14,8,7109,6235,13663,13848,17250,19910,42310,44747,67861,69147,53670,57332,36877,47274,11856,21185,6,2,2074,1995,3545,4470,3918,6469,5300,9374,9320,10661,16138,16524,27389,35303,10484,18735,374897,137374,46579,28119,107808,15213,975,37,26
2021-05-18T23:59:59+02:00,14,7,6914,6059,13113,13414,16151,19049,37587,40724,66405,67822,53115,56793,36725,47050,11814,21129,6,2,2028,1872,3404,4279,3733,6150,4966,8890,8454,9788,14553,14783,26680,34445,10393,18560,358777,130727,46514,27553,107648,13771,909,37,26
2021-05-17T23:59:59+02:00,14,7,6779,5964,12787,13162,15650,18659,35407,38855,65572,67034,52839,56478,36642,46941,11799,21092,6,2,1956,1808,3216,4096,3513,5916,4644,8518,7673,9088,11286,10752,25769,33293,10312,18389,355041,125494,42236,21448,107563,12465,804,37,26
2021-05-16T23:59:59+02:00,14,7,6714,5879,12661,13007,15479,18491,34914,38382,65386,66864,52783,56416,36630,46914,11794,21087,6,2,1897,1711,3112,3973,3433,5814,4536,8371,7489,8899,9090,8149,25283,32608,10278,18330,353560,124344,41726,16086,107527,11953,573,36,25
2021-05-15T23:59:59+02:00,14,7,6709,5870,12654,13000,15474,18485,34905,38379,65384,66862,52782,56415,36630,46914,11794,21087,6,2,1896,1711,3110,3968,3428,5811,4531,8368,7487,8896,9088,8146,25282,32608,10278,18330,353511,124313,41726,16086,107522,11952,570,36,25
2021-05-14T23:59:59+02:00,14,7,6508,5775,12413,12937,15241,18393,33931,37587,64847,66453,52686,56328,36613,46880,11792,21082,6,2,1780,1623,2998,3897,3372,5702,4481,8222,7439,8767,9081,8140,25281,32608,10278,18329,350138,124254,41695,16082,107059,11086,560,35,24
2021-05-13T23:59:59+02:00,14,7,6259,5591,12007,12683,14669,17945,30401,34798,62365,64371,52054,55655,36474,46659,11780,21034,5,2,1738,1583,2942,3821,3340,5611,4438,8119,7357,8648,9041,8080,25262,32566,10273,18324,336135,124002,41470,16058,106628,10568,498,35,24
2021-05-12T23:59:59+02:00,14,7,6242,5568,11934,12617,14556,17835,29767,34220,61857,63918,51880,55482,36437,46614,11773,21021,5,2,1738,1580,2940,3820,3337,5611,4435,8118,7355,8642,9034,8077,25262,32564,10273,18323,333130,123979,41457,16048,106623,10567,498,34,24
2021-05-11T23:59:59+02:00,13,7,5923,5436,11488,12332,14009,17450,25504,30732,59473,61908,51219,54803,36249,46367,11749,20958,5,2,1698,1465,2837,3558,3216,5237,4294,7677,7202,8320,8949,7993,25233,32524,10269,18312,318177,123735,41403,15858,105633,8799,375,32,24
2021-05-10T23:59:59+02:00,13,7,5796,5362,11327,12215,13789,17279,22029,27970,58217,60789,50858,54449,36157,46243,11734,20927,5,2,1658,1367,2751,3329,3113,4905,4183,7187,7081,7880,8909,7933,25221,32502,10267,18308,308239,123587,41243,15709,105339,6974,308,32,23
2021-05-09T23:59:59+02:00,13,7,5721,5330,11239,12151,13686,17197,20429,26788,57753,60403,50756,54349,36132,46202,11727,20922,5,2,1641,1345,2694,3204,3062,4763,4138,7067,7033,7786,8898,7921,25214,32496,10266,18308,307668,123547,37675,15663,105137,6316,294,31,23
2021-05-08T23:59:59+02:00,13,7,5718,5328,11228,12146,13676,17188,20421,26782,57744,60397,50753,54340,36128,46199,11725,20919,5,2,1640,1345,2693,3201,3062,4763,4135,7064,7032,7785,8896,7921,25213,32494,10266,18308,307577,123530,37674,15663,105136,6315,294,31,23
2021-05-07T23:59:59+02:00,13,7,5678,5293,11159,12098,13567,17107,19968,26425,56746,59587,50624,54210,36098,46168,11722,20905,5,2,1540,1303,2613,3156,3020,4734,4100,7040,7011,7753,8888,7913,25211,32493,10266,18307,304412,123494,37654,15655,104989,5894,289,31,23
2021-05-06T23:59:59+02:00,13,7,5427,5181,10643,11789,12859,16652,18669,25439,52481,55930,49428,52830,35766,45767,11670,20804,5,2,1323,1173,2373,2984,2848,4569,3949,6842,6858,7602,8814,7832,25191,32458,10263,18300,289267,123219,37463,15514,104431,4463,167,27,23
2021-05-05T23:59:59+02:00,13,7,5173,5085,10149,11550,12102,16198,17337,24455,48113,51792,47762,50909,35326,45195,11595,20681,5,2,1277,1080,2310,2856,2762,4390,3855,6602,6751,7403,8699,7735,25129,32383,10257,18284,272083,122733,37237,15469,104044,3504,51,27,23
2021-05-04T23:59:59+02:00,13,7,5088,5000,9832,11331,11649,15806,16356,23588,46237,49759,46690,49601,34950,44709,11527,20572,5,2,1266,1061,2282,2815,2721,4306,3802,6494,6679,7324,8657,7696,25108,32366,10256,18279,261684,122514,37213,15406,103763,3148,28,27,23
2021-05-03T23:59:59+02:00,13,7,4988,4912,9478,11159,11184,15541,15299,22726,44663,48142,45808,48647,34728,44365,11499,20479,5,2,1251,1036,2246,2782,2680,4242,3753,6438,6603,7270,8085,7005,23362,30031,10118,18040,252662,116680,37203,15325,103730,2905,16,27,23
2021-05-02T23:59:59+02:00,13,7,4926,4894,9363,11120,11036,15480,14687,22235,44144,47732,45666,48481,34678,44304,11492,20468,5,1,1247,1030,2227,2779,2667,4234,3724,6423,6583,7256,7895,6763,21385,27614,10071,17952,251448,116658,35565,10304,103675,2860,11,27,23
2021-05-01T23:59:59+02:00,13,7,4926,4892,9359,11114,11033,15478,14682,22230,44142,47728,45665,48481,34678,44304,11492,20468,5,1,1246,1030,2227,2779,2667,4234,3723,6423,6582,7256,7895,6762,21385,27614,10071,17952,251415,116655,35565,10304,103674,2859,11,27,23
2021-04-30T23:59:59+02:00,13,7,4880,4868,9292,11098,10977,15453,14606,22203,42660,46316,45331,48151,34641,44252,11487,20458,5,1,1041,935,2032,2689,2568,4174,3637,6363,6519,7197,7888,6745,21384,27612,10071,17952,247428,116646,35565,10301,103662,1833,11,27,22
2021-04-29T23:59:59+02:00,13,7,4641,4784,8815,10949,10375,15277,13921,21994,37723,42003,44320,47119,34519,44134,11483,20427,5,1,862,859,1859,2611,2483,4108,3527,6292,6450,7147,7865,6725,21379,27605,10071,17952,233685,116612,35461,10196,103320,960,11,27,22
2021-04-28T23:59:59+02:00,13,7,4464,4751,8565,10863,10022,15186,13565,21837,33072,37491,43074,45863,34393,43986,11468,20409,5,1,820,832,1821,2563,2451,4032,3491,6183,6402,7057,7845,6705,21366,27592,10066,17945,220444,116525,35442,10148,103106,473,10,27,21
2021-04-27T23:59:59+02:00,12,6,4235,4538,8220,10412,9633,14603,13092,21190,31939,36362,42792,45576,34377,43958,11464,20406,5,1,793,818,1786,2540,2433,4014,3473,6163,6367,7030,7834,6696,21361,27588,10063,17939,217707,116466,35427,10119,99644,288,10,27,21
2021-04-26T23:59:59+02:00,12,6,4213,4511,8147,10374,9527,14549,12942,21129,27528,31982,41573,44355,34297,43857,11451,20395,5,1,761,807,1757,2521,2403,3993,3448,6142,6315,6984,7786,6647,21330,27557,10063,17932,205834,116264,35417,10074,99560,84,10,27,20
2021-04-25T23:59:59+02:00,12,6,4191,4498,8115,10349,9464,14517,12849,21082,25559,29939,40873,43595,34250,43798,11447,20389,5,1,749,799,1745,2507,2385,3978,3423,6121,6282,6955,7766,6630,21313,27536,10062,17928,205168,116237,30304,9839,99425,80,9,27,20
2021-04-24T23:59:59+02:00,12,6,4172,4487,8085,10320,9422,14501,12797,21061,24057,28274,40115,42752,34185,43722,11444,20383,5,1,748,798,1742,2505,2384,3974,3423,6117,6282,6952,7764,6627,21311,27536,10062,17928,200101,116215,30304,9838,99354,77,9,27,20
2021-04-23T23:59:59+02:00,11,6,3907,4336,7613,10022,8993,14146,12235,20658,23576,27974,40026,42690,34164,43688,11438,20376,5,1,735,788,1725,2492,2364,3958,3401,6094,6260,6933,7750,6608,21306,27525,10062,17927,199750,116200,30288,9639,95787,66,9,25,20
2021-04-22T23:59:59+02:00,11,6,3814,4276,7422,9906,8714,13953,11789,20332,21247,25616,37268,39445,33637,43016,11367,20252,5,1,722,779,1696,2461,2305,3900,3330,6022,6150,6836,7671,6521,21250,27481,10059,17912,186719,116082,30096,8928,95222,64,9,25,18
2021-04-21T23:59:59+02:00,11,4,3786,4243,7292,9827,8532,13779,11452,20042,19988,24411,34054,35723,33155,42316,11302,20123,5,1,698,761,1661,2433,2261,3876,3297,5989,6110,6797,7639,6494,21230,27457,10055,17908,174946,115969,29920,8616,95140,60,9,25,18
2021-04-20T23:59:59+02:00,11,4,3753,4216,7187,9758,8320,13619,11082,19744,18891,23258,30741,32076,32678,41717,11245,20006,4,1,690,751,1646,2421,2227,3854,3254,5943,6069,6755,7597,6449,21205,27434,10049,17905,163297,115810,29897,8359,95078,58,9,25,18
2021-04-19T23:59:59+02:00,11,4,3735,4200,7112,9720,8202,13510,10827,19559,18225,22598,29866,30943,32385,41353,11203,19932,4,1,682,746,1625,2407,2203,3824,3218,5910,6035,6724,7554,6416,21174,27406,10047,17901,158460,115678,29879,8115,95012,57,9,25,18
2021-04-18T23:59:59+02:00,11,4,3732,4193,7096,9708,8188,13493,10790,19533,18138,22515,29744,30817,32357,41330,11200,19924,4,1,680,742,1610,2395,2186,3809,3193,5884,6005,6701,7531,6403,21156,27384,10044,17898,157968,115619,29811,7924,94961,56,9,24,18
2021-04-17T23:59:59+02:00,11,4,3731,4191,7093,9705,8184,13493,10784,19526,18125,22504,29721,30804,32355,41327,11200,19924,4,1,679,742,1608,2394,2184,3808,3189,5883,6003,6699,7531,6403,21156,27384,10044,17898,157884,115604,29810,7924,94955,55,9,24,18
2021-04-16T23:59:59+02:00,11,4,3564,4154,6748,9575,7813,13306,10385,19281,17671,22230,29516,30642,32272,41237,11185,19905,4,1,666,722,1596,2379,2157,3793,3135,5846,5961,6649,7438,6312,20743,26817,10014,17837,157125,114274,29802,7717,92539,52,9,24,18
2021-04-15T23:59:59+02:00,11,4,3464,4074,6396,9203,7234,12805,9607,18448,16348,21002,28316,29348,31754,40595,11104,19729,4,1,636,699,1543,2340,2071,3707,3026,5726,5633,6411,6940,5923,19999,25898,9915,17667,151378,110892,29508,7173,88523,47,9,24,18
2021-04-14T23:59:59+02:00,10,4,3411,4027,6160,8963,6904,12428,8988,17900,15228,19969,26899,27845,31123,39713,10992,19531,4,1,603,673,1498,2302,1996,3629,2884,5603,5325,6177,6395,5414,18975,24603,9828,17487,144561,106609,29309,6720,86194,41,9,22,18
2021-04-13T23:59:59+02:00,10,4,3379,3995,6070,8885,6756,12295,8685,17655,14428,19275,23553,24279,30188,38533,10886,19356,4,1,598,664,1485,2279,1964,3594,2786,5532,5107,5994,6028,5072,18673,24255,9786,17420,132918,104489,29298,6687,85985,40,9,22,17
2021-04-12T23:59:59+02:00,10,4,3357,3974,6019,8826,6668,12208,8467,17461,13811,18749,22546,23128,29763,37974,10817,19229,4,1,588,656,1475,2271,1941,3573,2729,5482,4958,5889,5707,4789,18377,23951,9747,17358,127828,102891,29279,6539,85873,40,9,22,17
2021-04-11T23:59:59+02:00,10,4,3351,3968,6001,8802,6639,12191,8425,17438,13719,18689,22417,22978,29711,37909,10807,19205,4,1,584,651,1462,2261,1928,3565,2712,5465,4921,5852,5648,4729,18204,23718,9726,17327,127285,102226,29213,6466,85735,40,9,22,17
2021-04-10T23:59:59+02:00,10,4,3343,3967,5978,8801,6617,12190,8403,17437,13695,18687,22412,22975,29707,37908,10807,19205,4,1,581,648,1454,2254,1923,3562,2705,5456,4905,5844,5635,4712,18040,23463,9712,17303,127264,101704,29122,6433,85730,40,8,22,17
2021-04-09T23:59:59+02:00,9,4,3306,3955,5930,8787,6558,12171,8364,17410,13645,18641,20457,20559,29221,37289,10777,19155,4,1,567,634,1428,2232,1896,3538,2663,5420,4832,5782,5519,4609,17462,22730,9674,17232,126564,99933,23996,6234,85650,32,7,21,17
2021-04-08T23:59:59+02:00,9,4,3281,3936,5862,8756,6484,12132,8275,17346,13500,18523,17857,17485,28700,36622,10739,19105,4,1,525,605,1340,2150,1801,3441,2483,5236,4332,5421,4716,4003,15668,20489,9484,16923,125697,92914,18121,5662,84771,23,6,21,17
2021-04-07T23:59:59+02:00,7,4,3202,3907,5655,8705,6276,12072,8065,17270,13237,18427,15185,14405,28021,35820,10709,19052,4,1,501,576,1286,2093,1705,3362,2330,5096,3919,5090,3993,3432,14808,19617,9368,16736,125483,88561,16578,5314,77932,20,5,21,17
2021-04-06T23:59:59+02:00,6,4,3173,3897,5610,8686,6205,12048,7979,17233,13164,18354,13194,12034,27385,35104,10696,19022,4,1,471,553,1217,2038,1619,3279,2168,4977,3547,4814,3468,3019,13960,18611,9292,16615,125349,84904,16374,4712,72045,16,5,21,16
2021-04-05T23:59:59+02:00,6,4,3171,3894,5575,8671,6168,12035,7934,17216,13091,18318,13149,11988,27374,35088,10695,19019,4,1,439,523,1165,2001,1568,3237,2101,4923,3458,4738,3411,2967,13815,18439,9283,16597,125324,84409,16165,4225,71882,16,4,21,16
2021-04-04T23:59:59+02:00,6,4,3170,3892,5575,8669,6166,12034,7933,17214,13091,18318,13146,11988,27373,35088,10695,19019,4,1,438,522,1164,2001,1567,3237,2100,4923,3458,4738,3411,2967,13814,18439,9283,16597,125314,84403,16165,4225,71877,16,4,21,16
2021-04-03T23:59:59+02:00,6,4,3169,3892,5575,8668,6166,12034,7933,17214,13091,18318,13146,11986,27372,35085,10695,19019,4,1,438,520,1164,2001,1566,3237,2100,4922,3452,4735,3405,2957,13727,18302,9274,16581,125308,84125,16165,4225,71875,16,4,21,16
2021-04-02T23:59:59+02:00,6,4,3169,3889,5572,8663,6162,12025,7925,17201,13064,18287,13099,11933,27344,35066,10692,19015,4,1,435,513,1162,1997,1554,3228,2089,4900,3421,4702,3373,2928,12790,17051,9207,16472,125139,81650,16162,4143,71790,16,4,21,14
2021-04-01T23:59:59+02:00,6,4,3155,3875,5533,8644,6095,11992,7854,17166,12951,18215,12985,11806,27286,34989,10683,19000,4,1,387,469,1063,1929,1454,3139,1937,4787,3216,4571,3137,2726,10755,14450,9093,16291,124824,76026,16039,3350,71353,16,3,20,14
2021-03-31T23:59:59+02:00,6,4,3154,3861,5516,8610,6060,11957,7810,17121,12870,18146,12871,11684,27235,34926,10675,18990,3,1,349,446,1027,1886,1381,3099,1832,4683,2957,4370,2721,2410,8157,11217,8912,16049,124513,68462,15999,3006,70962,15,3,19,14
2021-03-30T23:59:59+02:00,6,4,3148,3849,5492,8584,6027,11925,7770,17081,12792,18080,12785,11546,27197,34878,10669,18980,3,1,328,428,1005,1854,1322,3064,1708,4602,2710,4199,2353,2162,7267,10134,8845,15920,124380,65143,15968,2731,70444,15,2,19,14
2021-03-29T23:59:59+02:00,6,4,3136,3845,5463,8564,5991,11890,7726,17048,12717,18003,12137,10788,25328,32388,10520,18723,3,1,322,425,998,1839,1302,3039,1674,4561,2561,4111,2065,2011,6607,9422,8801,15842,118381,62827,15798,2728,70078,13,2,18,14
2021-03-28T23:59:59+02:00,6,4,3106,3829,5415,8526,5940,11845,7645,16993,12606,17933,11872,10485,23344,29919,10465,18624,3,1,321,423,995,1838,1293,3035,1670,4559,2549,4103,2040,1991,6583,9407,8799,15837,118323,62694,10609,2726,69605,13,2,18,12
2021-03-27T23:59:59+01:00,6,4,3094,3824,5375,8515,5904,11830,7597,16978,12560,17886,11837,10441,23340,29911,10465,18624,3,1,321,423,995,1838,1293,3035,1669,4557,2547,4100,2038,1989,6535,9332,8767,15788,118252,62478,10608,2726,69311,13,2,18,12
2021-03-26T23:59:59+01:00,6,4,2966,3503,4924,7362,5409,10512,6985,14931,11753,15600,11616,10256,22857,29184,10420,18553,3,1,320,420,990,1835,1287,3030,1666,4555,2542,4093,2030,1983,6406,9143,8623,15599,116702,61795,10351,2714,59768,3,2,18,12
2021-03-25T23:59:59+01:00,6,3,2846,3241,4765,6596,5178,9365,6660,13209,11025,13798,10755,9452,22126,28336,10343,18396,3,1,315,411,983,1826,1272,3011,1647,4521,2506,4043,1962,1924,6115,8714,8342,15146,113774,60017,9647,2710,52659,2,2,18,11
2021-03-24T23:59:59+01:00,6,3,2800,3196,4689,6532,5044,9258,6454,13038,10512,13392,9918,8630,21106,27075,10245,18208,3,1,313,406,976,1820,1255,3000,1632,4497,2459,3987,1894,1848,5749,8238,7925,14471,109738,57762,9300,2699,51051,2,0,17,11
2021-03-23T23:59:59+01:00,6,3,2772,3163,4620,6463,4933,9165,6241,12876,10054,12971,9199,7961,20592,26468,10190,18101,3,1,301,393,959,1810,1240,2977,1602,4475,2409,3938,1815,1782,5465,7854,7520,13845,107337,55679,8967,2698,49457,1,0,17,11
2021-03-22T23:59:59+01:00,6,3,2754,3124,4561,6424,4857,9097,6102,12737,9692,12698,8597,7392,20172,26030,10129,18007,1,1,299,390,948,1803,1226,2963,1589,4462,2382,3910,1788,1760,5326,7680,7070,13019,105850,53913,8709,2693,47806,1,0,17,10
2021-03-21T23:59:59+01:00,6,3,2747,3108,4515,6400,4806,9061,6008,12670,9503,12511,8290,7132,20004,25863,10117,17979,1,1,299,390,947,1803,1223,2963,1588,4461,2379,3910,1781,1754,5317,7675,7039,12961,105647,53805,8477,2676,46582,1,0,17,10
2021-03-20T23:59:59+01:00,6,3,2746,3101,4508,6395,4799,9058,6004,12662,9483,12497,8257,7100,19831,25586,10101,17953,1,1,299,390,947,1802,1222,2963,1587,4460,2375,3902,1769,1741,5302,7626,6861,12721,105091,53307,8464,2651,46518,1,0,17,10
2021-03-19T23:59:59+01:00,6,3,2710,3074,4437,6350,4692,9007,5864,12604,9215,12309,7953,6873,19346,24995,10069,17894,1,1,299,389,946,1801,1222,2960,1585,4459,2368,3897,1753,1730,5265,7583,6448,12099,103787,52167,8222,2628,45375,1,0,17,10
2021-03-18T23:59:59+01:00,6,3,2644,3001,4273,6212,4443,8802,5507,12297,8302,11639,6689,5858,18085,23631,9914,17661,1,1,296,384,941,1791,1208,2947,1546,4443,2303,3851,1674,1688,5190,7476,5704,10980,98864,49829,7680,2586,42406,0,0,17,9
2021-03-17T23:59:59+01:00,6,3,2607,2961,4192,6115,4305,8694,5252,12021,7627,11072,5700,4957,16732,22092,9747,17401,1,1,292,382,937,1783,1204,2938,1529,4422,2237,3826,1610,1643,5145,7410,5123,10088,93422,48033,7180,2529,40865,0,0,17,9
2021-03-16T23:59:59+01:00,5,3,2587,2933,4129,6048,4211,8597,5075,11865,7178,10683,4936,4338,15871,21111,9641,17227,1,1,288,380,934,1778,1201,2931,1521,4412,2215,3807,1577,1626,5107,7367,4613,9268,89764,46570,7141,2450,39516,0,0,17,7
2021-03-15T23:59:59+01:00,5,3,2584,2922,4114,6028,4179,8571,5025,11818,7060,10566,4789,4176,15550,20698,9609,17168,1,1,286,376,933,1772,1195,2924,1507,4403,2194,3785,1533,1609,5047,7293,4027,8405,88989,44977,7042,2307,38817,0,0,17,7
2021-03-14T23:59:59+01:00,5,2,2578,2914,4093,6007,4149,8551,4984,11784,6966,10478,4683,4062,15417,20528,9592,17128,1,1,284,375,933,1770,1189,2917,1502,4392,2183,3778,1523,1603,5039,7285,4021,8391,88681,44914,7023,2266,38201,0,0,16,7
2021-03-13T23:59:59+01:00,5,2,2571,2904,4085,5995,4141,8544,4976,11774,6947,10465,4660,4036,15101,20090,9572,17092,1,1,284,375,933,1770,1189,2917,1502,4392,2183,3778,1522,1603,5039,7284,4021,8391,87790,44913,7001,2265,38153,0,0,16,7
2021-03-12T23:59:59+01:00,5,2,2507,2828,3975,5823,4021,8321,4839,11475,6768,10195,4507,3898,14171,18829,9510,16990,1,1,284,374,931,1767,1189,2913,1500,4387,2182,3771,1515,1601,5032,7265,4019,8374,85308,44835,6940,2264,36402,0,0,14,7
2021-03-11T23:59:59+01:00,4,2,2383,2603,3747,5496,3765,7887,4512,10714,6137,9384,3985,3394,12557,16829,9408,16841,1,1,284,373,927,1762,1186,2899,1491,4375,2169,3744,1474,1573,4991,7228,4007,8347,80947,44685,6777,2140,31910,0,0,14,7
2021-03-10T23:59:59+01:00,4,2,2264,2472,3590,5258,3570,7564,4240,10232,5580,8815,3410,2950,10269,14106,9259,16609,1,1,280,369,922,1752,1179,2888,1487,4359,2147,3729,1445,1565,4961,7213,3998,8337,74605,44619,6605,2007,28970,0,0,14,7
2021-03-09T23:59:59+01:00,4,2,2239,2421,3524,5169,3456,7474,4070,10036,5185,8466,2929,2591,8743,12087,9153,16458,1,1,279,368,922,1746,1172,2878,1483,4351,2139,3718,1430,1559,4953,7208,3995,8335,69721,44578,6457,1954,27815,0,0,14,6
2021-03-08T23:59:59+01:00,4,2,2215,2346,3465,5101,3382,7390,3948,9924,4888,8272,2487,2327,6805,9687,9032,16280,1,1,279,365,921,1736,1166,2862,1477,4340,2135,3711,1419,1552,4937,7188,3988,8325,64013,44469,6120,1928,27408,0,0,14,6
2021-03-07T23:59:59+01:00,4,2,2153,2290,3369,4993,3285,7301,3849,9837,4751,8177,2436,2275,6782,9666,9032,16272,1,1,279,364,920,1736,1166,2860,1477,4340,2135,3711,1419,1552,4936,7188,3988,8325,63884,44466,5437,1926,27139,0,0,14,6
2021-03-06T23:59:59+01:00,4,2,2145,2277,3355,4983,3281,7296,3840,9827,4741,8172,2434,2272,6736,9596,9000,16222,1,1,279,364,919,1732,1165,2859,1477,4337,2131,3706,1418,1547,4930,7183,3986,8315,63673,44418,5377,1926,27119,0,0,14,6
2021-03-05T23:59:59+01:00,4,2,2015,2191,3130,4797,3042,6984,3562,9432,4407,7835,2345,2210,6528,9274,8803,15957,1,1,279,362,917,1729,1165,2858,1476,4331,2128,3700,1412,1545,4924,7177,3985,8308,62680,44366,4530,1926,25294,0,0,14,6
2021-03-04T23:59:59+01:00,4,2,1764,1971,2717,4360,2585,6345,2996,8531,3722,7022,2126,2050,6232,8907,8519,15494,1,1,276,361,916,1721,1163,2841,1475,4315,2119,3688,1401,1543,4912,7163,3978,8297,61019,44242,3250,1923,21064,0,0,14,6
2021-03-03T23:59:59+01:00,4,2,1694,1883,2610,4177,2452,6118,2855,8243,3534,6759,2042,1972,5891,8430,8154,14905,1,1,275,357,916,1711,1160,2818,1471,4291,2114,3673,1376,1531,4907,7157,3974,8289,58991,44094,3106,1923,19614,0,0,14,5
2021-03-02T23:59:59+01:00,4,2,1659,1807,2540,4057,2371,5966,2748,8062,3419,6607,1967,1904,5574,7988,7740,14226,1,1,273,352,913,1692,1157,2798,1468,4273,2113,3662,1351,1525,4897,7140,3969,8281,56858,43938,2864,1923,18905,0,0,14,5
2021-03-01T23:59:59+01:00,2,2,1649,1780,2502,3949,2323,5851,2712,7961,3366,6528,1925,1883,5436,7825,7259,13349,1,1,272,350,909,1686,1155,2786,1466,4260,2111,3647,1346,1520,4894,7138,3967,8274,54977,43855,2853,1923,18458,0,0,14,5
2021-02-28T23:59:59+01:00,2,2,1633,1742,2468,3877,2292,5796,2669,7880,3339,6480,1919,1879,5428,7820,7222,13289,1,1,272,350,908,1686,1155,2786,1466,4259,2111,3646,1346,1520,4894,7137,3967,8274,54852,43852,2851,1922,18020,0,0,14,5
2021-02-27T23:59:59+01:00,2,2,1631,1735,2465,3870,2289,5796,2667,7879,3336,6478,1913,1869,5418,7776,7049,13065,1,1,272,350,898,1681,1145,2779,1456,4250,2094,3637,1345,1517,4894,7136,3967,8274,54381,43848,2851,1844,17994,0,0,14,5
2021-02-26T23:59:59+01:00,2,1,1443,1576,2336,3630,2211,5388,2574,7375,3249,6021,1898,1845,5393,7743,6779,12670,1,1,270,348,890,1674,1137,2759,1450,4228,2084,3623,1338,1508,4887,7124,3963,8261,53622,43767,2831,1775,15667,0,0,14,4
2021-02-25T23:59:59+01:00,2,1,1230,1294,2116,3198,2039,4636,2376,6435,3007,5124,1807,1773,5341,7663,6195,11817,1,1,268,340,883,1614,1103,2663,1417,4117,2028,3548,1300,1487,4843,7082,3943,8206,51718,43293,2819,1547,11505,0,0,12,4
2021-02-24T23:59:59+01:00,2,1,1177,1086,2011,2934,1933,4300,2243,6031,2837,4855,1730,1718,5280,7574,5426,10625,1,1,266,334,847,1566,1053,2572,1356,4001,1939,3419,1260,1459,4825,7055,3933,8185,49359,43028,2808,1040,9584,0,0,12,4
2021-02-23T23:59:59+01:00,2,1,1160,1035,1976,2870,1907,4201,2217,5946,2803,4792,1721,1703,5244,7526,4780,9592,1,1,266,333,820,1539,1003,2520,1303,3923,1833,3344,1208,1432,4801,7029,3920,8147,47560,42822,2781,597,9124,0,0,11,4
2021-02-22T23:59:59+01:00,2,1,1152,993,1927,2726,1863,4055,2161,5752,2749,4687,1710,1692,5210,7478,4165,8699,1,1,265,324,778,1501,950,2437,1214,3815,1694,3246,1118,1373,4758,6957,3891,8036,45932,42345,2763,10,8317,0,0,10,4
2021-02-21T23:59:59+01:00,2,1,1149,979,1898,2664,1836,3958,2134,5647,2729,4624,1703,1686,5207,7469,4165,8695,1,1,263,322,773,1495,942,2405,1212,3779,1681,3206,1109,1358,4740,6931,3866,7992,45879,42062,2753,10,7904,0,0,10,4
2021-02-20T23:59:59+01:00,2,1,1149,979,1898,2663,1835,3958,2134,5647,2727,4618,1694,1677,5200,7462,4163,8692,1,1,263,322,773,1494,941,2401,1211,3775,1680,3204,1109,1358,4688,6871,3819,7935,45864,41833,2725,9,7900,0,0,10,4
2021-02-19T23:59:59+01:00,2,1,1149,977,1895,2658,1835,3948,2133,5638,2723,4614,1675,1668,5185,7444,4160,8687,1,1,262,320,769,1484,932,2376,1204,3733,1651,3151,1081,1319,4495,6618,3640,7634,45784,40658,2703,9,7895,0,0,10,4
2021-02-18T23:59:59+01:00,2,1,1118,895,1855,2539,1796,3811,2080,5432,2662,4441,1658,1651,5169,7412,4155,8658,1,1,235,291,724,1359,884,2170,1118,3395,1534,2854,971,1129,4000,5835,3223,6732,45632,36443,2670,9,7023,0,0,10,4
2021-02-17T23:59:59+01:00,2,1,1072,768,1774,2307,1719,3515,1971,5072,2587,4194,1633,1642,5148,7397,4146,8655,1,1,230,288,714,1341,875,2148,1106,3360,1515,2833,965,1126,3617,5308,2924,6305,45591,34644,2610,9,5392,0,0,10,4
2021-02-16T23:59:59+01:00,2,1,1031,729,1719,2203,1650,3343,1901,4865,2508,4086,1593,1628,5121,7374,4137,8643,1,1,223,282,698,1305,853,2094,1075,3242,1476,2746,941,1102,3259,4758,2580,5806,45537,32433,2443,6,4546,0,0,8,3
2021-02-15T23:59:59+01:00,2,1,1025,710,1699,2126,1632,3243,1882,4756,2494,4007,1563,1614,5091,7358,4104,8587,1,1,211,272,682,1272,834,2044,1054,3176,1434,2681,911,1071,2830,4199,2242,5227,45410,30134,2357,5,4119,0,0,8,3
2021-02-14T23:59:59+01:00,2,1,930,677,1623,2093,1570,3224,1839,4734,2459,3994,1556,1612,5082,7346,4101,8581,1,1,204,261,673,1254,816,2004,1038,3110,1403,2613,881,1025,2738,4058,2163,5029,45366,29266,2322,4,3729,0,0,7,2
2021-02-13T23:59:59+01:00,2,1,878,653,1593,2070,1555,3215,1823,4727,2451,3993,1555,1611,5082,7345,4100,8580,1,1,202,260,671,1253,816,2000,1038,3108,1402,2610,880,1024,2634,3933,2097,4928,45359,28853,2322,3,3546,0,0,7,2
2021-02-12T23:59:59+01:00,2,1,551,507,1245,1953,1384,3113,1683,4645,2344,3923,1536,1603,5072,7334,4090,8570,1,1,190,254,656,1227,802,1956,1011,3022,1347,2510,818,949,2406,3617,1949,4605,45237,27317,2322,2,1990,0,0,7,2
2021-02-11T23:59:59+01:00,2,1,389,433,1057,1839,1281,2995,1586,4531,2255,3832,1427,1558,5009,7282,4067,8520,1,1,154,192,557,983,667,1510,810,2350,1067,1917,575,697,1787,2728,1437,3324,44879,20756,2114,1,1064,0,0,7,0
2021-02-10T23:59:59+01:00,2,1,276,364,930,1733,1179,2873,1491,4346,2142,3710,1388,1545,4988,7271,4063,8518,1,1,133,129,387,623,494,1021,641,1738,899,1583,555,681,1380,2168,1120,2821,44803,16375,2005,0,6,0,0,6,0
2021-02-09T23:59:59+01:00,2,1,276,363,929,1727,1176,2864,1491,4340,2141,3705,1380,1542,4986,7269,4062,8516,1,1,130,127,378,590,475,994,620,1709,874,1553,553,678,996,1700,840,2413,44778,14632,1981,0,5,0,0,6,0
2021-02-08T23:59:59+01:00,2,1,276,361,928,1725,1173,2854,1484,4335,2139,3701,1375,1538,4984,7269,4061,8513,1,1,125,121,367,577,467,974,609,1676,856,1527,545,673,602,1209,534,1984,44750,12848,1958,0,5,0,0,6,0
2021-02-07T23:59:59+01:00,2,1,276,361,925,1725,1172,2854,1482,4333,2139,3701,1375,1538,4984,7268,4060,8513,1,1,121,118,362,573,466,967,606,1664,846,1511,537,670,601,1199,529,1969,44746,12741,1957,0,0,0,0,6,0
2021-02-06T23:59:59+01:00,2,1,276,361,925,1725,1172,2854,1482,4333,2139,3701,1375,1538,4984,7268,4060,8513,1,1,118,115,360,569,465,965,606,1662,846,1510,536,669,601,1199,529,1969,44746,12721,1957,0,0,0,0,6,0
2021-02-05T23:59:59+01:00,2,1,275,360,923,1725,1172,2853,1480,4332,2138,3701,1375,1538,4983,7266,4060,8510,1,1,117,106,357,564,457,952,602,1652,833,1487,531,659,595,1183,519,1944,44731,12560,1957,0,0,0,0,6,0
2021-02-04T23:59:59+01:00,2,1,271,355,917,1686,1164,2806,1480,4280,2126,3658,1367,1531,4954,7234,4048,8476,1,0,89,71,239,392,331,694,473,1260,624,1118,401,521,500,967,454,1678,44394,9813,1956,0,0,0,0,6,0
2021-02-03T23:59:59+01:00,2,1,269,345,913,1661,1160,2771,1469,4230,2117,3622,1359,1515,4929,7204,4034,8446,1,0,55,34,85,167,152,347,230,594,300,545,211,278,286,603,265,1046,44085,5199,1956,0,0,0,0,6,0
2021-02-02T23:59:59+01:00,2,1,268,343,912,1649,1156,2752,1466,4198,2110,3596,1351,1509,4921,7190,4026,8420,1,0,16,10,29,52,61,101,73,165,96,124,45,75,69,133,57,207,43908,1314,1956,0,0,0,0,6,0
2021-02-01T23:59:59+01:00,2,1,268,338,912,1646,1155,2751,1465,4194,2109,3590,1350,1508,4919,7189,4026,8420,1,0,13,9,25,45,51,92,60,140,74,105,39,67,61,124,55,194,43881,1155,1956,0,0,0,0,6,0
2021-01-31T23:59:59+01:00,2,1,268,337,912,1642,1154,2746,1465,4189,2109,3587,1349,1508,4918,7188,4026,8420,1,0,12,8,22,40,44,84,54,129,64,99,34,56,52,114,52,187,43861,1052,1954,0,0,0,0,6,0
2021-01-30T23:59:59+01:00,2,1,268,337,907,1639,1146,2738,1457,4183,2105,3584,1349,1508,4865,7128,3980,8362,1,0,12,8,22,38,44,84,53,128,64,99,34,56,52,114,52,187,43633,1048,1920,0,0,0,0,6,0
2021-01-29T23:59:59+01:00,2,1,267,335,892,1631,1134,2717,1445,4153,2081,3557,1340,1502,4700,6927,3812,8153,1,0,10,8,22,38,41,84,52,126,61,98,33,52,51,114,52,187,42835,1030,1808,0,0,0,0,6,0
2021-01-28T23:59:59+01:00,2,1,263,322,873,1545,1095,2607,1408,4051,2011,3483,1314,1489,4363,6457,3535,7794,1,0,7,4,10,18,22,42,21,58,36,65,20,34,35,74,40,125,41043,612,1564,0,0,0,0,6,0
2021-01-27T23:59:59+01:00,2,1,257,319,831,1490,1048,2513,1344,3953,1937,3376,1274,1462,3950,5884,3208,7322,1,0,3,4,10,9,11,21,8,23,14,30,12,15,17,42,17,63,39054,300,1111,0,0,0,0,6,0
2021-01-26T23:59:59+01:00,2,1,250,310,795,1443,981,2428,1283,3826,1822,3268,1213,1410,3601,5325,2853,6800,1,0,1,1,6,4,4,7,4,3,3,9,7,5,5,7,4,8,36943,79,664,0,0,0,0,4,0
2021-01-25T23:59:59+01:00,2,1,240,301,744,1383,920,2309,1181,3681,1663,3147,1133,1378,3202,4810,2536,6324,1,0,1,1,6,3,2,7,2,2,3,9,7,5,5,7,4,8,34889,73,63,0,0,0,0,3,0
2021-01-24T23:59:59+01:00,2,1,237,301,738,1379,909,2293,1176,3665,1635,3117,1127,1375,3175,4774,2519,6302,1,0,1,1,4,3,2,7,2,2,3,9,7,5,5,7,4,8,34714,71,9,0,0,0,0,2,0
2021-01-23T23:59:59+01:00,2,1,236,300,737,1378,909,2289,1175,3663,1632,3115,1126,1375,3069,4648,2452,6200,1,0,1,1,4,3,2,7,2,2,3,9,7,5,5,7,4,8,34297,71,8,0,0,0,0,2,0
2021-01-22T23:59:59+01:00,2,1,235,297,734,1362,907,2276,1169,3647,1628,3111,1124,1374,2907,4453,2349,6055,1,0,1,1,4,3,2,7,2,2,3,9,7,5,5,7,4,8,33621,71,8,0,0,0,0,2,0
2021-01-21T23:59:59+01:00,2,1,230,269,670,1206,840,2064,1088,3363,1532,2908,1081,1331,2559,3989,2054,5613,1,0,1,0,3,2,2,7,2,2,3,9,7,4,5,7,4,8,30792,67,8,0,0,0,0,0,0
2021-01-20T23:59:59+01:00,2,1,206,206,510,854,665,1573,888,2663,1295,2441,983,1197,2018,3236,1631,4803,1,0,1,0,3,2,2,7,2,2,3,7,6,4,5,7,4,8,25164,64,8,0,0,0,0,0,0
2021-01-19T23:59:59+01:00,2,1,181,189,462,744,611,1418,802,2366,1120,2134,815,939,1364,2295,1145,3668,0,0,0,0,2,1,0,0,0,0,2,1,1,0,0,0,0,0,20252,7,4,0,0,0,0,0,0
2021-01-18T23:59:59+01:00,1,1,137,134,386,620,489,1061,646,1823,929,1642,605,729,691,1346,600,2240,0,0,0,0,1,0,0,0,0,0,1,0,0,0,0,0,0,0,14077,2,3,0,0,0,0,0,0
2021-01-17T23:59:59+01:00,1,1,126,119,371,585,474,996,617,1706,870,1543,556,688,641,1244,554,2075,0,0,0,0,0,0,0,0,0,0,0,0,0,0,0,0,0,0,13166,0,1,0,0,0,0,0,0
2021-01-16T23:59:59+01:00,1,1,119,115,368,581,472,984,611,1693,864,1536,555,687,640,1238,549,2061,0,0,0,0,0,0,0,0,0,0,0,0,0,0,0,0,0,0,13074,0,1,0,0,0,0,0,0
2021-01-15T23:59:59+01:00,1,1,117,108,365,575,464,968,607,1682,850,1512,549,674,632,1221,541,2036,0,0,0,0,0,0,0,0,0,0,0,0,0,0,0,0,0,0,12903,0,0,0,0,0,0,0,0
2021-01-14T23:59:59+01:00,1,1,97,87,282,467,392,789,503,1411,694,1223,431,541,549,1022,478,1836,0,0,0,0,0,0,0,0,0,0,0,0,0,0,0,0,0,0,10804,0,0,0,0,0,0,0,0
2021-01-13T23:59:59+01:00,1,1,67,47,169,284,257,522,353,923,473,787,264,328,333,672,308,1166,0,0,0,0,0,0,0,0,0,0,0,0,0,0,0,0,0,0,6955,0,0,0,0,0,0,0,0
2021-01-12T23:59:59+01:00,1,1,31,20,54,103,115,215,151,384,196,336,137,180,174,371,177,647,0,0,0,0,0,0,0,0,0,0,0,0,0,0,0,0,0,0,3293,0,0,0,0,0,0,0,0
2021-01-11T23:59:59+01:00,1,0,17,10,38,65,63,114,78,172,91,127,40,67,66,130,55,200,0,0,0,0,0,0,0,0,0,0,0,0,0,0,0,0,0,0,1334,0,0,0,0,0,0,0,0
2021-01-10T23:59:59+01:00,1,0,14,7,31,54,56,102,68,157,75,113,34,57,56,119,50,190,0,0,0,0,0,0,0,0,0,0,0,0,0,0,0,0,0,0,1184,0,0,0,0,0,0,0,0
2021-01-09T23:59:59+01:00,1,0,13,7,30,52,55,101,65,156,75,111,34,57,56,119,50,190,0,0,0,0,0,0,0,0,0,0,0,0,0,0,0,0,0,0,1172,0,0,0,0,0,0,0,0
2021-01-08T23:59:59+01:00,1,0,10,7,28,49,50,96,60,143,69,107,32,52,55,119,50,190,0,0,0,0,0,0,0,0,0,0,0,0,0,0,0,0,0,0,1118,0,0,0,0,0,0,0,0
2021-01-07T23:59:59+01:00,1,0,7,4,10,19,22,43,23,58,38,67,19,35,40,79,39,126,0,0,0,0,0,0,0,0,0,0,0,0,0,0,0,0,0,0,630,0,0,0,0,0,0,0,0
2021-01-06T23:59:59+01:00,1,0,7,4,10,16,14,30,15,40,25,54,16,25,33,69,37,110,0,0,0,0,0,0,0,0,0,0,0,0,0,0,0,0,0,0,506,0,0,0,0,0,0,0,0
2021-01-05T23:59:59+01:00,1,0,7,4,10,16,14,30,15,40,25,54,16,25,32,69,37,110,0,0,0,0,0,0,0,0,0,0,0,0,0,0,0,0,0,0,505,0,0,0,0,0,0,0,0
2021-01-04T23:59:59+01:00,1,0,2,4,9,6,4,14,4,8,6,17,7,5,9,16,5,15,0,0,0,0,0,0,0,0,0,0,0,0,0,0,0,0,0,0,132,0,0,0,0,0,0,0,0
2021-01-03T23:59:59+01:00,1,0,1,1,4,3,2,7,3,3,3,10,5,4,6,8,4,9,0,0,0,0,0,0,0,0,0,0,0,0,0,0,0,0,0,0,74,0,0,0,0,0,0,0,0
2021-01-02T23:59:59+01:00,1,0,1,1,4,3,2,7,3,3,3,10,5,4,6,8,4,9,0,0,0,0,0,0,0,0,0,0,0,0,0,0,0,0,0,0,74,0,0,0,0,0,0,0,0
2021-01-01T23:59:59+01:00,1,0,1,1,4,3,2,7,2,3,3,10,5,4,6,8,4,9,0,0,0,0,0,0,0,0,0,0,0,0,0,0,0,0,0,0,73,0,0,0,0,0,0,0,0
2020-12-31T23:59:59+01:00,1,0,1,1,4,2,2,7,2,2,3,9,5,4,6,8,4,9,0,0,0,0,0,0,0,0,0,0,0,0,0,0,0,0,0,0,70,0,0,0,0,0,0,0,0
2020-12-30T23:59:59+01:00,1,0,1,1,4,2,2,7,2,2,3,7,5,4,6,8,4,9,0,0,0,0,0,0,0,0,0,0,0,0,0,0,0,0,0,0,68,0,0,0,0,0,0,0,0
2020-12-29T23:59:59+01:00,1,0,1,1,3,1,2,6,2,2,3,6,3,2,5,8,3,8,0,0,0,0,0,0,0,0,0,0,0,0,0,0,0,0,0,0,57,0,0,0,0,0,0,0,0
2020-12-28T23:59:59+01:00,1,0,0,0,3,1,0,2,1,0,1,3,0,1,0,1,1,5,0,0,0,0,0,0,0,0,0,0,0,0,0,0,0,0,0,0,20,0,0,0,0,0,0,0,0
2020-12-27T23:59:59+01:00,0,0,0,0,0,0,0,1,1,0,1,2,0,1,0,1,1,5,0,0,0,0,0,0,0,0,0,0,0,0,0,0,0,0,0,0,13,0,0,0,0,0,0,0,0
