Datum,<15_1_m,<15_1_w,15-24_1_m,15-24_1_w,25-34_1_m,25-34_1_w,35-44_1_m,35-44_1_w,45-54_1_m,45-54_1_w,55-64_1_m,55-64_1_w,65-74_1_m,65-74_1_w,75-84_1_m,75-84_1_w,>84_1_m,>84_1_w,<15_2_m,<15_2_w,15-24_2_m,15-24_2_w,25-34_2_m,25-34_2_w,35-44_2_m,35-44_2_w,45-54_2_m,45-54_2_w,55-64_2_m,55-64_2_w,65-74_2_m,65-74_2_w,75-84_2_m,75-84_2_w,>84_2_m,>84_2_w,bp_1,bp_2,mo_1,mo_2,az_1,az_2,ja,unb_1,unb_2
2021-11-12T23:59:59+01:00,7297,7054,50984,47979,65397,56479,67581,63069,78152,75790,90735,88181,61315,65616,39980,51435,12677,22835,5582,5416,43114,41275,57174,49291,60897,56765,71678,69492,85580,83435,59309,63252,38778,49768,12186,21887,716890,648931,80373,76468,109720,103849,45567,50,64
2021-11-11T23:59:59+01:00,7108,6856,50187,47373,64753,55856,67077,62617,77717,75408,90490,87944,61247,65528,39950,51389,12667,22816,5514,5350,42929,41098,57002,49094,60743,56598,71550,69345,85454,83319,59254,63195,38747,49727,12177,21871,711508,647164,80292,76434,109718,103846,45459,50,64
2021-11-10T23:59:59+01:00,6919,6729,49424,46752,63952,55183,66456,62098,77258,74946,90187,87653,61158,65410,39910,51322,12656,22796,5480,5302,42728,40926,56786,48884,60571,56436,71399,69170,85328,83178,59192,63135,38706,49678,12170,21854,705587,645309,80188,76392,109715,103845,45313,50,64
2021-11-09T23:59:59+01:00,6812,6607,48773,46195,63291,54644,65999,61691,76850,74559,89917,87390,61083,65321,39880,51281,12651,22781,5453,5281,42580,40824,56657,48764,60471,56324,71306,69053,85238,83082,59142,63073,38685,49638,12161,21845,700872,644171,80010,76368,109706,103844,45130,50,64
2021-11-08T23:59:59+01:00,6717,6507,48135,45732,62662,54145,65530,61277,76458,74225,89681,87162,61008,65261,39853,51243,12646,22766,5429,5262,42476,40703,56530,48668,60386,56239,71218,68972,85177,83011,59099,63029,38673,49616,12155,21824,696579,643286,79771,76329,109706,103843,44945,50,64
2021-11-07T23:59:59+01:00,6675,6461,47863,45514,62376,53896,65299,61102,76254,74055,89568,87057,60974,65220,39845,51226,12644,22760,5418,5240,42416,40653,56456,48610,60328,56190,71163,68919,85142,82977,59078,63012,38662,49605,12153,21818,694525,642789,79731,76324,109706,103843,44820,50,64
2021-11-06T23:59:59+01:00,6662,6443,47829,45476,62317,53851,65265,61078,76229,74030,89550,87045,60974,65220,39845,51225,12644,22759,5415,5240,42412,40646,56442,48601,60322,56184,71159,68915,85136,82974,59078,63012,38662,49605,12153,21818,694188,642730,79727,76323,109706,103843,44814,50,64
2021-11-05T23:59:59+01:00,6597,6374,47577,45254,62033,53607,65033,60888,76038,73863,89434,86968,60966,65202,39844,51218,12644,22753,5392,5216,42353,40597,56370,48525,60269,56121,71098,68867,85106,82944,59068,63000,38655,49599,12151,21815,692197,642254,79721,76320,109702,103843,44665,50,64
2021-11-04T23:59:59+01:00,6447,6238,47024,44780,61480,53116,64571,60506,75693,73558,89234,86830,60933,65144,39823,51198,12637,22745,5321,5129,42174,40394,56199,48332,60119,55976,70978,68739,84996,82860,59031,62961,38639,49553,12146,21808,688146,640715,79666,76299,109702,103842,44435,50,64
2021-11-03T23:59:59+01:00,6365,6149,46572,44398,60891,52713,64179,60169,75365,73298,89022,86671,60902,65099,39812,51176,12631,22730,5280,5071,41994,40241,55972,48153,59988,55840,70856,68618,84912,82782,58994,62925,38619,49524,12141,21792,684590,639291,79610,76276,109702,103839,44232,50,64
2021-11-02T23:59:59+01:00,6313,6094,46305,44186,60524,52477,63888,59999,75160,73163,88903,86589,60885,65069,39801,51155,12626,22721,5256,5047,41886,40160,55877,48069,59901,55778,70785,68548,84861,82732,58970,62897,38604,49507,12134,21769,682486,638529,79582,76270,109702,103839,44079,50,64
2021-11-01T23:59:59+01:00,6258,6038,46087,44002,60271,52308,63651,59827,74988,73049,88816,86533,60873,65053,39791,51149,12624,22718,5231,5021,41819,40092,55784,47992,59802,55729,70712,68500,84811,82699,58962,62881,38596,49492,12129,21755,680944,638021,79571,76268,109696,103838,43816,50,64
2021-10-31T23:59:59+01:00,6253,6038,46083,43999,60266,52304,63647,59824,74987,73046,88815,86531,60873,65053,39791,51149,12624,22718,5229,5019,41819,40090,55784,47991,59801,55729,70711,68500,84811,82699,58962,62881,38596,49491,12129,21754,680910,638011,79571,76268,109696,103838,43815,50,64
2021-10-30T23:59:59+02:00,6253,6038,46083,43998,60264,52300,63647,59824,74985,73045,88814,86531,60873,65053,39791,51149,12624,22718,5229,5019,41819,40090,55783,47986,59800,55728,70711,68500,84811,82699,58962,62881,38595,49489,12129,21754,680900,638003,79571,76266,109696,103838,43814,50,64
2021-10-29T23:59:59+02:00,6227,6008,45955,43880,60049,52146,63454,59708,74847,72930,88721,86495,60864,65048,39780,51140,12622,22712,5209,5006,41761,40035,55704,47920,59717,55683,70653,68451,84781,82682,58956,62876,38593,49486,12128,21752,679809,637700,79542,76261,109696,103838,43530,50,64
2021-10-28T23:59:59+02:00,6155,5941,45689,43651,59718,51945,63193,59517,74627,72792,88601,86411,60834,65028,39772,51129,12621,22708,5181,4957,41647,39931,55553,47819,59602,55605,70559,68373,84711,82632,58938,62855,38577,49469,12122,21739,677838,636839,79508,76249,109696,103837,43281,50,64
2021-10-27T23:59:59+02:00,6084,5874,45457,43454,59443,51735,63018,59353,74473,72668,88507,86335,60818,65008,39770,51117,12617,22703,5142,4911,41467,39775,55396,47667,59500,55486,70463,68290,84658,82557,58914,62830,38555,49444,12117,21729,676109,635632,79489,76236,109695,103837,43132,50,64
2021-10-26T23:59:59+02:00,5981,5779,45153,43194,59094,51504,62796,59161,74282,72517,88410,86248,60801,64976,39764,51105,12611,22698,5066,4833,41268,39561,55218,47491,59375,55370,70380,68178,84576,82486,58884,62792,38534,49415,12115,21716,673944,634179,79475,76226,109694,103837,42952,50,64
2021-10-25T23:59:59+02:00,5975,5773,45125,43176,59055,51482,62773,59150,74257,72504,88395,86233,60800,64974,39762,51105,12611,22698,5062,4833,41257,39558,55199,47484,59360,55368,70372,68169,84571,82478,58884,62789,38533,49415,12115,21716,673768,634135,79474,76226,109694,103835,42903,50,64
2021-10-24T23:59:59+02:00,5948,5750,45032,43110,58936,51393,62682,59083,74170,72451,88349,86203,60792,64963,39759,51098,12609,22695,5053,4822,41201,39512,55129,47431,59311,55327,70338,68138,84546,82456,58872,62776,38527,49409,12114,21715,673098,633807,79467,76217,109694,103835,42754,50,64
2021-10-23T23:59:59+02:00,5948,5750,45032,43110,58936,51392,62682,59082,74170,72451,88349,86203,60792,64963,39759,51098,12609,22695,5053,4822,41201,39512,55128,47431,59311,55327,70338,68138,84546,82456,58872,62776,38527,49409,12114,21715,673096,633806,79467,76217,109694,103835,42754,50,64
2021-10-22T23:59:59+02:00,5924,5718,44937,43042,58829,51304,62571,59003,74095,72386,88299,86175,60792,64959,39757,51096,12607,22695,5035,4803,41132,39458,55073,47378,59250,55282,70308,68103,84508,82444,58865,62771,38522,49402,12113,21715,672441,633463,79456,76215,109694,103833,42587,50,64
2021-10-21T23:59:59+02:00,5863,5676,44788,42918,58664,51167,62417,58884,73974,72295,88211,86122,60774,64945,39746,51078,12603,22688,4987,4765,41008,39325,54962,47263,59148,55157,70223,68031,84448,82397,58843,62737,38505,49384,12108,21706,671224,632451,79438,76203,109694,103833,42446,50,64
2021-10-20T23:59:59+02:00,5826,5624,44650,42788,58491,51015,62293,58789,73873,72221,88163,86076,60765,64927,39728,51061,12598,22672,4937,4693,40858,39166,54797,47104,59028,55015,70133,67934,84375,82333,58806,62700,38487,49362,12105,21694,670090,631095,79415,76184,109692,103833,42351,50,64
2021-10-19T23:59:59+02:00,5798,5585,44525,42681,58357,50912,62222,58718,73830,72153,88121,86046,60742,64910,39711,51047,12591,22660,4873,4636,40655,38982,54628,46939,58925,54872,70048,67838,84310,82273,58766,62657,38471,49341,12103,21672,669212,629634,79406,76173,109692,103831,42287,50,64
2021-10-18T23:59:59+02:00,5778,5572,44469,42619,58298,50859,62190,58679,73800,72119,88099,86033,60724,64895,39708,51038,12589,22655,4858,4622,40599,38933,54575,46877,58892,54821,70012,67796,84275,82244,58748,62642,38464,49324,12100,21662,668792,629163,79404,76164,109692,103829,42224,50,64
2021-10-17T23:59:59+02:00,5766,5553,44433,42598,58266,50831,62159,58655,73782,72100,88077,86017,60717,64891,39702,51029,12587,22646,4840,4599,40559,38904,54553,46841,58868,54794,69994,67778,84255,82225,58738,62633,38462,49320,12099,21657,668511,628869,79396,76159,109692,103829,42198,50,64
2021-10-16T23:59:59+02:00,5764,5551,44433,42598,58266,50829,62159,58655,73782,72100,88077,86017,60717,64891,39702,51029,12587,22646,4840,4598,40558,38902,54553,46839,58868,54794,69994,67778,84255,82225,58738,62633,38462,49320,12099,21657,668505,628864,79396,76158,109692,103829,42198,50,64
2021-10-15T23:59:59+02:00,5749,5531,44375,42547,58210,50781,62114,58626,73745,72062,88047,85992,60704,64888,39697,51024,12584,22643,4818,4577,40501,38851,54510,46806,58828,54752,69960,67748,84227,82207,58733,62628,38453,49317,12098,21653,668109,628502,79394,76158,109690,103829,42114,50,64
2021-10-14T23:59:59+02:00,5703,5500,44298,42458,58135,50688,62045,58557,73683,71999,87986,85956,60691,64869,39685,51006,12577,22629,4771,4518,40395,38714,54446,46728,58747,54658,69886,67670,84189,82167,58699,62606,38446,49300,12095,21644,667376,627645,79385,76141,109690,103827,42002,50,64
2021-10-13T23:59:59+02:00,5662,5437,44195,42342,58026,50587,61968,58469,73627,71931,87937,85914,60673,64842,39677,50995,12574,22620,4683,4448,40211,38478,54296,46497,58621,54486,69800,67542,84102,82090,58669,62568,38426,49259,12090,21630,666456,625942,79372,76118,109690,103826,41946,50,64
2021-10-12T23:59:59+02:00,5623,5407,44068,42218,57907,50467,61883,58385,73540,71867,87875,85868,60649,64811,39671,50978,12570,22607,4631,4382,39969,38250,54084,46300,58471,54336,69706,67430,84022,82019,58635,62524,38405,49229,12082,21617,665458,624218,79367,76116,109689,103826,41868,50,64
2021-10-11T23:59:59+02:00,5605,5393,44023,42165,57855,50407,61844,58343,73500,71834,87846,85844,60634,64798,39665,50964,12564,22595,4613,4367,39922,38203,54029,46250,58425,54290,69676,67393,83999,81985,58614,62500,38392,49202,12074,21595,664988,623699,79360,76111,109689,103825,41830,50,64
2021-10-10T23:59:59+02:00,5591,5380,43997,42136,57820,50382,61811,58315,73479,71814,87831,85832,60626,64793,39664,50960,12563,22592,4604,4357,39890,38179,53991,46216,58391,54268,69652,67376,83985,81973,58609,62493,38386,49196,12072,21593,664746,623453,79355,76106,109689,103824,41784,50,64
2021-10-09T23:59:59+02:00,5590,5379,43996,42131,57820,50382,61809,58315,73479,71814,87831,85832,60626,64793,39664,50960,12563,22592,4603,4357,39888,38177,53990,46216,58389,54268,69652,67376,83985,81973,58608,62493,38386,49196,12072,21593,664738,623448,79355,76106,109689,103822,41782,50,64
2021-10-08T23:59:59+02:00,5563,5359,43947,42083,57765,50325,61759,58280,73432,71787,87807,85820,60618,64784,39658,50951,12561,22589,4591,4335,39853,38137,53961,46182,58353,54226,69617,67355,83968,81960,58604,62481,38383,49192,12071,21591,664334,623172,79354,76103,109689,103822,41699,50,64
2021-10-07T23:59:59+02:00,5499,5281,43798,41946,57640,50197,61668,58194,73354,71712,87752,85782,60605,64760,39648,50941,12558,22581,4500,4241,39663,37910,53819,45988,58226,54063,69512,67246,83913,81898,58575,62437,38362,49176,12064,21583,663275,621599,79338,76089,109689,103822,41602,50,64
2021-10-06T23:59:59+02:00,5473,5240,43656,41832,57525,50109,61588,58102,73287,71644,87693,85737,60589,64735,39635,50916,12555,22564,4438,4187,39499,37732,53686,45834,58123,53926,69421,67137,83848,81824,58540,62397,38347,49150,12062,21565,662345,620230,79319,76086,109688,103822,41514,50,64
2021-10-05T23:59:59+02:00,5433,5202,43526,41690,57411,49973,61470,58023,73216,71579,87640,85678,60570,64715,39624,50898,12551,22546,4391,4139,39368,37585,53569,45707,58026,53804,69321,67059,83789,81764,58515,62365,38328,49125,12056,21561,661296,619076,79313,76077,109688,103821,41434,50,64
2021-10-04T23:59:59+02:00,5404,5189,43448,41620,57342,49898,61423,57983,73164,71533,87606,85653,60551,64696,39619,50890,12547,22534,4372,4120,39296,37533,53501,45645,57989,53756,69285,67006,83760,81737,58489,62345,38318,49115,12054,21558,660744,618598,79309,76055,109688,103817,41345,50,64
2021-10-03T23:59:59+02:00,5394,5173,43417,41583,57289,49863,61388,57948,73135,71506,87582,85629,60540,64687,39609,50882,12544,22523,4364,4110,39265,37501,53470,45626,57963,53726,69265,66986,83739,81719,58478,62331,38312,49114,12053,21553,660416,618373,79307,76054,109688,103817,41267,50,64
2021-10-02T23:59:59+02:00,5394,5173,43416,41582,57286,49862,61388,57947,73135,71505,87582,85629,60540,64687,39609,50882,12544,22523,4364,4110,39265,37501,53470,45626,57963,53726,69265,66986,83739,81719,58478,62331,38312,49114,12053,21553,660410,618373,79305,76054,109688,103817,41267,50,64
2021-10-01T23:59:59+02:00,5381,5152,43341,41516,57218,49798,61326,57912,73084,71467,87544,85598,60525,64677,39604,50874,12544,22523,4347,4098,39210,37447,53422,45597,57923,53688,69230,66960,83715,81696,58471,62330,38309,49112,12053,21552,659931,618080,79304,76053,109688,103816,41147,50,64
2021-09-30T23:59:59+02:00,5309,5072,43163,41325,57057,49628,61203,57768,72989,71357,87472,85550,60502,64638,39586,50854,12540,22515,4228,3969,38977,37177,53262,45406,57783,53517,69128,66840,83638,81623,58454,62293,38293,49086,12047,21549,658619,616425,79291,76052,109688,103813,40916,50,64
2021-09-29T23:59:59+02:00,5273,5036,43018,41175,56911,49494,61107,57667,72904,71269,87413,85500,60477,64615,39570,50835,12536,22506,4144,3910,38788,36953,53119,45256,57690,53390,69034,66731,83572,81538,58410,62267,38281,49070,12044,21539,657585,615060,79266,76047,109688,103812,40753,50,64
2021-09-28T23:59:59+02:00,5231,4992,42810,41017,56764,49357,61003,57560,72822,71180,87353,85431,60448,64592,39556,50814,12529,22485,4085,3857,38593,36766,52976,45119,57590,53277,68951,66645,83496,81467,58382,62236,38265,49050,12042,21532,656393,613818,79258,76046,109687,103809,40592,50,64
2021-09-27T23:59:59+02:00,5199,4970,42718,40938,56668,49273,60917,57481,72759,71126,87304,85390,60425,64565,39534,50792,12520,22452,4071,3841,38507,36707,52894,45068,57517,53223,68913,66602,83453,81432,58359,62214,38255,49035,12039,21521,655733,613423,79251,76015,109687,103803,40346,50,64
2021-09-26T23:59:59+02:00,5186,4944,42672,40904,56637,49238,60899,57457,72735,71105,87290,85368,60417,64558,39530,50787,12519,22451,4061,3834,38485,36690,52859,45039,57494,53206,68891,66579,83434,81418,58353,62206,38250,49031,12039,21521,655486,613248,79245,76010,109687,103803,40265,50,64
2021-09-25T23:59:59+02:00,5186,4943,42668,40902,56637,49237,60899,57456,72734,71103,87290,85368,60417,64558,39530,50787,12519,22451,4061,3834,38482,36687,52858,45039,57494,53204,68890,66577,83434,81418,58352,62205,38250,49031,12039,21521,655480,613238,79243,76010,109687,103803,40261,50,64
2021-09-24T23:59:59+02:00,5167,4932,42581,40820,56572,49172,60833,57401,72673,71043,87251,85328,60405,64549,39525,50783,12518,22449,4056,3826,38423,36636,52809,44994,57443,53162,68844,66521,83400,81393,58341,62199,38247,49028,12038,21519,655133,613077,79239,76007,109687,103803,39928,50,64
2021-09-23T23:59:59+02:00,5094,4831,42309,40549,56344,48962,60663,57200,72519,70906,87119,85236,60352,64508,39507,50746,12512,22420,3978,3739,38184,36457,52617,44829,57293,53024,68712,66411,83300,81308,58304,62160,38234,49002,12031,21502,653541,611916,79226,75996,109686,103801,39308,50,64
2021-09-22T23:59:59+02:00,5055,4776,42155,40365,56167,48781,60515,57044,72409,70770,87027,85156,60317,64459,39487,50709,12509,22404,3937,3689,38046,36310,52457,44694,57165,52898,68633,66312,83210,81226,58270,62125,38216,48981,12028,21492,652238,610880,79212,75992,109685,103799,38954,50,64
2021-09-21T23:59:59+02:00,5019,4720,41955,40119,55941,48556,60350,56895,72316,70649,86938,85074,60278,64415,39470,50669,12500,22390,3890,3655,37884,36164,52305,44553,57043,52801,68564,66232,83134,81162,58241,62101,38192,48959,12022,21479,650662,609847,79211,75992,109685,103798,38680,50,64
2021-09-20T23:59:59+02:00,4993,4698,41847,40035,55810,48461,60247,56811,72238,70584,86880,85019,60253,64395,39457,50649,12494,22371,3882,3642,37801,36090,52189,44478,56960,52741,68502,66181,83083,81119,58218,62084,38182,48932,12019,21474,649953,609400,79200,75940,109685,103785,38388,50,64
2021-09-19T23:59:59+02:00,4988,4694,41802,40007,55735,48414,60197,56770,72197,70571,86853,85005,60246,64386,39456,50641,12494,22369,3872,3639,37769,36067,52144,44460,56926,52730,68466,66165,83060,81100,58210,62078,38179,48928,12019,21472,649694,609263,79198,75938,109682,103784,38235,50,64
2021-09-18T23:59:59+02:00,4986,4692,41790,40002,55717,48400,60178,56760,72185,70559,86843,85001,60241,64383,39455,50641,12494,22368,3871,3639,37765,36064,52128,44455,56913,52720,68457,66157,83050,81096,58205,62075,38177,48927,12019,21472,649641,609246,79197,75938,109682,103784,38158,50,64
2021-09-17T23:59:59+02:00,4931,4641,41641,39882,55601,48253,60036,56636,72049,70444,86774,84928,60205,64361,39446,50635,12491,22362,3839,3612,37658,35977,52032,44338,56822,52627,68349,66079,82990,81038,58174,62058,38170,48919,12017,21468,648809,608771,79196,75938,109682,103784,37610,50,64
2021-09-16T23:59:59+02:00,4834,4540,41360,39609,55345,47966,59801,56364,71858,70266,86645,84796,60153,64304,39423,50612,12480,22347,3734,3509,37380,35758,51826,44102,56639,52423,68203,65932,82880,80939,58121,62023,38152,48895,12008,21457,646887,607286,79192,75932,109675,103769,36930,50,64
2021-09-15T23:59:59+02:00,4769,4475,41125,39355,55104,47683,59586,56145,71701,70123,86526,84691,60110,64248,39395,50583,12472,22324,3674,3461,37175,35571,51652,43892,56500,52279,68095,65832,82784,80837,58075,61990,38129,48870,12006,21443,645096,606070,79190,75929,109675,103769,36433,50,64
2021-09-14T23:59:59+02:00,4741,4445,41002,39229,54976,47592,59497,56029,71602,70028,86448,84632,60091,64221,39381,50571,12469,22320,3660,3448,37101,35498,51559,43836,56428,52209,68019,65769,82726,80800,58057,61964,38114,48850,12000,21435,644333,605657,79190,75929,109675,103768,36055,50,64
2021-09-13T23:59:59+02:00,4713,4431,40898,39125,54886,47496,59433,55929,71530,69973,86405,84591,60061,64189,39375,50560,12465,22315,3639,3430,37026,35428,51472,43775,56369,52144,67954,65733,82686,80773,58033,61937,38105,48839,11999,21429,643625,605210,79189,75878,109674,103753,35866,50,64
2021-09-12T23:59:59+02:00,4704,4417,40866,39098,54865,47473,59407,55898,71501,69941,86391,84571,60053,64180,39373,50557,12463,22311,3630,3426,36989,35397,51454,43756,56344,52126,67933,65705,82665,80754,58022,61924,38100,48828,11999,21427,643409,605005,79180,75873,109673,103751,35786,50,64
2021-09-11T23:59:59+02:00,4695,4415,40851,39072,54838,47446,59388,55881,71478,69929,86380,84563,60052,64177,39372,50556,12463,22309,3627,3424,36972,35386,51433,43737,56331,52113,67911,65694,82652,80750,58020,61923,38098,48828,11999,21426,643314,604960,79180,75872,109673,103751,35677,50,64
2021-09-10T23:59:59+02:00,4649,4375,40672,38901,54680,47310,59270,55729,71353,69826,86292,84481,60024,64149,39362,50544,12459,22302,3609,3405,36846,35297,51324,43644,56238,52022,67817,65628,82579,80694,58001,61902,38089,48814,11992,21420,642408,604537,79178,75872,109672,103751,35097,50,64
2021-09-09T23:59:59+02:00,4575,4287,40430,38683,54486,47088,59093,55509,71206,69659,86190,84386,59999,64106,39343,50519,12451,22297,3551,3341,36634,35123,51148,43493,56087,51857,67674,65508,82469,80615,57961,61856,38072,48792,11987,21412,640934,603395,79177,75871,109672,103751,34500,50,63
2021-09-08T23:59:59+02:00,4476,4192,40203,38426,54286,46906,58917,55341,71095,69542,86098,84307,59963,64066,39335,50487,12445,22290,3441,3236,36349,34854,50913,43277,55886,51671,67537,65377,82355,80511,57927,61800,38049,48753,11976,21398,639513,601640,79172,75863,109672,103751,33993,50,63
2021-09-07T23:59:59+02:00,4402,4130,40001,38256,54155,46786,58814,55233,71017,69453,86036,84240,59939,64038,39324,50472,12442,22287,3412,3210,36220,34747,50808,43196,55803,51607,67467,65309,82290,80454,57894,61767,38037,48730,11970,21390,638496,600978,79165,75849,109667,103750,33671,50,63
2021-09-06T23:59:59+02:00,4361,4082,39899,38154,54075,46714,58747,55157,70972,69398,85992,84202,59919,64021,39321,50467,12440,22283,3379,3186,36105,34632,50712,43125,55720,51522,67407,65238,82236,80392,57867,61736,38026,48718,11969,21388,637818,600217,79165,75811,109665,103738,33529,50,63
2021-09-05T23:59:59+02:00,4348,4065,39864,38124,54053,46683,58709,55130,70944,69375,85968,84179,59916,64018,39318,50462,12439,22279,3375,3180,36079,34611,50683,43102,55687,51501,67388,65221,82218,80376,57859,61731,38023,48712,11967,21385,637594,600065,79164,75807,109664,103738,33425,50,63
2021-09-04T23:59:59+02:00,4348,4063,39855,38121,54050,46675,58708,55128,70942,69371,85964,84172,59916,64016,39318,50462,12439,22279,3374,3179,36067,34608,50680,43095,55683,51500,67386,65217,82215,80372,57858,61729,38023,48712,11967,21385,637574,600047,79164,75806,109664,103736,33398,50,63
2021-09-03T23:59:59+02:00,4310,4033,39742,38009,53950,46605,58629,55047,70872,69311,85900,84141,59898,64000,39312,50457,12436,22276,3361,3164,35988,34540,50594,43048,55620,51445,67327,65174,82170,80340,57843,61715,38015,48706,11961,21384,637002,599725,79164,75800,109664,103736,33071,50,63
2021-09-02T23:59:59+02:00,4269,3990,39564,37851,53807,46445,58488,54920,70746,69193,85822,84076,59850,63963,39289,50429,12434,22266,3344,3150,35861,34454,50481,42964,55520,51357,67226,65093,82095,80277,57796,61683,37998,48682,11956,21377,635988,599162,79164,75799,109664,103731,32559,50,63
2021-09-01T23:59:59+02:00,4208,3920,39370,37678,53644,46303,58368,54806,70654,69106,85761,83999,59806,63932,39273,50416,12432,22255,3210,3029,35526,34109,50246,42702,55321,51161,67066,64926,81963,80170,57747,61626,37966,48655,11951,21371,634866,596941,79153,75789,109663,103730,32222,50,63
2021-08-31T23:59:59+02:00,4159,3873,39234,37528,53512,46190,58263,54700,70567,69032,85683,83943,59777,63904,39255,50387,12430,22252,3189,3012,35405,34005,50102,42602,55207,51076,66971,64859,81881,80116,57708,61589,37952,48635,11945,21368,633935,596353,79151,75788,109661,103502,31916,49,63
2021-08-30T23:59:59+02:00,4108,3828,39124,37402,53408,46105,58178,54621,70505,68954,85622,83897,59759,63879,39244,50376,12428,22246,3176,2993,35331,33932,50024,42542,55131,51005,66910,64796,81827,80059,57682,61562,37938,48614,11944,21357,633093,595761,79148,75753,109661,103490,31756,49,63
2021-08-29T23:59:59+02:00,4097,3819,39106,37384,53389,46088,58163,54601,70497,68944,85606,83880,59757,63877,39240,50372,12427,22245,3170,2986,35302,33906,49993,42523,55119,50979,66886,64769,81803,80045,57672,61546,37933,48609,11941,21356,632973,595562,79145,75736,109661,103490,31687,49,63
2021-08-28T23:59:59+02:00,4097,3819,39105,37384,53388,46087,58163,54601,70496,68942,85606,83880,59757,63877,39240,50372,12427,22245,3170,2986,35302,33905,49993,42523,55117,50979,66885,64768,81803,80045,57672,61546,37933,48609,11941,21356,632969,595559,79145,75736,109661,103490,31685,49,63
2021-08-27T23:59:59+02:00,4061,3777,38984,37287,53287,45981,58081,54506,70406,68864,85543,83821,59731,63853,39228,50362,12427,22243,3164,2970,35199,33847,49890,42460,55045,50906,66793,64705,81749,80005,57647,61526,37922,48599,11940,21355,632329,595150,79145,75736,109656,103488,31286,49,62
2021-08-26T23:59:59+02:00,3976,3714,38791,37104,53115,45813,57944,54357,70276,68749,85415,83729,59684,63806,39204,50342,12420,22233,3137,2932,35021,33673,49736,42292,54884,50745,66662,64575,81602,79892,57599,61464,37893,48573,11935,21347,631140,593981,79142,75725,109653,103483,30711,49,62
2021-08-25T23:59:59+02:00,3880,3646,38623,36905,52961,45618,57828,54215,70175,68648,85321,83636,59648,63765,39186,50323,12418,22226,3020,2797,34639,33258,49462,41971,54644,50481,66468,64372,81421,79720,57511,61382,37871,48535,11923,21335,629891,591231,79141,75723,109653,103483,30311,49,62
2021-08-24T23:59:59+02:00,3859,3630,38536,36831,52882,45548,57772,54162,70121,68602,85275,83596,59617,63739,39177,50306,12415,22216,2977,2767,34491,33130,49339,41882,54556,50396,66365,64278,81330,79643,57462,61337,37863,48519,11918,21326,629454,590304,79137,75719,109651,103478,30016,49,62
2021-08-23T23:59:59+02:00,3831,3594,38440,36735,52799,45484,57715,54097,70062,68550,85221,83557,59599,63712,39167,50293,12413,22208,2959,2736,34351,32994,49213,41805,54455,50311,66271,64181,81240,79580,57426,61287,37843,48499,11917,21315,628919,589421,79133,75685,109649,103465,29750,49,62
2021-08-22T23:59:59+02:00,3823,3593,38410,36721,52784,45465,57698,54084,70036,68531,85204,83543,59589,63702,39165,50284,12408,22206,2951,2718,34303,32955,49185,41768,54419,50284,66228,64156,81204,79553,57411,61273,37840,48490,11912,21312,628812,589133,79131,75674,109648,103464,29629,49,62
2021-08-21T23:59:59+02:00,3820,3590,38390,36715,52774,45454,57683,54078,70022,68519,85198,83534,59582,63700,39164,50284,12408,22206,2951,2718,34291,32951,49174,41758,54405,50279,66216,64145,81198,79546,57407,61272,37840,48490,11912,21312,628770,589119,79130,75672,109647,103464,29548,49,62
2021-08-20T23:59:59+02:00,3800,3558,38320,36644,52691,45382,57606,54014,69948,68467,85135,83486,59565,63680,39161,50280,12408,22200,2933,2704,34192,32845,49058,41689,54312,50203,66121,64078,81128,79492,57387,61248,37834,48485,11911,21308,628400,588592,79128,75669,109647,103461,29144,49,62
2021-08-19T23:59:59+02:00,3772,3524,38149,36502,52529,45240,57484,53910,69819,68346,85036,83410,59535,63636,39146,50263,12404,22188,2899,2651,33839,32595,48768,41442,54094,50007,65913,63890,80952,79358,57332,61175,37787,48447,11906,21297,627507,586676,79126,75571,109638,103447,28596,49,62
2021-08-18T23:59:59+02:00,3722,3474,37960,36346,52399,45116,57388,53805,69710,68251,84960,83346,59496,63593,39131,50243,12402,22180,2829,2578,33457,32183,48465,41185,53837,49728,65692,63677,80767,79196,57250,61088,37751,48405,11902,21285,626503,584097,79123,75442,109636,103440,28234,49,62
2021-08-17T23:59:59+02:00,3661,3426,37797,36185,52277,44989,57307,53708,69615,68164,84886,83284,59461,63560,39118,50220,12397,22171,2729,2501,33064,31739,48137,40866,53545,49436,65446,63434,80565,78986,57141,60977,37709,48356,11890,21274,625537,580977,79123,75428,109631,103419,27909,49,62
2021-08-16T23:59:59+02:00,3605,3371,37651,36043,52181,44893,57234,53638,69545,68095,84833,83239,59439,63531,39104,50203,12391,22163,2596,2393,32503,31180,47744,40452,53152,49048,65140,63165,80342,78790,57065,60861,37676,48301,11881,21252,624629,576933,79119,75393,109631,103399,27754,49,62
2021-08-15T23:59:59+02:00,3596,3362,37617,36019,52148,44875,57207,53603,69528,68079,84822,83228,59427,63527,39101,50194,12391,22161,2579,2382,32422,31084,47672,40388,53088,48986,65096,63123,80299,78762,57047,60841,37668,48288,11880,21248,624437,576367,79119,75363,109630,103388,27673,49,62
2021-08-14T23:59:59+02:00,3591,3357,37609,36012,52142,44871,57201,53596,69524,68076,84814,83224,59420,63522,39100,50192,12391,22161,2578,2380,32414,31076,47661,40384,53079,48977,65093,63120,80292,78760,57042,60836,37667,48286,11880,21248,624404,576334,79116,75362,109630,103388,27627,49,62
2021-08-13T23:59:59+02:00,3574,3343,37538,35970,52081,44819,57134,53545,69455,68035,84748,83188,59398,63510,39089,50177,12388,22155,2555,2352,32272,30961,47534,40285,52957,48876,64991,63040,80203,78710,57019,60815,37654,48276,11878,21243,624091,575526,79116,75361,109630,103388,27284,49,62
2021-08-12T23:59:59+02:00,3535,3316,37409,35847,51991,44729,57063,53462,69361,67962,84674,83122,59369,63486,39077,50164,12388,22152,2476,2262,31742,30474,47150,39933,52564,48521,64664,62807,79982,78498,56927,60728,37610,48233,11873,21226,623374,572034,79115,75329,109628,103281,26964,49,62
2021-08-11T23:59:59+02:00,3493,3276,37257,35703,51879,44620,56940,53339,69263,67871,84590,83041,59328,63448,39056,50148,12384,22148,2356,2182,31094,29852,46641,39545,52135,48085,64361,62528,79770,78294,56831,60622,37574,48160,11860,21209,622468,567987,79109,75305,109626,103191,26554,49,62
2021-08-10T23:59:59+02:00,3445,3231,37099,35556,51765,44498,56835,53234,69197,67801,84524,82984,59304,63411,39038,50134,12377,22143,2189,2033,30207,28871,45903,38843,51465,47479,63973,62164,79520,78051,56726,60517,37529,48091,11852,21197,621529,561766,79107,75304,109623,103188,26290,49,62
2021-08-09T23:59:59+02:00,3409,3202,37003,35448,51685,44430,56776,53191,69166,67758,84494,82952,59287,63397,39026,50115,12376,22141,2053,1913,29496,28126,45231,38257,50893,46893,63602,61805,79239,77802,56605,60420,37485,48036,11845,21183,620942,557643,79105,73857,109622,103162,26160,49,62
2021-08-08T23:59:59+02:00,3400,3188,36975,35430,51660,44404,56759,53180,69148,67739,84473,82936,59283,63392,39021,50108,12375,22140,2019,1888,29369,27985,45086,38162,50794,46808,63546,61748,79190,77761,56568,60401,37475,48025,11845,21180,620764,556714,79104,73849,109621,103130,26095,49,62
2021-08-07T23:59:59+02:00,3400,3188,36973,35424,51650,44403,56757,53180,69144,67736,84472,82934,59282,63392,39021,50108,12375,22140,2019,1888,29360,27977,45071,38159,50793,46803,63543,61743,79187,77758,56565,60400,37474,48025,11845,21179,620756,556679,79103,73847,109621,103129,26072,49,62
2021-08-06T23:59:59+02:00,3389,3173,36907,35369,51570,44338,56691,53140,69102,67703,84440,82907,59270,63373,39010,50102,12372,22138,1981,1845,29121,27744,44859,37975,50610,46656,63405,61623,79088,77690,56540,60374,37459,48015,11842,21176,620483,555211,79099,73839,109621,103127,25764,49,62
2021-08-05T23:59:59+02:00,3356,3135,36755,35237,51456,44203,56570,53025,68986,67589,84314,82831,59227,63320,38987,50082,12363,22128,1861,1714,28423,27124,44273,37488,50051,46200,63047,61324,78796,77470,56430,60279,37420,47961,11834,21160,619687,550885,79098,73829,109620,102947,25132,49,62
2021-08-04T23:59:59+02:00,3297,3072,36554,35067,51308,44055,56432,52910,68862,67460,84198,82717,59160,63262,38969,50053,12359,22118,1660,1537,27277,26007,43314,36611,49090,45294,62456,60717,78299,77029,56219,60097,37361,47871,11820,21140,618602,542540,79087,73788,109620,102894,24515,49,62
2021-08-03T23:59:59+02:00,3223,3014,36336,34870,51153,43917,56308,52788,68731,67347,84110,82644,59117,63219,38949,50023,12350,22103,1458,1332,26195,24891,42372,35711,48191,44406,61910,60185,77851,76624,56050,59910,37299,47783,11801,21108,617260,534187,79079,73739,109613,102868,24221,49,62
2021-08-02T23:59:59+02:00,3178,2960,36193,34720,51044,43805,56216,52690,68644,67256,84025,82569,59077,63170,38934,50003,12342,22091,1269,1167,25293,23901,41521,34967,47463,43663,61427,59709,77464,76280,55886,59760,37249,47704,11784,21087,616285,527210,79078,73684,109612,102725,23913,49,62
2021-08-01T23:59:59+02:00,3173,2954,36176,34698,51017,43786,56196,52663,68614,67243,84011,82557,59071,63165,38932,49999,12342,22091,1224,1136,25034,23652,41272,34765,47229,43465,61286,59572,77348,76183,55850,59731,37234,47691,11780,21083,616139,525341,79075,73642,109611,102656,23834,49,62
2021-07-31T23:59:59+02:00,3172,2953,36171,34697,51017,43785,56194,52662,68613,67242,84011,82555,59071,63165,38932,49999,12342,22090,1221,1135,25027,23636,41264,34756,47224,43459,61277,59570,77346,76180,55850,59727,37234,47691,11780,21082,616126,525270,79075,73641,109611,102655,23831,48,62
2021-07-30T23:59:59+02:00,3155,2940,36109,34634,50947,43736,56131,52600,68557,67201,83973,82515,59059,63152,38928,49992,12339,22087,1164,1080,24703,23328,40992,34543,46963,43264,61088,59439,77196,76064,55818,59688,37220,47679,11780,21082,615833,523333,79071,73638,109608,102544,23515,48,61
2021-07-29T23:59:59+02:00,3132,2912,35970,34512,50818,43610,56036,52500,68486,67136,83902,82463,59034,63134,38915,49983,12339,22086,1020,963,23747,22345,40109,33791,46060,42479,60540,58995,76835,75760,55698,59550,37180,47624,11773,21071,614960,516271,79052,73512,109607,102375,23321,48,61
2021-07-28T23:59:59+02:00,3082,2857,35728,34274,50599,43436,55838,52349,68340,66994,83788,82365,58983,63087,38892,49946,12329,22078,821,807,22527,21112,38784,32683,44741,41300,59737,58334,76329,75299,55503,59362,37111,47519,11759,21046,613586,506457,79045,73341,109606,102217,22698,48,61
2021-07-27T23:59:59+02:00,3057,2838,35620,34156,50513,43354,55759,52298,68278,66925,83727,82293,58942,63044,38880,49931,12328,22069,666,648,21291,19726,37359,31350,43374,39997,59108,57737,75908,74886,55340,59185,37053,47464,11748,21023,612859,496046,79029,73162,109605,102105,22489,48,61
2021-07-26T23:59:59+02:00,3038,2819,35559,34060,50455,43300,55717,52249,68234,66889,83691,82266,58928,63028,38868,49919,12327,22067,564,563,20274,18629,36110,30234,42102,38846,58613,57332,75621,74632,55243,59085,37032,47429,11742,21009,612337,487802,79022,72836,109605,101941,22420,48,61
2021-07-25T23:59:59+02:00,3028,2814,35512,34018,50410,43252,55689,52226,68211,66864,83660,82243,58912,63021,38865,49916,12324,22061,495,492,19876,18265,35692,29903,41692,38539,58416,57176,75462,74521,55196,59046,37010,47410,11739,21005,612041,485069,79016,72561,109605,101910,22334,48,61
2021-07-24T23:59:59+02:00,3028,2814,35506,34015,50408,43248,55687,52225,68210,66864,83658,82242,58912,63021,38864,49916,12324,22061,495,492,19868,18251,35680,29892,41685,38538,58412,57173,75458,74519,55196,59046,37009,47410,11739,21005,612033,485019,79015,72560,109605,101908,22320,48,61
2021-07-23T23:59:59+02:00,3004,2788,35356,33897,50258,43147,55569,52118,68113,66769,83567,82191,58881,62993,38854,49911,12319,22058,469,476,19628,18028,35417,29714,41414,38351,58245,57043,75322,74441,55157,59022,36997,47400,11733,20999,611404,483883,79015,72267,109605,101906,21739,48,61
2021-07-22T23:59:59+02:00,2953,2704,34916,33530,49950,42915,55307,51892,67884,66586,83391,82042,58795,62900,38818,49864,12308,22040,425,427,18839,17366,34321,28980,40287,37518,57506,56574,74768,74065,54976,58842,36931,47316,11712,20973,609266,478356,79001,70832,109601,101684,20894,48,60
2021-07-21T23:59:59+02:00,2898,2646,34604,33206,49710,42703,55119,51703,67692,66401,83263,81917,58730,62847,38787,49825,12297,22030,383,386,18012,16547,33005,27986,39027,36559,56809,56010,74316,73702,54830,58667,36865,47232,11700,20940,607442,472454,78948,68637,109600,101470,20355,48,60
2021-07-20T23:59:59+02:00,2822,2583,34247,32818,49428,42471,54948,51507,67512,66244,83123,81797,58668,62791,38759,49780,12296,22015,327,307,16864,15434,31292,26588,37290,35102,56010,55360,73769,73254,54660,58478,36814,47146,11682,20902,605350,463277,78913,66899,109598,101129,19914,48,60
2021-07-19T23:59:59+02:00,2738,2512,33687,32256,49121,42161,54674,51242,67316,66031,82949,81628,58601,62709,38714,49728,12289,22000,293,259,16205,14868,30341,25908,36423,34386,55570,54937,73440,73015,54573,58392,36777,47094,11676,20880,602151,459567,78852,64733,109597,100955,19722,48,60
2021-07-18T23:59:59+02:00,2710,2494,33588,32138,49029,42107,54618,51182,67256,65982,82906,81586,58574,62683,38703,49715,12287,21993,277,238,15885,14608,29773,25529,35929,34034,55316,54774,73295,72914,54531,58352,36769,47079,11675,20876,601543,458116,78836,63209,109596,100928,19542,48,59
2021-07-17T23:59:59+02:00,2710,2494,33587,32135,49023,42106,54615,51180,67256,65981,82906,81585,58574,62682,38703,49715,12287,21993,277,238,15880,14601,29757,25513,35924,34029,55311,54773,73295,72914,54531,58352,36769,47079,11675,20876,601532,458064,78834,63205,109591,100925,19541,48,59
2021-07-16T23:59:59+02:00,2651,2429,32979,31614,48531,41758,54222,50844,66874,65659,82593,81354,58455,62569,38653,49666,12283,21986,269,227,15464,14278,29263,25138,35475,33697,54973,54519,73035,72722,54420,58264,36734,47041,11672,20872,599311,456660,78830,63076,109590,100918,17350,48,59
2021-07-15T23:59:59+02:00,2519,2298,32118,30830,47912,41185,53650,50362,66447,65311,82338,81112,58364,62473,38619,49623,12275,21968,240,201,14628,13605,27936,24313,34170,32881,54292,54118,72622,72497,54326,58168,36705,47007,11665,20856,594294,452461,78818,60713,109589,100334,16663,48,59
2021-07-14T23:59:59+02:00,2413,2212,31576,30303,47424,40750,53233,49965,66119,65034,82100,80862,58261,62377,38586,49573,12265,21955,193,162,13387,12475,25939,22854,32266,31357,53540,53520,72110,72156,54186,58042,36662,46946,11655,20840,590450,443306,78799,58800,109588,99996,16130,48,58
2021-07-13T23:59:59+02:00,2356,2142,31311,30034,47152,40522,52984,49736,65914,64847,81931,80714,58194,62301,38560,49536,12255,21943,169,140,12396,11633,24206,21545,30320,29765,52345,52347,71288,71361,53937,57765,36575,46831,11637,20813,588294,436566,78785,55880,109580,96837,15732,48,58
2021-07-12T23:59:59+02:00,2129,1935,30451,29106,46498,39988,52413,49167,65523,64458,81653,80443,58059,62175,38518,49479,12245,21922,148,123,11646,11008,22812,20563,28578,28385,51382,51484,70544,70741,53678,57484,36508,46713,11624,20782,582066,428446,78767,53309,109580,96682,15708,48,58
2021-07-11T23:59:59+02:00,2084,1897,30330,29000,46433,39918,52360,49104,65466,64403,81592,80400,58038,62155,38512,49461,12240,21917,145,115,11484,10860,22538,20372,28212,28112,51177,51338,70371,70596,53625,57404,36486,46696,11615,20775,581248,426373,78761,53266,109578,96545,15682,48,55
2021-07-10T23:59:59+02:00,2084,1895,30327,28993,46429,39912,52358,49102,65463,64402,81590,80397,58038,62153,38511,49461,12240,21917,145,115,11472,10842,22523,20356,28196,28099,51170,51333,70368,70593,53625,57404,36485,46696,11615,20775,581218,426284,78760,53264,109578,96534,15675,48,55
2021-07-09T23:59:59+02:00,2040,1857,30094,28763,46213,39732,52174,48932,65301,64289,81485,80316,58008,62123,38496,49446,12236,21915,144,109,11088,10571,21878,19918,27529,27546,50461,50764,69785,70182,53523,57317,36462,46662,11610,20764,580021,425202,78754,52949,109573,93075,15032,47,55
2021-07-08T23:59:59+02:00,1901,1730,29434,28233,45605,39228,51620,48464,64898,63978,81184,80081,57916,62031,38464,49395,12231,21901,106,81,9909,9472,19934,18289,25060,25563,49423,49961,69156,69642,53297,57102,36386,46575,11595,20738,575759,414663,78732,50523,109557,92842,14206,47,55
2021-07-07T23:59:59+02:00,1688,1532,28318,27031,44557,38262,50524,47466,64240,63338,80641,79597,57713,61800,38397,49310,12218,21860,82,70,9373,8998,18843,17450,23663,24360,48597,49313,68609,69151,53097,56861,36310,46476,11579,20698,566480,408318,78716,48907,109555,92549,13701,47,55
2021-07-06T23:59:59+02:00,1486,1374,27241,25994,43538,37339,49587,46531,63640,62776,80206,79188,57530,61617,38341,49215,12194,21833,61,45,8661,8259,17512,16445,22050,23079,47988,48859,68232,68884,52980,56747,36260,46439,11572,20683,558223,400855,78705,48479,109552,92257,13110,47,55
2021-07-05T23:59:59+02:00,1329,1250,26100,24751,42461,36344,48534,45460,62975,62200,79769,78784,57356,61429,38288,49139,12185,21810,49,35,8409,8032,17008,16121,21484,22691,47680,48631,68036,68736,52927,56674,36234,46419,11569,20678,548927,398249,78697,48162,109552,92002,12947,47,53
2021-07-04T23:59:59+02:00,1264,1186,25778,24427,42151,36083,48282,45273,62829,62063,79655,78687,57320,61389,38277,49120,12183,21807,42,34,8153,7873,16735,15924,21199,22493,47556,48531,67955,68659,52903,56650,36219,46414,11567,20677,546610,397209,78667,47500,109551,91917,12905,47,53
2021-07-03T23:59:59+02:00,1264,1185,25770,24412,42138,36077,48280,45273,62825,62062,79654,78686,57319,61389,38277,49120,12183,21807,42,34,8147,7865,16724,15914,21192,22486,47549,48530,67950,68658,52902,56650,36219,46414,11567,20677,546577,397175,78666,47499,109551,91907,12886,47,53
2021-07-02T23:59:59+02:00,1196,1128,25454,24061,41816,35800,48021,45016,62682,61916,79580,78615,57302,61366,38271,49108,12179,21802,41,31,7968,7716,16352,15648,20747,22179,46582,47750,67452,68308,52818,56558,36204,46396,11566,20674,544195,394686,78664,47496,109545,89887,12868,47,53
2021-07-01T23:59:59+02:00,1141,1078,25078,23696,41433,35449,47624,44666,62432,61675,79390,78444,57239,61303,38240,49067,12172,21792,35,27,7576,7377,15538,14862,19575,21143,45041,46263,66236,67230,52509,56255,36107,46276,11542,20647,541046,388850,78562,46669,109535,85932,12735,47,53
2021-06-30T23:59:59+02:00,1068,1012,24654,23253,41004,35079,47213,44284,62202,61467,79219,78295,57159,61224,38212,49016,12164,21771,28,20,7200,7018,14588,14061,18140,19934,41822,43531,64536,65784,52039,55754,35957,46082,11515,20597,537591,376803,78529,45971,109531,83175,12604,47,53
2021-06-29T23:59:59+02:00,977,903,24148,22718,40483,34655,46781,43868,61941,61183,79006,78116,57080,61160,38183,48972,12158,21752,19,18,6923,6708,13919,13561,16979,19006,37487,39841,63178,64523,51550,55254,35823,45903,11484,20554,533502,361460,78520,45758,109531,82969,12490,47,53
2021-06-28T23:59:59+02:00,948,870,23810,22328,40022,34263,46363,43500,61702,60928,78814,77961,57006,61091,38154,48942,12155,21737,17,10,6612,6391,13262,13059,15959,18168,33844,36790,62051,63487,51195,54858,35728,45753,11459,20516,531736,352780,76834,41060,109529,82812,12454,47,53
2021-06-27T23:59:59+02:00,934,857,23716,22237,39946,34201,46304,43440,61669,60890,78778,77931,56991,61080,38148,48935,12154,21732,16,9,6519,6320,13024,12918,15536,17931,33005,36142,61792,63286,51104,54787,35711,45731,11457,20512,531122,349871,76828,40791,109523,82656,12429,47,53
2021-06-26T23:59:59+02:00,934,857,23710,22231,39936,34197,46302,43438,61667,60889,78778,77931,56991,61080,38148,48934,12154,21732,16,9,6516,6312,13015,12904,15528,17924,33001,36141,61785,63283,51102,54781,35711,45731,11457,20511,531090,349800,76827,40790,109522,82655,12429,47,53
2021-06-25T23:59:59+02:00,911,830,23597,22114,39849,34109,46220,43366,61622,60841,78731,77909,56980,61068,38145,48931,12153,21730,15,8,6420,6197,12907,12774,15389,17761,32284,35480,61394,62957,51024,54697,35703,45710,11454,20510,530290,346789,76826,40778,109521,82636,12428,47,53
2021-06-24T23:59:59+02:00,844,772,23210,21696,39494,33797,45869,43061,61417,60647,78571,77771,56926,61014,38123,48901,12148,21719,14,5,6081,5901,12344,12312,14679,17073,28976,32764,59105,61096,50438,54099,35567,45501,11436,20462,527333,332958,76776,40511,109519,82020,12311,47,53
2021-06-23T23:59:59+02:00,740,678,22566,21038,38922,33209,45211,42352,61050,60253,78321,77520,56822,60878,38076,48848,12138,21699,12,4,5925,5705,11975,11958,14169,16542,25615,30004,57460,59563,49914,53559,35446,45327,11415,20418,521746,323500,76719,37577,109516,81582,12299,47,53
2021-06-22T23:59:59+02:00,679,613,22142,20599,38516,32786,44775,41890,60777,59967,78114,77277,56725,60767,38040,48776,12125,21677,10,3,5736,5570,11647,11690,13736,16167,21270,26469,55378,57859,49312,52953,35268,45110,11394,20374,517939,309106,76592,37524,109511,81101,12162,47,53
2021-06-21T23:59:59+02:00,642,572,21889,20361,38263,32552,44529,41615,60587,59755,77981,77137,56671,60681,38015,48735,12116,21661,8,3,5605,5459,11338,11488,13395,15901,19717,25235,54458,57086,47089,50488,34667,44387,11371,20315,515881,303762,76392,37457,109492,74786,11952,46,53
2021-06-20T23:59:59+02:00,613,552,21601,20067,37962,32271,44245,41356,60435,59587,77843,76990,56622,60636,37995,48718,12113,21654,8,3,5547,5415,11205,11398,13239,15773,19318,24910,54189,56902,45427,48505,34099,43751,11351,20294,513482,303126,76309,36702,109479,69509,11946,45,51
2021-06-19T23:59:59+02:00,611,552,21596,20053,37946,32264,44242,41351,60428,59583,77841,76987,56619,60635,37995,48717,12113,21654,8,3,5541,5406,11200,11393,13229,15767,19310,24902,54175,56890,45418,48495,34098,43751,11351,20294,513415,303040,76303,36698,109479,69496,11946,45,51
2021-06-18T23:59:59+02:00,597,538,21497,19943,37877,32207,44166,41264,60372,59537,77796,76945,56597,60613,37990,48704,12112,21653,8,3,5449,5244,10902,10856,12853,15186,18770,23883,53317,55579,45213,48330,34070,43702,11345,20282,512650,301464,76296,36697,109473,64835,11945,45,51
2021-06-17T23:59:59+02:00,512,446,20778,19229,37120,31574,43371,40512,59962,59171,77498,76693,56480,60484,37940,48636,12099,21629,8,3,5259,5031,10521,10303,12328,14414,17835,22519,51741,53633,44060,46980,33752,43303,11298,20198,506663,294132,76203,36567,109463,60675,11761,45,51
2021-06-16T23:59:59+02:00,406,367,19979,18287,36131,30641,42360,39537,59419,58687,77102,76374,56337,60328,37883,48547,12089,21606,8,3,5070,4874,10005,9977,11591,13913,16288,21212,47856,50087,42301,44965,33284,42731,11235,20071,499283,277930,75665,36366,109448,59485,11640,45,50
2021-06-15T23:59:59+02:00,296,264,19170,17440,35209,29785,41431,38646,58980,58244,76769,76043,56195,60161,37824,48477,12074,21572,7,3,4871,4750,9481,9712,10881,13439,14775,20023,43578,45990,40748,43114,32802,42109,11169,19943,492068,260720,75546,36330,109437,58811,11485,45,49
2021-06-14T23:59:59+02:00,192,173,18056,16208,33956,28510,39962,37235,58391,57675,76376,75701,56066,60015,37781,48407,12065,21557,7,3,4748,4658,9134,9502,10399,13119,13602,19019,40930,43433,39673,41964,32509,41708,11137,19857,482302,249534,75111,36303,109432,58079,11437,45,49
2021-06-13T23:59:59+02:00,151,134,17550,15805,33475,28107,39469,36851,58178,57491,76227,75599,56039,59974,37759,48386,12062,21548,7,3,4660,4608,8984,9430,10235,13049,12997,18564,40460,43039,39436,41741,32449,41623,11131,19843,479219,248567,74809,34876,109425,57459,11308,45,49
2021-06-12T23:59:59+02:00,151,134,17542,15784,33458,28097,39462,36847,58171,57487,76223,75597,56038,59972,37758,48386,12062,21548,7,3,4653,4602,8974,9425,10223,13041,12985,18551,40276,42892,39414,41726,32445,41621,11131,19842,479136,248133,74805,34875,109425,57447,11307,45,49
2021-06-11T23:59:59+02:00,149,134,17457,15725,33310,28023,39288,36791,58051,57451,76152,75573,56024,59967,37756,48383,12062,21547,7,3,4574,4410,8815,8865,10032,12322,12751,17480,39787,41589,39259,41596,32427,41585,11129,19841,478792,247645,74392,34873,109317,52607,11298,45,49
2021-06-10T23:59:59+02:00,134,114,16615,15010,31899,27114,38046,35874,57367,56992,75742,75301,55934,59875,37717,48338,12051,21529,7,3,4324,4215,8257,8362,9350,11558,12014,16411,36928,38547,38457,40790,32261,41403,11113,19811,474900,240562,71423,34740,109043,48218,10242,45,49
2021-06-09T23:59:59+02:00,112,89,15836,14312,30615,26215,36829,34986,56787,56603,75397,75073,55850,59769,37690,48293,12038,21509,7,3,4139,4064,7896,8173,8883,11337,11393,16030,31838,33668,36956,39251,32016,41134,11091,19761,470232,226609,68991,34615,108999,46630,9739,43,47
2021-06-08T23:59:59+02:00,85,71,14921,13454,29233,25126,35463,33977,56169,56194,75102,74858,55774,59694,37667,48261,12034,21499,7,3,4057,4002,7737,8050,8730,11220,11099,15823,29001,30849,35997,38307,31856,40939,11067,19728,465650,219097,65562,34554,108953,45399,9375,43,47
2021-06-07T23:59:59+02:00,77,58,14283,12880,27868,24310,34302,33195,55691,55935,74859,74750,55739,59654,37651,48250,12034,21495,7,3,3964,3930,7541,7921,8429,11088,10732,15577,24659,26462,34529,36763,31634,40672,11039,19698,462519,207287,62525,34486,108922,43806,9022,43,47
2021-06-06T23:59:59+02:00,76,55,13962,12687,27081,23894,33648,32776,55382,55769,74703,74685,55718,59630,37637,48241,12032,21494,7,3,3898,3894,7388,7878,8271,11002,10409,15374,21832,23581,33527,35680,31494,40517,11032,19683,461375,204492,60475,29237,108895,43013,8682,43,46
2021-06-05T23:59:59+02:00,76,53,13932,12658,27032,23853,33619,32756,55377,55759,74697,74679,55714,59625,37632,48239,12032,21494,7,3,3876,3877,7353,7855,8224,10983,10346,15332,20405,22025,32729,34799,31424,40436,11028,19676,461243,199511,60370,29234,108890,42906,8681,43,46
2021-06-04T23:59:59+02:00,70,49,13701,12397,26719,23533,33280,32445,55316,55679,74658,74659,55704,59620,37631,48237,12032,21493,7,3,3847,3849,7274,7776,8168,10905,10267,15210,20298,21908,32655,34744,31392,40399,11025,19673,459337,199430,60307,29221,108856,42023,8680,43,46
2021-06-03T23:59:59+02:00,52,43,13134,11913,25681,22847,32145,31694,54819,55346,74342,74465,55634,59541,37596,48206,12025,21476,7,3,3718,3758,6999,7607,7886,10732,9939,14973,18410,20046,30675,32430,31118,40066,11002,19624,455002,190821,58804,29200,108841,40660,8269,43,43
2021-06-02T23:59:59+02:00,38,31,12448,11172,24685,21945,31008,30738,54552,55081,74150,74324,55581,59461,37579,48184,12017,21469,7,3,3684,3738,6940,7550,7830,10683,9855,14882,17890,19496,28745,30250,31019,39923,10995,19613,448699,185281,58625,29199,108839,40323,8257,43,43
2021-06-01T23:59:59+02:00,24,16,11320,10290,22556,20515,28469,28846,53135,54016,73141,73541,55279,59136,37456,48011,11982,21409,7,2,3456,3562,6442,7239,7229,10256,8995,14280,15939,17681,24955,25986,30331,39037,10919,19457,439188,171246,54161,29062,108801,38475,6949,43,41
2021-05-31T23:59:59+02:00,19,12,10460,9623,20718,19345,26420,27332,52025,53166,72433,72991,55064,58873,37383,47906,11967,21373,7,2,3316,3408,6106,6991,6830,9959,8455,13923,14870,16700,23757,24606,29941,38544,10859,19363,432376,165478,49785,29023,108783,36973,6123,43,40
2021-05-30T23:59:59+02:00,17,9,10113,9279,19998,18850,25714,26753,51686,52884,72195,72794,54987,58795,37358,47878,11959,21364,7,2,3136,3219,5761,6725,6542,9718,8236,13717,14610,16430,23466,24287,29831,38438,10844,19335,429788,164650,49375,28966,108752,35973,4675,43,40
2021-05-29T23:59:59+02:00,17,9,10098,9267,19980,18819,25694,26727,51674,52879,72190,72784,54985,58790,37357,47878,11958,21364,7,2,3133,3210,5756,6720,6535,9715,8228,13709,14600,16423,23455,24278,29827,38432,10843,19334,429625,164575,49375,28963,108752,35954,4675,43,40
2021-05-28T23:59:59+02:00,17,9,10032,9173,19839,18651,25431,26495,51513,52703,72043,72653,54946,58740,37343,47858,11955,21351,7,2,3086,3133,5664,6580,6431,9514,8111,13435,14408,16147,23302,24122,29773,38369,10836,19325,427965,164181,49338,28962,108733,34388,4674,42,40
2021-05-27T23:59:59+02:00,17,9,8776,7992,17444,16842,22653,24343,50418,51888,71377,72160,54748,58517,37248,47763,11941,21321,7,2,2789,2801,4820,5957,5541,8735,7317,12442,13280,14953,22309,23079,29383,37913,10781,19239,416068,160354,48378,28698,108591,29878,2378,42,40
2021-05-26T23:59:59+02:00,16,9,8375,7575,16563,16037,21465,23334,49813,51342,70956,71773,54597,58352,37180,47685,11930,21291,7,2,2604,2629,4453,5620,5065,8229,6840,11795,12308,13970,21407,22042,29071,37470,10734,19154,410463,156485,47645,28611,108511,26632,1633,41,39
2021-05-25T23:59:59+02:00,16,9,7808,6981,15320,15157,20018,22161,49335,50940,70708,71586,54521,58269,37156,47657,11926,21281,7,2,2530,2529,4264,5491,4821,7999,6560,11486,11751,13435,19244,19860,28696,36930,10699,19105,403702,150775,47403,28598,108463,24757,1240,41,39
2021-05-24T23:59:59+02:00,16,9,7721,6881,15095,15029,19732,21982,49233,50821,70664,71547,54518,58264,37154,47655,11925,21278,7,2,2489,2466,4178,5323,4728,7756,6435,11204,11611,13193,19128,19744,28644,36883,10692,19094,402567,150624,47323,28555,108368,23136,1225,41,37
2021-05-23T23:59:59+02:00,15,9,7705,6868,15057,15012,19677,21954,49222,50818,70659,71541,54517,58260,37154,47653,11925,21278,7,2,2486,2461,4172,5319,4717,7751,6429,11191,11589,13171,18985,19546,28613,36844,10690,19092,402377,150133,47323,28553,108367,23127,1216,41,36
2021-05-22T23:59:59+02:00,15,9,7702,6859,15048,15000,19666,21947,49222,50816,70656,71541,54517,58259,37154,47653,11925,21278,6,2,2484,2454,4165,5314,4715,7751,6425,11188,11581,13168,18972,19540,28612,36844,10690,19092,402322,150096,47323,28553,108367,23104,1214,41,36
2021-05-21T23:59:59+02:00,15,9,7628,6758,14921,14865,19461,21789,48983,50583,70513,71433,54489,58232,37146,47646,11919,21272,6,2,2414,2368,4076,5175,4611,7541,6301,10890,11407,12880,18906,19473,28596,36814,10687,19090,400749,149839,47320,28552,108342,21600,1211,40,35
2021-05-20T23:59:59+02:00,15,9,7352,6459,14333,14342,18523,20912,46304,48225,69355,70458,54131,57866,37037,47503,11887,21241,6,2,2153,2198,3716,4813,4169,6991,5747,10057,10318,11777,17624,18175,28088,36215,10611,18942,389729,144569,47152,28257,108037,17746,995,39,35
2021-05-19T23:59:59+02:00,14,8,7112,6235,13665,13855,17251,19912,42316,44745,67864,69146,53675,57344,36872,47274,11850,21190,6,2,2074,1995,3551,4476,3920,6468,5301,9375,9319,10659,16141,16522,27391,35293,10483,18732,374935,137380,46577,28113,107801,15213,976,39,26
2021-05-18T23:59:59+02:00,14,7,6917,6059,13115,13421,16152,19051,37592,40721,66408,67821,53121,56803,36721,47050,11808,21134,6,2,2028,1872,3411,4285,3735,6149,4967,8891,8453,9785,14557,14782,26681,34436,10392,18557,358813,130734,46512,27547,107641,13772,910,39,26
2021-05-17T23:59:59+02:00,14,7,6782,5964,12789,13169,15651,18661,35411,38853,65575,67033,52845,56489,36638,46941,11793,21097,6,2,1956,1808,3223,4103,3515,5915,4644,8518,7672,9085,11290,10751,25771,33285,10311,18386,355078,125500,42234,21444,107556,12466,805,39,26
2021-05-16T23:59:59+02:00,14,7,6717,5879,12663,13014,15480,18493,34918,38380,65389,66863,52789,56427,36626,46914,11788,21092,6,2,1897,1710,3119,3980,3435,5813,4536,8371,7487,8896,9095,8150,25286,32602,10277,18327,353597,124349,41724,16088,107520,11953,574,38,25
2021-05-15T23:59:59+02:00,14,7,6712,5870,12656,13007,15475,18487,34909,38377,65387,66861,52788,56426,36626,46914,11788,21092,6,2,1896,1710,3117,3975,3430,5810,4531,8368,7485,8893,9093,8147,25285,32602,10277,18327,353548,124318,41724,16088,107515,11952,571,38,25
2021-05-14T23:59:59+02:00,14,7,6511,5775,12415,12944,15242,18395,33935,37585,64850,66452,52692,56339,36609,46880,11786,21087,6,2,1780,1622,3005,3904,3374,5701,4481,8222,7437,8764,9086,8141,25284,32602,10277,18326,350175,124259,41693,16084,107052,11086,561,37,24
2021-05-13T23:59:59+02:00,14,7,6262,5591,12009,12690,14670,17947,30404,34795,62367,64370,52060,55666,36470,46659,11774,21039,5,2,1738,1582,2949,3828,3342,5610,4438,8119,7355,8645,9046,8081,25265,32560,10272,18321,336169,124007,41468,16060,106621,10568,499,37,24
2021-05-12T23:59:59+02:00,14,7,6245,5568,11936,12623,14556,17837,29770,34217,61859,63917,51886,55493,36433,46614,11767,21026,5,2,1738,1579,2947,3827,3339,5610,4435,8118,7353,8639,9039,8078,25265,32558,10272,18320,333163,123984,41455,16050,106615,10567,499,36,24
2021-05-11T23:59:59+02:00,13,7,5926,5436,11490,12338,14008,17452,25507,30730,59475,61907,51225,54813,36245,46367,11743,20963,5,2,1698,1464,2844,3565,3217,5236,4294,7677,7200,8317,8953,7994,25236,32518,10268,18309,318210,123739,41401,15860,105625,8799,375,34,24
2021-05-10T23:59:59+02:00,13,7,5799,5362,11329,12221,13788,17281,22033,27968,58219,60788,50864,54459,36153,46243,11728,20932,5,2,1658,1366,2758,3336,3114,4905,4183,7187,7079,7878,8913,7934,25224,32496,10266,18305,308273,123591,41241,15711,105331,6976,308,34,23
2021-05-09T23:59:59+02:00,13,7,5724,5330,11241,12157,13685,17199,20433,26786,57755,60402,50762,54359,36128,46202,11721,20927,5,2,1641,1344,2701,3211,3063,4763,4138,7067,7031,7784,8902,7922,25217,32490,10265,18305,307702,123551,37673,15665,105129,6318,294,33,23
2021-05-08T23:59:59+02:00,13,7,5721,5328,11230,12152,13675,17189,20425,26780,57746,60396,50759,54350,36124,46199,11719,20924,5,2,1640,1344,2698,3208,3063,4763,4135,7064,7030,7783,8900,7922,25216,32488,10265,18305,307611,123533,37671,15665,105128,6316,294,33,23
2021-05-07T23:59:59+02:00,13,7,5681,5293,11161,12104,13566,17108,19972,26423,56748,59586,50630,54220,36094,46168,11716,20910,5,2,1540,1302,2618,3164,3021,4734,4100,7040,7008,7751,8892,7914,25214,32487,10265,18304,304446,123497,37651,15657,104981,5895,289,33,23
2021-05-06T23:59:59+02:00,13,7,5429,5181,10645,11795,12858,16653,18673,25437,52483,55929,49434,52840,35762,45767,11664,20809,5,2,1322,1172,2378,2992,2849,4569,3949,6842,6855,7600,8818,7833,25194,32452,10262,18297,289301,123222,37460,15516,104423,4464,166,29,23
2021-05-05T23:59:59+02:00,13,7,5174,5085,10151,11556,12101,16199,17342,24453,48115,51791,47770,50919,35322,45195,11589,20686,5,2,1276,1079,2315,2864,2763,4390,3855,6602,6748,7401,8704,7736,25132,32377,10256,18281,272118,122736,37234,15471,104036,3505,51,29,23
2021-05-04T23:59:59+02:00,13,7,5089,5000,9834,11337,11648,15807,16361,23586,46239,49757,46698,49611,34946,44709,11521,20577,5,2,1265,1060,2287,2823,2721,4306,3802,6494,6676,7322,8662,7697,25111,32360,10255,18276,261718,122517,37210,15407,103755,3149,28,29,23
2021-05-03T23:59:59+02:00,13,7,4989,4912,9480,11165,11182,15541,15304,22724,44665,48139,45816,48657,34724,44365,11493,20484,5,2,1250,1035,2251,2790,2680,4242,3753,6438,6600,7268,8090,7007,23364,30026,10117,18037,252693,116684,37200,15326,103722,2906,16,29,23
2021-05-02T23:59:59+02:00,13,7,4927,4894,9365,11126,11034,15479,14692,22233,44145,47729,45674,48491,34674,44304,11486,20473,5,1,1246,1029,2232,2787,2667,4234,3724,6423,6580,7254,7900,6764,21387,27611,10070,17949,251478,116662,35562,10306,103666,2861,11,29,23
2021-05-01T23:59:59+02:00,13,7,4927,4892,9361,11120,11031,15477,14687,22228,44143,47725,45673,48491,34674,44304,11486,20473,5,1,1245,1029,2232,2787,2667,4234,3723,6423,6579,7254,7900,6763,21387,27611,10070,17949,251445,116659,35562,10306,103665,2860,11,29,23
2021-04-30T23:59:59+02:00,13,7,4881,4868,9294,11104,10975,15452,14611,22201,42660,46313,45339,48161,34637,44252,11481,20463,5,1,1040,934,2036,2697,2568,4174,3637,6363,6516,7195,7893,6746,21386,27609,10070,17949,247458,116650,35562,10303,103653,1833,11,28,22
2021-04-29T23:59:59+02:00,13,7,4642,4785,8817,10955,10373,15276,13926,21992,37722,41999,44328,47129,34515,44134,11477,20432,5,1,861,858,1863,2619,2483,4108,3527,6292,6448,7145,7870,6726,21381,27602,10070,17949,233715,116617,35458,10198,103310,960,11,28,22
2021-04-28T23:59:59+02:00,13,7,4465,4752,8567,10869,10020,15185,13570,21835,33070,37485,43080,45873,34389,43986,11462,20414,5,1,819,831,1825,2570,2451,4032,3491,6183,6400,7055,7850,6706,21368,27589,10065,17942,220470,116530,35439,10150,103096,472,10,27,21
2021-04-27T23:59:59+02:00,12,6,4235,4539,8221,10417,9632,14602,13097,21188,31937,36356,42798,45586,34373,43958,11458,20411,5,1,792,817,1790,2547,2433,4014,3473,6163,6365,7028,7840,6697,21363,27585,10062,17936,217731,116472,35424,10121,99634,287,10,27,21
2021-04-26T23:59:59+02:00,12,6,4213,4512,8148,10379,9526,14548,12947,21127,27526,31975,41579,44365,34293,43857,11445,20400,5,1,760,806,1761,2528,2403,3993,3448,6142,6313,6982,7792,6648,21332,27554,10062,17929,205857,116270,35414,10076,99550,83,10,27,20
2021-04-25T23:59:59+02:00,12,6,4191,4499,8116,10354,9463,14516,12854,21080,25558,29932,40879,43605,34246,43798,11441,20394,5,1,748,798,1749,2514,2385,3978,3423,6121,6280,6953,7772,6631,21315,27533,10061,17925,205191,116243,30302,9841,99415,79,9,27,20
2021-04-24T23:59:59+02:00,12,6,4172,4488,8086,10325,9421,14500,12802,21059,24056,28267,40121,42762,34181,43722,11438,20388,5,1,747,797,1746,2512,2384,3974,3423,6117,6280,6950,7770,6628,21313,27533,10061,17925,200124,116221,30302,9840,99344,76,9,27,20
2021-04-23T23:59:59+02:00,11,6,3907,4336,7614,10027,8992,14145,12240,20656,23575,27967,40032,42700,34160,43688,11432,20381,5,1,734,787,1729,2499,2364,3958,3401,6094,6258,6931,7756,6609,21308,27522,10061,17924,199772,116206,30286,9641,95777,65,9,25,20
2021-04-22T23:59:59+02:00,11,6,3814,4277,7423,9911,8713,13952,11794,20329,21246,25610,37274,39455,33633,43016,11361,20257,5,1,721,778,1700,2468,2306,3900,3330,6022,6148,6834,7677,6522,21252,27478,10058,17909,186742,116088,30094,8931,95212,63,9,25,18
2021-04-21T23:59:59+02:00,11,4,3786,4244,7293,9832,8531,13778,11457,20039,19987,24404,34060,35733,33152,42317,11296,20128,5,1,697,760,1665,2440,2262,3876,3297,5989,6108,6795,7645,6495,21232,27454,10054,17905,174970,115975,29918,8619,95130,59,9,25,18
2021-04-20T23:59:59+02:00,11,4,3753,4217,7188,9763,8319,13618,11087,19741,18891,23251,30747,32086,32675,41718,11239,20011,4,1,689,750,1650,2428,2228,3854,3254,5943,6067,6753,7603,6450,21207,27431,10048,17902,163322,115816,29895,8362,95068,57,9,25,18
2021-04-19T23:59:59+02:00,11,4,3735,4201,7113,9725,8201,13508,10831,19557,18225,22591,29872,30953,32382,41355,11197,19937,4,1,681,745,1629,2414,2204,3824,3218,5910,6033,6722,7560,6417,21176,27403,10046,17898,158486,115684,29877,8118,95001,56,9,25,18
2021-04-18T23:59:59+02:00,11,4,3732,4194,7097,9713,8187,13491,10794,19531,18138,22508,29750,30827,32354,41332,11194,19929,4,1,679,741,1614,2402,2187,3809,3193,5884,6003,6699,7537,6404,21158,27381,10043,17895,157994,115625,29809,7927,94950,55,9,24,18
2021-04-17T23:59:59+02:00,11,4,3731,4192,7093,9710,8183,13491,10788,19524,18125,22497,29727,30814,32352,41329,11194,19929,4,1,678,741,1612,2401,2185,3808,3189,5883,6001,6697,7537,6404,21158,27381,10043,17895,157909,115610,29808,7927,94944,54,9,24,18
2021-04-16T23:59:59+02:00,11,4,3564,4155,6748,9580,7812,13304,10389,19279,17671,22223,29522,30652,32269,41239,11179,19910,4,1,665,721,1600,2386,2158,3793,3135,5846,5959,6647,7444,6313,20745,26814,10013,17834,157150,114280,29800,7720,92528,51,9,24,18
2021-04-15T23:59:59+02:00,11,4,3464,4075,6396,9208,7233,12803,9612,18445,16348,20995,28322,29358,31752,40597,11098,19734,4,1,635,698,1547,2346,2072,3707,3026,5726,5630,6409,6945,5926,20001,25894,9913,17664,151404,110897,29506,7174,88512,46,9,24,18
2021-04-14T23:59:59+02:00,10,4,3411,4028,6159,8969,6903,12426,8993,17898,15228,19962,26905,27854,31121,39715,10986,19536,4,1,602,673,1502,2308,1997,3629,2884,5603,5322,6176,6399,5417,18977,24600,9826,17484,144586,106615,29307,6721,86184,41,9,22,18
2021-04-13T23:59:59+02:00,10,4,3379,3996,6070,8891,6755,12293,8690,17653,14428,19268,23556,24287,30185,38536,10880,19361,4,1,597,664,1489,2285,1965,3594,2786,5532,5104,5992,6032,5073,18675,24252,9784,17417,132940,104492,29296,6688,85975,40,9,22,17
2021-04-12T23:59:59+02:00,10,4,3357,3975,6019,8832,6667,12206,8471,17458,13811,18742,22548,23136,29760,37977,10811,19234,4,1,587,656,1478,2277,1942,3573,2729,5482,4955,5887,5709,4790,18379,23948,9745,17355,127847,102891,29277,6540,85863,40,9,22,17
2021-04-11T23:59:59+02:00,10,4,3351,3969,6001,8808,6638,12189,8429,17435,13719,18683,22419,22986,29708,37912,10801,19210,4,1,583,651,1465,2267,1929,3565,2712,5465,4918,5850,5650,4730,18206,23715,9724,17324,127305,102226,29211,6467,85725,40,9,22,17
2021-04-10T23:59:59+02:00,10,4,3343,3968,5978,8807,6616,12188,8407,17434,13695,18681,22414,22983,29704,37911,10801,19210,4,1,580,648,1457,2260,1924,3562,2705,5456,4902,5842,5637,4713,18042,23460,9710,17300,127284,101704,29120,6434,85720,40,8,22,17
2021-04-09T23:59:59+02:00,9,4,3306,3956,5930,8793,6557,12169,8368,17407,13645,18635,20459,20567,29220,37292,10771,19160,4,1,566,634,1431,2238,1897,3538,2663,5420,4829,5780,5521,4610,17463,22727,9672,17229,126585,99932,23995,6235,85640,32,7,21,17
2021-04-08T23:59:59+02:00,9,4,3281,3937,5862,8762,6484,12130,8278,17343,13500,18517,17860,17492,28699,36626,10733,19110,4,1,524,605,1343,2156,1802,3441,2483,5236,4329,5419,4717,4003,15668,20483,9481,16920,125719,92906,18121,5663,84760,23,6,21,17
2021-04-07T23:59:59+02:00,7,4,3202,3908,5655,8711,6276,12070,8068,17267,13237,18421,15188,14412,28020,35824,10703,19057,4,1,500,576,1288,2099,1706,3361,2330,5096,3916,5087,3994,3432,14808,19613,9365,16733,125505,88552,16578,5315,77921,20,5,21,17
2021-04-06T23:59:59+02:00,6,4,3173,3898,5610,8692,6205,12046,7982,17230,13164,18348,13197,12040,27384,35107,10690,19027,4,1,470,553,1219,2043,1620,3278,2168,4977,3544,4809,3469,3018,13961,18605,9289,16612,125371,84890,16374,4713,72032,16,5,21,16
2021-04-05T23:59:59+02:00,6,4,3171,3895,5575,8677,6168,12033,7937,17213,13091,18312,13152,11994,27373,35091,10689,19024,4,1,438,523,1167,2006,1569,3236,2101,4923,3455,4733,3413,2966,13816,18433,9280,16594,125346,84396,16165,4226,71869,16,4,21,16
2021-04-04T23:59:59+02:00,6,4,3170,3893,5575,8675,6166,12032,7936,17211,13090,18312,13149,11994,27372,35091,10689,19024,4,1,437,522,1166,2006,1568,3236,2100,4923,3455,4733,3413,2966,13815,18433,9280,16594,125335,84390,16165,4226,71864,16,4,21,16
2021-04-03T23:59:59+02:00,6,4,3169,3893,5575,8674,6166,12032,7936,17211,13090,18312,13149,11992,27371,35088,10689,19024,4,1,437,520,1166,2006,1567,3236,2100,4922,3449,4730,3407,2956,13728,18296,9271,16578,125329,84112,16165,4226,71862,16,4,21,16
2021-04-02T23:59:59+02:00,6,4,3169,3890,5572,8669,6161,12023,7928,17198,13063,18281,13102,11939,27343,35069,10686,19020,4,1,434,513,1164,2002,1555,3227,2089,4900,3418,4697,3375,2927,12791,17045,9204,16469,125160,81637,16162,4144,71776,16,4,21,14
2021-04-01T23:59:59+02:00,6,4,3155,3876,5533,8650,6094,11990,7857,17163,12950,18209,12988,11812,27285,34992,10677,19005,4,1,386,469,1065,1934,1455,3138,1937,4787,3213,4566,3139,2725,10755,14445,9090,16288,124845,76013,16039,3351,71339,16,3,20,14
2021-03-31T23:59:59+02:00,6,4,3154,3862,5516,8616,6058,11955,7813,17118,12869,18140,12874,11690,27234,34929,10669,18995,3,1,348,446,1029,1891,1382,3098,1832,4683,2954,4365,2722,2408,8157,11216,8909,16046,124534,68451,15998,3007,70948,15,3,19,14
2021-03-30T23:59:59+02:00,6,4,3148,3850,5492,8590,6025,11923,7773,17078,12791,18074,12788,11552,27196,34881,10663,18985,3,1,327,428,1007,1859,1323,3063,1708,4602,2707,4194,2353,2161,7268,10134,8842,15917,124401,65134,15967,2732,70430,15,2,19,14
2021-03-29T23:59:59+02:00,6,4,3136,3846,5463,8570,5989,11888,7729,17045,12717,17997,12140,10793,25329,32392,10514,18728,3,1,321,425,1000,1844,1303,3038,1674,4561,2558,4106,2065,2010,6608,9422,8798,15839,118404,62818,15797,2729,70064,13,2,19,14
2021-03-28T23:59:59+02:00,6,4,3106,3830,5415,8532,5938,11843,7648,16990,12606,17927,11875,10489,23345,29925,10459,18629,3,1,320,423,997,1843,1294,3034,1670,4559,2546,4098,2040,1990,6584,9407,8796,15834,118346,62685,10610,2727,69590,13,2,19,12
2021-03-27T23:59:59+01:00,6,4,3094,3825,5375,8521,5902,11828,7599,16975,12560,17880,11840,10445,23341,29917,10459,18629,3,1,320,423,997,1843,1294,3034,1669,4557,2544,4095,2038,1988,6536,9332,8764,15785,118275,62469,10609,2727,69295,13,2,19,12
2021-03-26T23:59:59+01:00,6,4,2966,3504,4926,7368,5408,10510,6988,14929,11753,15594,11620,10260,22857,29189,10414,18558,3,1,319,420,992,1840,1288,3029,1666,4555,2539,4088,2030,1982,6407,9143,8620,15597,116723,61787,10352,2715,59758,3,2,19,12
2021-03-25T23:59:59+01:00,6,3,2846,3242,4767,6601,5177,9363,6663,13207,11025,13792,10758,9456,22126,28340,10337,18401,3,1,314,411,985,1831,1273,3010,1647,4522,2503,4038,1962,1923,6116,8714,8339,15144,113793,60010,9648,2711,52648,2,2,19,11
2021-03-24T23:59:59+01:00,6,3,2800,3197,4691,6537,5043,9256,6457,13036,10512,13387,9921,8635,21106,27079,10239,18213,3,1,312,406,978,1825,1256,2999,1632,4498,2456,3982,1894,1848,5750,8238,7922,14468,109757,57755,9301,2700,51042,2,0,18,11
2021-03-23T23:59:59+01:00,6,3,2772,3164,4623,6467,4932,9163,6243,12874,10053,12964,9202,7965,20592,26471,10184,18106,3,1,300,393,961,1814,1241,2976,1602,4476,2406,3933,1815,1782,5466,7854,7518,13842,107352,55672,8968,2699,49446,1,0,18,11
2021-03-22T23:59:59+01:00,6,3,2754,3125,4563,6428,4856,9095,6104,12735,9691,12691,8600,7396,20172,26033,10123,18012,1,1,298,390,950,1807,1227,2962,1589,4464,2379,3905,1788,1760,5327,7680,7068,13017,105864,53908,8710,2694,47795,1,0,18,10
2021-03-21T23:59:59+01:00,6,3,2747,3109,4517,6404,4805,9059,6010,12668,9502,12504,8293,7136,20004,25866,10111,17984,1,1,298,390,949,1807,1224,2962,1588,4463,2376,3905,1781,1754,5318,7675,7037,12959,105661,53800,8478,2677,46571,1,0,18,10
2021-03-20T23:59:59+01:00,6,3,2746,3102,4510,6399,4798,9056,6006,12660,9482,12490,8260,7104,19831,25589,10095,17958,1,1,298,390,949,1805,1223,2962,1587,4462,2372,3897,1769,1741,5303,7626,6859,12719,105105,53301,8465,2652,46507,1,0,18,10
2021-03-19T23:59:59+01:00,6,3,2710,3075,4439,6354,4691,9005,5866,12602,9214,12302,7956,6877,19346,24998,10063,17899,1,1,298,389,948,1804,1223,2959,1585,4461,2365,3892,1753,1730,5266,7583,6446,12096,103801,52160,8223,2629,45364,1,0,18,10
2021-03-18T23:59:59+01:00,6,3,2644,3002,4275,6216,4442,8800,5508,12295,8300,11631,6691,5858,18084,23632,9908,17666,1,1,295,384,943,1794,1209,2946,1546,4445,2300,3846,1674,1688,5191,7476,5703,10977,98872,49823,7679,2587,42392,0,0,18,9
2021-03-17T23:59:59+01:00,6,3,2607,2962,4193,6119,4304,8691,5253,12019,7624,11065,5702,4958,16732,22092,9741,17406,1,1,291,382,939,1786,1205,2937,1529,4424,2234,3821,1610,1643,5146,7410,5123,10088,93428,48031,7179,2530,40852,0,0,18,9
2021-03-16T23:59:59+01:00,5,3,2587,2934,4130,6052,4210,8594,5076,11863,7175,10678,4936,4340,15871,21109,9635,17233,1,1,287,380,936,1781,1202,2930,1521,4414,2212,3803,1577,1626,5109,7367,4613,9267,89766,46569,7141,2451,39506,0,0,18,7
2021-03-15T23:59:59+01:00,5,3,2584,2923,4115,6032,4178,8568,5026,11816,7057,10561,4789,4178,15550,20696,9603,17174,1,1,285,376,935,1775,1196,2923,1507,4405,2191,3781,1533,1609,5049,7293,4027,8404,88991,44976,7042,2308,38807,0,0,18,7
2021-03-14T23:59:59+01:00,5,2,2578,2915,4094,6011,4148,8548,4985,11782,6963,10472,4683,4063,15416,20526,9586,17134,1,1,283,375,935,1773,1190,2916,1502,4394,2180,3774,1523,1603,5041,7285,4021,8390,88682,44913,7023,2267,38189,0,0,17,7
2021-03-13T23:59:59+01:00,5,2,2571,2905,4086,5999,4140,8541,4977,11772,6944,10459,4660,4037,15101,20090,9566,17098,1,1,283,375,935,1773,1190,2916,1502,4394,2180,3774,1522,1603,5041,7284,4021,8390,87794,44912,7001,2266,38141,0,0,17,7
2021-03-12T23:59:59+01:00,5,2,2507,2829,3976,5827,4020,8318,4840,11474,6765,10189,4507,3899,14173,18831,9504,16996,1,1,283,374,933,1770,1190,2912,1500,4389,2179,3767,1515,1601,5034,7265,4019,8373,85316,44834,6940,2265,36391,0,0,15,7
2021-03-11T23:59:59+01:00,4,2,2383,2604,3747,5500,3764,7884,4513,10712,6134,9378,3985,3396,12559,16832,9402,16846,1,1,283,373,929,1765,1187,2898,1491,4377,2167,3740,1474,1573,4993,7228,4007,8346,80954,44685,6777,2141,31899,0,0,15,7
2021-03-10T23:59:59+01:00,4,2,2264,2473,3590,5262,3569,7561,4242,10229,5579,8812,3410,2950,10271,14104,9253,16608,1,1,279,369,924,1755,1180,2887,1487,4361,2145,3725,1445,1565,4963,7213,3998,8336,74599,44619,6605,2008,28964,0,0,15,7
2021-03-09T23:59:59+01:00,4,2,2239,2422,3524,5173,3455,7471,4072,10033,5184,8464,2927,2591,8744,12086,9147,16457,1,1,278,368,924,1749,1173,2877,1483,4353,2137,3714,1430,1559,4955,7208,3995,8334,69712,44578,6457,1955,27811,0,0,15,6
2021-03-08T23:59:59+01:00,4,2,2215,2347,3465,5104,3381,7387,3950,9920,4887,8270,2486,2327,6806,9686,9026,16279,1,1,278,365,923,1739,1167,2861,1477,4342,2133,3707,1419,1552,4939,7188,3988,8324,64003,44469,6120,1929,27404,0,0,15,6
2021-03-07T23:59:59+01:00,4,2,2153,2291,3369,4996,3284,7298,3851,9833,4750,8175,2435,2275,6783,9665,9026,16271,1,1,278,364,922,1739,1167,2859,1477,4342,2133,3707,1419,1552,4938,7188,3988,8324,63874,44466,5437,1927,27135,0,0,15,6
2021-03-06T23:59:59+01:00,4,2,2145,2278,3355,4986,3280,7293,3842,9823,4740,8170,2433,2272,6737,9595,8994,16221,1,1,278,364,921,1735,1166,2858,1477,4339,2129,3702,1418,1547,4932,7183,3986,8314,63663,44418,5377,1927,27115,0,0,15,6
2021-03-05T23:59:59+01:00,4,2,2015,2192,3130,4800,3041,6981,3564,9428,4406,7833,2344,2210,6529,9273,8799,15956,1,1,278,362,919,1732,1166,2857,1476,4333,2126,3696,1412,1545,4926,7177,3985,8307,62672,44366,4530,1927,25290,0,0,15,6
2021-03-04T23:59:59+01:00,4,2,1764,1972,2717,4363,2584,6342,2998,8527,3721,7021,2125,2050,6233,8906,8515,15493,1,1,275,361,918,1724,1164,2840,1475,4317,2117,3684,1401,1543,4914,7163,3978,8296,61011,44242,3250,1924,21061,0,0,15,6
2021-03-03T23:59:59+01:00,4,2,1694,1884,2610,4180,2451,6115,2857,8238,3533,6758,2041,1972,5892,8430,8150,14904,1,1,274,357,918,1714,1161,2817,1471,4293,2112,3669,1376,1531,4909,7157,3974,8288,58984,44094,3106,1924,19610,0,0,15,5
2021-03-02T23:59:59+01:00,4,2,1659,1808,2540,4059,2370,5963,2750,8057,3419,6606,1966,1904,5575,7989,7737,14225,1,1,272,352,915,1695,1158,2797,1468,4275,2111,3658,1351,1525,4899,7140,3969,8280,56852,43938,2864,1924,18902,0,0,15,5
2021-03-01T23:59:59+01:00,2,2,1649,1781,2502,3951,2322,5848,2714,7956,3366,6527,1924,1883,5437,7826,7256,13348,1,1,271,350,911,1689,1156,2785,1466,4262,2109,3643,1346,1520,4896,7138,3967,8273,54971,43855,2853,1924,18455,0,0,15,5
2021-02-28T23:59:59+01:00,2,2,1633,1743,2468,3879,2292,5793,2671,7875,3339,6479,1918,1879,5429,7821,7219,13288,1,1,271,350,910,1689,1156,2785,1466,4261,2109,3642,1346,1520,4896,7137,3967,8273,54846,43852,2851,1923,18018,0,0,15,5
2021-02-27T23:59:59+01:00,2,2,1631,1736,2465,3872,2289,5793,2669,7874,3336,6477,1912,1869,5419,7777,7047,13064,1,1,271,350,900,1684,1146,2778,1456,4252,2092,3633,1345,1517,4896,7136,3967,8273,54376,43848,2851,1845,17992,0,0,15,5
2021-02-26T23:59:59+01:00,2,1,1442,1576,2336,3631,2211,5386,2576,7370,3249,6019,1897,1845,5394,7744,6777,12671,1,1,269,348,892,1677,1138,2758,1450,4230,2082,3620,1338,1508,4889,7124,3963,8260,53619,43767,2831,1776,15662,0,0,15,5
2021-02-25T23:59:59+01:00,2,1,1229,1294,2116,3200,2039,4636,2378,6431,3007,5123,1806,1773,5342,7664,6194,11818,1,1,267,340,885,1617,1104,2663,1417,4119,2026,3545,1300,1487,4845,7082,3943,8205,51716,43294,2819,1548,11505,0,0,13,5
2021-02-24T23:59:59+01:00,2,1,1176,1086,2011,2937,1933,4298,2245,6027,2837,4854,1729,1718,5281,7575,5427,10625,1,1,265,334,848,1569,1054,2572,1356,4003,1937,3417,1260,1459,4827,7055,3933,8184,49358,43029,2808,1041,9583,0,0,13,5
2021-02-23T23:59:59+01:00,2,1,1159,1035,1976,2873,1907,4200,2219,5942,2803,4791,1720,1703,5245,7527,4781,9592,1,1,265,333,821,1542,1004,2520,1303,3925,1831,3342,1208,1432,4803,7029,3920,8146,47559,42823,2781,598,9124,0,0,12,5
2021-02-22T23:59:59+01:00,2,1,1151,993,1927,2729,1863,4054,2163,5748,2749,4686,1709,1692,5211,7479,4166,8699,1,1,264,324,779,1504,951,2437,1214,3817,1692,3244,1118,1373,4759,6957,3891,8035,45931,42346,2763,10,8317,0,0,11,5
2021-02-21T23:59:59+01:00,2,1,1148,979,1898,2667,1836,3957,2136,5643,2729,4623,1702,1686,5208,7470,4166,8695,1,1,262,322,774,1498,943,2405,1212,3780,1679,3204,1109,1358,4741,6930,3866,7991,45878,42061,2753,10,7904,0,0,11,5
2021-02-20T23:59:59+01:00,2,1,1148,979,1897,2666,1835,3957,2136,5643,2727,4617,1693,1677,5201,7463,4164,8692,1,1,262,322,774,1497,942,2401,1211,3776,1678,3202,1109,1358,4689,6870,3819,7934,45863,41832,2725,9,7899,0,0,11,5
2021-02-19T23:59:59+01:00,2,1,1148,977,1894,2661,1835,3947,2135,5634,2723,4613,1674,1668,5186,7445,4161,8687,1,1,261,320,770,1487,933,2376,1204,3734,1649,3149,1081,1319,4496,6617,3640,7633,45783,40657,2703,9,7894,0,0,11,5
2021-02-18T23:59:59+01:00,2,1,1117,895,1854,2542,1796,3810,2082,5428,2662,4440,1657,1651,5170,7413,4156,8658,1,1,234,291,725,1362,884,2170,1118,3396,1532,2852,971,1129,4000,5834,3223,6731,45631,36440,2670,9,7022,0,0,11,5
2021-02-17T23:59:59+01:00,2,1,1071,768,1773,2310,1719,3514,1973,5068,2587,4193,1632,1642,5149,7398,4147,8655,1,1,229,288,715,1344,875,2148,1106,3361,1513,2831,965,1126,3617,5307,2923,6304,45590,34640,2610,9,5391,0,0,11,5
2021-02-16T23:59:59+01:00,2,1,1030,729,1718,2206,1650,3342,1903,4862,2508,4085,1592,1628,5122,7375,4138,8643,1,1,222,282,698,1308,853,2094,1075,3243,1474,2744,941,1102,3259,4757,2579,5806,45536,32429,2443,6,4546,0,0,9,4
2021-02-15T23:59:59+01:00,2,1,1024,710,1698,2129,1632,3242,1884,4753,2494,4006,1562,1614,5092,7359,4105,8587,1,1,210,272,682,1274,834,2044,1054,3178,1432,2679,911,1071,2830,4198,2241,5227,45409,30130,2357,5,4119,0,0,9,4
2021-02-14T23:59:59+01:00,2,1,929,677,1622,2096,1570,3223,1841,4731,2459,3993,1555,1612,5083,7347,4102,8581,1,1,203,261,673,1256,816,2004,1038,3112,1401,2611,881,1025,2738,4057,2162,5029,45365,29262,2322,4,3729,0,0,8,3
2021-02-13T23:59:59+01:00,2,1,877,653,1592,2073,1555,3214,1825,4724,2451,3992,1554,1611,5083,7346,4101,8580,1,1,201,260,671,1255,816,2000,1038,3110,1400,2608,880,1024,2634,3932,2096,4928,45358,28849,2322,3,3546,0,0,8,3
2021-02-12T23:59:59+01:00,2,1,550,507,1244,1956,1384,3112,1685,4642,2344,3922,1535,1603,5073,7335,4091,8570,1,1,189,254,656,1229,802,1956,1011,3024,1345,2508,818,949,2406,3616,1948,4605,45236,27313,2322,2,1990,0,0,8,3
2021-02-11T23:59:59+01:00,2,1,389,433,1056,1842,1281,2994,1588,4528,2255,3831,1426,1558,5010,7283,4068,8520,1,1,153,192,557,985,667,1510,811,2352,1065,1915,575,697,1788,2728,1436,3324,44878,20755,2114,1,1065,0,0,8,1
2021-02-10T23:59:59+01:00,2,1,276,364,929,1736,1179,2872,1493,4343,2141,3709,1387,1545,4989,7272,4064,8518,1,1,132,129,387,625,494,1021,642,1740,897,1581,555,681,1381,2168,1120,2821,44802,16375,2005,0,6,0,0,7,1
2021-02-09T23:59:59+01:00,2,1,276,363,928,1730,1176,2863,1493,4337,2140,3704,1379,1542,4987,7270,4063,8516,1,1,129,127,378,592,475,994,620,1711,872,1551,553,678,997,1700,840,2413,44777,14632,1981,0,5,0,0,7,0
2021-02-08T23:59:59+01:00,2,1,276,361,927,1728,1173,2853,1486,4332,2138,3700,1374,1538,4985,7270,4062,8513,1,1,124,121,367,579,467,974,609,1678,854,1525,545,673,603,1209,534,1984,44749,12848,1958,0,5,0,0,7,0
2021-02-07T23:59:59+01:00,2,1,276,361,924,1728,1172,2853,1484,4330,2138,3700,1374,1538,4985,7269,4061,8513,1,1,120,118,362,575,466,967,606,1666,844,1509,537,670,602,1199,529,1969,44745,12741,1957,0,0,0,0,7,0
2021-02-06T23:59:59+01:00,2,1,276,361,924,1728,1172,2853,1484,4330,2138,3700,1374,1538,4985,7269,4061,8513,1,1,117,115,360,571,465,965,606,1664,844,1508,536,669,602,1199,529,1969,44745,12721,1957,0,0,0,0,7,0
2021-02-05T23:59:59+01:00,2,1,275,360,922,1728,1172,2852,1482,4329,2137,3700,1374,1538,4984,7267,4061,8510,1,1,116,106,357,566,457,952,602,1654,831,1485,531,659,596,1183,519,1944,44730,12560,1957,0,0,0,0,7,0
2021-02-04T23:59:59+01:00,2,1,271,355,916,1689,1164,2805,1482,4277,2126,3657,1366,1531,4955,7235,4049,8476,1,0,88,71,239,393,331,694,473,1262,622,1117,401,521,501,967,454,1678,44394,9813,1956,0,0,0,0,7,0
2021-02-03T23:59:59+01:00,2,1,269,345,912,1664,1160,2770,1471,4227,2117,3621,1358,1515,4930,7205,4035,8445,1,0,54,34,85,168,152,347,230,595,299,544,211,278,287,603,265,1046,44084,5199,1956,0,0,0,0,7,0
2021-02-02T23:59:59+01:00,2,1,268,343,911,1652,1156,2751,1468,4195,2110,3595,1350,1509,4922,7191,4027,8419,1,0,15,10,29,53,61,101,73,165,95,123,45,75,70,133,57,207,43907,1313,1956,0,0,0,0,7,0
2021-02-01T23:59:59+01:00,2,1,268,338,911,1649,1155,2750,1467,4191,2109,3589,1349,1508,4920,7190,4027,8419,1,0,13,9,25,46,51,92,60,140,73,104,39,67,62,124,55,194,43880,1155,1956,0,0,0,0,7,0
2021-01-31T23:59:59+01:00,2,1,268,337,911,1645,1154,2745,1467,4186,2109,3586,1348,1508,4919,7189,4027,8419,1,0,12,8,22,41,44,84,54,129,63,98,34,56,53,114,52,187,43860,1052,1954,0,0,0,0,7,0
2021-01-30T23:59:59+01:00,2,1,268,337,906,1642,1146,2737,1459,4180,2105,3583,1348,1508,4866,7129,3981,8361,1,0,12,8,22,39,44,84,53,128,63,98,34,56,53,114,52,187,43632,1048,1920,0,0,0,0,7,0
2021-01-29T23:59:59+01:00,2,1,267,335,891,1634,1134,2716,1447,4150,2081,3556,1339,1502,4701,6928,3813,8152,1,0,10,8,22,39,41,84,52,126,60,97,33,52,52,114,52,187,42834,1030,1808,0,0,0,0,7,0
2021-01-28T23:59:59+01:00,2,1,263,322,872,1548,1095,2606,1410,4048,2011,3482,1313,1489,4364,6459,3536,7793,1,0,7,4,10,19,22,42,21,58,35,64,20,34,36,74,40,125,41043,612,1564,0,0,0,0,7,0
2021-01-27T23:59:59+01:00,2,1,257,319,830,1493,1048,2512,1346,3950,1937,3375,1273,1462,3951,5886,3209,7321,1,0,3,4,10,9,11,21,8,23,14,30,12,15,18,42,17,63,39054,301,1111,0,0,0,0,7,0
2021-01-26T23:59:59+01:00,2,1,250,310,793,1446,981,2427,1285,3823,1821,3268,1212,1410,3601,5327,2854,6798,1,0,1,1,6,4,4,7,4,3,3,9,7,5,5,7,4,8,36940,79,664,0,0,0,0,5,0
2021-01-25T23:59:59+01:00,2,1,240,301,742,1385,920,2308,1183,3678,1662,3147,1132,1378,3203,4812,2537,6322,1,0,1,1,6,3,2,7,2,2,3,9,7,5,5,7,4,8,34886,73,63,0,0,0,0,4,0
2021-01-24T23:59:59+01:00,2,1,237,301,736,1381,909,2292,1178,3662,1634,3117,1126,1375,3176,4776,2520,6300,1,0,1,1,4,3,2,7,2,2,3,9,7,5,5,7,4,8,34711,71,9,0,0,0,0,3,0
2021-01-23T23:59:59+01:00,2,1,236,300,735,1380,909,2288,1177,3660,1631,3115,1125,1375,3070,4650,2453,6198,1,0,1,1,4,3,2,7,2,2,3,9,7,5,5,7,4,8,34294,71,8,0,0,0,0,3,0
2021-01-22T23:59:59+01:00,2,1,235,297,732,1364,907,2275,1171,3644,1627,3111,1123,1374,2908,4455,2350,6053,1,0,1,1,4,3,2,7,2,2,3,9,7,5,5,7,4,8,33618,71,8,0,0,0,0,3,0
2021-01-21T23:59:59+01:00,2,1,230,269,668,1208,840,2063,1090,3360,1531,2908,1080,1331,2560,3992,2055,5611,1,0,1,0,3,2,2,7,2,2,3,9,7,4,5,7,4,8,30790,67,8,0,0,0,0,1,0
2021-01-20T23:59:59+01:00,2,1,206,206,508,856,665,1572,889,2660,1294,2441,982,1196,2019,3239,1632,4800,1,0,1,0,3,2,2,7,2,2,3,7,6,4,5,7,4,8,25160,64,8,0,0,0,0,0,0
2021-01-19T23:59:59+01:00,2,1,181,189,460,746,611,1417,803,2363,1119,2133,815,939,1365,2297,1146,3668,0,0,0,0,2,1,0,0,0,0,2,1,1,0,0,0,0,0,20251,7,4,0,0,0,0,0,0
2021-01-18T23:59:59+01:00,1,1,137,134,384,622,489,1060,647,1821,927,1641,605,729,692,1348,601,2240,0,0,0,0,1,0,0,0,0,0,1,0,0,0,0,0,0,0,14076,2,3,0,0,0,0,0,0
2021-01-17T23:59:59+01:00,1,1,126,119,369,587,474,995,618,1704,868,1542,556,688,641,1245,555,2075,0,0,0,0,0,0,0,0,0,0,0,0,0,0,0,0,0,0,13163,0,1,0,0,0,0,0,0
2021-01-16T23:59:59+01:00,1,1,119,115,366,583,472,983,612,1691,862,1535,555,687,640,1239,550,2061,0,0,0,0,0,0,0,0,0,0,0,0,0,0,0,0,0,0,13071,0,1,0,0,0,0,0,0
2021-01-15T23:59:59+01:00,1,1,117,108,363,577,464,967,608,1680,848,1511,549,674,632,1222,542,2036,0,0,0,0,0,0,0,0,0,0,0,0,0,0,0,0,0,0,12900,0,0,0,0,0,0,0,0
2021-01-14T23:59:59+01:00,1,1,97,87,280,468,392,788,504,1409,692,1222,431,541,549,1023,479,1836,0,0,0,0,0,0,0,0,0,0,0,0,0,0,0,0,0,0,10800,0,0,0,0,0,0,0,0
2021-01-13T23:59:59+01:00,1,1,67,47,168,285,257,521,353,921,472,786,264,328,333,673,308,1166,0,0,0,0,0,0,0,0,0,0,0,0,0,0,0,0,0,0,6951,0,0,0,0,0,0,0,0
2021-01-12T23:59:59+01:00,1,1,31,20,54,104,115,215,151,382,195,335,137,180,174,372,177,647,0,0,0,0,0,0,0,0,0,0,0,0,0,0,0,0,0,0,3291,0,0,0,0,0,0,0,0
2021-01-11T23:59:59+01:00,1,0,17,10,38,66,63,114,78,170,89,126,40,67,66,130,55,200,0,0,0,0,0,0,0,0,0,0,0,0,0,0,0,0,0,0,1330,0,0,0,0,0,0,0,0
2021-01-10T23:59:59+01:00,1,0,14,7,31,55,56,102,68,155,73,112,34,57,56,119,50,190,0,0,0,0,0,0,0,0,0,0,0,0,0,0,0,0,0,0,1180,0,0,0,0,0,0,0,0
2021-01-09T23:59:59+01:00,1,0,13,7,30,53,55,101,65,154,73,110,34,57,56,119,50,190,0,0,0,0,0,0,0,0,0,0,0,0,0,0,0,0,0,0,1168,0,0,0,0,0,0,0,0
2021-01-08T23:59:59+01:00,1,0,10,7,28,50,50,96,60,141,67,106,32,52,55,119,50,190,0,0,0,0,0,0,0,0,0,0,0,0,0,0,0,0,0,0,1114,0,0,0,0,0,0,0,0
2021-01-07T23:59:59+01:00,1,0,7,4,10,20,22,43,23,56,36,66,19,35,40,79,39,126,0,0,0,0,0,0,0,0,0,0,0,0,0,0,0,0,0,0,626,0,0,0,0,0,0,0,0
2021-01-06T23:59:59+01:00,1,0,7,4,10,16,14,30,15,40,25,54,16,25,33,69,37,110,0,0,0,0,0,0,0,0,0,0,0,0,0,0,0,0,0,0,506,0,0,0,0,0,0,0,0
2021-01-05T23:59:59+01:00,1,0,7,4,10,16,14,30,15,40,25,54,16,25,32,69,37,110,0,0,0,0,0,0,0,0,0,0,0,0,0,0,0,0,0,0,505,0,0,0,0,0,0,0,0
2021-01-04T23:59:59+01:00,1,0,2,4,9,6,4,14,4,8,6,17,7,5,9,16,5,15,0,0,0,0,0,0,0,0,0,0,0,0,0,0,0,0,0,0,132,0,0,0,0,0,0,0,0
2021-01-03T23:59:59+01:00,1,0,1,1,4,3,2,7,3,3,3,10,5,4,6,8,4,9,0,0,0,0,0,0,0,0,0,0,0,0,0,0,0,0,0,0,74,0,0,0,0,0,0,0,0
2021-01-02T23:59:59+01:00,1,0,1,1,4,3,2,7,3,3,3,10,5,4,6,8,4,9,0,0,0,0,0,0,0,0,0,0,0,0,0,0,0,0,0,0,74,0,0,0,0,0,0,0,0
2021-01-01T23:59:59+01:00,1,0,1,1,4,3,2,7,2,3,3,10,5,4,6,8,4,9,0,0,0,0,0,0,0,0,0,0,0,0,0,0,0,0,0,0,73,0,0,0,0,0,0,0,0
2020-12-31T23:59:59+01:00,1,0,1,1,4,2,2,7,2,2,3,9,5,4,6,8,4,9,0,0,0,0,0,0,0,0,0,0,0,0,0,0,0,0,0,0,70,0,0,0,0,0,0,0,0
2020-12-30T23:59:59+01:00,1,0,1,1,4,2,2,7,2,2,3,7,5,4,6,8,4,9,0,0,0,0,0,0,0,0,0,0,0,0,0,0,0,0,0,0,68,0,0,0,0,0,0,0,0
2020-12-29T23:59:59+01:00,1,0,1,1,3,1,2,6,2,2,3,6,3,2,5,8,3,8,0,0,0,0,0,0,0,0,0,0,0,0,0,0,0,0,0,0,57,0,0,0,0,0,0,0,0
2020-12-28T23:59:59+01:00,1,0,0,0,3,1,0,2,1,0,1,3,0,1,0,1,1,5,0,0,0,0,0,0,0,0,0,0,0,0,0,0,0,0,0,0,20,0,0,0,0,0,0,0,0
2020-12-27T23:59:59+01:00,0,0,0,0,0,0,0,1,1,0,1,2,0,1,0,1,1,5,0,0,0,0,0,0,0,0,0,0,0,0,0,0,0,0,0,0,13,0,0,0,0,0,0,0,0
