Datum,<24_1_m,<24_1_w,25-34_1_m,25-34_1_w,35-44_1_m,35-44_1_w,45-54_1_m,45-54_1_w,55-64_1_m,55-64_1_w,65-74_1_m,65-74_1_w,75-84_1_m,75-84_1_w,>84_1_m,>84_1_w,<24_2_m,<24_2_w,25-34_2_m,25-34_2_w,35-44_2_m,35-44_2_w,45-54_2_m,45-54_2_w,55-64_2_m,55-64_2_w,65-74_2_m,65-74_2_w,75-84_2_m,75-84_2_w,>84_2_m,>84_2_w,bp_1,bp_2,mo_1,mo_2,az_1,az_2,ja
2021-07-07T23:59:59+02:00,29890,28472,44182,37916,50104,47118,63882,63104,80283,79278,57401,61404,38032,48978,11886,21195,9379,8922,18523,17159,23264,24020,48192,48989,68001,68572,52552,56146,35881,46046,11319,20137,562205,403599,78353,48401,109069,91604,13498
2021-07-06T23:59:59+02:00,28694,27357,43237,37059,49241,46259,63324,62573,79874,78899,57230,61233,37982,48887,11863,21168,8685,8203,17272,16217,21766,22830,47632,48572,67646,68324,52439,56034,35833,46009,11313,20123,554541,396610,78342,48031,109066,91326,12931
2021-07-05T23:59:59+02:00,27394,25984,42163,36065,48199,45198,62664,62002,79442,78500,57056,61045,37931,48812,11854,21146,8427,7977,16782,15909,21217,22453,47333,48353,67454,68180,52389,55962,35809,45990,11310,20118,545267,394077,78334,47723,109065,91074,12789
2021-07-04T23:59:59+02:00,27007,25591,41859,35808,47950,45015,62520,61868,79328,78409,57021,61006,37921,48794,11851,21143,8165,7823,16517,15717,20939,22257,47208,48255,67377,68107,52365,55937,35794,45985,11308,20117,542970,393069,78308,47061,109062,90990,12751
2021-07-03T23:59:59+02:00,27000,25579,41845,35801,47947,45015,62517,61867,79327,78408,57020,61006,37921,48794,11851,21143,8160,7816,16504,15707,20931,22250,47204,48254,67373,68106,52364,55937,35794,45985,11308,20117,542939,393035,78306,47061,109062,90980,12734
2021-07-02T23:59:59+02:00,26616,25169,41526,35521,47693,44763,62375,61724,79254,78338,57003,60984,37914,48782,11847,21138,7982,7662,16140,15442,20493,21945,46237,47480,66883,67758,52282,55847,35779,45967,11307,20114,540567,390567,78305,47058,109058,88976,12717
2021-07-01T23:59:59+02:00,26186,24759,41142,35173,47298,44416,62126,61492,79065,78168,56941,60923,37883,48741,11841,21128,7587,7329,15328,14665,19334,20922,44702,46011,65676,66689,51981,55548,35682,45849,11283,20087,537430,384783,78205,46243,109049,85049,12598
2021-06-30T23:59:59+02:00,25691,24246,40715,34801,46892,44043,61899,61291,78898,78019,56862,60846,37856,48692,11833,21108,7209,6978,14397,13871,17922,19729,41516,43298,63988,65254,51520,55051,35536,45657,11257,20038,534003,372823,78174,45611,109047,82319,12468
2021-06-29T23:59:59+02:00,25105,23615,40223,34386,46488,43631,61642,61013,78691,77841,56787,60782,37828,48649,11827,21089,6929,6674,13758,13379,16798,18818,37217,39625,62646,64006,51036,54553,35404,45479,11226,19995,529964,357598,78165,45402,109047,82122,12421
2021-06-28T23:59:59+02:00,24739,23192,39769,34004,46071,43262,61404,60760,78504,77687,56716,60714,37799,48620,11825,21074,6618,6347,13099,12880,15792,17986,33578,36585,61527,62976,50683,54161,35310,45331,11202,19957,528227,348948,76480,40726,109047,81972,12386
2021-06-27T23:59:59+02:00,24632,23089,39697,33941,46013,43203,61374,60723,78471,77658,56700,60703,37793,48613,11824,21069,6527,6272,12866,12742,15370,17751,32748,35941,61273,62777,50593,54092,35292,45308,11200,19953,527621,346057,76476,40466,109041,81817,12365
2021-06-26T23:59:59+02:00,24625,23084,39691,33938,46012,43202,61373,60722,78471,77658,56700,60703,37793,48613,11824,21069,6524,6265,12860,12729,15364,17744,32744,35940,61266,62775,50591,54086,35292,45308,11200,19952,527596,345993,76476,40466,109041,81816,12365
2021-06-25T23:59:59+02:00,24488,22946,39606,33852,45930,43131,61329,60675,78423,77636,56689,60689,37790,48610,11823,21067,6427,6153,12752,12600,15228,17585,32031,35287,60882,62456,50513,54003,35284,45287,11197,19951,526806,343017,76476,40454,109038,81801,12364
2021-06-24T23:59:59+02:00,24034,22466,39255,33546,45580,42828,61129,60479,78263,77501,56635,60633,37768,48580,11819,21058,6091,5855,12193,12139,14525,16905,28742,32575,58609,60616,49941,53414,35151,45083,11179,19903,523865,329275,76426,40189,109036,81210,12247
2021-06-23T23:59:59+02:00,23307,21736,38696,32968,44941,42131,60767,60095,78019,77253,56534,60503,37724,48529,11809,21039,5936,5665,11824,11797,14023,16385,25386,29824,56975,59101,49422,52884,35034,44908,11158,19860,518410,319909,76371,37261,109034,80776,12236
2021-06-22T23:59:59+02:00,22829,21239,38300,32557,44514,41671,60498,59813,77817,77018,56440,60396,37687,48457,11796,21017,5744,5530,11508,11537,13605,16014,21072,26307,54909,57412,48829,52284,34857,44695,11138,19816,514658,305615,76245,37209,109029,80316,12117
2021-06-21T23:59:59+02:00,22544,20964,38054,32331,44274,41397,60312,59604,77686,76881,56388,60315,37664,48418,11787,21002,5614,5422,11201,11342,13270,15760,19529,25080,53993,56647,46615,49839,34259,43976,11115,19757,512646,300326,76042,37139,109015,74036,11918
2021-06-20T23:59:59+02:00,22227,20653,37761,32063,43989,41144,60164,59438,77552,76736,56341,60276,37644,48402,11784,20995,5561,5378,11071,11256,13116,15635,19140,24759,53729,56468,45050,47953,33733,43382,11095,19740,510289,299707,75965,36395,109004,69053,11911
2021-06-19T23:59:59+02:00,22220,20641,37746,32059,43986,41140,60158,59435,77550,76733,56338,60276,37644,48401,11784,20995,5555,5369,11067,11253,13107,15629,19133,24751,53715,56456,45041,47943,33732,43382,11095,19740,510231,299624,75960,36392,109004,69041,11911
2021-06-18T23:59:59+02:00,22109,20519,37679,32004,43911,41055,60103,59391,77508,76691,56316,60255,37639,48388,11783,20994,5460,5205,10772,10718,12736,15050,18595,23738,52866,55164,44837,47781,33704,43335,11089,19728,509482,298063,75954,36391,108999,64414,11910
2021-06-17T23:59:59+02:00,21310,19717,36929,31371,43122,40301,59699,59026,77216,76438,56205,60129,37591,48320,11770,20970,5269,4993,10390,10172,12219,14282,17673,22382,51305,53237,43695,46440,33389,42939,11042,19645,503534,290807,75861,36264,108993,60275,11726
2021-06-16T23:59:59+02:00,20413,18691,35941,30442,42119,39335,59162,58546,76826,76127,56065,59977,37535,48233,11760,20947,5083,4839,9885,9853,11492,13792,16134,21095,47463,49711,41954,44443,32928,42373,10979,19518,496214,274749,75321,36066,108979,59122,11605
2021-06-15T23:59:59+02:00,19490,17735,35034,29593,41196,38457,58727,58110,76496,75806,55926,59813,37480,48165,11745,20914,4879,4715,9372,9600,10794,13326,14632,19911,43222,45653,40410,42603,32451,41754,10912,19390,489049,257675,75206,36032,108972,58457,11460
2021-06-14T23:59:59+02:00,18270,16413,33785,28325,39742,37052,58145,57553,76107,75466,55799,59675,37435,48094,11736,20899,4753,4622,9032,9395,10322,13011,13466,18908,40597,43113,39340,41461,32161,41353,10880,19305,479349,246559,74769,36009,108967,57740,11411
2021-06-13T23:59:59+02:00,17729,15971,33305,27918,39252,36671,57931,57371,75961,75364,55772,59636,37413,48072,11733,20890,4668,4574,8888,9323,10160,12943,12862,18454,40128,42721,39106,41239,32101,41268,10874,19291,476278,245603,74467,34586,108960,57127,11284
2021-06-12T23:59:59+02:00,17727,15953,33293,27909,39245,36666,57927,57369,75957,75362,55771,59634,37412,48072,11733,20890,4661,4569,8878,9318,10148,12936,12851,18441,39946,42575,39083,41224,32097,41266,10874,19290,476214,245172,74463,34586,108960,57116,11283
2021-06-11T23:59:59+02:00,17641,15896,33146,27841,39072,36613,57807,57332,75887,75338,55759,59629,37410,48070,11733,20889,4579,4375,8718,8760,9954,12218,12616,17372,39459,41285,38929,41093,32079,41232,10872,19289,475881,244685,74052,34584,108854,52285,11276
2021-06-10T23:59:59+02:00,16789,15160,31731,26932,37830,35706,57127,56875,75480,75070,55670,59538,37371,48027,11722,20871,4324,4182,8166,8272,9273,11466,11885,16314,36625,38265,38131,40298,31913,41051,10856,19259,472012,237676,71095,34455,108573,47930,10219
2021-06-09T23:59:59+02:00,15986,14431,30456,26035,36614,34827,56558,56490,75141,74843,55589,59433,37344,47983,11709,20851,4143,4029,7808,8086,8813,11249,11274,15941,31587,33447,36643,38781,31670,40783,10835,19209,467377,223888,68661,34332,108532,46358,9720
2021-06-08T23:59:59+02:00,15041,13550,29082,24950,35251,33819,55946,56089,74850,74635,55516,59361,37322,47953,11705,20841,4063,3966,7658,7974,8661,11137,10984,15738,28792,30657,35693,37854,31510,40588,10811,19176,462821,216478,65231,34275,108492,45142,9367
2021-06-07T23:59:59+02:00,14405,12949,27724,24143,34102,33043,55473,55835,74610,74532,55481,59324,37306,47943,11705,20837,3971,3893,7464,7850,8361,11006,10618,15495,24487,26300,34238,36333,31288,40321,10783,19147,459708,204768,62234,34212,108457,43562,9013
2021-06-06T23:59:59+02:00,14082,12755,26941,23725,33455,32627,55167,55673,74457,74467,55462,59301,37292,47934,11703,20836,3905,3857,7316,7805,8206,10924,10307,15295,21695,23458,33244,35268,31150,40169,10776,19132,458578,201998,60189,29050,108434,42783,8676
2021-06-05T23:59:59+02:00,14053,12726,26899,23684,33428,32609,55162,55664,74453,74462,55458,59296,37287,47932,11703,20836,3885,3844,7281,7783,8159,10907,10246,15254,20275,21913,32453,34395,31080,40087,10772,19125,458466,197050,60084,29047,108426,42686,8676
2021-06-04T23:59:59+02:00,13819,12463,26589,23372,33091,32298,55104,55583,74414,74442,55449,59291,37286,47930,11703,20835,3854,3816,7204,7705,8102,10830,10167,15134,20168,21795,32380,34341,31048,40050,10769,19122,456577,196971,60022,29035,108394,41803,8676
2021-06-03T23:59:59+02:00,13236,11975,25556,22689,31961,31554,54618,55252,74100,74248,55381,59214,37252,47900,11697,20819,3726,3725,6933,7537,7822,10658,9842,14899,18299,19943,30416,32053,30775,39719,10746,19073,452279,188438,58524,29016,108380,40443,8269
2021-06-02T23:59:59+02:00,12540,11210,24567,21795,30830,30603,54356,54990,73909,74109,55330,59136,37236,47879,11689,20812,3692,3705,6877,7483,7766,10611,9758,14808,17779,19398,28490,29892,30676,39575,10739,19062,446007,182928,58347,29015,108378,40109,8259
2021-06-01T23:59:59+02:00,11400,10313,22441,20367,28304,28717,52949,53927,72906,73336,55030,58816,37117,47708,11655,20753,3465,3533,6382,7179,7165,10197,8909,14209,15856,17599,24733,25682,29997,38699,10663,18910,436547,169072,53895,28879,108340,38270,6957
2021-05-31T23:59:59+02:00,10537,9646,20604,19198,26263,27214,51846,53081,72206,72789,54814,58560,37044,47608,11641,20717,3326,3385,6049,6935,6767,9900,8373,13856,14799,16627,23546,24321,29611,38214,10603,18816,429780,163360,49537,28845,108322,36794,6129
2021-05-30T23:59:59+02:00,10184,9297,19879,18701,25564,26635,51513,52801,71979,72597,54739,58484,37020,47581,11633,20709,3144,3195,5697,6668,6478,9658,8156,13653,14538,16356,23253,24007,29501,38107,10588,18788,427221,162535,49133,28787,108292,35795,4670
2021-05-29T23:59:59+02:00,10168,9285,19862,18674,25546,26610,51502,52797,71974,72587,54737,58479,37019,47581,11632,20709,3142,3187,5694,6664,6473,9656,8148,13645,14528,16352,23242,23999,29497,38102,10587,18787,427067,162466,49133,28785,108292,35782,4670
2021-05-28T23:59:59+02:00,10103,9189,19726,18506,25285,26382,51345,52620,71828,72457,54700,58428,37006,47562,11629,20696,3098,3110,5604,6526,6374,9461,8038,13376,14336,16076,23092,23847,29444,38039,10580,18779,425422,162087,49096,28784,108275,34240,4669
2021-05-27T23:59:59+02:00,8844,7986,17327,16692,22512,24239,50257,51808,71161,71972,54503,58212,36916,47468,11617,20667,2801,2777,4766,5903,5484,8684,7250,12395,13217,14890,22117,22827,29068,37598,10525,18692,413531,158301,48143,28520,108141,29807,2366
2021-05-26T23:59:59+02:00,8444,7569,16449,15892,21329,23228,49657,51262,70747,71590,54354,58051,36850,47394,11606,20637,2616,2603,4399,5574,5011,8179,6775,11750,12252,13915,21222,21800,28757,37156,10479,18607,407956,154472,47415,28434,108071,26572,1617
2021-05-25T23:59:59+02:00,7872,6971,15211,15010,19882,22058,49179,50863,70501,71408,54287,57969,36828,47369,11602,20628,2541,2500,4208,5444,4767,7952,6500,11445,11698,13387,19101,19662,28389,36626,10444,18558,401214,148875,47173,28421,108027,24702,1224
2021-05-24T23:59:59+02:00,7786,6869,14987,14887,19594,21881,49078,50744,70458,71369,54286,57963,36827,47368,11600,20625,2497,2439,4124,5279,4673,7709,6376,11162,11559,13147,18988,19552,28339,36580,10437,18547,400075,148729,47096,28379,107941,23090,1210
2021-05-23T23:59:59+02:00,7769,6856,14952,14872,19540,21854,49069,50742,70454,71363,54285,57961,36827,47367,11600,20625,2495,2435,4117,5274,4664,7705,6372,11150,11538,13125,18851,19360,28308,36541,10435,18545,399895,148253,47096,28377,107941,23081,1204
2021-05-22T23:59:59+02:00,7766,6848,14942,14860,19530,21847,49069,50740,70451,71363,54285,57960,36827,47367,11600,20625,2492,2428,4110,5268,4662,7705,6369,11147,11529,13122,18839,19354,28307,36541,10435,18545,399841,148217,47096,28377,107941,23057,1202
2021-05-21T23:59:59+02:00,7692,6751,14813,14728,19326,21688,48830,50506,70309,71257,54258,57934,36820,47360,11595,20619,2421,2345,4025,5128,4559,7492,6248,10850,11364,12836,18779,19297,28292,36517,10433,18544,398277,148000,47094,28377,107916,21554,1199
2021-05-20T23:59:59+02:00,7417,6458,14235,14203,18391,20814,46149,48160,69159,70288,53907,57574,36712,47221,11563,20590,2160,2182,3665,4764,4120,6944,5698,10019,10280,11745,17512,18021,27787,35920,10360,18395,387313,142786,46932,28085,107612,17717,984
2021-05-19T23:59:59+02:00,7178,6234,13572,13721,17124,19815,42174,44675,67675,68986,53455,57051,36550,46996,11527,20538,2084,1983,3501,4424,3876,6422,5257,9341,9297,10634,16036,16387,27095,35008,10236,18186,372559,135653,46364,27941,107383,15208,965
2021-05-18T23:59:59+02:00,6981,6055,13033,13294,16030,18958,37456,40658,66224,67668,52901,56510,36403,46775,11485,20481,2038,1854,3363,4237,3691,6108,4925,8862,8435,9764,14459,14658,26387,34158,10145,18011,356481,129039,46304,27379,107227,13777,900
2021-05-17T23:59:59+02:00,6847,5959,12710,13047,15539,18567,35279,38796,65387,66887,52630,56198,36324,46667,11470,20444,1969,1795,3175,4058,3473,5880,4603,8493,7659,9065,11208,10653,25478,33010,10062,17840,352763,123839,42041,21308,107150,12477,797
2021-05-16T23:59:59+02:00,6785,5876,12587,12893,15366,18398,34790,38327,65202,66718,52575,56139,36314,46642,11465,20439,1912,1698,3074,3934,3394,5778,4498,8349,7479,8879,9025,8068,24997,32329,10028,17783,351293,122708,41537,15980,107116,11967,570
2021-05-15T23:59:59+02:00,6780,5867,12581,12887,15362,18394,34785,38325,65200,66716,52575,56138,36314,46642,11465,20439,1911,1697,3071,3928,3390,5775,4493,8346,7477,8876,9023,8066,24996,32329,10028,17783,351252,122678,41537,15980,107114,11964,567
2021-05-14T23:59:59+02:00,6584,5771,12338,12825,15132,18305,33812,37542,64667,66310,52480,56051,36297,46609,11463,20434,1797,1610,2960,3858,3333,5668,4443,8200,7431,8750,9017,8061,24995,32329,10028,17782,347903,122625,41506,15976,106655,11105,556
2021-05-13T23:59:59+02:00,6334,5583,11931,12575,14567,17858,30288,34755,62193,64237,51851,55377,36160,46389,11451,20386,1753,1572,2903,3782,3301,5576,4401,8096,7350,8631,8980,8003,24975,32288,10023,17778,333933,122381,41283,15953,106226,10585,493
2021-05-12T23:59:59+02:00,6318,5561,11859,12511,14459,17751,29656,34180,61687,63786,51679,55204,36124,46344,11444,20373,1753,1569,2902,3782,3298,5576,4399,8094,7348,8625,8973,8000,24975,32286,10023,17777,330949,122360,41273,15943,106221,10584,493
2021-05-11T23:59:59+02:00,5993,5427,11416,12234,13919,17368,25398,30697,59314,61785,51025,54529,35937,46097,11422,20310,1711,1452,2798,3521,3178,5200,4260,7649,7195,8300,8889,7919,24946,32246,10019,17766,316043,122120,41219,15753,105240,8807,369
2021-05-10T23:59:59+02:00,5866,5354,11254,12119,13701,17200,21940,27943,58072,60673,50663,54179,35845,45975,11407,20279,1674,1357,2714,3291,3077,4869,4152,7159,7074,7863,8848,7860,24934,32225,10017,17762,306156,121978,41058,15605,104950,6987,306
2021-05-09T23:59:59+02:00,5788,5322,11170,12056,13601,17119,20340,26764,57607,60290,50561,54081,35819,45934,11400,20274,1657,1337,2656,3166,3026,4728,4107,7039,7013,7764,8836,7846,24927,32219,10016,17762,305590,121916,37493,15561,104750,6329,293
2021-05-08T23:59:59+02:00,5784,5319,11159,12052,13592,17110,20333,26758,57598,60285,50558,54073,35815,45931,11398,20271,1656,1337,2656,3164,3026,4728,4104,7036,7012,7763,8835,7846,24926,32217,10016,17762,305501,121901,37492,15561,104750,6329,293
2021-05-07T23:59:59+02:00,5744,5284,11095,12003,13486,17034,19877,26400,56602,59476,50430,53942,35787,45901,11395,20257,1552,1293,2577,3120,2986,4700,4070,7012,6990,7731,8829,7838,24924,32216,10016,17761,302343,121869,37476,15555,104606,5903,288
2021-05-06T23:59:59+02:00,5490,5172,10584,11697,12785,16581,18590,25413,52355,55832,49236,52567,35456,45502,11342,20154,1327,1161,2342,2947,2817,4535,3919,6813,6838,7578,8755,7760,24903,32180,10013,17754,287249,121599,37289,15417,104059,4467,159
2021-05-05T23:59:59+02:00,5229,5073,10090,11463,12031,16132,17260,24437,47986,51694,47567,50646,35018,44932,11267,20031,1283,1066,2280,2819,2734,4355,3826,6575,6729,7379,8643,7667,24844,32106,10007,17738,270078,121126,37062,15374,103671,3506,45
2021-05-04T23:59:59+02:00,5146,4988,9776,11252,11582,15743,16284,23569,46115,49666,46499,49337,34645,44444,11199,19921,1271,1047,2252,2778,2693,4269,3774,6468,6656,7303,8601,7628,24823,32090,10006,17733,259713,120908,37039,15312,103392,3150,22
2021-05-03T23:59:59+02:00,5042,4902,9429,11085,11120,15482,15223,22705,44540,48046,45618,48384,34423,44103,11171,19830,1256,1023,2220,2747,2651,4205,3726,6414,6582,7250,8032,6940,23088,29771,9868,17497,250694,115117,37029,15230,103366,2909,14
2021-05-02T23:59:59+02:00,4980,4882,9314,11049,10976,15421,14611,22216,44021,47637,45477,48218,34374,44041,11164,19819,1252,1018,2203,2745,2638,4197,3698,6402,6562,7237,7842,6698,21129,27372,9822,17409,249484,115099,35396,10248,103311,2868,9
2021-05-01T23:59:59+02:00,4980,4880,9309,11044,10973,15419,14607,22212,44019,47633,45476,48218,34374,44041,11164,19819,1251,1018,2203,2745,2638,4197,3697,6402,6560,7237,7842,6697,21129,27372,9822,17409,249453,115095,35396,10248,103310,2867,9
2021-04-30T23:59:59+02:00,4933,4858,9242,11029,10918,15394,14532,22186,42536,46221,45140,47886,34337,43989,11159,19809,1042,924,2005,2656,2539,4136,3613,6342,6498,7179,7835,6680,21128,27370,9822,17409,245466,115087,35396,10246,103298,1836,9
2021-04-29T23:59:59+02:00,4690,4775,8774,10879,10313,15224,13847,21980,37615,41910,44129,46860,34216,43871,11155,19778,863,847,1833,2578,2453,4070,3504,6272,6426,7129,7813,6661,21123,27364,9822,17409,231752,115047,35294,10144,102961,967,9
2021-04-28T23:59:59+02:00,4515,4740,8523,10795,9963,15135,13491,21826,32977,37412,42883,45609,34090,43724,11140,19760,821,818,1796,2532,2420,3994,3468,6163,6377,7037,7794,6643,21111,27351,9818,17402,218548,114964,35277,10096,102750,477,8
2021-04-27T23:59:59+02:00,4285,4525,8181,10347,9581,14555,13025,21184,31851,36284,42603,45326,34074,43696,11136,19757,795,804,1762,2509,2402,3976,3451,6144,6343,7011,7782,6634,21106,27346,9815,17396,215826,114907,35267,10067,99309,294,8
2021-04-26T23:59:59+02:00,4264,4497,8106,10311,9475,14499,12878,21126,27441,31905,41386,44106,33995,43596,11123,19747,762,794,1732,2490,2372,3955,3427,6124,6291,6966,7735,6585,21076,27316,9815,17389,203960,114707,35258,10023,99229,91,8
2021-04-25T23:59:59+02:00,4241,4484,8073,10284,9412,14468,12786,21080,25473,29865,40686,43347,33949,43538,11119,19742,750,787,1720,2476,2356,3941,3401,6103,6258,6936,7713,6565,21059,27295,9814,17385,203295,114683,30151,9780,99094,89,7
2021-04-24T23:59:59+02:00,4223,4473,8043,10255,9372,14452,12736,21058,23970,28205,39929,42510,33884,43462,11116,19736,749,786,1717,2474,2355,3938,3401,6099,6258,6933,7711,6563,21058,27295,9814,17385,198241,114663,30151,9779,99025,87,7
2021-04-23T23:59:59+02:00,3957,4321,7576,9958,8942,14096,12176,20656,23492,27907,39845,42449,33863,43428,11110,19729,735,776,1700,2461,2335,3922,3378,6077,6236,6914,7697,6545,21053,27284,9814,17384,197897,114648,30136,9581,95465,75,7
2021-04-22T23:59:59+02:00,3864,4264,7386,9842,8664,13903,11733,20328,21170,25552,37089,39208,33335,42757,11039,19608,722,767,1672,2432,2277,3865,3305,6006,6124,6818,7618,6459,20998,27240,9811,17369,184884,114527,29947,8877,94904,72,7
2021-04-21T23:59:59+02:00,3836,4233,7259,9764,8484,13732,11400,20039,19910,24351,33879,35502,32849,42054,10976,19480,698,749,1638,2404,2233,3841,3272,5973,6083,6779,7590,6432,20979,27216,9807,17365,173137,114420,29775,8564,94829,68,7
2021-04-20T23:59:59+02:00,3802,4207,7155,9695,8273,13577,11035,19741,18816,23204,30569,31867,32371,41455,10917,19368,691,739,1623,2392,2200,3819,3231,5927,6042,6736,7549,6386,20954,27192,9801,17362,161520,114262,29753,8309,94772,66,7
2021-04-19T23:59:59+02:00,3783,4190,7081,9657,8155,13468,10780,19555,18151,22542,29695,30739,32080,41088,10875,19293,683,734,1601,2378,2175,3789,3196,5894,6008,6705,7504,6353,20923,27164,9799,17358,156683,114129,29736,8064,94706,64,7
2021-04-18T23:59:59+02:00,3780,4184,7065,9643,8140,13449,10745,19531,18063,22460,29573,30614,32052,41066,10872,19285,681,730,1586,2366,2158,3774,3172,5868,5979,6682,7482,6340,20904,27142,9796,17355,156191,114070,29668,7875,94656,63,7
2021-04-17T23:59:59+02:00,3779,4182,7063,9641,8137,13449,10739,19524,18050,22450,29551,30601,32050,41064,10872,19285,680,730,1585,2365,2157,3773,3169,5867,5977,6680,7482,6340,20904,27142,9796,17355,156113,114057,29667,7875,94650,63,7
2021-04-16T23:59:59+02:00,3612,4144,6720,9511,7771,13262,10342,19278,17601,22176,29352,30442,31968,40975,10857,19266,668,714,1573,2350,2130,3758,3115,5831,5934,6630,7389,6251,20491,26577,9766,17294,155365,112733,29659,7671,92246,60,7
2021-04-15T23:59:59+02:00,3511,4065,6369,9141,7196,12762,9566,18442,16275,20946,28154,29150,31446,40334,10778,19090,638,691,1520,2311,2048,3671,3008,5711,5605,6393,6893,5866,19764,25670,9668,17126,149619,109388,29364,7133,88235,55,7
2021-04-14T23:59:59+02:00,3455,4015,6134,8903,6865,12385,8945,17891,15164,19916,26740,27652,30814,39456,10670,18895,603,666,1473,2274,1974,3593,2866,5587,5296,6155,6346,5352,18752,24387,9582,16948,142820,105118,29164,6680,85909,49,7
2021-04-13T23:59:59+02:00,3424,3984,6042,8827,6716,12258,8643,17646,14363,19223,23392,24101,29882,38275,10565,18720,598,657,1460,2252,1947,3560,2769,5516,5079,5972,5985,5016,18452,24042,9542,16882,131199,103024,29154,6650,85701,48,7
2021-04-12T23:59:59+02:00,3402,3964,5991,8772,6629,12175,8425,17451,13748,18695,22389,22951,29460,37716,10496,18595,589,649,1450,2244,1924,3539,2713,5465,4930,5868,5669,4736,18157,23739,9504,16822,126123,101439,29138,6504,85591,48,7
2021-04-11T23:59:59+02:00,3396,3957,5973,8748,6601,12158,8385,17428,13659,18634,22260,22804,29408,37651,10486,18569,586,644,1437,2234,1911,3531,2696,5449,4893,5831,5610,4678,17984,23505,9483,16792,125580,100777,29072,6432,85458,48,7
2021-04-10T23:59:59+02:00,3388,3956,5950,8748,6579,12157,8365,17427,13635,18632,22255,22801,29404,37650,10486,18569,585,642,1430,2229,1906,3528,2690,5441,4877,5821,5597,4661,17823,23254,9469,16768,125558,100268,28983,6398,85454,48,7
2021-04-09T23:59:59+02:00,3349,3944,5902,8736,6522,12141,8328,17400,13584,18587,20303,20398,28922,37034,10456,18520,571,629,1405,2207,1880,3505,2648,5405,4804,5759,5482,4560,17246,22522,9431,16697,124870,98505,23876,6199,85373,40,7
2021-04-08T23:59:59+02:00,3325,3926,5833,8704,6448,12102,8239,17337,13437,18469,17715,17338,28399,36369,10418,18470,529,599,1318,2126,1786,3409,2470,5220,4310,5394,4681,3953,15467,20297,9244,16392,124006,91534,18022,5626,84495,29,6
2021-04-07T23:59:59+02:00,3245,3898,5623,8654,6241,12043,8031,17262,13176,18375,15057,14280,27721,35573,10388,18417,506,571,1266,2070,1692,3329,2318,5080,3901,5061,3962,3389,14615,19433,9132,16208,123799,87223,16490,5280,77690,25,5
2021-04-06T23:59:59+02:00,3217,3888,5577,8636,6171,12020,7944,17224,13102,18304,13077,11924,27088,34859,10375,18387,475,549,1198,2015,1607,3247,2156,4963,3530,4785,3438,2981,13775,18435,9056,16093,123672,83598,16287,4679,71829,21,5
2021-04-05T23:59:59+02:00,3215,3885,5541,8623,6134,12008,7899,17209,13030,18268,13031,11878,27077,34843,10374,18384,443,519,1146,1978,1555,3206,2088,4909,3442,4709,3382,2931,13632,18264,9047,16075,123650,83109,16079,4192,71666,21,4
2021-04-04T23:59:59+02:00,3214,3884,5541,8622,6133,12008,7898,17206,13030,18268,13028,11878,27076,34843,10374,18384,442,518,1145,1978,1555,3206,2088,4909,3442,4709,3382,2931,13631,18264,9047,16075,123643,83105,16079,4192,71661,21,4
2021-04-03T23:59:59+02:00,3213,3884,5541,8621,6133,12008,7898,17206,13030,18268,13027,11877,27075,34840,10374,18384,442,517,1145,1978,1554,3206,2088,4908,3436,4706,3377,2920,13544,18128,9038,16059,123637,82829,16079,4192,71659,21,4
2021-04-02T23:59:59+02:00,3213,3881,5538,8616,6129,11999,7889,17194,13005,18237,12981,11826,27048,34822,10371,18380,439,510,1143,1974,1543,3198,2078,4886,3406,4673,3346,2891,12617,16883,8972,15951,123474,80374,16076,4111,71575,21,4
2021-04-01T23:59:59+02:00,3198,3867,5500,8596,6063,11966,7818,17159,12891,18167,12864,11701,26989,34746,10362,18365,392,467,1046,1907,1444,3111,1928,4774,3210,4540,3117,2692,10605,14299,8862,15775,123156,74823,15953,3322,71140,21,3
2021-03-31T23:59:59+02:00,3197,3853,5482,8562,6031,11930,7776,17114,12811,18098,12751,11576,26938,34686,10354,18356,353,446,1010,1865,1374,3071,1824,4671,2955,4343,2706,2378,8033,11076,8687,15537,122847,67326,15914,2980,70751,20,3
2021-03-30T23:59:59+02:00,3190,3843,5457,8534,5999,11899,7738,17074,12734,18032,12666,11438,26901,34639,10348,18346,332,427,988,1833,1314,3036,1701,4591,2709,4171,2336,2129,7145,9988,8621,15411,122717,64005,15885,2706,70234,19,2
2021-03-29T23:59:59+02:00,3178,3839,5428,8516,5963,11867,7696,17042,12662,17957,12026,10682,25038,32146,10200,18090,326,425,981,1818,1293,3012,1666,4551,2563,4084,2050,1978,6496,9278,8577,15333,116733,61709,15715,2703,69880,17,2
2021-03-28T23:59:59+02:00,3148,3823,5381,8478,5914,11826,7615,16987,12553,17890,11762,10381,23056,29686,10145,17991,325,423,979,1817,1286,3009,1662,4549,2551,4076,2025,1958,6474,9264,8575,15328,116674,61582,10542,2700,69418,17,2
2021-03-27T23:59:59+01:00,3137,3819,5342,8468,5878,11813,7568,16972,12507,17843,11728,10338,23052,29678,10145,17991,325,423,979,1817,1286,3009,1661,4547,2549,4074,2023,1956,6425,9189,8542,15279,116606,61365,10541,2700,69130,17,2
2021-03-26T23:59:59+01:00,3001,3494,4895,7312,5383,10495,6956,14925,11699,15578,11509,10157,22567,28952,10100,17920,324,419,974,1814,1281,3005,1658,4545,2544,4067,2015,1950,6295,9002,8397,15093,115058,60687,10287,2688,59596,6,2
2021-03-25T23:59:59+01:00,2874,3225,4735,6547,5156,9345,6632,13209,10969,13782,10654,9357,21850,28112,10024,17764,319,411,968,1804,1267,2986,1638,4510,2507,4018,1949,1891,6005,8574,8122,14645,112151,58922,9596,2685,52486,5,2
2021-03-24T23:59:59+01:00,2827,3183,4660,6488,5023,9239,6429,13039,10464,13377,9827,8537,20841,26859,9928,17582,317,406,960,1798,1250,2975,1623,4486,2461,3961,1880,1815,5642,8101,7708,13978,108144,56685,9249,2671,50910,5,0
2021-03-23T23:59:59+01:00,2798,3150,4592,6422,4915,9145,6217,12877,10008,12955,9118,7873,20331,26256,9875,17477,305,393,943,1789,1235,2955,1594,4464,2407,3912,1799,1749,5364,7723,7316,13359,105769,54633,8917,2670,49323,4,0
2021-03-22T23:59:59+01:00,2783,3114,4533,6384,4838,9077,6078,12740,9646,12681,8522,7319,19916,25823,9815,17382,301,389,931,1783,1221,2940,1581,4450,2380,3886,1774,1728,5227,7549,6873,12546,104290,52890,8657,2665,47704,4,0
2021-03-21T23:59:59+01:00,2776,3099,4488,6362,4787,9041,5987,12672,9458,12493,8219,7061,19749,25656,9803,17357,301,389,930,1783,1220,2940,1580,4449,2377,3886,1767,1722,5218,7544,6843,12489,104090,52786,8428,2648,46490,4,0
2021-03-20T23:59:59+01:00,2776,3094,4479,6357,4781,9038,5983,12665,9438,12479,8186,7030,19575,25380,9787,17331,301,389,930,1782,1219,2940,1579,4448,2373,3878,1755,1709,5205,7495,6666,12252,103533,52293,8416,2624,46430,4,0
2021-03-19T23:59:59+01:00,2741,3071,4405,6314,4672,8988,5843,12608,9171,12291,7882,6808,19091,24789,9755,17272,301,389,929,1781,1219,2937,1576,4447,2367,3873,1739,1701,5169,7452,6261,11634,102235,51167,8174,2604,45292,4,0
2021-03-18T23:59:59+01:00,2675,2998,4242,6178,4422,8782,5486,12299,8266,11622,6620,5799,17839,23427,9606,17042,298,385,924,1771,1205,2924,1538,4432,2300,3828,1661,1658,5096,7346,5530,10527,97340,48859,7631,2562,42332,2,0
2021-03-17T23:59:59+01:00,2637,2959,4162,6080,4285,8674,5231,12024,7593,11054,5633,4906,16492,21895,9441,16785,294,384,920,1762,1201,2916,1521,4410,2233,3802,1594,1613,5052,7282,4954,9648,91935,47078,7129,2506,40787,2,0
2021-03-16T23:59:59+01:00,2617,2931,4099,6014,4192,8577,5056,11869,7144,10666,4873,4292,15640,20916,9336,16612,290,382,917,1757,1198,2909,1513,4399,2211,3783,1564,1596,5015,7239,4448,8841,88303,45633,7093,2427,39438,2,0
2021-03-15T23:59:59+01:00,2614,2920,4083,5996,4161,8551,5006,11822,7026,10552,4728,4133,15322,20506,9304,16553,288,379,917,1751,1191,2902,1499,4390,2189,3760,1521,1579,4954,7165,3869,7980,87535,44048,6998,2285,38744,1,0
2021-03-14T23:59:59+01:00,2609,2910,4062,5977,4131,8533,4963,11789,6933,10463,4624,4023,15192,20338,9288,16516,286,378,917,1749,1185,2896,1494,4379,2178,3753,1511,1572,4946,7157,3863,7967,87230,43987,6980,2243,38141,1,0
2021-03-13T23:59:59+01:00,2606,2904,4058,5965,4123,8527,4955,11780,6913,10449,4602,3997,14876,19901,9268,16480,286,378,917,1749,1185,2896,1494,4379,2178,3753,1511,1572,4946,7156,3863,7967,86347,43986,6956,2243,38101,1,0
2021-03-12T23:59:59+01:00,2543,2828,3949,5796,4006,8307,4818,11481,6735,10179,4449,3859,13955,18643,9207,16378,286,377,915,1746,1185,2893,1492,4374,2177,3746,1503,1570,4938,7137,3861,7951,83884,43908,6894,2242,36355,1,0
2021-03-11T23:59:59+01:00,2417,2603,3726,5467,3750,7869,4493,10715,6107,9363,3931,3360,12365,16656,9108,16231,286,377,911,1743,1182,2879,1483,4362,2165,3718,1460,1541,4897,7102,3849,7924,79579,43758,6731,2120,31851,1,0
2021-03-10T23:59:59+01:00,2295,2470,3573,5235,3555,7547,4228,10228,5554,8795,3363,2919,10095,13939,8963,16004,283,373,907,1734,1175,2868,1478,4346,2141,3702,1431,1533,4865,7087,3840,7916,73280,43689,6561,1990,28922,0,0
2021-03-09T23:59:59+01:00,2268,2417,3508,5149,3442,7458,4057,10033,5160,8444,2887,2560,8584,11926,8861,15855,282,372,907,1728,1168,2859,1474,4338,2133,3691,1417,1528,4857,7082,3837,7914,68422,43648,6411,1939,27776,0,0
2021-03-08T23:59:59+01:00,2244,2347,3451,5084,3368,7373,3933,9921,4868,8252,2439,2297,6665,9528,8741,15680,282,369,906,1718,1162,2843,1468,4327,2129,3684,1406,1521,4840,7060,3830,7905,62736,43537,6076,1913,27379,0,0
2021-03-07T23:59:59+01:00,2181,2291,3355,4976,3272,7284,3836,9834,4733,8157,2388,2246,6643,9507,8741,15672,282,368,905,1718,1162,2843,1468,4327,2129,3684,1406,1521,4840,7060,3830,7905,62608,43535,5395,1913,27113,0,0
2021-03-06T23:59:59+01:00,2173,2278,3343,4967,3268,7279,3827,9825,4722,8154,2386,2244,6597,9437,8709,15623,282,368,904,1714,1161,2842,1468,4324,2125,3679,1405,1516,4834,7055,3828,7896,62399,43488,5335,1913,27098,0,0
2021-03-05T23:59:59+01:00,2043,2194,3120,4778,3030,6968,3550,9431,4394,7817,2299,2183,6390,9120,8514,15362,282,366,902,1711,1161,2841,1467,4318,2122,3673,1399,1514,4828,7048,3827,7890,61419,43436,4497,1913,25277,0,0
2021-03-04T23:59:59+01:00,1788,1974,2711,4345,2574,6329,2984,8527,3709,7003,2083,2023,6098,8754,8238,14905,280,365,901,1703,1159,2824,1466,4302,2113,3662,1388,1512,4816,7034,3820,7879,59778,43314,3220,1910,21047,0,0
2021-03-03T23:59:59+01:00,1719,1888,2603,4166,2444,6110,2849,8248,3528,6743,2000,1946,5760,8280,7882,14325,279,360,901,1693,1157,2801,1462,4278,2108,3647,1364,1501,4811,7028,3816,7871,57774,43167,3075,1910,19642,0,0
2021-03-02T23:59:59+01:00,1682,1807,2536,4049,2363,5961,2743,8067,3413,6592,1927,1878,5450,7843,7479,13653,277,355,898,1674,1154,2780,1459,4260,2107,3636,1339,1495,4801,7012,3810,7864,55677,43011,2834,1910,18932,0,0
2021-03-01T23:59:59+01:00,1671,1781,2497,3941,2315,5846,2706,7965,3360,6514,1887,1858,5310,7679,7006,12786,277,353,894,1668,1152,2768,1457,4247,2105,3621,1334,1490,4798,7010,3809,7858,53816,42931,2822,1910,18484,0,0
2021-02-28T23:59:59+01:00,1654,1744,2462,3871,2286,5791,2663,7885,3333,6468,1881,1854,5302,7674,6971,12727,277,353,893,1668,1152,2768,1457,4246,2105,3620,1334,1490,4798,7009,3809,7858,53695,42928,2820,1909,18051,0,0
2021-02-27T23:59:59+01:00,1652,1738,2458,3864,2282,5791,2662,7884,3331,6465,1875,1844,5293,7630,6800,12507,277,353,883,1663,1142,2761,1447,4237,2090,3611,1333,1487,4798,7008,3809,7858,53231,42924,2820,1833,18025,0,0
2021-02-26T23:59:59+01:00,1465,1582,2333,3621,2204,5386,2570,7382,3244,6007,1860,1818,5268,7597,6539,12116,276,351,876,1656,1134,2741,1441,4216,2080,3599,1326,1478,4790,6996,3805,7845,52483,42846,2799,1764,15710,0,0
2021-02-25T23:59:59+01:00,1248,1306,2113,3187,2031,4629,2374,6436,3003,5110,1771,1746,5216,7517,5967,11273,274,343,870,1596,1100,2646,1408,4106,2024,3525,1289,1457,4749,6954,3787,7793,50607,42383,2786,1538,11534,0,0
2021-02-24T23:59:59+01:00,1195,1096,2006,2918,1926,4290,2240,6030,2834,4840,1695,1691,5159,7428,5208,10097,272,337,832,1549,1050,2555,1348,3990,1935,3397,1249,1430,4734,6929,3777,7775,48276,42125,2774,1034,9603,0,0
2021-02-23T23:59:59+01:00,1180,1047,1972,2855,1900,4192,2214,5945,2801,4778,1687,1676,5124,7380,4573,9073,272,336,805,1521,1003,2503,1295,3912,1829,3324,1196,1405,4712,6904,3766,7741,46499,41928,2747,596,9151,0,0
2021-02-22T23:59:59+01:00,1172,1007,1922,2711,1856,4046,2159,5749,2747,4671,1677,1665,5090,7332,3967,8188,270,326,762,1482,949,2420,1207,3806,1689,3229,1106,1350,4670,6833,3739,7637,44891,41469,2726,6,8342,0,0
2021-02-21T23:59:59+01:00,1170,993,1891,2649,1830,3950,2132,5645,2727,4608,1669,1659,5087,7323,3967,8184,268,324,758,1476,941,2388,1205,3770,1676,3189,1097,1335,4654,6808,3716,7595,44839,41194,2715,6,7930,0,0
2021-02-20T23:59:59+01:00,1170,993,1891,2648,1829,3950,2132,5645,2725,4603,1660,1651,5083,7317,3965,8181,268,324,758,1475,940,2384,1204,3766,1675,3187,1097,1335,4602,6749,3670,7537,44825,40966,2690,5,7928,0,0
2021-02-19T23:59:59+01:00,1170,990,1888,2643,1828,3941,2131,5636,2722,4600,1641,1643,5070,7300,3962,8175,267,323,754,1466,932,2360,1197,3724,1648,3134,1069,1297,4413,6496,3493,7241,44745,39809,2671,5,7924,0,0
2021-02-18T23:59:59+01:00,1138,907,1849,2524,1789,3803,2078,5429,2661,4425,1626,1627,5054,7266,3957,8148,239,294,709,1343,883,2156,1112,3389,1533,2840,959,1108,3929,5723,3094,6383,44590,35689,2638,5,7053,0,0
2021-02-17T23:59:59+01:00,1089,777,1767,2290,1712,3504,1969,5070,2586,4176,1604,1618,5033,7252,3948,8144,234,291,699,1325,874,2134,1100,3354,1514,2819,952,1105,3549,5206,2801,5961,44549,33913,2581,5,5409,0,0
2021-02-16T23:59:59+01:00,1048,741,1709,2186,1646,3333,1898,4864,2508,4070,1568,1604,5006,7231,3939,8132,228,285,685,1291,853,2080,1069,3237,1476,2734,929,1082,3196,4661,2461,5472,44496,31735,2418,4,4569,0,0
2021-02-15T23:59:59+01:00,1041,725,1690,2110,1627,3233,1879,4755,2494,3992,1539,1590,4976,7214,3907,8076,216,275,670,1256,834,2030,1049,3171,1434,2669,898,1051,2776,4112,2132,4906,44367,29476,2333,3,4148,0,0
2021-02-14T23:59:59+01:00,946,691,1612,2076,1567,3214,1836,4733,2459,3979,1532,1587,4967,7202,3904,8071,209,263,661,1238,815,1990,1033,3105,1404,2601,868,1006,2687,3972,2061,4718,44325,28628,2297,3,3754,0,0
2021-02-13T23:59:59+01:00,893,667,1582,2053,1552,3206,1820,4726,2451,3978,1531,1586,4967,7202,3903,8070,207,262,659,1238,815,1986,1033,3104,1403,2599,867,1006,2585,3848,1997,4618,44319,28224,2297,3,3571,0,0
2021-02-12T23:59:59+01:00,559,518,1232,1938,1380,3102,1680,4644,2344,3908,1512,1577,4958,7191,3897,8064,195,256,647,1213,801,1942,1007,3019,1349,2501,805,933,2361,3536,1855,4313,44206,26731,2297,2,2001,0,0
2021-02-11T23:59:59+01:00,394,442,1042,1825,1278,2983,1582,4530,2257,3820,1405,1533,4896,7142,3876,8016,157,192,547,972,665,1499,809,2352,1071,1911,569,685,1755,2662,1364,3109,43855,20318,2100,1,1066,0,0
2021-02-10T23:59:59+01:00,281,369,916,1720,1178,2860,1487,4345,2144,3697,1368,1520,4875,7131,3871,8014,135,131,376,612,493,1010,639,1741,903,1577,548,670,1349,2101,1049,2613,43778,15947,1994,0,4,0,0
2021-02-09T23:59:59+01:00,281,368,915,1714,1175,2851,1487,4340,2143,3692,1361,1517,4873,7129,3870,8012,132,129,367,583,474,983,618,1712,878,1546,546,667,969,1637,772,2209,43754,14222,1971,0,3,0,0
2021-02-08T23:59:59+01:00,281,366,914,1712,1172,2841,1480,4334,2141,3688,1356,1513,4870,7129,3869,8009,127,123,356,572,466,966,607,1680,860,1520,538,662,576,1148,468,1783,43724,12452,1948,0,3,0,0
2021-02-07T23:59:59+01:00,281,366,912,1712,1171,2841,1478,4332,2141,3688,1356,1513,4870,7128,3869,8009,123,120,352,566,465,959,604,1668,851,1504,530,658,575,1138,463,1768,43720,12344,1947,0,0,0,0
2021-02-06T23:59:59+01:00,281,366,912,1712,1171,2841,1478,4332,2141,3688,1356,1513,4870,7128,3869,8009,120,117,350,563,464,958,604,1666,851,1503,529,657,575,1138,463,1768,43720,12326,1947,0,0,0,0
2021-02-05T23:59:59+01:00,281,365,911,1712,1171,2840,1476,4331,2140,3688,1356,1513,4869,7126,3869,8006,119,109,347,559,456,945,600,1656,837,1480,524,647,569,1122,453,1745,43707,12168,1947,0,0,0,0
2021-02-04T23:59:59+01:00,278,360,904,1674,1164,2794,1475,4279,2127,3645,1348,1506,4841,7095,3858,7976,90,71,231,387,332,687,472,1267,627,1111,394,512,478,918,395,1508,43378,9480,1946,0,0,0,0
2021-02-03T23:59:59+01:00,276,351,899,1649,1160,2759,1464,4230,2118,3609,1340,1490,4819,7065,3845,7950,56,33,79,164,152,341,232,595,302,541,211,278,281,580,229,958,43078,5032,1946,0,0,0,0
2021-02-02T23:59:59+01:00,275,349,898,1637,1156,2740,1461,4198,2111,3583,1332,1484,4811,7052,3838,7927,17,10,24,48,60,97,73,164,96,121,46,75,68,126,51,195,42906,1271,1946,0,0,0,0
2021-02-01T23:59:59+01:00,275,344,898,1635,1155,2739,1460,4194,2110,3577,1331,1484,4809,7051,3838,7927,15,9,20,42,51,88,60,136,73,102,40,66,58,116,50,182,42881,1108,1946,0,0,0,0
2021-01-31T23:59:59+01:00,275,343,898,1631,1154,2735,1460,4189,2110,3574,1330,1484,4809,7050,3838,7927,14,8,19,38,44,80,54,125,63,96,35,55,48,108,47,176,42861,1010,1946,0,0,0,0
2021-01-30T23:59:59+01:00,275,343,893,1628,1146,2727,1452,4183,2106,3571,1330,1484,4757,6991,3792,7869,14,8,19,37,44,80,53,124,63,96,35,55,48,108,47,176,42635,1007,1912,0,0,0,0
2021-01-29T23:59:59+01:00,274,342,878,1620,1134,2706,1440,4153,2085,3544,1321,1478,4595,6789,3628,7665,12,8,19,37,41,80,52,122,60,95,33,50,47,108,47,176,41850,987,1802,0,0,0,0
2021-01-28T23:59:59+01:00,270,329,859,1533,1094,2596,1403,4053,2015,3469,1294,1466,4261,6319,3359,7312,8,4,8,17,22,39,21,56,35,63,21,32,32,70,36,118,40075,582,1557,0,0,0,0
2021-01-27T23:59:59+01:00,264,326,817,1478,1047,2502,1340,3956,1942,3362,1255,1439,3849,5758,3041,6851,4,4,8,8,12,21,8,22,13,29,12,14,15,39,14,57,38121,280,1106,0,0,0,0
2021-01-26T23:59:59+01:00,258,317,783,1432,982,2417,1279,3829,1825,3257,1196,1388,3504,5204,2689,6339,2,1,4,3,5,7,4,2,2,8,7,5,3,7,3,8,36040,71,659,0,0,0,0
2021-01-25T23:59:59+01:00,248,308,731,1371,921,2298,1177,3684,1666,3139,1117,1357,3110,4693,2378,5873,2,1,4,2,3,7,2,2,2,8,7,5,3,7,3,8,34014,66,57,0,0,0,0
2021-01-24T23:59:59+01:00,245,308,725,1367,910,2282,1172,3668,1639,3109,1111,1355,3084,4658,2361,5851,2,1,2,2,3,7,2,2,2,8,7,5,3,7,3,8,33840,64,5,0,0,0,0
2021-01-23T23:59:59+01:00,244,307,724,1367,910,2278,1171,3667,1636,3107,1110,1355,2979,4533,2295,5750,2,1,2,2,2,7,2,2,2,8,7,5,3,7,3,8,33429,63,4,0,0,0,0
2021-01-22T23:59:59+01:00,243,304,722,1352,908,2265,1165,3653,1632,3103,1108,1354,2820,4339,2193,5606,2,1,2,2,2,7,2,2,2,8,7,5,3,7,3,8,32763,63,4,0,0,0,0
2021-01-21T23:59:59+01:00,239,275,659,1197,840,2054,1084,3369,1535,2897,1066,1313,2477,3872,1902,5169,2,0,2,1,2,7,2,2,2,8,7,4,3,7,3,8,29944,60,4,0,0,0,0
2021-01-20T23:59:59+01:00,215,211,499,847,665,1563,884,2668,1298,2429,969,1179,1945,3126,1491,4398,2,0,2,1,2,7,2,2,2,6,6,4,3,7,3,8,24383,57,4,0,0,0,0
2021-01-19T23:59:59+01:00,188,192,452,740,611,1407,798,2369,1126,2122,802,922,1299,2200,1031,3321,0,0,1,1,0,0,0,0,1,1,1,0,0,0,0,0,19578,5,2,0,0,0,0
2021-01-18T23:59:59+01:00,139,137,375,615,488,1053,645,1825,937,1634,595,713,649,1276,520,1993,0,0,0,0,0,0,0,0,0,0,0,0,0,0,0,0,13593,0,1,0,0,0,0
2021-01-17T23:59:59+01:00,128,123,361,578,473,988,616,1708,878,1535,546,673,601,1178,479,1847,0,0,0,0,0,0,0,0,0,0,0,0,0,0,0,0,12712,0,0,0,0,0,0
2021-01-16T23:59:59+01:00,121,119,358,575,471,977,610,1695,872,1528,545,672,600,1173,475,1834,0,0,0,0,0,0,0,0,0,0,0,0,0,0,0,0,12625,0,0,0,0,0,0
2021-01-15T23:59:59+01:00,119,112,355,570,463,961,606,1684,857,1504,539,660,593,1157,467,1811,0,0,0,0,0,0,0,0,0,0,0,0,0,0,0,0,12458,0,0,0,0,0,0
2021-01-14T23:59:59+01:00,98,90,272,462,392,783,503,1413,699,1214,421,531,512,967,411,1631,0,0,0,0,0,0,0,0,0,0,0,0,0,0,0,0,10399,0,0,0,0,0,0
2021-01-13T23:59:59+01:00,68,50,161,280,255,519,351,922,477,780,259,325,320,640,263,1044,0,0,0,0,0,0,0,0,0,0,0,0,0,0,0,0,6714,0,0,0,0,0,0
2021-01-12T23:59:59+01:00,32,22,47,99,113,212,150,381,199,334,136,176,167,354,150,573,0,0,0,0,0,0,0,0,0,0,0,0,0,0,0,0,3145,0,0,0,0,0,0
2021-01-11T23:59:59+01:00,19,11,31,63,60,110,76,168,91,125,40,66,62,121,51,183,0,0,0,0,0,0,0,0,0,0,0,0,0,0,0,0,1277,0,0,0,0,0,0
2021-01-10T23:59:59+01:00,16,7,25,52,53,98,66,153,75,111,34,56,52,112,47,174,0,0,0,0,0,0,0,0,0,0,0,0,0,0,0,0,1131,0,0,0,0,0,0
2021-01-09T23:59:59+01:00,15,7,24,50,52,97,63,152,75,109,34,56,52,112,47,174,0,0,0,0,0,0,0,0,0,0,0,0,0,0,0,0,1119,0,0,0,0,0,0
2021-01-08T23:59:59+01:00,12,7,22,48,47,92,59,139,69,105,32,51,51,112,47,174,0,0,0,0,0,0,0,0,0,0,0,0,0,0,0,0,1067,0,0,0,0,0,0
2021-01-07T23:59:59+01:00,8,4,7,18,21,40,22,56,37,65,20,34,37,75,36,117,0,0,0,0,0,0,0,0,0,0,0,0,0,0,0,0,597,0,0,0,0,0,0
2021-01-06T23:59:59+01:00,8,4,7,15,14,30,14,39,24,53,16,25,30,67,34,102,0,0,0,0,0,0,0,0,0,0,0,0,0,0,0,0,482,0,0,0,0,0,0
2021-01-05T23:59:59+01:00,8,4,7,15,14,30,14,39,24,53,16,25,29,67,34,102,0,0,0,0,0,0,0,0,0,0,0,0,0,0,0,0,481,0,0,0,0,0,0
2021-01-04T23:59:59+01:00,3,4,6,5,4,14,3,7,5,16,7,5,6,16,4,13,0,0,0,0,0,0,0,0,0,0,0,0,0,0,0,0,118,0,0,0,0,0,0
2021-01-03T23:59:59+01:00,2,1,1,2,2,7,2,3,2,9,5,4,3,8,3,8,0,0,0,0,0,0,0,0,0,0,0,0,0,0,0,0,62,0,0,0,0,0,0
2021-01-02T23:59:59+01:00,2,1,1,2,2,7,2,3,2,9,5,4,3,8,3,8,0,0,0,0,0,0,0,0,0,0,0,0,0,0,0,0,62,0,0,0,0,0,0
2021-01-01T23:59:59+01:00,2,1,1,2,2,7,2,3,2,9,5,4,3,8,3,8,0,0,0,0,0,0,0,0,0,0,0,0,0,0,0,0,62,0,0,0,0,0,0
2020-12-31T23:59:59+01:00,2,1,1,1,2,7,2,2,2,8,5,4,3,8,3,8,0,0,0,0,0,0,0,0,0,0,0,0,0,0,0,0,59,0,0,0,0,0,0
2020-12-30T23:59:59+01:00,2,1,1,1,2,7,2,2,2,6,5,4,3,8,3,8,0,0,0,0,0,0,0,0,0,0,0,0,0,0,0,0,57,0,0,0,0,0,0
2020-12-29T23:59:59+01:00,2,1,0,1,2,6,2,2,2,6,3,2,2,8,2,7,0,0,0,0,0,0,0,0,0,0,0,0,0,0,0,0,48,0,0,0,0,0,0
2020-12-28T23:59:59+01:00,1,0,0,1,0,2,1,0,0,3,0,1,0,1,1,4,0,0,0,0,0,0,0,0,0,0,0,0,0,0,0,0,15,0,0,0,0,0,0
2020-12-27T23:59:59+01:00,0,0,0,0,0,1,1,0,0,2,0,1,0,1,1,4,0,0,0,0,0,0,0,0,0,0,0,0,0,0,0,0,11,0,0,0,0,0,0
