Datum,<15_m,<15_w,15-24_1_m,15-24_1_w,25-34_1_m,25-34_1_w,35-44_1_m,35-44_1_w,45-54_1_m,45-54_1_w,55-64_1_m,55-64_1_w,65-74_1_m,65-74_1_w,75-84_1_m,75-84_1_w,>84_1_m,>84_1_w,<24_2_m,<24_2_w,25-34_2_m,25-34_2_w,35-44_2_m,35-44_2_w,45-54_2_m,45-54_2_w,55-64_2_m,55-64_2_w,65-74_2_m,65-74_2_w,75-84_2_m,75-84_2_w,>84_2_m,>84_2_w,bp_1,bp_2,mo_1,mo_2,az_1,az_2,ja,unb_1,unb_2
2021-10-21T23:59:59+02:00,5840,5666,44793,43007,58603,51113,62405,58817,73947,72272,88170,86097,60766,64920,39758,51087,12617,22689,40985,39359,54852,47172,59075,55057,70160,67954,84360,82325,58801,62676,38484,49357,12104,21704,671016,631656,79431,76191,109661,103785,42433,50,63
2021-10-20T23:59:59+02:00,5805,5614,44663,42882,58435,50964,62285,58729,73848,72199,88124,86053,60756,64903,39740,51071,12612,22679,40843,39205,54693,47013,58959,54918,70074,67860,84289,82263,58763,62639,38466,49335,12101,21692,669928,630348,79407,76171,109660,103785,42340,50,63
2021-10-19T23:59:59+02:00,5777,5575,44539,42776,58300,50861,62216,58660,73805,72131,88083,86023,60733,64886,39727,51056,12605,22668,40641,39022,54528,46849,58857,54777,69991,67765,84223,82207,58725,62596,38449,49315,12099,21674,669062,628909,79397,76160,109660,103784,42275,50,63
2021-10-18T23:59:59+02:00,5758,5561,44484,42718,58242,50809,62183,58622,73776,72098,88061,86010,60715,64871,39724,51047,12603,22663,40588,38974,54476,46792,58825,54727,69955,67726,84188,82178,58707,62581,38442,49299,12097,21664,668651,628456,79395,76151,109660,103782,42212,50,63
2021-10-17T23:59:59+02:00,5746,5543,44448,42697,58212,50779,62152,58598,73758,72079,88039,85994,60708,64867,39718,51039,12601,22655,40548,38944,54454,46756,58802,54701,69938,67710,84168,82159,58697,62572,38440,49295,12096,21659,668373,628166,79387,76146,109660,103782,42186,50,63
2021-10-16T23:59:59+02:00,5744,5541,44448,42697,58212,50777,62152,58598,73758,72079,88039,85994,60708,64867,39718,51039,12601,22655,40547,38942,54454,46754,58802,54701,69938,67710,84168,82159,58697,62572,38440,49295,12096,21659,668367,628161,79387,76145,109660,103782,42186,50,63
2021-10-15T23:59:59+02:00,5729,5520,44390,42647,58157,50729,62108,58568,73721,72041,88009,85969,60695,64864,39713,51034,12598,22653,40494,38891,54411,46722,58762,54659,69905,67680,84140,82141,58692,62567,38432,49292,12095,21655,667972,627805,79385,76145,109658,103782,42103,50,63
2021-10-14T23:59:59+02:00,5683,5489,44314,42559,58085,50637,62037,58499,73661,71979,87948,85933,60682,64845,39699,51016,12588,22635,40389,38755,54347,46645,58680,54564,69834,67601,84103,82101,58659,62545,38425,49276,12092,21646,667233,626950,79376,76128,109658,103780,41995,50,63
2021-10-13T23:59:59+02:00,5642,5426,44214,42444,57977,50537,61963,58413,73605,71910,87900,85894,60665,64818,39691,51005,12585,22626,40206,38521,54198,46417,58554,54393,69749,67473,84018,82025,58629,62509,38405,49235,12087,21633,666326,625260,79364,76106,109658,103780,41940,50,63
2021-10-12T23:59:59+02:00,5605,5396,44091,42320,57864,50421,61879,58327,73518,71845,87838,85846,60641,64786,39684,50987,12580,22610,39965,38292,53988,46220,58407,54244,69656,67360,83938,81955,58595,62465,38384,49205,12078,21619,665333,623542,79359,76104,109657,103780,41862,50,63
2021-10-11T23:59:59+02:00,5589,5383,44046,42265,57814,50359,61840,58286,73479,71813,87808,85822,60626,64773,39677,50973,12574,22598,39918,38245,53933,46172,58361,54202,69626,67324,83918,81922,58574,62441,38371,49178,12070,21597,664865,623034,79352,76099,109657,103779,41824,50,63
2021-10-10T23:59:59+02:00,5575,5370,44019,42235,57779,50334,61807,58258,73459,71793,87793,85810,60617,64768,39676,50969,12573,22595,39885,38221,53895,46138,58327,54180,69602,67307,83904,81910,58569,62434,38366,49172,12068,21595,664621,622788,79347,76094,109657,103778,41778,50,63
2021-10-09T23:59:59+02:00,5574,5369,44018,42231,57779,50334,61805,58258,73459,71793,87793,85810,60617,64768,39676,50969,12573,22595,39883,38219,53894,46138,58325,54180,69602,67307,83904,81910,58568,62434,38366,49172,12068,21595,664614,622783,79347,76094,109657,103776,41776,50,63
2021-10-08T23:59:59+02:00,5550,5348,43971,42184,57726,50278,61755,58225,73411,71766,87768,85798,60609,64760,39670,50960,12571,22592,39848,38180,53867,46105,58289,54138,69569,67287,83887,81897,58564,62422,38363,49168,12067,21593,664220,622514,79345,76091,109657,103776,41693,50,63
2021-10-07T23:59:59+02:00,5486,5271,43826,42048,57612,50151,61666,58138,73335,71691,87714,85760,60596,64737,39660,50950,12568,22584,39658,37951,53729,45912,58164,53977,69464,67178,83832,81835,58535,62379,38342,49153,12060,21585,663176,620944,79330,76077,109657,103776,41603,50,63
2021-10-06T23:59:59+02:00,5461,5232,43687,41932,57498,50062,61587,58047,73270,71624,87654,85716,60579,64712,39646,50925,12565,22567,39496,37772,53598,45761,58061,53840,69373,67069,83767,81761,58501,62340,38327,49127,12058,21567,662255,619583,79308,76075,109656,103776,41516,50,63
2021-10-05T23:59:59+02:00,5421,5196,43559,41792,57385,49927,61469,57970,73199,71560,87601,85658,60560,64691,39635,50907,12561,22549,39364,37626,53481,45633,57966,53718,69274,66991,83708,81701,58476,62308,38309,49102,12052,21563,661216,618441,79302,76067,109656,103775,41437,50,63
2021-10-04T23:59:59+02:00,5392,5183,43481,41723,57316,49853,61421,57929,73145,71515,87568,85633,60541,64672,39630,50899,12557,22537,39291,37574,53413,45572,57928,53670,69237,66938,83678,81674,58450,62288,38299,49092,12050,21560,660665,617962,79298,76045,109656,103771,41347,50,63
2021-10-03T23:59:59+02:00,5382,5167,43453,41686,57263,49818,61385,57895,73116,71489,87544,85609,60531,64664,39619,50892,12554,22526,39261,37543,53383,45553,57902,53640,69217,66918,83658,81656,58439,62275,38293,49091,12049,21555,660341,617740,79296,76044,109656,103771,41271,50,63
2021-10-02T23:59:59+02:00,5382,5167,43452,41685,57260,49817,61385,57895,73116,71488,87544,85609,60531,64664,39619,50892,12554,22526,39261,37543,53383,45553,57902,53640,69217,66918,83658,81656,58439,62275,38293,49091,12049,21555,660336,617740,79294,76044,109656,103771,41271,50,63
2021-10-01T23:59:59+02:00,5369,5146,43377,41617,57193,49754,61323,57860,73064,71449,87506,85578,60516,64654,39614,50884,12554,22526,39205,37488,53335,45524,57862,53602,69182,66891,83634,81633,58432,62274,38290,49089,12049,21554,659855,617444,79293,76043,109656,103770,41151,50,63
2021-09-30T23:59:59+02:00,5298,5066,43199,41428,57034,49586,61202,57715,72969,71342,87433,85530,60493,64615,39595,50864,12550,22518,38974,37220,53175,45334,57722,53433,69081,66772,83558,81560,58415,62238,38274,49063,12043,21551,658546,615797,79281,76043,109656,103767,40925,50,63
2021-09-29T23:59:59+02:00,5263,5029,43058,41277,56895,49454,61106,57615,72884,71253,87375,85481,60468,64592,39578,50845,12546,22508,38785,36998,53033,45185,57630,53306,68986,66665,83492,81475,58372,62212,38262,49047,12040,21541,657523,614436,79255,76039,109656,103766,40764,50,63
2021-09-28T23:59:59+02:00,5221,4985,42850,41119,56750,49316,61001,57509,72799,71163,87315,85414,60439,64568,39564,50824,12539,22487,38590,36811,52890,45051,57530,53194,68903,66580,83416,81405,58344,62181,38246,49027,12038,21534,656329,613199,79247,76038,109655,103763,40603,50,63
2021-09-27T23:59:59+02:00,5189,4963,42759,41041,56658,49232,60916,57429,72736,71110,87265,85373,60416,64540,39542,50802,12530,22454,38503,36753,52811,45000,57457,53140,68866,66537,83373,81370,58321,62159,38236,49012,12035,21523,655671,612806,79241,76007,109655,103757,40359,50,63
2021-09-26T23:59:59+02:00,5176,4937,42715,41008,56627,49197,60898,57406,72712,71091,87251,85352,60408,64533,39538,50797,12529,22453,38481,36737,52777,44971,57434,53123,68844,66514,83354,81356,58315,62151,38231,49008,12035,21523,655430,612633,79236,76002,109655,103757,40278,50,63
2021-09-25T23:59:59+02:00,5176,4936,42711,41006,56627,49196,60898,57405,72711,71089,87251,85352,60408,64533,39538,50797,12529,22453,38477,36734,52776,44971,57434,53121,68843,66512,83354,81356,58314,62150,38231,49008,12035,21523,655424,612622,79234,76002,109655,103757,40274,50,63
2021-09-24T23:59:59+02:00,5157,4925,42625,40924,56563,49131,60832,57349,72650,71029,87213,85313,60396,64524,39533,50793,12528,22451,38419,36683,52726,44927,57383,53079,68797,66457,83321,81332,58303,62144,38228,49005,12034,21521,655077,612462,79230,75999,109655,103757,39944,50,63
2021-09-23T23:59:59+02:00,5085,4823,42355,40652,56337,48920,60661,57149,72496,70891,87081,85220,60341,64479,39514,50755,12522,22421,38179,36504,52536,44762,57233,52939,68666,66347,83221,81247,58266,62105,38215,48979,12027,21504,653477,611302,79217,75988,109654,103755,39323,50,63
2021-09-22T23:59:59+02:00,5046,4768,42201,40468,56160,48743,60513,56993,72386,70754,86988,85135,60305,64428,39492,50718,12519,22406,38042,36358,52375,44629,57104,52813,68589,66248,83133,81165,58232,62069,38198,48958,12024,21494,652166,610271,79203,75984,109653,103753,38970,50,63
2021-09-21T23:59:59+02:00,5010,4712,42002,40221,55936,48519,60349,56845,72295,70633,86899,85054,60265,64384,39474,50678,12510,22392,37880,36212,52222,44489,56984,52716,68521,66168,83057,81100,58203,62045,38174,48936,12018,21481,650593,609237,79202,75984,109653,103752,38699,50,63
2021-09-20T23:59:59+02:00,4984,4690,41896,40140,55805,48425,60247,56762,72217,70568,86841,84998,60240,64364,39461,50658,12504,22373,37798,36141,52107,44414,56901,52656,68459,66117,83006,81057,58180,62027,38164,48909,12015,21476,649885,608789,79192,75932,109653,103739,38412,50,63
2021-09-19T23:59:59+02:00,4979,4686,41851,40112,55731,48378,60198,56721,72176,70555,86814,84984,60233,64355,39460,50650,12504,22371,37766,36118,52062,44398,56867,52645,68423,66101,82984,81040,58172,62021,38161,48905,12015,21474,649627,608656,79190,75930,109650,103738,38260,50,63
2021-09-18T23:59:59+02:00,4977,4684,41839,40106,55713,48364,60179,56711,72164,70542,86804,84980,60228,64352,39459,50650,12504,22370,37762,36115,52046,44393,56854,52635,68414,66093,82974,81036,58167,62018,38159,48903,12015,21474,649572,608640,79189,75930,109650,103738,38182,50,63
2021-09-17T23:59:59+02:00,4922,4633,41693,39985,55595,48218,60037,56586,72028,70426,86735,84907,60192,64330,39450,50644,12501,22364,37655,36028,51949,44276,56763,52543,68306,66015,82914,80978,58136,62001,38152,48895,12013,21470,648740,608166,79188,75930,109650,103738,37633,50,63
2021-09-16T23:59:59+02:00,4825,4532,41407,39712,55340,47931,59802,56316,71838,70246,86606,84775,60140,64274,39427,50621,12490,22349,37379,35810,51748,44043,56580,52340,68161,65871,82804,80879,58083,61966,38134,48871,12004,21459,646815,606691,79184,75925,109638,103723,36959,50,63
2021-09-15T23:59:59+02:00,4760,4468,41166,39456,55095,47649,59587,56098,71680,70103,86486,84670,60097,64219,39399,50592,12481,22325,37169,35625,51574,43834,56439,52197,68054,65770,82708,80776,58037,61934,38110,48846,12002,21445,645023,605482,79182,75922,109638,103723,36451,50,63
2021-09-14T23:59:59+02:00,4732,4440,41043,39332,54965,47557,59498,55983,71583,70011,86409,84611,60078,64192,39385,50580,12478,22320,37096,35552,51482,43778,56366,52127,67979,65708,82649,80739,58019,61908,38095,48826,11996,21437,644264,605068,79182,75922,109638,103722,36076,50,63
2021-09-13T23:59:59+02:00,4704,4426,40940,39227,54874,47461,59434,55882,71511,69955,86366,84570,60047,64160,39379,50569,12474,22315,37021,35482,51395,43717,56307,52062,67914,65674,82609,80712,57996,61881,38086,48815,11995,21431,643552,604623,79181,75871,109637,103707,35887,50,63
2021-09-12T23:59:59+02:00,4695,4412,40909,39200,54853,47438,59408,55851,71483,69923,86352,84550,60039,64152,39377,50566,12472,22311,36984,35452,51377,43698,56282,52044,67894,65646,82588,80693,57985,61868,38081,48804,11995,21429,643338,604420,79172,75866,109636,103705,35808,50,63
2021-09-11T23:59:59+02:00,4686,4410,40894,39174,54824,47411,59389,55834,71459,69911,86341,84542,60038,64149,39376,50565,12472,22309,36967,35441,51355,43679,56269,52031,67871,65635,82575,80689,57983,61867,38079,48804,11995,21428,643242,604375,79172,75865,109636,103705,35697,50,63
2021-09-10T23:59:59+02:00,4641,4371,40713,39000,54668,47276,59269,55682,71332,69809,86252,84459,60010,64121,39365,50553,12468,22302,36841,35352,51245,43587,56178,51940,67778,65569,82503,80634,57964,61846,38070,48790,11988,21422,642330,603958,79170,75865,109636,103705,35116,50,63
2021-09-09T23:59:59+02:00,4567,4284,40469,38781,54471,47053,59092,55461,71185,69643,86148,84365,59984,64076,39341,50524,12459,22296,36630,35176,51070,43436,56025,51775,67635,65448,82395,80555,57925,61800,38053,48768,11983,21414,640836,602818,79169,75863,109636,103705,34518,50,62
2021-09-08T23:59:59+02:00,4468,4189,40241,38522,54271,46871,58917,55292,71072,69526,86055,84286,59947,64036,39333,50492,12453,22289,36344,34906,50835,43220,55825,51590,67500,65318,82281,80451,57892,61744,38030,48729,11972,21400,639408,601067,79164,75855,109636,103705,34011,50,62
2021-09-07T23:59:59+02:00,4395,4128,40037,38350,54141,46752,58815,55184,70995,69437,85993,84219,59923,64008,39322,50476,12450,22286,36216,34798,50730,43139,55743,51526,67430,65249,82216,80394,57859,61711,38018,48706,11966,21392,638392,600407,79158,75841,109632,103704,33687,50,62
2021-09-06T23:59:59+02:00,4354,4080,39932,38249,54061,46679,58747,55108,70949,69381,85948,84181,59903,63991,39319,50471,12448,22282,36100,34682,50634,43069,55659,51441,67371,65178,82162,80332,57832,61680,38007,48693,11965,21390,637708,599645,79158,75803,109630,103692,33544,50,62
2021-09-05T23:59:59+02:00,4341,4062,39897,38219,54039,46648,58711,55081,70921,69358,85924,84158,59900,63988,39316,50466,12447,22278,36074,34661,50606,43046,55626,51421,67352,65161,82144,80316,57824,61675,38004,48687,11963,21387,637485,599495,79157,75799,109629,103692,33440,50,62
2021-09-04T23:59:59+02:00,4341,4060,39888,38216,54036,46640,58710,55079,70919,69354,85920,84151,59900,63986,39316,50466,12447,22278,36063,34658,50603,43039,55622,51420,67350,65157,82141,80312,57823,61673,38004,48687,11963,21387,637465,599478,79157,75798,109629,103690,33413,50,62
2021-09-03T23:59:59+02:00,4302,4030,39774,38101,53935,46569,58629,54997,70849,69294,85856,84120,59882,63970,39310,50461,12444,22275,35984,34587,50518,42993,55559,51365,67291,65114,82096,80280,57808,61659,37996,48681,11957,21386,636886,599158,79157,75793,109629,103690,33083,50,62
2021-09-02T23:59:59+02:00,4263,3988,39596,37943,53791,46410,58488,54870,70722,69176,85778,84055,59834,63933,39287,50433,12442,22265,35857,34504,50405,42908,55459,51276,67191,65033,82023,80218,57761,61627,37979,48658,11952,21379,635875,598601,79157,75792,109629,103685,32570,50,62
2021-09-01T23:59:59+02:00,4202,3918,39402,37771,53628,46267,58370,54755,70630,69088,85717,83978,59790,63902,39271,50420,12440,22254,35523,34157,50174,42648,55262,51082,67030,64867,81891,80110,57712,61570,37947,48631,11947,21373,634750,596385,79146,75782,109628,103684,32236,50,62
2021-08-31T23:59:59+02:00,4152,3871,39265,37620,53496,46155,58266,54650,70543,69014,85639,83922,59760,63874,39254,50391,12438,22251,35403,34053,50032,42548,55150,50997,66935,64800,81809,80056,57672,61534,37933,48611,11941,21370,633818,595801,79144,75781,109626,103457,31931,49,62
2021-08-30T23:59:59+02:00,4101,3827,39153,37495,53390,46071,58179,54571,70481,68935,85578,83875,59742,63848,39242,50380,12436,22245,35330,33980,49955,42486,55073,50926,66875,64738,81755,79998,57645,61506,37918,48590,11940,21359,632974,595211,79141,75746,109626,103445,31766,49,62
2021-08-29T23:59:59+02:00,4090,3818,39135,37476,53371,46054,58164,54552,70473,68925,85562,83858,59740,63846,39239,50376,12435,22244,35301,33955,49924,42467,55061,50900,66852,64711,81732,79984,57635,61490,37913,48585,11937,21358,632855,595015,79138,75729,109626,103445,31697,49,62
2021-08-28T23:59:59+02:00,4090,3818,39134,37476,53370,46053,58163,54552,70472,68923,85562,83858,59740,63846,39239,50376,12435,22244,35301,33954,49924,42467,55058,50900,66851,64710,81732,79984,57635,61490,37913,48585,11937,21358,632851,595012,79138,75729,109626,103445,31694,49,62
2021-08-27T23:59:59+02:00,4054,3776,39012,37376,53269,45947,58080,54458,70383,68845,85501,83800,59714,63822,39227,50366,12435,22242,35199,33894,49823,42405,54985,50828,66760,64647,81678,79945,57610,61470,37902,48575,11936,21357,632213,594608,79138,75729,109621,103443,31293,49,62
2021-08-26T23:59:59+02:00,3970,3713,38815,37194,53097,45778,57943,54308,70254,68729,85374,83708,59666,63774,39203,50346,12428,22232,35024,33720,49670,42239,54824,50667,66632,64518,81533,79832,57563,61409,37873,48549,11931,21349,631018,593449,79135,75718,109615,103438,30722,49,62
2021-08-25T23:59:59+02:00,3875,3645,38646,36997,52942,45588,57829,54169,70153,68628,85280,83615,59630,63733,39185,50327,12426,22225,34640,33305,49397,41923,54586,50402,66437,64315,81353,79660,57475,61328,37851,48511,11919,21337,629775,590701,79134,75716,109615,103438,30327,49,62
2021-08-24T23:59:59+02:00,3854,3629,38558,36924,52862,45518,57773,54116,70099,68583,85234,83575,59598,63707,39176,50310,12423,22215,34492,33179,49276,41835,54498,50317,66334,64221,81262,79583,57426,61283,37843,48495,11914,21328,629336,589778,79130,75712,109613,103433,30033,49,62
2021-08-23T23:59:59+02:00,3826,3592,38462,36829,52782,45452,57718,54050,70040,68531,85180,83536,59580,63680,39166,50297,12421,22207,34352,33042,49151,41758,54397,50232,66240,64125,81173,79520,57390,61233,37823,48475,11913,21317,628801,588898,79128,75678,109611,103420,29767,49,62
2021-08-22T23:59:59+02:00,3818,3592,38433,36816,52767,45433,57701,54037,70014,68512,85163,83522,59570,63670,39164,50288,12416,22205,34304,33003,49123,41721,54361,50205,66197,64100,81137,79493,57375,61219,37820,48466,11908,21314,628697,588610,79126,75667,109610,103419,29646,49,62
2021-08-21T23:59:59+02:00,3816,3589,38413,36810,52758,45422,57686,54031,70000,68500,85157,83513,59563,63668,39163,50288,12416,22205,34292,32999,49113,41712,54347,50200,66185,64089,81131,79486,57371,61218,37820,48466,11908,21314,628656,588597,79125,75665,109609,103419,29566,49,62
2021-08-20T23:59:59+02:00,3796,3557,38343,36739,52674,45351,57610,53966,69927,68446,85095,83465,59546,63648,39160,50284,12416,22199,34192,32893,48998,41644,54255,50126,66090,64022,81061,79433,57351,61194,37814,48461,11907,21310,628288,588077,79123,75662,109609,103416,29160,49,62
2021-08-19T23:59:59+02:00,3768,3523,38171,36595,52512,45209,57486,53860,69795,68324,84998,83389,59516,63604,39145,50267,12412,22187,33841,32639,48710,41400,54038,49931,65882,63835,80885,79298,57295,61121,37768,48423,11902,21299,627388,586167,79121,75565,109600,103402,28610,49,62
2021-08-18T23:59:59+02:00,3718,3473,37981,36438,52385,45087,57389,53755,69685,68228,84922,83325,59477,63561,39130,50247,12410,22179,33459,32226,48407,41142,53781,49653,65663,63623,80701,79136,57213,61034,37732,48381,11898,21287,626383,583590,79118,75436,109598,103395,28249,49,62
2021-08-17T23:59:59+02:00,3657,3425,37818,36279,52265,44960,57307,53658,69590,68142,84850,83262,59442,63528,39117,50224,12405,22170,33068,31784,48079,40825,53490,49359,65415,63381,80501,78927,57103,60923,37690,48332,11886,21276,625421,580475,79118,75422,109593,103374,27925,49,62
2021-08-16T23:59:59+02:00,3601,3369,37670,36133,52168,44862,57232,53587,69520,68072,84794,83216,59420,63497,39102,50207,12399,22162,32508,31222,47687,40412,53098,48971,65109,63114,80282,78732,57026,60807,37658,48277,11877,21254,624494,576442,79114,75387,109593,103354,27768,49,62
2021-08-15T23:59:59+02:00,3592,3360,37636,36108,52135,44844,57205,53554,69505,68056,84783,83205,59408,63493,39099,50198,12399,22160,32430,31125,47614,40348,53035,48910,65065,63072,80239,78704,57008,60787,37650,48264,11876,21250,624306,575880,79114,75357,109592,103343,27686,49,62
2021-08-14T23:59:59+02:00,3587,3355,37628,36101,52129,44840,57199,53547,69501,68053,84775,83201,59401,63488,39099,50196,12399,22160,32422,31118,47603,40344,53026,48902,65062,63069,80232,78702,57003,60782,37650,48262,11876,21250,624273,575849,79111,75356,109592,103343,27641,49,62
2021-08-13T23:59:59+02:00,3570,3341,37558,36058,52068,44790,57132,53497,69432,68013,84710,83165,59379,63476,39088,50181,12396,22154,32281,31005,47474,40245,52904,48801,64960,62989,80142,78652,56980,60761,37637,48252,11874,21245,623966,575042,79111,75355,109592,103343,27297,49,62
2021-08-12T23:59:59+02:00,3530,3313,37429,35935,51978,44700,57060,53412,69338,67939,84635,83099,59350,63452,39076,50168,12396,22151,31752,30517,47089,39894,52512,48448,64634,62757,79921,78440,56888,60673,37592,48209,11869,21228,623242,571553,79110,75325,109590,103236,26977,49,62
2021-08-11T23:59:59+02:00,3488,3273,37271,35789,51866,44592,56936,53290,69242,67849,84552,83018,59310,63414,39055,50152,12392,22147,31108,29898,46582,39504,52083,48012,64331,62480,79708,78236,56792,60567,37556,48136,11856,21211,622336,567513,79104,75301,109588,103148,26566,49,62
2021-08-10T23:59:59+02:00,3440,3228,37112,35639,51752,44470,56830,53185,69176,67779,84485,82961,59286,63377,39037,50138,12385,22142,30221,28918,45844,38803,51415,47406,63945,62116,79460,77993,56687,60462,37511,48067,11848,21199,621389,561298,79102,75300,109585,103145,26304,49,62
2021-08-09T23:59:59+02:00,3404,3199,37018,35533,51675,44401,56770,53143,69145,67737,84455,82929,59269,63362,39025,50119,12384,22140,29510,28174,45175,38217,50843,46824,63573,61758,79182,77743,56566,60366,37467,48012,11841,21185,620803,557182,79101,73852,109584,103119,26178,49,62
2021-08-08T23:59:59+02:00,3395,3185,36992,35516,51650,44375,56752,53132,69127,67719,84435,82914,59266,63357,39020,50112,12383,22139,29385,28033,45031,38122,50746,46738,63517,61701,79133,77702,56531,60348,37457,48001,11841,21182,620627,556256,79100,73844,109583,103087,26117,49,62
2021-08-07T23:59:59+02:00,3395,3185,36990,35510,51640,44374,56750,53132,69123,67716,84434,82912,59265,63357,39020,50112,12383,22139,29376,28025,45016,38119,50745,46733,63514,61696,79130,77699,56528,60347,37456,48001,11841,21181,620619,556221,79099,73842,109583,103086,26094,49,62
2021-08-06T23:59:59+02:00,3384,3170,36923,35454,51559,44309,56683,53090,69081,67682,84402,82885,59253,63337,39009,50106,12380,22137,29137,27792,44807,37935,50561,46587,63376,61579,79030,77631,56503,60322,37441,47991,11838,21178,620338,554759,79096,73835,109583,103084,25785,49,62
2021-08-05T23:59:59+02:00,3351,3131,36771,35320,51445,44176,56562,52974,68965,67568,84277,82810,59210,63283,38986,50085,12371,22127,28437,27173,44219,37454,50005,46132,63017,61281,78738,77411,56394,60227,37401,47938,11830,21162,619537,550441,79095,73825,109583,102904,25155,49,62
2021-08-04T23:59:59+02:00,3292,3068,36570,35148,51293,44028,56422,52858,68840,67438,84162,82696,59142,63225,38968,50056,12366,22117,27292,26055,43258,36577,49045,45228,62424,60675,78241,76971,56184,60045,37341,47849,11817,21142,618440,542097,79084,73784,109583,102851,24540,49,62
2021-08-03T23:59:59+02:00,3219,3010,36354,34950,51136,43886,56297,52733,68707,67324,84074,82623,59099,63180,38947,50026,12357,22102,26214,24940,42325,35680,48147,44345,61881,60144,77791,76566,56015,59860,37280,47761,11798,21111,617078,533770,79076,73735,109579,102825,24249,49,62
2021-08-02T23:59:59+02:00,3174,2956,36211,34799,51026,43776,56204,52632,68621,67231,83988,82548,59060,63132,38932,50006,12349,22090,25313,23944,41474,34936,47417,43601,61396,59673,77405,76223,55851,59711,37230,47682,11781,21090,616100,526792,79075,73680,109578,102682,23940,49,62
2021-08-01T23:59:59+02:00,3169,2950,36194,34777,50999,43757,56184,52606,68591,67218,83974,82535,59054,63127,38930,50002,12349,22090,25054,23693,41227,34734,47185,43404,61255,59536,77289,76127,55815,59682,37215,47669,11777,21086,615954,524923,79072,73639,109577,102616,23861,49,62
2021-07-31T23:59:59+02:00,3168,2949,36189,34776,50999,43756,56182,52605,68590,67217,83974,82534,59054,63127,38930,50002,12349,22089,25047,23678,41219,34726,47180,43398,61246,59534,77287,76124,55815,59679,37215,47669,11777,21085,615941,524855,79072,73638,109577,102615,23858,49,62
2021-07-30T23:59:59+02:00,3151,2936,36128,34713,50929,43705,56119,52544,68534,67177,83936,82494,59042,63113,38926,49995,12346,22086,24727,23366,40946,34510,46920,43202,61057,59403,77137,76009,55783,59640,37201,47657,11777,21085,615650,522917,79068,73635,109574,102504,23540,49,61
2021-07-29T23:59:59+02:00,3128,2908,35988,34589,50798,43577,56025,52444,68463,67114,83865,82442,59016,63095,38914,49986,12346,22085,23773,22377,40063,33763,46018,42421,60509,58958,76776,75705,55663,59502,37161,47602,11770,21074,614772,515861,79049,73509,109574,102335,23346,49,61
2021-07-28T23:59:59+02:00,3079,2853,35744,34351,50574,43405,55823,52292,68316,66972,83751,82343,58964,63048,38892,49949,12336,22077,22556,21139,38740,32657,44702,41245,59707,58297,76270,75245,55468,59313,37092,47498,11756,21049,613389,506057,79042,73339,109573,102177,22723,49,61
2021-07-27T23:59:59+02:00,3053,2834,35636,34230,50491,43323,55740,52241,68254,66903,83691,82271,58923,63005,38880,49934,12335,22068,21317,19749,37312,31323,43335,39944,59080,57701,75849,74833,55305,59136,37034,47443,11745,21026,612658,495640,79026,73161,109572,102066,22514,49,61
2021-07-26T23:59:59+02:00,3034,2815,35574,34134,50432,43269,55695,52192,68210,66866,83655,82244,58910,62989,38868,49922,12334,22066,20298,18650,36065,30208,42066,38793,58583,57298,75563,74579,55208,59036,37013,47408,11739,21012,612131,487400,79019,72834,109572,101902,22445,49,61
2021-07-25T23:59:59+02:00,3024,2810,35527,34092,50387,43221,55668,52170,68187,66841,83626,82221,58894,62982,38865,49919,12331,22060,19897,18285,35649,29877,41658,38486,58387,57143,75404,74470,55161,58998,36991,47388,11736,21008,611839,484669,79013,72560,109572,101872,22359,49,61
2021-07-24T23:59:59+02:00,3024,2810,35522,34089,50385,43218,55666,52169,68185,66841,83624,82220,58894,62982,38864,49919,12331,22060,19890,18273,35638,29867,41652,38485,58383,57140,75400,74468,55161,58998,36990,47388,11736,21008,611832,484624,79011,72559,109572,101870,22346,49,61
2021-07-23T23:59:59+02:00,3000,2784,35371,33971,50236,43117,55547,52062,68088,66746,83532,82169,58863,62954,38854,49914,12326,22057,19652,18049,35376,29690,41380,38303,58217,57010,75263,74390,55122,58974,36978,47378,11730,21002,611203,483497,79011,72266,109572,101868,21763,49,61
2021-07-22T23:59:59+02:00,2949,2700,34933,33600,49928,42883,55280,51833,67857,66561,83356,82018,58776,62861,38818,49867,12315,22039,18861,17390,34281,28954,40257,37470,57476,56540,74711,74016,54942,58794,36912,47294,11709,20976,609049,477978,78998,70827,109568,101649,20917,49,60
2021-07-21T23:59:59+02:00,2894,2642,34622,33272,49685,42669,55092,51644,67666,66378,83229,81891,58711,62808,38787,49827,12304,22029,18036,16567,32967,27963,38995,36512,56781,55976,74262,73655,54796,58619,36846,47210,11697,20943,607217,472081,78947,68637,109567,101437,20377,49,60
2021-07-20T23:59:59+02:00,2818,2580,34266,32882,49400,42436,54918,51448,67484,66220,83088,81769,58646,62753,38758,49781,12303,22014,16886,15451,31253,26567,37264,35056,55986,55327,73715,73209,54630,58430,36796,47125,11679,20905,605110,462921,78912,66899,109565,101096,19935,49,60
2021-07-19T23:59:59+02:00,2734,2508,33705,32318,49087,42126,54645,51183,67287,66007,82918,81601,58579,62671,38713,49729,12296,21999,16228,14881,30310,25887,36399,34340,55546,54903,73387,72969,54543,58344,36759,47074,11673,20883,601905,459221,78851,64729,109564,100923,19744,49,60
2021-07-18T23:59:59+02:00,2706,2490,33607,32202,48996,42071,54589,51123,67226,65958,82874,81559,58552,62645,38702,49716,12294,21992,15909,14617,29742,25510,35905,33988,55290,54741,73241,72868,54501,58304,36751,47059,11672,20879,601300,457773,78835,63202,109563,100895,19562,49,59
2021-07-17T23:59:59+02:00,2706,2490,33606,32200,48990,42070,54586,51121,67226,65957,82874,81558,58552,62644,38702,49716,12294,21992,15904,14610,29730,25495,35900,33983,55285,54740,73241,72868,54501,58304,36751,47059,11672,20879,601290,457726,78833,63198,109558,100892,19561,49,59
2021-07-16T23:59:59+02:00,2647,2425,33000,31677,48493,41723,54191,50788,66844,65633,82560,81326,58433,62532,38652,49667,12290,21985,15488,14287,29237,25122,35453,33652,54946,54487,72981,72675,54389,58216,36716,47021,11669,20875,599072,456331,78829,63069,109557,100884,17366,49,59
2021-07-15T23:59:59+02:00,2514,2293,32138,30895,47871,41152,53616,50303,66415,65285,82306,81084,58343,62435,38618,49624,12282,21966,14650,13614,27912,24297,34152,32841,54266,54087,72567,72449,54295,58119,36686,46987,11662,20859,594046,452146,78817,60700,109556,100300,16678,49,59
2021-07-14T23:59:59+02:00,2408,2207,31593,30368,47382,40712,53195,49903,66087,65003,82067,80836,58238,62339,38585,49574,12272,21953,13407,12479,25913,22840,32251,31321,53517,53493,72057,72110,54157,57993,36644,46926,11652,20843,590181,443010,78800,58783,109555,99963,16143,49,58
2021-07-13T23:59:59+02:00,2351,2137,31328,30098,47112,40486,52944,49673,65883,64815,81900,80688,58171,62263,38560,49537,12262,21941,12417,11634,24180,21526,30304,29734,52322,52324,71238,71316,53908,57716,36557,46811,11635,20816,588031,436282,78786,55859,109546,96804,15743,49,58
2021-07-12T23:59:59+02:00,2124,1930,30469,29168,46459,39952,52372,49105,65493,64427,81620,80415,58035,62137,38518,49480,12253,21920,11666,11011,22782,20544,28564,28355,51363,51463,70497,70696,53650,57436,36490,46693,11622,20785,581800,428167,78767,53293,109546,96648,15721,49,58
2021-07-11T23:59:59+02:00,2079,1893,30349,29060,46395,39881,52320,49042,65436,64371,81559,80372,58014,62117,38512,49462,12248,21915,11504,10863,22509,20357,28199,28083,51158,51317,70324,70552,53597,57356,36468,46676,11613,20778,580981,426098,78761,53251,109544,96513,15696,49,55
2021-07-10T23:59:59+02:00,2079,1891,30346,29052,46392,39875,52318,49040,65433,64370,81558,80369,58014,62115,38511,49462,12248,21915,11492,10844,22495,20342,28183,28070,51151,51312,70321,70549,53597,57356,36467,46676,11613,20778,580952,426010,78760,53249,109544,96502,15689,49,55
2021-07-09T23:59:59+02:00,2035,1853,30114,28820,46176,39695,52133,48869,65271,64258,81454,80288,57984,62085,38496,49447,12244,21913,11109,10573,21851,19904,27515,27518,50443,50742,69738,70137,53495,57269,36444,46642,11608,20767,579756,424928,78754,52934,109539,93046,15044,48,55
2021-07-08T23:59:59+02:00,1897,1726,29451,28289,45568,39192,51578,48401,64869,63948,81153,80054,57892,61994,38464,49396,12239,21899,9927,9473,19907,18277,25051,25536,49408,49941,69111,69599,53270,57055,36368,46555,11593,20741,575499,414405,78732,50509,109523,92815,14214,48,55
2021-07-07T23:59:59+02:00,1684,1529,28338,27086,44518,38227,50479,47406,64210,63309,80612,79571,57688,61764,38398,49311,12226,21858,9394,8996,18820,17435,23652,24334,48583,49295,68564,69109,53070,56813,36292,46457,11577,20701,566228,408061,78716,48893,109521,92527,13707,48,55
2021-07-06T23:59:59+02:00,1483,1371,27258,26048,43496,37305,49544,46476,63610,62748,80177,79162,57506,61580,38341,49216,12202,21831,8678,8253,17492,16430,22038,23052,47976,48841,68188,68843,52953,56699,36243,46420,11570,20686,557972,400594,78705,48468,109518,92233,13117,48,55
2021-07-05T23:59:59+02:00,1327,1247,26114,24795,42416,36312,48492,45405,62943,62171,79740,78761,57333,61391,38288,49140,12193,21808,8424,8026,16990,16109,21475,22665,47668,48614,67993,68695,52901,56626,36217,46401,11567,20681,548663,398001,78697,48152,109518,91974,12955,48,53
2021-07-04T23:59:59+02:00,1262,1183,25792,24470,42108,36053,48239,45221,62796,62035,79627,78663,57297,61351,38277,49121,12191,21805,8168,7869,16718,15911,21192,22467,47543,48514,67914,68620,52877,56602,36202,46396,11565,20680,546347,396966,78669,47489,109517,91890,12915,48,53
2021-07-03T23:59:59+02:00,1262,1182,25784,24456,42095,36046,48237,45221,62792,62034,79626,78662,57296,61351,38277,49121,12191,21805,8162,7861,16707,15900,21185,22460,47536,48513,67909,68619,52876,56602,36202,46396,11565,20680,546315,396932,78668,47488,109517,91880,12895,48,53
2021-07-02T23:59:59+02:00,1194,1125,25470,24109,41774,35768,47979,44966,62648,61886,79552,78591,57279,61328,38271,49109,12187,21800,7984,7713,16338,15633,20741,22153,46570,47734,67412,68269,52792,56510,36187,46378,11564,20677,543935,394448,78667,47485,109512,89861,12879,48,53
2021-07-01T23:59:59+02:00,1139,1075,25095,23745,41391,35420,47583,44617,62398,61646,79362,78420,57216,61265,38240,49068,12180,21790,7593,7376,15522,14850,19568,21117,45031,46247,66196,67190,52483,56207,36090,46258,11540,20650,540790,388614,78565,46657,109503,85906,12749,48,53
2021-06-30T23:59:59+02:00,1066,1010,24672,23297,40964,35048,47174,44239,62170,61436,79190,78272,57138,61187,38212,49018,12172,21769,7219,7018,14574,14049,18133,19907,41813,43517,64496,65743,52015,55708,35941,46064,11513,20600,537345,376577,78532,45960,109499,83153,12615,48,52
2021-06-29T23:59:59+02:00,976,901,24171,22763,40443,34629,46741,43825,61910,61156,78977,78095,57059,61123,38184,48974,12166,21750,6943,6709,13909,13550,16970,18980,37480,39831,63140,64486,51527,55208,35808,45885,11482,20557,533273,361251,78523,45746,109499,82947,12505,48,52
2021-06-28T23:59:59+02:00,947,868,23833,22373,39984,34237,46321,43458,61671,60900,78785,77941,56985,61054,38155,48944,12163,21735,6632,6394,13254,13048,15952,18141,33834,36783,62014,63450,51172,54812,35713,45735,11457,20519,531509,352575,76837,41050,109497,82791,12468,48,52
2021-06-27T23:59:59+02:00,933,855,23741,22280,39908,34175,46262,43398,61639,60863,78749,77911,56970,61043,38149,48937,12162,21730,6540,6322,13017,12905,15527,17903,32998,36136,61755,63249,51081,54741,35695,45713,11455,20515,530896,349666,76832,40782,109491,82633,12443,48,52
2021-06-26T23:59:59+02:00,933,855,23735,22274,39898,34171,46260,43396,61637,60862,78749,77911,56970,61043,38149,48936,12162,21730,6537,6315,13009,12891,15519,17896,32994,36135,61748,63247,51079,54735,35695,45713,11455,20514,530864,349598,76831,40781,109490,82632,12443,48,52
2021-06-25T23:59:59+02:00,910,828,23622,22157,39815,34083,46178,43324,61592,60814,78702,77889,56959,61031,38146,48933,12161,21728,6440,6200,12901,12760,15380,17733,32277,35474,61356,62921,51001,54651,35687,45692,11452,20513,530068,346584,76830,40769,109489,82613,12442,48,52
2021-06-24T23:59:59+02:00,843,770,23235,21739,39461,33770,45828,43022,61386,60620,78542,77751,56905,60977,38123,48903,12156,21718,6102,5902,12339,12298,14671,17045,28971,32758,59069,61065,50415,54053,35551,45483,11434,20465,527113,332760,76781,40504,109487,81998,12325,48,52
2021-06-23T23:59:59+02:00,739,676,22591,21079,38888,33181,45173,42314,61019,60226,78292,77500,56801,60842,38076,48850,12146,21698,5947,5707,11971,11945,14161,16514,25610,29998,57423,59534,49892,53514,35430,45309,11413,20422,521526,323312,76725,37568,109484,81560,12313,48,52
2021-06-22T23:59:59+02:00,678,611,22163,20638,38481,32760,44737,41851,60745,59939,78086,77258,56704,60731,38040,48777,12133,21676,5758,5571,11644,11678,13731,16140,21266,26464,55344,57830,49291,52909,35253,45093,11392,20378,517712,308929,76598,37516,109479,81081,12176,48,52
2021-06-21T23:59:59+02:00,641,570,21908,20401,38225,32527,44492,41575,60554,59728,77953,77117,56650,60647,38015,48736,12124,21660,5626,5460,11334,11478,13390,15875,19714,25229,54424,57060,47067,50444,34654,44370,11369,20319,515652,303591,76397,37448,109462,74767,11965,47,52
2021-06-20T23:59:59+02:00,612,551,21617,20105,37927,32249,44208,41319,60403,59561,77816,76971,56601,60603,37995,48719,12121,21653,5568,5416,11201,11390,13234,15747,19316,24903,54155,56876,45408,48460,34088,43735,11349,20298,513260,302957,76315,36693,109451,69495,11959,46,50
2021-06-19T23:59:59+02:00,610,551,21612,20092,37911,32244,44205,41314,60397,59557,77814,76968,56598,60602,37995,48718,12121,21653,5562,5407,11196,11386,13224,15741,19308,24895,54141,56864,45399,48450,34087,43735,11349,20298,513196,302871,76310,36690,109451,69482,11959,46,50
2021-06-18T23:59:59+02:00,596,537,21516,19979,37843,32188,44130,41228,60342,59511,77769,76926,56576,60580,37990,48705,12120,21652,5469,5244,10899,10849,12849,15159,18767,23876,53284,55553,45195,48286,34059,43686,11343,20286,512435,301299,76303,36689,109446,64818,11958,46,50
2021-06-17T23:59:59+02:00,511,445,20796,19265,37086,31557,43336,40476,59933,59143,77470,76673,56459,60451,37940,48637,12107,21628,5279,5030,10516,10298,12323,14385,17833,22514,51707,53609,44043,46935,33741,43288,11296,20202,506447,293968,76210,36560,109435,60656,11775,46,50
2021-06-16T23:59:59+02:00,405,366,19999,18316,36096,30624,42329,39502,59390,58660,77075,76356,56314,60295,37882,48550,12097,21605,5091,4873,10002,9973,11587,13887,16286,21209,47825,50061,42285,44922,33273,42716,11233,20075,499069,277777,75673,36359,109419,59469,11654,46,49
2021-06-15T23:59:59+02:00,295,263,19189,17465,35171,29765,41399,38613,58953,58220,76740,76026,56171,60128,37823,48480,12082,21571,4891,4749,9479,9708,10877,13413,14773,20018,43550,45966,40732,43073,32792,42093,11166,19947,491849,260573,75555,36323,109409,58797,11495,46,48
2021-06-14T23:59:59+02:00,191,172,18077,16236,33925,28489,39937,37202,58362,57653,76347,75684,56042,59983,37780,48410,12073,21556,4768,4656,9132,9499,10395,13094,13601,19014,40905,43411,39658,41923,32499,41692,11134,19862,482101,249395,75120,36296,109406,58066,11447,45,48
2021-06-13T23:59:59+02:00,150,133,17570,15832,33448,28087,39444,36820,58148,57472,76198,75582,56015,59943,37758,48388,12070,21547,4681,4607,8983,9426,10231,13025,12995,18560,40435,43018,39421,41700,32439,41607,11128,19848,479024,248428,74817,34869,109399,57448,11320,45,48
2021-06-12T23:59:59+02:00,150,133,17563,15812,33432,28078,39437,36816,58141,57468,76194,75580,56014,59941,37757,48388,12070,21547,4674,4601,8972,9421,10219,13018,12983,18547,40251,42871,39398,41685,32435,41605,11128,19847,478945,247993,74813,34869,109399,57435,11319,45,48
2021-06-11T23:59:59+02:00,148,133,17479,15752,33284,28005,39265,36759,58021,57432,76123,75556,56001,59936,37755,48385,12070,21546,4592,4408,8814,8861,10028,12299,12749,17476,39762,41569,39243,41554,32417,41569,11126,19846,478602,247503,74399,34868,109294,52593,11310,45,48
2021-06-10T23:59:59+02:00,133,113,16639,15036,31872,27093,38022,35843,57338,56975,75714,75284,55911,59844,37716,48340,12059,21528,4340,4214,8255,8358,9345,11535,12012,16406,36905,38528,38441,40748,32251,41388,11110,19816,474715,240423,71431,34736,109018,48203,10251,45,48
2021-06-09T23:59:59+02:00,111,88,15864,14331,30591,26195,36807,34957,56759,56587,75370,75056,55827,59737,37689,48295,12046,21508,4156,4063,7894,8169,8876,11315,11391,16026,31819,33656,36942,39210,32006,41119,11089,19766,470052,226484,69000,34611,108974,46616,9749,43,46
2021-06-08T23:59:59+02:00,84,70,14950,13471,29211,25107,35443,33948,56143,56180,75072,74841,55752,59662,37666,48263,12042,21498,4074,4001,7736,8047,8724,11200,11096,15819,28987,30836,35983,38266,31846,40923,11065,19733,465479,218979,65567,34550,108928,45384,9386,43,46
2021-06-07T23:59:59+02:00,76,57,14313,12897,27843,24293,34282,33166,55666,55922,74828,74731,55716,59622,37650,48252,12042,21494,3981,3928,7541,7919,8424,11069,10728,15573,24649,26453,34515,36725,31624,40656,11037,19703,462349,207178,62528,34484,108896,43792,9034,43,46
2021-06-06T23:59:59+02:00,75,54,13991,12702,27055,23873,33627,32747,55356,55756,74670,74665,55695,59598,37636,48243,12040,21493,3914,3891,7388,7877,8266,10984,10405,15370,21821,23573,33512,35642,31484,40501,11030,19688,461202,204382,60468,29234,108869,43000,8694,43,45
2021-06-05T23:59:59+02:00,75,52,13961,12673,27012,23833,33598,32728,55351,55746,74664,74659,55690,59593,37631,48241,12040,21493,3892,3875,7353,7855,8219,10966,10342,15328,20393,22018,32714,34761,31414,40420,11026,19681,461078,199402,60363,29231,108863,42895,8693,43,45
2021-06-04T23:59:59+02:00,69,48,13731,12411,26698,23516,33261,32418,55290,55666,74625,74639,55681,59588,37630,48239,12040,21492,3863,3847,7274,7776,8164,10888,10263,15205,20286,21901,32640,34706,31382,40383,11023,19678,459176,199321,60300,29218,108830,42011,8693,43,45
2021-06-03T23:59:59+02:00,51,43,13164,11926,25663,22831,32125,31667,54795,55333,74309,74445,55609,59509,37595,48208,12033,21475,3734,3757,6998,7606,7882,10715,9935,14969,18398,20037,30661,32392,31109,40050,11000,19629,454845,190714,58796,29197,108815,40646,8282,43,42
2021-06-02T23:59:59+02:00,37,31,12474,11183,24664,21928,30988,30713,54529,55068,74118,74305,55556,59428,37578,48186,12025,21468,3700,3737,6938,7549,7826,10665,9852,14878,17878,19488,28732,30213,31010,39907,10993,19618,448535,185175,58618,29196,108813,40309,8271,42,42
2021-06-01T23:59:59+02:00,23,17,11345,10302,22537,20496,28451,28822,53116,54007,73111,73522,55254,59103,37455,48013,11990,21408,3471,3563,6439,7239,7225,10239,8992,14276,15928,17673,24941,25951,30322,39022,10916,19462,439035,171144,54155,29059,108775,38459,6965,42,40
2021-05-31T23:59:59+02:00,18,13,10483,9636,20699,19324,26402,27308,52006,53156,72405,72972,55039,58840,37381,47908,11975,21372,3330,3409,6104,6991,6826,9943,8451,13919,14859,16693,23742,24574,29933,38532,10856,19368,432225,165381,49778,29021,108756,36961,6136,42,39
2021-05-30T23:59:59+02:00,16,10,10135,9292,19976,18830,25696,26729,51667,52874,72168,72775,54962,58762,37356,47880,11967,21363,3149,3219,5756,6724,6538,9702,8233,13713,14600,16422,23450,24255,29823,38426,10841,19340,429638,164551,49368,28964,108724,35959,4686,42,39
2021-05-29T23:59:59+02:00,16,10,10119,9280,19958,18800,25676,26703,51656,52869,72164,72765,54960,58757,37355,47880,11966,21363,3147,3211,5752,6719,6532,9700,8225,13705,14590,16416,23439,24247,29819,38420,10840,19339,429477,164478,49368,28962,108724,35944,4686,42,39
2021-05-28T23:59:59+02:00,16,10,10053,9186,19818,18631,25413,26472,51496,52693,72017,72634,54921,58707,37341,47860,11963,21350,3100,3133,5659,6580,6429,9499,8110,13431,14398,16140,23286,24091,29765,38357,10833,19330,427820,164088,49331,28961,108704,34377,4685,41,38
2021-05-27T23:59:59+02:00,16,10,8795,7998,17416,16826,22636,24322,50403,51878,71351,72143,54723,58482,37246,47765,11949,21320,2802,2799,4815,5954,5536,8719,7318,12440,13269,14947,22294,23054,29378,37901,10778,19244,415917,160263,48375,28698,108562,29873,2384,41,38
2021-05-26T23:59:59+02:00,15,10,8394,7584,16540,16020,21447,23312,49798,51332,70929,71755,54572,58317,37178,47687,11938,21290,2618,2627,4446,5616,5058,8212,6840,11792,12299,13966,21392,22020,29066,37458,10731,19159,410316,156400,47643,28611,108481,26622,1638,40,37
2021-05-25T23:59:59+02:00,15,10,7825,6984,15297,15139,20000,22139,49319,50929,70681,71568,54497,58233,37153,47659,11934,21280,2542,2527,4255,5488,4812,7982,6559,11483,11741,13432,19229,19842,28692,36919,10696,19110,403546,150694,47403,28598,108433,24748,1240,40,37
2021-05-24T23:59:59+02:00,15,10,7737,6884,15073,15011,19715,21960,49218,50810,70637,71529,54493,58227,37150,47656,11933,21277,2500,2464,4169,5320,4719,7739,6434,11200,11603,13190,19114,19728,28641,36873,10689,19099,402412,150545,47324,28555,108334,23130,1225,40,35
2021-05-23T23:59:59+02:00,14,10,7721,6871,15035,14994,19660,21932,49207,50808,70632,71523,54492,58223,37150,47654,11933,21277,2497,2459,4163,5316,4708,7735,6428,11187,11580,13167,18972,19530,28610,36834,10687,19097,402223,150054,47324,28553,108333,23121,1216,40,34
2021-05-22T23:59:59+02:00,14,10,7718,6863,15026,14982,19649,21924,49207,50806,70629,71523,54492,58222,37150,47654,11933,21277,2495,2452,4156,5310,4706,7735,6424,11184,11572,13164,18959,19524,28609,36834,10687,19097,402168,150017,47324,28553,108333,23097,1214,40,34
2021-05-21T23:59:59+02:00,14,10,7643,6763,14900,14847,19444,21766,48968,50572,70486,71415,54465,58195,37142,47647,11927,21271,2425,2368,4067,5170,4602,7526,6300,10887,11400,12875,18893,19457,28593,36804,10684,19095,400596,149761,47321,28552,108308,21595,1211,39,34
2021-05-20T23:59:59+02:00,14,10,7367,6467,14315,14324,18507,20888,46290,48216,69328,70439,54107,57828,37033,47504,11895,21240,2162,2200,3707,4807,4160,6977,5745,10055,10311,11774,17612,18159,28086,36204,10608,18947,389584,144495,47154,28258,108003,17741,993,38,34
2021-05-19T23:59:59+02:00,13,9,7127,6246,13648,13837,17239,19887,42300,44736,67838,69130,53652,57302,36869,47273,11858,21189,2085,1996,3542,4469,3911,6456,5300,9372,9314,10657,16129,16510,27389,35284,10480,18737,374797,137311,46581,28114,107763,15215,974,38,24
2021-05-18T23:59:59+02:00,13,7,6931,6069,13098,13403,16142,19028,37577,40717,66383,67805,53097,56763,36718,47049,11816,21133,2039,1872,3402,4278,3726,6138,4966,8887,8448,9785,14545,14769,26679,34426,10389,18562,358683,130663,46516,27548,107603,13774,909,38,24
2021-05-17T23:59:59+02:00,13,7,6797,5974,12773,13152,15641,18638,35397,38851,65548,67018,52822,56448,36635,46940,11801,21096,1968,1809,3215,4095,3506,5907,4644,8515,7668,9085,11280,10739,25769,33274,10308,18391,354951,125437,42239,21444,107519,12471,804,38,24
2021-05-16T23:59:59+02:00,13,7,6733,5888,12648,12998,15469,18471,34905,38380,65362,66848,52766,56385,36622,46913,11796,21091,1909,1712,3111,3972,3426,5805,4536,8368,7485,8896,9085,8139,25284,32589,10274,18333,353471,124291,41730,16084,107483,11958,574,37,24
2021-05-15T23:59:59+02:00,13,7,6728,5879,12641,12992,15464,18465,34896,38377,65360,66846,52765,56384,36622,46913,11796,21091,1908,1712,3109,3967,3421,5802,4531,8365,7483,8893,9083,8137,25283,32589,10274,18333,353423,124261,41730,16084,107478,11957,571,37,24
2021-05-14T23:59:59+02:00,13,7,6528,5783,12400,12929,15232,18373,33922,37586,64823,66437,52669,56297,36605,46879,11794,21086,1791,1624,2997,3895,3364,5694,4481,8219,7435,8764,9076,8131,25282,32589,10274,18332,350051,124202,41699,16080,107016,11089,561,36,23
2021-05-13T23:59:59+02:00,13,7,6282,5598,11995,12674,14663,17925,30392,34796,62342,64358,52037,55624,36467,46659,11782,21038,1749,1584,2941,3819,3332,5603,4438,8116,7353,8645,9037,8071,25263,32547,10269,18328,336055,123951,41474,16056,106588,10572,499,36,23
2021-05-12T23:59:59+02:00,13,7,6265,5573,11922,12610,14550,17815,29757,34219,61834,63905,51864,55451,36430,46614,11775,21025,1749,1581,2939,3818,3328,5603,4435,8115,7351,8639,9030,8068,25263,32545,10269,18327,333052,123928,41460,16045,106583,10571,499,35,23
2021-05-11T23:59:59+02:00,12,7,5947,5440,11477,12326,14003,17431,25497,30731,59451,61896,51203,54772,36241,46368,11751,20962,1708,1466,2836,3556,3207,5229,4295,7673,7198,8317,8945,7985,25234,32505,10265,18316,318103,123686,41407,15855,105596,8801,376,33,23
2021-05-10T23:59:59+02:00,12,7,5821,5366,11317,12209,13782,17259,22021,27969,58197,60779,50842,54418,36149,46244,11736,20931,1668,1368,2751,3328,3104,4897,4184,7183,7076,7877,8905,7925,25222,32483,10263,18312,308166,123537,41248,15706,105303,6978,309,33,22
2021-05-09T23:59:59+02:00,12,7,5744,5334,11228,12143,13679,17178,20420,26787,57733,60394,50739,54318,36124,46203,11729,20926,1651,1346,2695,3205,3053,4756,4139,7063,7026,7783,8894,7913,25215,32477,10262,18312,307594,123495,37678,15660,105098,6323,296,32,22
2021-05-08T23:59:59+02:00,12,7,5741,5332,11217,12138,13669,17169,20412,26781,57724,60388,50736,54310,36120,46200,11727,20923,1650,1346,2694,3202,3053,4756,4136,7060,7025,7782,8892,7913,25214,32475,10262,18312,307504,123478,37677,15660,105097,6322,296,32,22
2021-05-07T23:59:59+02:00,12,7,5701,5296,11151,12090,13562,17089,19959,26424,56727,59578,50607,54180,36090,46169,11724,20909,1549,1303,2614,3157,3011,4727,4102,7036,7004,7750,8884,7904,25212,32474,10262,18311,304342,123443,37660,15651,104951,5899,291,31,22
2021-05-06T23:59:59+02:00,12,7,5451,5184,10635,11781,12853,16634,18661,25438,52464,55923,49411,52800,35759,45768,11672,20808,1328,1170,2377,2985,2841,4561,3950,6837,6851,7599,8809,7823,25192,32439,10259,18304,289207,123169,37470,15511,104393,4465,164,27,22
2021-05-05T23:59:59+02:00,12,7,5194,5086,10142,11544,12096,16181,17331,24454,48100,51783,47744,50879,35320,45196,11597,20685,1282,1077,2314,2857,2756,4382,3856,6597,6744,7400,8694,7727,25130,32364,10253,18288,272025,122685,37244,15466,104007,3506,48,27,22
2021-05-04T23:59:59+02:00,12,7,5111,5001,9826,11328,11643,15791,16351,23586,46224,49750,46674,49571,34945,44709,11528,20576,1271,1058,2286,2816,2715,4298,3803,6489,6672,7322,8652,7688,25109,32347,10252,18283,261632,122467,37220,15403,103729,3150,25,27,22
2021-05-03T23:59:59+02:00,12,7,5010,4913,9472,11156,11178,15526,15294,22725,44650,48133,45792,48618,34723,44365,11500,20484,1256,1033,2251,2783,2673,4234,3754,6435,6597,7268,8079,6996,23362,30011,10114,18045,252609,116630,37210,15321,103696,2908,16,27,22
2021-05-02T23:59:59+02:00,12,7,4947,4895,9356,11118,11030,15465,14682,22234,44131,47723,45652,48452,34673,44303,11493,20473,1252,1027,2233,2780,2660,4226,3725,6421,6577,7254,7889,6753,21383,27597,10067,17957,251396,116608,35571,10301,103641,2864,11,27,22
2021-05-01T23:59:59+02:00,12,7,4947,4893,9352,11113,11027,15463,14678,22230,44129,47719,45651,48452,34673,44303,11493,20473,1251,1027,2233,2780,2660,4226,3724,6421,6576,7254,7889,6752,21383,27597,10067,17957,251366,116605,35571,10301,103640,2863,11,27,22
2021-04-30T23:59:59+02:00,12,7,4901,4869,9285,11097,10971,15438,14602,22204,42649,46307,45317,48121,34636,44251,11488,20463,1045,933,2038,2690,2561,4166,3638,6361,6513,7195,7882,6735,21382,27595,10067,17957,247381,116596,35571,10298,103628,1837,11,27,21
2021-04-29T23:59:59+02:00,12,7,4664,4786,8809,10948,10366,15263,13917,21995,37712,41994,44307,47090,34514,44133,11484,20432,865,855,1864,2610,2476,4100,3529,6290,6444,7147,7859,6715,21377,27588,10067,17957,233640,116562,35468,10193,103287,961,11,27,21
2021-04-28T23:59:59+02:00,12,7,4487,4751,8558,10861,10013,15173,13561,21840,33063,37485,43061,45834,34388,43985,11469,20414,823,828,1826,2563,2444,4024,3493,6181,6396,7057,7839,6696,21364,27575,10062,17950,220406,116477,35449,10145,103072,474,10,25,20
2021-04-27T23:59:59+02:00,11,6,4257,4538,8213,10413,9625,14591,13090,21193,31931,36357,42779,45547,34372,43957,11465,20411,795,814,1791,2540,2426,4006,3475,6162,6361,7030,7828,6688,21359,27571,10059,17944,217672,116420,35434,10115,99615,289,10,25,20
2021-04-26T23:59:59+02:00,11,6,4235,4511,8141,10374,9519,14538,12940,21132,27523,31983,41560,44327,34292,43856,11452,20400,763,803,1761,2521,2397,3986,3450,6141,6309,6984,7780,6639,21328,27540,10059,17937,205811,116219,35425,10070,99531,85,10,23,19
2021-04-25T23:59:59+02:00,11,6,4212,4498,8109,10349,9456,14506,12847,21085,25553,29940,40859,43567,34245,43797,11448,20394,751,795,1749,2507,2379,3971,3426,6120,6277,6955,7760,6622,21311,27519,10058,17933,205144,116193,30310,9836,99396,81,9,23,19
2021-04-24T23:59:59+02:00,11,6,4193,4487,8078,10320,9414,14490,12795,21064,24050,28276,40100,42724,34180,43721,11445,20388,750,794,1746,2505,2378,3967,3426,6116,6277,6952,7758,6619,21310,27519,10058,17933,200075,116172,30310,9835,99325,78,9,23,19
2021-04-23T23:59:59+02:00,10,6,3928,4336,7609,10025,8986,14135,12233,20661,23568,27976,40011,42662,34159,43687,11439,20381,737,784,1729,2492,2358,3951,3403,6093,6255,6933,7744,6600,21305,27508,10058,17932,199725,116157,30295,9635,95762,67,9,21,19
2021-04-22T23:59:59+02:00,10,6,3835,4277,7420,9908,8707,13941,11787,20335,21238,25619,37254,39418,33632,43014,11368,20258,724,775,1700,2461,2300,3894,3332,6021,6146,6836,7665,6513,21249,27464,10055,17917,186697,116040,30103,8926,95197,65,9,21,17
2021-04-21T23:59:59+02:00,10,4,3808,4244,7289,9829,8525,13769,11451,20044,19979,24414,34041,35698,33149,42314,11303,20129,700,757,1665,2433,2256,3869,3299,5988,6106,6797,7633,6486,21229,27440,10051,17913,174924,115927,29928,8613,95118,61,9,21,17
2021-04-20T23:59:59+02:00,10,4,3774,4217,7184,9760,8314,13610,11081,19746,18882,23265,30729,32053,32672,41715,11245,20012,692,747,1650,2421,2222,3847,3256,5942,6065,6755,7591,6441,21203,27417,10045,17910,163282,115769,29905,8355,95056,59,9,21,17
2021-04-19T23:59:59+02:00,10,4,3756,4201,7110,9722,8196,13500,10826,19561,18217,22604,29853,30921,32379,41350,11203,19938,684,742,1628,2407,2198,3817,3220,5909,6031,6724,7547,6408,21172,27388,10043,17906,158443,115635,29887,8111,94991,57,9,21,17
2021-04-18T23:59:59+02:00,10,4,3753,4194,7094,9709,8182,13483,10789,19535,18129,22521,29731,30795,32351,41327,11200,19930,682,738,1613,2395,2181,3802,3195,5883,6001,6701,7524,6395,21154,27366,10040,17903,157950,115576,29818,7920,94940,56,9,20,17
2021-04-17T23:59:59+02:00,10,4,3752,4192,7091,9706,8179,13483,10783,19528,18116,22510,29708,30782,32349,41324,11200,19930,681,738,1612,2394,2179,3801,3191,5882,5999,6699,7524,6395,21154,27366,10040,17903,157867,115562,29817,7920,94934,55,9,20,17
2021-04-16T23:59:59+02:00,10,4,3585,4154,6746,9577,7809,13296,10385,19283,17663,22235,29503,30621,32266,41234,11185,19911,668,719,1600,2379,2152,3786,3137,5845,5957,6649,7431,6304,20741,26799,10010,17842,157110,114232,29809,7714,92519,52,9,20,17
2021-04-15T23:59:59+02:00,10,4,3484,4075,6395,9205,7230,12796,9607,18450,16340,21007,28304,29327,31747,40592,11104,19735,638,696,1547,2340,2067,3699,3027,5725,5628,6411,6932,5916,19997,25878,9911,17672,151364,110846,29515,7170,88504,47,9,20,17
2021-04-14T23:59:59+02:00,9,4,3432,4027,6161,8964,6899,12419,8986,17903,15219,19973,26888,27825,31116,39710,10992,19537,605,670,1501,2301,1992,3621,2885,5602,5319,6177,6387,5407,18974,24587,9824,17492,144545,106567,29315,6715,86176,41,9,19,17
2021-04-13T23:59:59+02:00,9,4,3400,3995,6072,8886,6751,12288,8683,17657,14419,19280,23544,24264,30180,38529,10886,19361,600,661,1488,2278,1960,3587,2787,5531,5103,5994,6021,5065,18672,24239,9782,17425,132906,104451,29305,6682,85969,40,9,19,16
2021-04-12T23:59:59+02:00,9,4,3378,3974,6022,8826,6663,12203,8465,17463,13803,18751,22537,23113,29756,37970,10817,19234,590,653,1478,2270,1937,3566,2730,5481,4954,5889,5700,4782,18376,23935,9743,17364,127817,102854,29285,6534,85858,40,9,19,16
2021-04-11T23:59:59+02:00,9,4,3372,3968,6004,8802,6634,12186,8423,17440,13712,18691,22408,22964,29706,37907,10807,19210,587,648,1465,2260,1924,3559,2713,5464,4917,5852,5641,4722,18202,23701,9722,17333,127278,102188,29219,6462,85722,40,9,19,16
2021-04-10T23:59:59+02:00,9,4,3364,3967,5981,8801,6612,12185,8401,17439,13688,18689,22403,22961,29702,37906,10807,19210,584,645,1457,2253,1919,3556,2706,5455,4901,5844,5629,4705,18038,23447,9708,17309,127257,101667,29128,6430,85717,40,8,19,16
2021-04-09T23:59:59+02:00,8,4,3326,3955,5933,8787,6554,12166,8362,17412,13638,18643,20447,20544,29216,37287,10777,19160,571,632,1431,2231,1892,3532,2664,5419,4828,5782,5513,4602,17460,22715,9670,17238,126557,99900,24001,6230,85636,32,7,18,16
2021-04-08T23:59:59+02:00,8,4,3301,3936,5865,8755,6480,12127,8272,17348,13493,18526,17848,17469,28695,36620,10739,19109,529,603,1343,2149,1798,3435,2484,5235,4328,5419,4709,3996,15669,20476,9480,16929,125689,92883,18125,5659,84757,23,6,18,16
2021-04-07T23:59:59+02:00,6,4,3223,3908,5658,8705,6272,12067,8064,17273,13232,18430,15180,14392,28018,35819,10709,19056,505,574,1288,2092,1703,3355,2331,5095,3915,5088,3988,3426,14811,19605,9364,16742,125479,88535,16585,5311,77929,20,5,18,16
2021-04-06T23:59:59+02:00,5,4,3194,3898,5613,8685,6201,12043,7979,17236,13159,18359,13191,12023,27383,35103,10696,19026,475,551,1220,2037,1617,3272,2169,4976,3544,4812,3463,3012,13965,18602,9288,16621,125348,84885,16381,4709,72046,16,5,18,14
2021-04-05T23:59:59+02:00,5,4,3192,3895,5578,8670,6164,12030,7934,17219,13086,18323,13146,11977,27372,35087,10695,19023,443,521,1168,2000,1566,3231,2101,4922,3456,4736,3406,2960,13821,18430,9279,16603,125323,84391,16172,4223,71883,16,4,18,14
2021-04-04T23:59:59+02:00,5,4,3191,3893,5578,8668,6162,12029,7933,17217,13086,18323,13143,11977,27371,35087,10695,19023,442,520,1167,2000,1565,3231,2100,4922,3456,4736,3406,2960,13820,18430,9279,16603,125313,84385,16172,4223,71878,16,4,18,14
2021-04-03T23:59:59+02:00,5,4,3190,3893,5578,8667,6162,12029,7933,17217,13086,18323,13143,11976,27370,35084,10695,19023,442,518,1167,2000,1564,3231,2100,4921,3450,4733,3400,2950,13733,18293,9270,16587,125308,84107,16172,4223,71876,16,4,18,14
2021-04-02T23:59:59+02:00,5,4,3190,3890,5575,8662,6158,12020,7925,17204,13060,18292,13096,11923,27342,35065,10692,19019,439,511,1165,1996,1552,3222,2089,4899,3420,4700,3368,2921,12796,17042,9203,16478,125140,81633,16169,4141,71791,16,4,18,12
2021-04-01T23:59:59+02:00,5,4,3176,3876,5536,8643,6091,11987,7854,17169,12947,18220,12981,11796,27284,34989,10683,19004,391,467,1067,1928,1452,3133,1937,4786,3215,4569,3132,2719,10760,14442,9090,16297,124825,76011,16045,3348,71355,16,3,17,12
2021-03-31T23:59:59+02:00,5,4,3175,3862,5519,8609,6056,11952,7810,17124,12866,18151,12867,11674,27233,34926,10675,18994,353,444,1031,1885,1378,3093,1832,4682,2957,4368,2717,2404,8161,11209,8909,16055,124514,68449,16005,3004,70964,15,3,16,11
2021-03-30T23:59:59+02:00,5,4,3168,3851,5494,8583,6023,11920,7770,17084,12788,18085,12781,11537,27195,34878,10669,18984,332,426,1009,1853,1319,3058,1707,4601,2710,4197,2349,2156,7272,10124,8842,15926,124382,65128,15973,2729,70446,15,2,16,11
2021-03-29T23:59:59+02:00,5,4,3156,3847,5465,8563,5986,11885,7725,17051,12713,18008,12133,10778,25323,32387,10520,18727,326,423,1002,1838,1299,3033,1673,4560,2561,4109,2061,2005,6613,9413,8798,15848,118377,62814,15802,2726,70080,13,2,15,11
2021-03-28T23:59:59+02:00,5,4,3126,3831,5417,8525,5935,11840,7644,16996,12603,17938,11869,10475,23338,29919,10465,18628,325,421,999,1837,1290,3029,1669,4558,2549,4101,2036,1985,6590,9398,8796,15843,118318,62682,10615,2724,69608,13,2,15,9
2021-03-27T23:59:59+01:00,5,4,3114,3827,5378,8514,5899,11825,7596,16981,12557,17891,11834,10431,23334,29911,10465,18628,325,421,999,1837,1290,3029,1668,4556,2547,4098,2034,1983,6542,9323,8763,15794,118249,62465,10614,2724,69314,13,2,15,9
2021-03-26T23:59:59+01:00,5,4,2981,3506,4928,7362,5405,10506,6984,14933,11749,15605,11613,10247,22849,29181,10420,18557,324,417,994,1834,1284,3024,1665,4554,2542,4091,2026,1977,6412,9134,8619,15605,116694,61780,10357,2712,59767,3,2,15,9
2021-03-25T23:59:59+01:00,5,3,2859,3243,4769,6597,5176,9356,6659,13213,11022,13802,10752,9444,22119,28333,10343,18400,319,408,987,1825,1269,3005,1646,4520,2506,4041,1958,1919,6120,8705,8338,15152,113769,60001,9654,2708,52655,2,2,15,9
2021-03-24T23:59:59+01:00,5,3,2812,3198,4693,6533,5042,9250,6453,13042,10509,13397,9913,8620,21099,27074,10245,18212,317,403,979,1819,1252,2994,1631,4496,2459,3985,1890,1844,5754,8231,7922,14477,109736,57750,9307,2696,51043,2,0,14,9
2021-03-23T23:59:59+01:00,5,3,2784,3165,4625,6465,4931,9156,6240,12880,10051,12975,9195,7951,20584,26465,10190,18105,305,390,962,1809,1237,2972,1601,4474,2409,3936,1811,1778,5470,7848,7518,13851,107335,55670,8972,2695,49449,1,0,14,9
2021-03-22T23:59:59+01:00,5,3,2767,3126,4566,6426,4855,9088,6101,12741,9689,12701,8593,7384,20163,26026,10129,18011,303,387,950,1803,1223,2958,1588,4461,2382,3908,1784,1756,5331,7674,7067,13026,105845,53904,8714,2690,47801,1,0,14,8
2021-03-21T23:59:59+01:00,5,3,2760,3110,4520,6402,4804,9052,6008,12674,9500,12513,8287,7125,19995,25859,10117,17983,303,387,949,1803,1221,2958,1587,4460,2379,3908,1777,1750,5322,7669,7036,12968,105643,53797,8481,2673,46579,1,0,14,8
2021-03-20T23:59:59+01:00,5,3,2760,3103,4512,6397,4797,9049,6004,12666,9480,12499,8254,7093,19822,25583,10101,17957,303,387,949,1802,1220,2958,1586,4459,2375,3900,1765,1737,5307,7620,6858,12728,105088,53299,8468,2648,46515,1,0,14,8
2021-03-19T23:59:59+01:00,5,3,2724,3078,4440,6352,4690,8999,5864,12608,9212,12311,7950,6867,19338,24993,10069,17898,303,386,948,1801,1220,2955,1584,4458,2368,3895,1750,1726,5270,7577,6446,12108,103786,52162,8225,2626,45376,1,0,14,8
2021-03-18T23:59:59+01:00,5,3,2658,3005,4275,6214,4440,8793,5506,12301,8299,11642,6687,5852,18078,23630,9914,17665,300,381,943,1791,1206,2942,1545,4442,2303,3849,1671,1684,5195,7470,5703,10989,98861,49825,7681,2584,42411,0,0,14,7
2021-03-17T23:59:59+01:00,5,3,2621,2965,4195,6116,4302,8685,5251,12025,7623,11074,5697,4952,16726,22091,9747,17405,296,379,939,1783,1202,2933,1528,4421,2237,3824,1607,1639,5150,7404,5122,10096,93418,48028,7180,2527,40871,0,0,14,7
2021-03-16T23:59:59+01:00,5,3,2601,2937,4133,6049,4208,8588,5074,11869,7173,10684,4932,4333,15864,21108,9641,17230,292,377,936,1778,1199,2926,1520,4411,2215,3805,1575,1622,5112,7361,4610,9276,89756,46563,7141,2448,39522,0,0,13,6
2021-03-15T23:59:59+01:00,5,3,2598,2926,4117,6029,4177,8562,5024,11822,7055,10566,4785,4171,15543,20695,9609,17171,290,373,935,1772,1193,2919,1506,4402,2194,3783,1531,1605,5052,7287,4026,8413,88981,44971,7042,2306,38822,0,0,13,6
2021-03-14T23:59:59+01:00,5,2,2593,2917,4095,6009,4147,8543,4983,11789,6961,10477,4680,4058,15412,20526,9592,17131,288,372,935,1770,1187,2912,1501,4391,2183,3776,1521,1599,5044,7279,4020,8399,88674,44908,7024,2265,38210,0,0,12,6
2021-03-13T23:59:59+01:00,5,2,2587,2908,4087,5997,4139,8536,4974,11779,6942,10464,4658,4032,15096,20086,9572,17095,288,372,935,1770,1187,2912,1501,4391,2183,3776,1520,1599,5044,7278,4020,8399,87780,44907,7003,2264,38164,0,0,12,6
2021-03-12T23:59:59+01:00,5,2,2525,2832,3976,5826,4019,8314,4837,11480,6764,10193,4505,3894,14167,18823,9510,16993,288,371,933,1767,1187,2908,1499,4386,2182,3769,1513,1597,5037,7259,4018,8382,85300,44829,6942,2263,36413,0,0,10,6
2021-03-11T23:59:59+01:00,4,2,2399,2607,3748,5499,3762,7877,4510,10718,6133,9382,3985,3391,12552,16825,9408,16844,288,370,929,1763,1184,2894,1490,4374,2169,3742,1472,1569,4996,7222,4006,8355,80943,44680,6778,2139,31915,0,0,10,6
2021-03-10T23:59:59+01:00,4,2,2277,2476,3591,5261,3567,7554,4238,10235,5579,8812,3411,2949,10264,14103,9259,16613,285,366,924,1753,1177,2883,1486,4358,2147,3727,1443,1562,4965,7207,3997,8345,74602,44615,6606,2006,28977,0,0,10,6
2021-03-09T23:59:59+01:00,4,2,2252,2425,3523,5172,3453,7464,4067,10038,5184,8463,2929,2589,8739,12085,9153,16462,284,365,924,1747,1170,2874,1482,4350,2139,3716,1428,1557,4957,7202,3994,8343,69717,44574,6457,1955,27820,0,0,10,5
2021-03-08T23:59:59+01:00,4,2,2228,2351,3464,5104,3379,7380,3945,9925,4887,8269,2481,2324,6800,9682,9032,16284,284,362,923,1737,1164,2858,1476,4339,2135,3709,1417,1550,4941,7182,3987,8333,63996,44465,6121,1929,27414,0,0,10,5
2021-03-07T23:59:59+01:00,4,2,2166,2295,3368,4996,3282,7291,3846,9838,4750,8174,2430,2272,6777,9661,9032,16276,284,361,922,1737,1164,2856,1476,4339,2135,3709,1417,1550,4940,7182,3987,8333,63867,44462,5438,1927,27145,0,0,10,5
2021-03-06T23:59:59+01:00,4,2,2158,2282,3355,4986,3278,7287,3837,9828,4740,8169,2428,2270,6731,9591,8999,16226,284,361,921,1733,1163,2855,1476,4336,2131,3704,1416,1545,4934,7177,3985,8323,63655,44414,5378,1927,27128,0,0,10,5
2021-03-05T23:59:59+01:00,4,2,2028,2195,3131,4799,3039,6975,3558,9433,4406,7833,2339,2208,6524,9269,8802,15961,284,359,919,1730,1163,2854,1475,4330,2128,3698,1410,1543,4928,7171,3984,8316,62663,44362,4530,1927,25303,0,0,10,5
2021-03-04T23:59:59+01:00,4,2,1778,1974,2720,4362,2583,6336,2992,8532,3721,7019,2120,2048,6228,8902,8518,15498,281,358,918,1722,1161,2837,1474,4314,2119,3686,1399,1541,4916,7157,3977,8305,61002,44238,3251,1924,21074,0,0,10,5
2021-03-03T23:59:59+01:00,4,2,1707,1886,2613,4177,2450,6110,2852,8245,3533,6756,2036,1970,5887,8426,8154,14908,280,354,918,1712,1158,2814,1470,4290,2114,3671,1374,1529,4911,7151,3973,8297,58975,44090,3107,1924,19624,0,0,10,4
2021-03-02T23:59:59+01:00,4,2,1671,1810,2543,4058,2369,5960,2745,8064,3418,6603,1961,1902,5570,7986,7740,14229,278,349,915,1693,1155,2794,1467,4271,2113,3660,1349,1523,4901,7134,3968,8289,56844,43933,2865,1924,18916,0,0,10,4
2021-03-01T23:59:59+01:00,2,2,1661,1783,2504,3951,2321,5845,2709,7963,3365,6524,1919,1881,5432,7823,7258,13353,277,347,911,1687,1153,2782,1465,4258,2111,3645,1344,1518,4898,7132,3966,8282,54963,43850,2854,1924,18469,0,0,10,4
2021-02-28T23:59:59+01:00,2,2,1645,1744,2470,3879,2290,5790,2666,7884,3338,6476,1913,1877,5424,7818,7221,13293,277,347,910,1687,1153,2782,1465,4257,2111,3644,1344,1518,4898,7131,3966,8282,54837,43847,2852,1923,18033,0,0,10,4
2021-02-27T23:59:59+01:00,2,2,1643,1737,2467,3871,2286,5790,2664,7883,3335,6473,1907,1867,5414,7774,7048,13069,277,347,900,1682,1143,2775,1455,4248,2094,3635,1343,1515,4898,7130,3966,8282,54365,43843,2852,1845,18005,0,0,10,4
2021-02-26T23:59:59+01:00,2,1,1455,1580,2339,3629,2208,5384,2572,7379,3248,6015,1892,1842,5389,7741,6779,12676,275,345,892,1675,1135,2755,1449,4226,2084,3621,1336,1506,4891,7118,3962,8269,53608,43762,2832,1776,15681,0,0,10,3
2021-02-25T23:59:59+01:00,2,1,1241,1298,2120,3198,2036,4632,2374,6436,3007,5117,1801,1771,5337,7661,6196,11824,273,337,885,1614,1101,2659,1416,4116,2028,3546,1299,1485,4847,7076,3942,8214,51707,43288,2820,1549,11516,0,0,9,3
2021-02-24T23:59:59+01:00,2,1,1188,1089,2014,2933,1930,4295,2241,6032,2837,4848,1724,1716,5276,7572,5425,10630,271,331,849,1566,1051,2568,1355,4000,1939,3417,1259,1457,4830,7049,3932,8193,49344,43023,2808,1043,9592,0,0,9,3
2021-02-23T23:59:59+01:00,2,1,1173,1038,1979,2869,1904,4196,2215,5947,2803,4785,1715,1701,5240,7524,4777,9595,271,330,822,1539,1001,2516,1302,3922,1833,3342,1207,1430,4806,7023,3919,8154,47541,42816,2781,600,9134,0,0,8,3
2021-02-22T23:59:59+01:00,2,1,1165,996,1930,2725,1860,4051,2159,5752,2749,4680,1704,1690,5206,7476,4162,8705,269,321,779,1501,947,2433,1213,3814,1693,3244,1117,1371,4763,6951,3891,8044,45916,42340,2763,10,8327,0,0,7,3
2021-02-21T23:59:59+01:00,2,1,1163,982,1901,2663,1833,3954,2132,5647,2729,4617,1697,1684,5203,7467,4162,8701,267,319,774,1495,939,2401,1211,3778,1680,3204,1108,1356,4745,6927,3866,8000,45863,42059,2753,10,7915,0,0,7,3
2021-02-20T23:59:59+01:00,2,1,1163,982,1901,2662,1832,3954,2132,5647,2727,4611,1688,1675,5196,7460,4160,8698,267,319,774,1494,938,2397,1210,3774,1679,3202,1108,1356,4693,6867,3819,7943,45848,41830,2725,9,7911,0,0,7,3
2021-02-19T23:59:59+01:00,2,1,1163,979,1898,2657,1832,3944,2131,5638,2723,4608,1670,1666,5181,7442,4157,8693,266,318,770,1484,929,2372,1203,3731,1650,3149,1080,1317,4500,6614,3639,7643,45768,40655,2704,9,7906,0,0,7,3
2021-02-18T23:59:59+01:00,2,1,1132,897,1858,2538,1793,3807,2078,5432,2661,4435,1653,1649,5165,7409,4152,8664,238,289,725,1359,881,2166,1117,3394,1534,2852,970,1127,4005,5831,3223,6737,45614,36438,2671,9,7034,0,0,7,3
2021-02-17T23:59:59+01:00,2,1,1084,770,1777,2306,1716,3511,1969,5072,2586,4188,1628,1640,5144,7394,4143,8661,233,286,715,1341,872,2144,1105,3359,1515,2831,964,1124,3621,5304,2924,6309,45574,34637,2611,9,5400,0,0,7,3
2021-02-16T23:59:59+01:00,2,1,1043,732,1723,2203,1647,3339,1899,4865,2507,4080,1589,1626,5117,7371,4134,8649,226,280,699,1306,850,2090,1074,3241,1476,2744,940,1101,3263,4754,2580,5810,45520,32427,2444,6,4557,0,0,6,3
2021-02-15T23:59:59+01:00,2,1,1036,713,1703,2126,1629,3239,1880,4756,2493,4001,1559,1612,5087,7355,4101,8593,214,270,683,1273,831,2040,1053,3175,1434,2679,910,1070,2834,4195,2243,5229,45393,30127,2358,5,4129,0,0,6,3
2021-02-14T23:59:59+01:00,2,1,942,680,1625,2093,1567,3220,1837,4734,2458,3988,1552,1610,5078,7343,4098,8587,207,259,674,1255,813,2000,1037,3109,1403,2611,880,1024,2742,4053,2164,5030,45349,29257,2323,4,3738,0,0,5,2
2021-02-13T23:59:59+01:00,2,1,889,656,1595,2070,1552,3211,1821,4727,2450,3987,1551,1609,5078,7342,4097,8586,205,258,672,1254,813,1996,1037,3107,1402,2608,879,1023,2638,3928,2098,4929,45342,28844,2323,3,3554,0,0,5,2
2021-02-12T23:59:59+01:00,2,1,559,509,1248,1953,1381,3109,1681,4644,2343,3917,1532,1601,5068,7331,4087,8576,193,252,657,1228,799,1952,1010,3022,1347,2508,817,948,2411,3613,1950,4606,45221,27311,2323,2,1993,0,0,5,2
2021-02-11T23:59:59+01:00,2,1,394,433,1059,1839,1278,2991,1584,4531,2254,3827,1423,1556,5005,7279,4064,8526,156,189,557,984,664,1506,809,2350,1067,1915,575,696,1791,2724,1438,3324,44862,20746,2115,1,1064,0,0,5,0
2021-02-10T23:59:59+01:00,2,1,281,362,933,1733,1176,2869,1490,4347,2140,3705,1384,1543,4984,7268,4060,8524,134,127,386,623,493,1017,640,1738,899,1581,555,680,1385,2164,1121,2822,44786,16367,2006,0,6,0,0,4,0
2021-02-09T23:59:59+01:00,2,1,281,361,932,1727,1173,2861,1490,4341,2139,3700,1376,1540,4982,7266,4059,8522,131,125,378,590,474,990,619,1709,874,1551,553,677,1000,1699,840,2415,44761,14627,1983,0,5,0,0,4,0
2021-02-08T23:59:59+01:00,2,1,281,359,931,1725,1170,2851,1483,4336,2137,3696,1371,1536,4980,7266,4058,8519,126,119,367,577,466,971,608,1677,856,1525,545,672,606,1208,534,1986,44733,12845,1960,0,5,0,0,4,0
2021-02-07T23:59:59+01:00,2,1,281,359,928,1725,1169,2851,1481,4334,2137,3696,1371,1536,4980,7265,4057,8519,122,116,361,573,465,964,605,1665,846,1509,537,669,605,1198,529,1971,44729,12737,1959,0,0,0,0,4,0
2021-02-06T23:59:59+01:00,2,1,281,359,928,1725,1169,2851,1481,4334,2137,3696,1371,1536,4980,7265,4057,8519,119,113,359,569,464,962,605,1663,846,1508,536,668,605,1198,529,1971,44729,12717,1959,0,0,0,0,4,0
2021-02-05T23:59:59+01:00,2,1,280,358,926,1725,1169,2850,1479,4333,2136,3696,1371,1536,4979,7263,4057,8516,118,105,356,564,456,949,601,1653,833,1485,531,658,599,1182,519,1946,44714,12557,1959,0,0,0,0,4,0
2021-02-04T23:59:59+01:00,2,1,276,353,920,1686,1162,2803,1479,4281,2124,3653,1363,1529,4951,7231,4045,8482,89,70,238,391,331,691,472,1260,624,1117,401,520,504,966,454,1680,44379,9809,1958,0,0,0,0,4,0
2021-02-03T23:59:59+01:00,2,1,274,344,916,1661,1158,2768,1468,4231,2115,3617,1355,1513,4926,7201,4031,8452,55,34,84,166,152,346,230,593,301,543,211,278,288,602,265,1047,44071,5196,1958,0,0,0,0,4,0
2021-02-02T23:59:59+01:00,2,1,273,342,915,1649,1154,2749,1465,4199,2108,3591,1347,1507,4918,7187,4023,8426,16,10,28,51,61,101,73,165,96,123,45,75,70,133,57,207,43894,1312,1958,0,0,0,0,4,0
2021-02-01T23:59:59+01:00,2,1,273,337,915,1646,1153,2748,1464,4195,2107,3585,1346,1506,4916,7186,4023,8426,13,9,24,44,51,92,60,140,74,104,39,67,62,124,55,194,43867,1153,1958,0,0,0,0,4,0
2021-01-31T23:59:59+01:00,2,1,273,336,915,1642,1152,2743,1464,4190,2107,3582,1345,1506,4915,7185,4023,8426,12,8,22,39,44,84,54,129,64,98,34,56,53,114,52,187,43847,1051,1956,0,0,0,0,4,0
2021-01-30T23:59:59+01:00,2,1,273,336,910,1639,1144,2735,1456,4184,2103,3579,1345,1506,4862,7125,3977,8368,12,8,22,38,44,84,53,128,64,98,34,56,53,114,52,187,43619,1048,1922,0,0,0,0,4,0
2021-01-29T23:59:59+01:00,2,1,272,335,895,1631,1132,2714,1444,4154,2079,3552,1336,1500,4697,6924,3809,8160,10,8,22,38,41,84,52,126,61,97,33,52,52,114,52,187,42823,1030,1810,0,0,0,0,4,0
2021-01-28T23:59:59+01:00,2,1,268,322,876,1544,1093,2604,1407,4052,2010,3478,1310,1487,4361,6453,3531,7800,7,4,10,18,22,42,21,58,36,64,20,34,36,74,40,125,41028,612,1567,0,0,0,0,4,0
2021-01-27T23:59:59+01:00,2,1,262,319,834,1489,1046,2510,1343,3954,1936,3371,1270,1460,3947,5881,3204,7327,3,4,10,9,11,21,8,23,14,29,12,15,18,42,17,63,39038,300,1114,0,0,0,0,4,0
2021-01-26T23:59:59+01:00,2,1,255,310,798,1442,979,2425,1282,3827,1820,3263,1209,1409,3598,5323,2849,6804,1,1,6,4,4,7,4,3,3,8,7,5,5,7,4,8,36926,78,666,0,0,0,0,4,0
2021-01-25T23:59:59+01:00,2,1,245,301,746,1382,918,2306,1180,3682,1661,3141,1129,1377,3200,4808,2532,6327,1,1,6,3,2,7,2,2,3,8,7,5,5,7,4,8,34872,72,63,0,0,0,0,3,0
2021-01-24T23:59:59+01:00,2,1,242,301,740,1378,907,2290,1175,3666,1633,3111,1123,1374,3173,4772,2515,6305,1,1,4,3,2,7,2,2,3,8,7,5,5,7,4,8,34697,70,9,0,0,0,0,2,0
2021-01-23T23:59:59+01:00,2,1,241,300,739,1377,907,2286,1174,3664,1630,3109,1122,1374,3068,4646,2448,6204,1,1,4,3,2,7,2,2,3,8,7,5,5,7,4,8,34282,70,8,0,0,0,0,2,0
2021-01-22T23:59:59+01:00,2,1,240,297,736,1361,905,2273,1168,3648,1626,3106,1120,1373,2906,4452,2345,6059,1,1,4,3,2,7,2,2,3,8,7,5,5,7,4,8,33608,70,8,0,0,0,0,2,0
2021-01-21T23:59:59+01:00,2,1,235,268,671,1205,838,2061,1087,3363,1530,2900,1077,1330,2558,3987,2050,5618,1,0,3,2,2,7,2,2,3,8,7,4,5,7,4,8,30773,66,8,0,0,0,0,0,0
2021-01-20T23:59:59+01:00,2,1,210,204,510,854,663,1571,887,2663,1294,2435,979,1197,2019,3234,1625,4805,1,0,3,2,2,7,2,2,3,6,6,4,5,7,4,8,25145,63,8,0,0,0,0,0,0
2021-01-19T23:59:59+01:00,2,1,184,187,464,745,609,1416,801,2366,1120,2129,811,938,1366,2295,1140,3669,0,0,2,1,0,0,0,0,2,1,1,0,0,0,0,0,20239,7,4,0,0,0,0,0,0
2021-01-18T23:59:59+01:00,1,1,138,132,386,620,487,1060,645,1822,930,1637,604,728,693,1347,597,2240,0,0,1,0,0,0,0,0,1,0,0,0,0,0,0,0,14065,2,3,0,0,0,0,0,0
2021-01-17T23:59:59+01:00,1,1,127,118,370,585,472,995,616,1705,871,1538,555,687,642,1245,551,2075,0,0,0,0,0,0,0,0,0,0,0,0,0,0,0,0,13153,0,1,0,0,0,0,0,0
2021-01-16T23:59:59+01:00,1,1,120,114,367,581,470,983,610,1692,865,1531,554,686,641,1239,546,2061,0,0,0,0,0,0,0,0,0,0,0,0,0,0,0,0,13061,0,1,0,0,0,0,0,0
2021-01-15T23:59:59+01:00,1,1,118,107,364,575,462,967,606,1681,851,1507,548,673,633,1222,538,2036,0,0,0,0,0,0,0,0,0,0,0,0,0,0,0,0,12890,0,0,0,0,0,0,0,0
2021-01-14T23:59:59+01:00,1,1,97,86,281,466,390,788,502,1411,695,1219,431,540,551,1023,476,1839,0,0,0,0,0,0,0,0,0,0,0,0,0,0,0,0,10797,0,0,0,0,0,0,0,0
2021-01-13T23:59:59+01:00,1,1,67,47,168,283,255,522,351,922,474,783,264,328,334,673,306,1168,0,0,0,0,0,0,0,0,0,0,0,0,0,0,0,0,6947,0,0,0,0,0,0,0,0
2021-01-12T23:59:59+01:00,1,1,31,20,53,102,114,215,150,384,196,334,137,180,175,372,176,649,0,0,0,0,0,0,0,0,0,0,0,0,0,0,0,0,3290,0,0,0,0,0,0,0,0
2021-01-11T23:59:59+01:00,1,0,17,10,37,64,62,114,77,172,91,126,40,67,67,131,55,201,0,0,0,0,0,0,0,0,0,0,0,0,0,0,0,0,1332,0,0,0,0,0,0,0,0
2021-01-10T23:59:59+01:00,1,0,14,7,30,53,55,102,67,157,75,112,34,57,57,120,50,191,0,0,0,0,0,0,0,0,0,0,0,0,0,0,0,0,1182,0,0,0,0,0,0,0,0
2021-01-09T23:59:59+01:00,1,0,13,7,29,52,54,101,64,156,75,110,34,57,57,120,50,191,0,0,0,0,0,0,0,0,0,0,0,0,0,0,0,0,1171,0,0,0,0,0,0,0,0
2021-01-08T23:59:59+01:00,1,0,10,7,27,49,49,96,60,143,69,106,32,52,56,120,50,191,0,0,0,0,0,0,0,0,0,0,0,0,0,0,0,0,1118,0,0,0,0,0,0,0,0
2021-01-07T23:59:59+01:00,1,0,7,4,10,19,22,43,23,58,38,66,19,35,41,80,39,127,0,0,0,0,0,0,0,0,0,0,0,0,0,0,0,0,632,0,0,0,0,0,0,0,0
2021-01-06T23:59:59+01:00,1,0,7,4,10,16,14,30,15,40,25,53,16,25,34,70,37,111,0,0,0,0,0,0,0,0,0,0,0,0,0,0,0,0,508,0,0,0,0,0,0,0,0
2021-01-05T23:59:59+01:00,1,0,7,4,10,16,14,30,15,40,25,53,16,25,33,70,37,111,0,0,0,0,0,0,0,0,0,0,0,0,0,0,0,0,507,0,0,0,0,0,0,0,0
2021-01-04T23:59:59+01:00,1,0,2,4,9,6,4,14,4,8,6,16,7,5,9,16,5,15,0,0,0,0,0,0,0,0,0,0,0,0,0,0,0,0,131,0,0,0,0,0,0,0,0
2021-01-03T23:59:59+01:00,1,0,1,1,4,3,2,7,3,3,3,9,5,4,6,8,4,9,0,0,0,0,0,0,0,0,0,0,0,0,0,0,0,0,73,0,0,0,0,0,0,0,0
2021-01-02T23:59:59+01:00,1,0,1,1,4,3,2,7,3,3,3,9,5,4,6,8,4,9,0,0,0,0,0,0,0,0,0,0,0,0,0,0,0,0,73,0,0,0,0,0,0,0,0
2021-01-01T23:59:59+01:00,1,0,1,1,4,3,2,7,2,3,3,9,5,4,6,8,4,9,0,0,0,0,0,0,0,0,0,0,0,0,0,0,0,0,72,0,0,0,0,0,0,0,0
2020-12-31T23:59:59+01:00,1,0,1,1,4,2,2,7,2,2,3,8,5,4,6,8,4,9,0,0,0,0,0,0,0,0,0,0,0,0,0,0,0,0,69,0,0,0,0,0,0,0,0
2020-12-30T23:59:59+01:00,1,0,1,1,4,2,2,7,2,2,3,6,5,4,6,8,4,9,0,0,0,0,0,0,0,0,0,0,0,0,0,0,0,0,67,0,0,0,0,0,0,0,0
2020-12-29T23:59:59+01:00,1,0,1,1,3,1,2,6,2,2,3,6,3,2,5,8,3,8,0,0,0,0,0,0,0,0,0,0,0,0,0,0,0,0,57,0,0,0,0,0,0,0,0
2020-12-28T23:59:59+01:00,1,0,0,0,3,1,0,2,1,0,1,3,0,1,0,1,1,5,0,0,0,0,0,0,0,0,0,0,0,0,0,0,0,0,20,0,0,0,0,0,0,0,0
2020-12-27T23:59:59+01:00,0,0,0,0,0,0,0,1,1,0,1,2,0,1,0,1,1,5,0,0,0,0,0,0,0,0,0,0,0,0,0,0,0,0,13,0,0,0,0,0,0,0,0
