Datum,<15_m,<15_w,15-24_1_m,15-24_1_w,25-34_1_m,25-34_1_w,35-44_1_m,35-44_1_w,45-54_1_m,45-54_1_w,55-64_1_m,55-64_1_w,65-74_1_m,65-74_1_w,75-84_1_m,75-84_1_w,>84_1_m,>84_1_w,<24_2_m,<24_2_w,25-34_2_m,25-34_2_w,35-44_2_m,35-44_2_w,45-54_2_m,45-54_2_w,55-64_2_m,55-64_2_w,65-74_2_m,65-74_2_w,75-84_2_m,75-84_2_w,>84_2_m,>84_2_w,bp_1,bp_2,mo_1,mo_2,az_1,az_2,ja,unb_1,unb_2
2021-09-02T23:59:59+02:00,4248,3969,39640,38029,53637,46283,58344,54761,70593,69108,85610,83953,59631,63745,38904,50117,12013,21473,35846,34524,50198,42720,55242,51111,66993,64885,81770,79970,57525,61346,37641,48372,11625,20719,633139,595452,78994,75568,109579,103574,32304,42,49
2021-09-01T23:59:59+02:00,4190,3901,39452,37860,53480,46141,58232,54653,70503,69024,85549,83881,59590,63714,38888,50104,12011,21462,35516,34183,49976,42472,55051,50921,66836,64719,81642,79867,57481,61291,37613,48347,11622,20713,632049,593298,78990,75560,109578,103573,31976,42,49
2021-08-31T23:59:59+02:00,4142,3854,39319,37710,53354,46031,58133,54546,70418,68950,85474,83826,59560,63686,38871,50076,12009,21459,35398,34083,49837,42375,54945,50837,66743,64653,81564,79815,57443,61257,37599,48327,11617,20710,631135,592744,78988,75559,109576,103345,31677,42,49
2021-08-30T23:59:59+02:00,4091,3810,39215,37587,53254,45945,58050,54471,70357,68872,85413,83778,59543,63661,38859,50065,12007,21453,35326,34012,49764,42313,54870,50766,66684,64592,81513,79758,57420,61230,37586,48308,11617,20701,630317,592183,78985,75524,109576,103333,31511,42,49
2021-08-29T23:59:59+02:00,4081,3800,39197,37569,53235,45930,58036,54452,70350,68862,85396,83761,59541,63659,38856,50061,12006,21452,35295,33988,49733,42296,54857,50740,66662,64564,81491,79744,57410,61214,37581,48305,11615,20700,630200,591989,78982,75507,109576,103333,31444,42,49
2021-08-28T23:59:59+02:00,4081,3800,39196,37569,53234,45928,58036,54452,70349,68860,85396,83761,59541,63659,38856,50061,12006,21452,35295,33987,49733,42296,54855,50740,66660,64563,81491,79744,57410,61214,37581,48305,11615,20700,630195,591986,78982,75506,109576,103333,31442,42,49
2021-08-27T23:59:59+02:00,4046,3759,39075,37470,53138,45826,57955,54360,70262,68783,85336,83705,59515,63636,38844,50052,12006,21450,35193,33929,49634,42236,54782,50667,66572,64502,81438,79708,57385,61195,37571,48298,11614,20699,629573,591594,78982,75504,109571,103331,31050,42,49
2021-08-26T23:59:59+02:00,3963,3696,38889,37288,52981,45662,57825,54214,70137,68668,85216,83615,59470,63592,38820,50032,11998,21439,35023,33758,49482,42075,54628,50510,66448,64374,81300,79599,57339,61137,37543,48275,11610,20691,628415,590464,78980,75492,109565,103326,30503,42,49
2021-08-25T23:59:59+02:00,3871,3630,38722,37092,52829,45476,57713,54075,70037,68568,85122,83523,59434,63552,38802,50013,11996,21432,34637,33346,49213,41762,54395,50247,66255,64173,81120,79431,57254,61057,37521,48238,11598,20680,627189,587743,78979,75489,109565,103326,30112,42,49
2021-08-24T23:59:59+02:00,3853,3615,38638,37021,52750,45407,57658,54022,69984,68521,85078,83483,59402,63526,38794,49996,11993,21422,34489,33225,49094,41674,54308,50165,66154,64081,81031,79355,57208,61014,37513,48222,11594,20671,626761,586840,78976,75485,109563,103321,29821,42,49
2021-08-23T23:59:59+02:00,3827,3581,38544,36927,52669,45342,57602,53955,69927,68470,85025,83445,59384,63500,38784,49982,11991,21414,34351,33087,48972,41597,54211,50080,66063,63987,80946,79293,57173,60965,37493,48203,11593,20660,626234,585973,78974,75455,109560,103308,29559,42,49
2021-08-22T23:59:59+02:00,3820,3581,38515,36916,52654,45323,57583,53943,69902,68453,85008,83432,59375,63489,38782,49973,11986,21412,34304,33048,48947,41559,54176,50053,66022,63963,80910,79268,57158,60950,37490,48194,11588,20657,626135,585690,78972,75445,109558,103307,29440,42,49
2021-08-21T23:59:59+02:00,3818,3578,38496,36909,52646,45312,57570,53937,69888,68442,85003,83423,59369,63487,38781,49973,11986,21412,34290,33042,48938,41550,54163,50048,66010,63952,80905,79262,57154,60949,37490,48194,11588,20657,626098,585674,78971,75444,109557,103307,29362,42,49
2021-08-20T23:59:59+02:00,3797,3546,38424,36839,52562,45241,57495,53875,69814,68389,84942,83376,59353,63468,38778,49969,11986,21406,34189,32937,48826,41482,54076,49975,65917,63887,80836,79209,57135,60926,37484,48189,11587,20653,625730,585165,78969,75441,109557,103304,28962,42,49
2021-08-19T23:59:59+02:00,3769,3513,38258,36697,52402,45105,57375,53776,69687,68272,84844,83299,59324,63426,38763,49953,11982,21394,33841,32680,48541,41242,53860,49782,65710,63705,80662,79075,57080,60853,37439,48154,11582,20642,624856,583270,78967,75346,109556,103291,28418,42,49
2021-08-18T23:59:59+02:00,3718,3463,38072,36541,52284,44985,57281,53670,69578,68178,84769,83237,59285,63383,38748,49933,11980,21387,33459,32270,48242,40986,53608,49505,65493,63498,80481,78915,56998,60767,37403,48112,11579,20632,623869,580718,78964,75219,109554,103284,28063,42,49
2021-08-17T23:59:59+02:00,3659,3415,37913,36386,52171,44864,57201,53574,69484,68093,84697,83175,59250,63352,38735,49910,11976,21379,33067,31828,47919,40678,53316,49216,65244,63259,80282,78708,56891,60657,37362,48063,11567,20621,622932,577624,78964,75203,109549,103263,27747,42,49
2021-08-16T23:59:59+02:00,3605,3365,37768,36241,52078,44767,57127,53504,69416,68026,84646,83129,59228,63323,38721,49894,11970,21371,32505,31270,47527,40264,52931,48834,64939,62996,80065,78514,56815,60544,37330,48010,11559,20600,622038,573622,78960,75168,109549,103243,27590,42,49
2021-08-15T23:59:59+02:00,3595,3356,37736,36216,52046,44748,57101,53471,69399,68010,84635,83118,59217,63319,38718,49885,11970,21369,32428,31172,47458,40200,52868,48774,64895,62955,80023,78487,56797,60524,37322,47997,11558,20596,621851,573069,78960,75137,109548,103232,27508,42,49
2021-08-14T23:59:59+02:00,3590,3352,37728,36209,52041,44744,57094,53465,69395,68007,84628,83114,59210,63314,38717,49883,11970,21369,32420,31166,47452,40197,52859,48767,64892,62953,80017,78485,56792,60519,37321,47995,11558,20596,621819,573046,78957,75137,109548,103232,27464,42,49
2021-08-13T23:59:59+02:00,3573,3339,37660,36168,51982,44695,57030,53416,69325,67966,84564,83078,59188,63302,38706,49869,11967,21363,32282,31053,47324,40098,52741,48667,64790,62873,79928,78435,56769,60498,37308,47985,11556,20591,621519,572245,78957,75135,109548,103232,27125,42,49
2021-08-12T23:59:59+02:00,3534,3312,37534,36047,51891,44605,56962,53332,69229,67893,84491,83013,59160,63278,38692,49857,11967,21360,31756,30567,46937,39751,52358,48321,64464,62643,79714,78227,56680,60411,37264,47943,11551,20574,620802,568792,78957,75106,109546,103125,26810,42,49
2021-08-11T23:59:59+02:00,3492,3270,37386,35904,51782,44500,56846,53214,69133,67804,84408,82935,59120,63240,38671,49841,11963,21356,31117,29953,46429,39364,51931,47885,64161,62365,79503,78024,56586,60305,37228,47871,11538,20556,619923,564766,78952,75082,109544,103037,26404,42,49
2021-08-10T23:59:59+02:00,3445,3224,37228,35755,51668,44379,56743,53105,69068,67735,84344,82878,59096,63203,38653,49828,11956,21351,30226,28975,45700,38663,51271,47281,63775,62006,79256,77783,56481,60201,37183,47802,11530,20544,618985,558579,78950,75080,109541,103034,26142,41,49
2021-08-09T23:59:59+02:00,3409,3195,37134,35647,51594,44310,56685,53064,69037,67692,84314,82847,59081,63189,38641,49809,11955,21349,29518,28231,45036,38088,50699,46704,63404,61650,78977,77536,56361,60105,37140,47747,11523,20530,618403,554492,78948,73631,109541,103009,26019,41,49
2021-08-08T23:59:59+02:00,3400,3182,37108,35631,51570,44286,56667,53054,69019,67674,84294,82832,59078,63184,38636,49802,11954,21348,29390,28089,44889,37992,50604,46623,63348,61593,78929,77497,56326,60087,37130,47736,11523,20527,618232,553567,78947,73623,109540,102977,25959,41,49
2021-08-07T23:59:59+02:00,3400,3182,37104,35625,51560,44285,56665,53054,69015,67671,84293,82830,59077,63184,38636,49802,11954,21348,29379,28083,44877,37986,50603,46619,63345,61588,78926,77494,56325,60086,37130,47736,11523,20527,618222,553537,78946,73619,109540,102977,25936,41,49
2021-08-06T23:59:59+02:00,3389,3168,37039,35569,51484,44223,56601,53012,68973,67640,84261,82801,59064,63165,38625,49796,11951,21346,29141,27857,44673,37801,50422,46479,63210,61474,78828,77426,56300,60061,37115,47726,11520,20524,617950,552096,78943,73613,109540,102976,25633,41,49
2021-08-05T23:59:59+02:00,3356,3128,36887,35435,51369,44092,56485,52895,68860,67527,84136,82728,59022,63112,38602,49776,11942,21336,28445,27240,44090,37320,49869,46026,62853,61178,78535,77206,56191,59966,37077,47674,11512,20509,617162,547797,78941,73603,109540,102798,25004,41,49
2021-08-04T23:59:59+02:00,3297,3065,36689,35266,51222,43947,56346,52782,68739,67404,84022,82619,58956,63054,38585,49747,11938,21326,27299,26118,43130,36444,48906,45122,62263,60574,78041,76769,55982,59787,37019,47585,11499,20489,616097,539458,78931,73563,109540,102744,24395,41,49
2021-08-03T23:59:59+02:00,3223,3007,36472,35068,51074,43811,56225,52662,68611,67290,83934,82548,58914,63011,38566,49717,11930,21311,26221,25006,42205,35552,48007,44239,61727,60045,77595,76363,55816,59600,36960,47499,11481,20458,614760,531154,78923,73516,109538,102718,24112,41,49
2021-08-02T23:59:59+02:00,3179,2953,36328,34919,50967,43703,56133,52565,68526,67202,83851,82474,58876,62963,38551,49698,11922,21299,25322,24004,41364,34816,47277,43502,61245,59579,77213,76019,55654,59452,36910,47422,11464,20437,613803,524208,78922,73462,109537,102576,23806,41,49
2021-08-01T23:59:59+02:00,3174,2948,36313,34897,50942,43685,56115,52541,68497,67189,83837,82462,58870,62958,38549,49694,11922,21299,25062,23756,41121,34616,47047,43306,61104,59443,77097,75923,55618,59423,36895,47409,11460,20433,613667,522349,78918,73421,109536,102511,23730,41,49
2021-07-31T23:59:59+02:00,3173,2947,36307,34896,50941,43684,56113,52540,68495,67188,83837,82461,58870,62958,38549,49694,11922,21299,25055,23743,41111,34609,47041,43300,61095,59441,77095,75922,55618,59420,36895,47409,11460,20432,613653,522283,78917,73420,109536,102511,23727,41,49
2021-07-30T23:59:59+02:00,3157,2933,36249,34832,50870,43633,56054,52482,68440,67147,83799,82421,58858,62944,38545,49687,11919,21296,24737,23432,40836,34396,46786,43105,60910,59311,76947,75808,55587,59381,36881,47397,11460,20432,613365,520355,78913,73418,109533,102403,23414,41,49
2021-07-29T23:59:59+02:00,3134,2905,36111,34710,50743,43510,55963,52383,68370,67083,83728,82370,58832,62926,38534,49678,11919,21295,23782,22443,39961,33651,45889,42324,60367,58873,76589,75507,55467,59243,36842,47343,11453,20421,612499,513320,78893,73293,109533,102236,23228,41,49
2021-07-28T23:59:59+02:00,3084,2850,35873,34476,50524,43340,55770,52237,68232,66945,83613,82272,58779,62879,38512,49642,11909,21287,22568,21194,38641,32554,44581,41155,59573,58214,76085,75051,55273,59056,36774,47240,11439,20396,611142,503537,78889,73128,109533,102079,22619,41,49
2021-07-27T23:59:59+02:00,3059,2831,35766,34360,50443,43258,55695,52185,68170,66877,83552,82201,58739,62836,38500,49627,11908,21278,21329,19800,37216,31218,43211,39856,58950,57622,75665,74642,55110,58880,36716,47186,11427,20373,610424,493125,78874,72952,109533,101966,22413,41,49
2021-07-26T23:59:59+02:00,3040,2812,35704,34267,50387,43205,55654,52137,68125,66840,83517,82176,58725,62821,38488,49615,11907,21276,20307,18698,35964,30103,41945,38707,58452,57223,75381,74391,55013,58780,36695,47151,11421,20359,609908,484885,78869,72623,109533,101805,22345,41,49
2021-07-25T23:59:59+02:00,3029,2807,35652,34226,50346,43160,55627,52114,68102,66815,83487,82153,58710,62814,38485,49612,11904,21270,19905,18332,35546,29773,41539,38402,58259,57069,75224,74288,54970,58742,36674,47131,11417,20355,609614,482155,78864,72361,109533,101777,22261,41,49
2021-07-24T23:59:59+02:00,3029,2807,35648,34222,50344,43157,55625,52113,68100,66815,83485,82152,58710,62814,38484,49612,11904,21270,19900,18322,35538,29764,41533,38401,58256,57067,75220,74286,54970,58742,36673,47131,11417,20355,609605,482118,78863,72361,109533,101775,22249,41,49
2021-07-23T23:59:59+02:00,3004,2782,35497,34106,50197,43057,55509,52009,68004,66723,83395,82101,58679,62785,38474,49607,11899,21267,19663,18102,35277,29589,41262,38220,58091,56939,75084,74210,54931,58719,36661,47121,11411,20349,608984,481000,78863,72068,109533,101773,21674,41,49
2021-07-22T23:59:59+02:00,2953,2697,35062,33739,49889,42819,55248,51784,67777,66544,83220,81950,58594,62692,38439,49561,11888,21249,18875,17440,34181,28857,40141,37392,57357,56473,74532,73840,54754,58541,36597,47037,11390,20323,606848,475488,78848,70641,109529,101555,20839,41,49
2021-07-21T23:59:59+02:00,2898,2639,34753,33411,49649,42609,55060,51599,67587,66360,83093,81825,58529,62640,38408,49522,11877,21239,18050,16608,32873,27865,38879,36433,56668,55913,74086,73478,54608,58366,36532,46953,11378,20290,605035,469595,78796,68457,109528,101342,20298,41,49
2021-07-20T23:59:59+02:00,2822,2576,34397,33031,49370,42377,54889,51405,67408,66205,82956,81707,58467,62587,38380,49477,11876,21224,16900,15485,31162,26464,37153,34980,55870,55268,73545,73034,54442,58177,36482,46869,11361,20252,602964,460435,78760,66717,109527,101006,19862,41,49
2021-07-19T23:59:59+02:00,2738,2506,33839,32470,49058,42068,54614,51141,67213,65992,82785,81541,58400,62505,38335,49425,11869,21209,16250,14910,30224,25784,36295,34267,55433,54845,73219,72795,54355,58091,36445,46819,11355,20230,599769,456755,78701,64551,109526,100836,19671,41,49
2021-07-18T23:59:59+02:00,2710,2488,33740,32357,48967,42012,54558,51084,67153,65942,82742,81499,58372,62479,38324,49412,11867,21202,15931,14646,29653,25404,35802,33920,55178,54683,73074,72694,54313,58053,36437,46804,11354,20226,599165,455315,78686,63017,109525,100808,19491,41,49
2021-07-17T23:59:59+02:00,2710,2488,33738,32355,48963,42011,54557,51082,67153,65941,82742,81499,58372,62478,38324,49412,11867,21202,15926,14640,29644,25389,35797,33916,55174,54682,73074,72694,54313,58053,36437,46804,11354,20226,599155,455271,78683,63013,109525,100808,19490,41,49
2021-07-16T23:59:59+02:00,2652,2423,33129,31834,48471,41665,54165,50747,66773,65620,82430,81267,58253,62366,38274,49363,11863,21195,15509,14316,29155,25020,35354,33584,54838,54429,72815,72502,54201,57966,36402,46766,11351,20222,596943,453886,78679,62884,109524,100799,17303,41,49
2021-07-15T23:59:59+02:00,2519,2291,32268,31055,47847,41095,53593,50269,66349,65276,82177,81028,58164,62270,38240,49320,11855,21176,14675,13648,27838,24193,34054,32776,54162,54031,72405,72279,54108,57872,36373,46732,11344,20207,591939,449722,78667,60521,109523,100219,16622,41,49
2021-07-14T23:59:59+02:00,2413,2205,31722,30530,47361,40662,53176,49874,66025,64999,81943,80781,58061,62174,38208,49270,11845,21163,13432,12509,25842,22743,32152,31254,53415,53444,71900,71939,53972,57747,36332,46671,11334,20192,588105,440608,78650,58594,109522,99884,16094,41,48
2021-07-13T23:59:59+02:00,2356,2135,31453,30262,47091,40438,52929,49649,65823,64812,81777,80632,57997,62098,38183,49233,11835,21150,12446,11662,24115,21436,30210,29672,52225,52278,71084,71151,53727,57471,36245,46557,11317,20165,585958,433907,78635,55673,109514,96733,15705,41,47
2021-07-12T23:59:59+02:00,2130,1928,30591,29333,46440,39905,52360,49082,65434,64423,81503,80361,57865,61972,38141,49175,11825,21129,11699,11037,22727,20456,28473,28295,51270,51422,70345,70534,53471,57193,36180,46441,11304,20134,579738,425817,78619,53118,109514,96580,15685,41,47
2021-07-11T23:59:59+02:00,2085,1890,30470,29223,46375,39834,52309,49020,65376,64368,81442,80318,57845,61952,38135,49158,11820,21124,11533,10889,22452,20272,28111,28024,51069,51277,70174,70390,53418,57112,36158,46424,11295,20127,578919,423752,78613,53076,109512,96447,15659,41,46
2021-07-10T23:59:59+02:00,2085,1888,30465,29216,46373,39829,52305,49019,65373,64367,81441,80316,57845,61950,38134,49158,11820,21124,11521,10871,22440,20259,28096,28012,51063,51273,70171,70387,53418,57112,36157,46424,11295,20127,578889,423671,78613,53074,109512,96437,15653,41,46
2021-07-09T23:59:59+02:00,2040,1850,30233,28980,46156,39650,52122,48848,65212,64255,81337,80237,57815,61921,38118,49143,11815,21122,11140,10599,21799,19823,27431,27462,50354,50706,69590,69978,53317,57024,36134,46390,11290,20116,577690,422599,78607,52760,109507,92987,15009,41,46
2021-07-08T23:59:59+02:00,1902,1722,29569,28446,45557,39146,51566,48381,64811,63947,81040,80003,57723,61831,38087,49093,11810,21108,9958,9489,19853,18189,24973,25481,49320,49908,68965,69442,53092,56811,36059,46304,11275,20090,573447,412078,78587,50329,109490,92761,14177,41,46
2021-07-07T23:59:59+02:00,1689,1526,28463,27236,44520,38185,50468,47389,64155,63311,80503,79520,57520,61601,38021,49009,11796,21068,9427,9012,18769,17356,23580,24281,48498,49262,68422,68955,52891,56571,35983,46206,11259,20051,564189,405742,78571,48718,109489,92474,13690,41,46
2021-07-06T23:59:59+02:00,1488,1368,27377,26189,43494,37267,49532,46453,63551,62748,80068,79113,57339,61419,37966,48915,11772,21040,8708,8265,17429,16353,21968,22999,47893,48812,68045,68689,52774,56456,35934,46169,11252,20035,555923,398277,78560,48292,109486,92178,13089,41,46
2021-07-05T23:59:59+02:00,1331,1244,26230,24936,42411,36268,48480,45387,62885,62171,79634,78711,57165,61229,37914,48840,11763,21018,8456,8040,16933,16040,21407,22616,47588,48587,67850,68540,52722,56383,35909,46150,11249,20030,546607,395704,78552,47978,109485,91921,12932,41,44
2021-07-04T23:59:59+02:00,1266,1180,25907,24607,42107,36009,48228,45203,62740,62036,79519,78617,57129,61189,37904,48821,11760,21015,8201,7885,16667,15847,21127,22419,47463,48489,67773,68466,52698,56358,35894,46145,11247,20029,544292,394689,78526,47316,109483,91836,12895,41,44
2021-07-03T23:59:59+02:00,1266,1179,25900,24596,42093,36002,48226,45203,62737,62035,79518,78616,57128,61189,37904,48821,11760,21015,8196,7877,16655,15837,21120,22412,47458,48488,67769,68465,52697,56358,35894,46145,11247,20029,544261,394655,78524,47315,109483,91826,12879,41,44
2021-07-02T23:59:59+02:00,1198,1122,25582,24242,41771,35721,47969,44949,62594,61890,79444,78546,57111,61167,37897,48809,11756,21010,8018,7725,16286,15569,20677,22105,46490,47710,67272,68116,52614,56266,35879,46127,11246,20026,541874,392168,78523,47311,109478,89809,12862,41,44
2021-07-01T23:59:59+02:00,1143,1072,25204,23879,41390,35372,47574,44598,62342,61654,79253,78374,57048,61104,37866,48768,11749,21000,7627,7390,15470,14790,19510,21073,44953,46225,66059,67038,52309,55962,35782,46008,11222,19999,538722,386349,78421,46486,109469,85859,12737,41,44
2021-06-30T23:59:59+02:00,1070,1008,24781,23429,40960,34999,47165,44223,62115,61452,79083,78225,56970,61027,37839,48718,11741,20980,7254,7030,14525,13984,18078,19866,41744,43494,64362,65595,51844,55464,35633,45815,11195,19950,535283,374331,78389,45793,109467,83105,12605,41,43
2021-06-29T23:59:59+02:00,978,900,24277,22894,40444,34581,46733,43808,61852,61173,78870,78046,56893,60963,37811,48675,11735,20961,6976,6721,13861,13491,16917,18946,37423,39803,63010,64342,51358,54964,35501,45637,11164,19907,531209,359035,78380,45583,109467,82896,12497,41,43
2021-06-28T23:59:59+02:00,949,867,23938,22501,39985,34198,46311,43439,61615,60918,78681,77891,56822,60895,37782,48645,11732,20946,6666,6401,13201,12989,15905,18110,33773,36756,61887,63310,51004,54570,35406,45488,11140,19869,529455,350358,76690,40890,109467,82745,12462,41,43
2021-06-27T23:59:59+02:00,935,854,23845,22409,39912,34135,46253,43380,61584,60881,78647,77861,56807,60883,37776,48638,11731,20941,6576,6326,12968,12847,15481,17872,32940,36110,61631,63111,50914,54500,35388,45466,11138,19865,528843,347457,76686,40625,109461,82588,12441,41,43
2021-06-26T23:59:59+02:00,934,854,23839,22403,39905,34132,46252,43379,61583,60880,78647,77861,56807,60883,37776,48638,11731,20941,6573,6319,12962,12834,15473,17865,32936,36109,61624,63109,50912,54494,35388,45466,11138,19864,528816,347392,76686,40624,109461,82587,12441,41,43
2021-06-25T23:59:59+02:00,911,828,23724,22290,39819,34046,46169,43308,61539,60833,78599,77840,56796,60869,37773,48635,11730,20939,6475,6206,12852,12700,15335,17704,32217,35449,61236,62786,50834,54410,35380,45445,11135,19863,528023,344380,76686,40612,109458,82571,12440,41,43
2021-06-24T23:59:59+02:00,844,770,23334,21865,39468,33736,45817,43005,61335,60638,78439,77702,56742,60814,37751,48605,11726,20929,6136,5907,12288,12236,14629,17020,28917,32733,58954,60934,50250,53812,35246,45237,11117,19815,525063,330575,76637,40348,109456,81957,12323,41,43
2021-06-23T23:59:59+02:00,739,676,22693,21203,38891,33148,45165,42297,60969,60248,78191,77452,56639,60681,37706,48553,11716,20910,5981,5715,11919,11890,14123,16491,25550,29973,57312,59410,49726,53275,35127,45063,11096,19772,519487,321148,76583,37410,109454,81523,12312,41,43
2021-06-22T23:59:59+02:00,678,612,22268,20760,38488,32732,44731,41832,60697,59963,77988,77213,56543,60572,37669,48481,11703,20888,5790,5579,11596,11629,13699,16116,21212,26446,55238,57711,49128,52672,34950,44848,11076,19728,515693,306799,76456,37356,109449,81051,12179,41,43
2021-06-21T23:59:59+02:00,641,571,22016,20523,38238,32502,44487,41557,60510,59754,77857,77073,56491,60491,37645,48441,11694,20872,5660,5469,11288,11433,13361,15856,19663,25216,54320,56944,46902,50217,34351,44128,11053,19669,513659,301484,76252,37289,109435,74746,11976,41,43
2021-06-20T23:59:59+02:00,612,551,21726,20227,37942,32227,44203,41302,60358,59585,77720,76927,56442,60448,37625,48424,11691,20865,5604,5424,11156,11346,13208,15729,19269,24892,54053,56762,45244,48234,33784,43493,11033,19649,511266,300863,76174,36537,109424,69477,11970,41,41
2021-06-19T23:59:59+02:00,610,551,21721,20215,37926,32223,44200,41298,60352,59581,77718,76924,56439,60447,37625,48423,11691,20865,5598,5415,11151,11343,13199,15723,19262,24884,54039,56750,45235,48224,33783,43493,11033,19649,511205,300779,76169,36534,109424,69465,11970,41,41
2021-06-18T23:59:59+02:00,596,537,21624,20104,37859,32169,44126,41213,60297,59535,77674,76882,56416,60426,37620,48410,11690,20864,5503,5249,10854,10807,12827,15141,18721,23867,53185,55447,45031,48061,33755,43445,11027,19637,510450,299208,76163,36533,109419,64814,11969,41,41
2021-06-17T23:59:59+02:00,510,445,20906,19385,37101,31534,43331,40458,59890,59170,77379,76629,56303,60299,37572,48342,11677,20840,5309,5036,10469,10252,12304,14368,17791,22507,51612,53504,43879,46711,33437,43049,10980,19554,504461,291890,76071,36405,109413,60649,11785,41,41
2021-06-16T23:59:59+02:00,403,367,20105,18428,36109,30600,42317,39487,59349,58689,76991,76317,56162,60148,37515,48255,11667,20817,5119,4881,9960,9931,11569,13872,16243,21207,47737,49959,42124,44704,32973,42479,10917,19428,497094,275737,75529,36205,109398,59465,11664,41,40
2021-06-15T23:59:59+02:00,293,264,19290,17571,35186,29743,41388,38601,58910,58249,76658,75994,56020,59983,37460,48186,11652,20784,4915,4756,9435,9671,10864,13401,14733,20018,43471,45876,40572,42861,32493,41858,10850,19300,489882,258571,75413,36170,109391,58796,11505,41,39
2021-06-14T23:59:59+02:00,189,173,18170,16330,33933,28468,39923,37191,58322,57686,76265,75654,55893,59842,37415,48116,11643,20769,4788,4662,9090,9462,10386,13083,13560,19010,40834,43325,39497,41711,32200,41457,10818,19215,480124,247405,74975,36144,109388,58062,11455,40,39
2021-06-13T23:59:59+02:00,148,134,17664,15925,33451,28063,39431,36807,58107,57503,76118,75553,55866,59803,37393,48094,11640,20760,4702,4613,8944,9389,10223,13015,12954,18556,40364,42931,39260,41489,32139,41372,10812,19201,477040,246440,74673,34720,109381,57446,11326,40,39
2021-06-12T23:59:59+02:00,148,134,17660,15907,33439,28054,39424,36803,58102,57500,76114,75551,55865,59801,37392,48094,11640,20760,4695,4608,8933,9384,10211,13008,12942,18543,40181,42784,39237,41474,32135,41370,10812,19200,476973,246005,74669,34720,109381,57435,11325,40,39
2021-06-11T23:59:59+02:00,146,134,17576,15848,33293,27985,39250,36749,57982,57463,76044,75526,55853,59796,37390,48092,11640,20759,4611,4415,8772,8821,10017,12288,12706,17469,39692,41484,39082,41343,32117,41335,10810,19199,476639,245513,74256,34718,109275,52582,11316,40,39
2021-06-10T23:59:59+02:00,132,114,16730,15129,31873,27069,38005,35835,57301,57005,75636,75256,55763,59704,37351,48048,11629,20741,4356,4221,8215,8326,9336,11530,11970,16404,36845,38446,38281,40542,31951,41153,10794,19169,472750,238459,71281,34587,108994,48205,10256,40,39
2021-06-09T23:59:59+02:00,110,88,15950,14422,30593,26165,36785,34949,56726,56617,75295,75029,55682,59599,37324,48004,11616,20720,4174,4068,7855,8137,8872,11311,11352,16026,31765,33590,36786,39017,31706,40885,10773,19120,468093,224567,68836,34463,108952,46623,9753,40,38
2021-06-08T23:59:59+02:00,83,70,15028,13548,29213,25072,35414,33938,56110,56212,75000,74819,55609,59527,37302,47974,11612,20710,4094,4004,7700,8021,8719,11197,11060,15820,28950,30781,35833,38085,31546,40689,10749,19087,463512,217112,65388,34406,108912,45397,9389,40,38
2021-06-07T23:59:59+02:00,75,57,14394,12958,27840,24260,34259,33158,55635,55956,74758,74715,55573,59490,37286,47964,11612,20706,4002,3931,7506,7896,8417,11064,10693,15576,24625,26407,34371,36555,31324,40422,10721,19059,460383,205352,62357,34341,108881,43811,9035,40,37
2021-06-06T23:59:59+02:00,74,54,14072,12767,27056,23840,33608,32739,55327,55793,74604,74651,55554,59467,37272,47955,11610,20705,3935,3895,7355,7852,8262,10980,10374,15375,21811,23546,33373,35485,31184,40268,10714,19044,459248,202567,60307,29136,108856,43024,8697,40,36
2021-06-05T23:59:59+02:00,74,52,14043,12740,27014,23798,33580,32720,55322,55784,74599,74646,55550,59462,37267,47953,11610,20705,3913,3880,7319,7831,8215,10963,10312,15332,20384,21996,32580,34608,31114,40186,10710,19037,459130,197602,60202,29132,108851,42921,8696,40,36
2021-06-04T23:59:59+02:00,68,48,13813,12477,26704,23483,33243,32409,55262,55703,74560,74626,55541,59457,37266,47951,11610,20704,3882,3851,7241,7752,8158,10884,10232,15209,20277,21878,32507,34553,31082,40149,10707,19034,457231,197519,60140,29120,108818,42032,8696,40,36
2021-06-03T23:59:59+02:00,50,43,13246,11988,25667,22796,32107,31658,54771,55371,74245,74433,55470,59380,37232,47921,11604,20688,3754,3759,6968,7582,7877,10712,9905,14972,18395,20020,30534,32251,30809,39818,10684,18986,452899,188943,58640,29101,108805,40670,8286,40,33
2021-06-02T23:59:59+02:00,37,31,12556,11233,24669,21894,30966,30702,54507,55107,74054,74294,55419,59302,37216,47900,11596,20681,3719,3739,6911,7527,7820,10664,9821,14880,17876,19472,28605,30081,30710,39674,10677,18975,446583,183414,58462,29100,108804,40335,8276,39,33
2021-06-01T23:59:59+02:00,23,16,11426,10344,22533,20456,28429,28808,53095,54043,73051,73514,55118,58985,37095,47731,11562,20622,3490,3565,6412,7220,7216,10241,8968,14279,15930,17657,24828,25835,30029,38792,10600,18821,437083,169429,53989,28963,108767,38494,6973,39,31
2021-05-31T23:59:59+02:00,18,12,10561,9677,20696,19285,26379,27301,51987,53194,72348,72967,54903,58727,37022,47631,11548,20586,3348,3413,6079,6975,6815,9942,8427,13923,14867,16679,23639,24464,29642,38305,10540,18727,430293,163691,49616,28926,108750,37001,6144,39,30
2021-05-30T23:59:59+02:00,16,9,10209,9329,19973,18787,25672,26720,51647,52912,72115,72770,54827,58648,36997,47604,11540,20578,3165,3221,5729,6708,6526,9699,8210,13718,14607,16408,23346,24147,29532,38198,10525,18699,427706,162866,49208,28869,108717,35997,4683,39,30
2021-05-29T23:59:59+02:00,16,9,10193,9317,19955,18760,25654,26694,51635,52908,72110,72760,54825,58643,36996,47604,11539,20578,3163,3213,5726,6704,6521,9697,8202,13710,14597,16403,23335,24139,29528,38193,10524,18698,427549,162796,49208,28867,108717,35984,4683,39,30
2021-05-28T23:59:59+02:00,16,9,10128,9221,19817,18591,25392,26464,51476,52732,71964,72630,54788,58593,36983,47584,11536,20565,3116,3137,5634,6563,6419,9496,8089,13437,14404,16126,23183,23984,29475,38130,10517,18689,425899,162411,49171,28866,108699,34418,4682,38,29
2021-05-27T23:59:59+02:00,16,9,8863,8017,17409,16773,22608,24312,50384,51918,71298,72139,54591,58376,36892,47490,11523,20537,2817,2803,4789,5940,5526,8714,7295,12451,13278,14934,22194,22951,29091,37679,10462,18602,413962,158597,48216,28602,108564,29930,2375,38,29
2021-05-26T23:59:59+02:00,15,9,8461,7599,16531,15969,21418,23301,49779,51372,70884,71755,54440,58213,36826,47415,11512,20507,2630,2630,4421,5604,5049,8207,6818,11802,12308,13955,21295,21920,28780,37236,10416,18517,408366,154753,47484,28514,108492,26673,1627,37,28
2021-05-25T23:59:59+02:00,15,9,7886,6998,15287,15084,19968,22127,49301,50973,70638,71572,54372,58131,36805,47390,11508,20498,2551,2527,4231,5474,4803,7980,6541,11493,11750,13424,19149,19763,28409,36702,10381,18468,401599,149091,47243,28501,108449,24799,1234,37,28
2021-05-24T23:59:59+02:00,15,9,7800,6897,15064,14957,19682,21947,49200,50854,70595,71533,54371,58126,36804,47389,11506,20495,2507,2465,4147,5308,4709,7736,6417,11209,11609,13183,19035,19650,28358,36655,10374,18457,400460,148940,47164,28458,108364,23182,1219,37,27
2021-05-23T23:59:59+02:00,14,9,7784,6884,15028,14941,19628,21919,49191,50852,70591,71527,54370,58124,36804,47388,11506,20495,2505,2461,4140,5303,4699,7732,6413,11196,11588,13161,18893,19452,28327,36616,10372,18455,400277,148452,47164,28456,108364,23173,1213,37,26
2021-05-22T23:59:59+02:00,14,9,7781,6876,15018,14929,19617,21912,49191,50850,70588,71527,54370,58123,36804,47388,11506,20495,2503,2454,4133,5297,4697,7732,6410,11193,11579,13158,18880,19446,28326,36616,10372,18455,400222,148415,47164,28456,108364,23149,1211,37,26
2021-05-21T23:59:59+02:00,14,8,7707,6779,14888,14794,19412,21752,48950,50616,70446,71421,54343,58097,36797,47381,11501,20489,2432,2369,4047,5156,4594,7518,6287,10896,11408,12869,18814,19381,28310,36586,10369,18453,398651,148165,47161,28456,108339,21640,1208,36,26
2021-05-20T23:59:59+02:00,14,8,7433,6484,14304,14271,18473,20880,46265,48264,69294,70448,53990,57736,36689,47241,11470,20460,2170,2206,3684,4790,4151,6966,5733,10064,10319,11768,17539,18088,27805,35987,10296,18306,387668,142917,46999,28167,108034,17777,991,32,26
2021-05-19T23:59:59+02:00,13,7,7193,6260,13641,13788,17203,19879,42279,44774,67805,69144,53536,57215,36526,47016,11434,20408,2094,2007,3519,4449,3904,6442,5287,9378,9328,10652,16064,16438,27112,35072,10170,18097,372886,135754,46427,28024,107804,15253,972,32,16
2021-05-18T23:59:59+02:00,13,5,6994,6082,13095,13358,16105,19019,37558,40751,66354,67821,52982,56676,36379,46794,11392,20351,2047,1878,3381,4260,3718,6127,4953,8896,8463,9781,14482,14704,26403,34221,10080,17925,356779,129127,46364,27461,107647,13814,907,32,16
2021-05-17T23:59:59+02:00,13,5,6859,5987,12772,13108,15609,18627,35375,38883,65516,67039,52711,56362,36299,46686,11378,20314,1977,1816,3193,4079,3498,5899,4630,8525,7684,9081,11225,10689,25492,33072,9997,17756,353048,123914,42093,21376,107566,12509,804,32,16
2021-05-16T23:59:59+02:00,13,5,6796,5903,12647,12954,15436,18458,34886,38413,65331,66871,52655,56302,36289,46661,11373,20309,1919,1719,3090,3956,3418,5797,4524,8380,7502,8893,9032,8091,25011,32390,9963,17699,351577,122775,41589,16026,107530,11998,575,31,16
2021-05-15T23:59:59+02:00,13,5,6791,5894,12641,12948,15432,18454,34881,38410,65329,66869,52655,56301,36289,46661,11373,20309,1918,1718,3087,3950,3413,5794,4519,8377,7500,8890,9030,8089,25010,32390,9963,17699,351535,122744,41589,16026,107528,11995,572,31,16
2021-05-14T23:59:59+02:00,13,5,6594,5796,12398,12886,15200,18362,33906,37618,64792,66460,52559,56214,36272,46628,11371,20304,1802,1630,2976,3880,3356,5686,4469,8230,7453,8762,9023,8083,25009,32390,9963,17698,348163,122688,41557,16022,107067,11130,561,30,15
2021-05-13T23:59:59+02:00,13,5,6344,5609,11988,12631,14633,17912,30376,34830,62316,64382,51929,55539,36135,46408,11359,20256,1759,1592,2919,3803,3324,5594,4426,8126,7371,8643,8985,8024,24989,32348,9958,17694,334167,122439,41333,15998,106637,10610,498,30,15
2021-05-12T23:59:59+02:00,13,5,6327,5585,11915,12568,14524,17804,29740,34254,61810,63930,51757,55366,36099,46363,11352,20243,1759,1589,2918,3802,3319,5594,4424,8125,7369,8637,8978,8021,24989,32346,9958,17693,331175,122417,41321,15987,106632,10609,498,29,15
2021-05-11T23:59:59+02:00,12,5,6002,5450,11470,12290,13977,17421,25476,30764,59426,61924,51096,54685,35910,46117,11331,20180,1717,1473,2815,3540,3197,5218,4285,7681,7215,8311,8894,7938,24960,32306,9955,17682,316226,122176,41268,15798,105643,8831,373,26,14
2021-05-10T23:59:59+02:00,12,5,5875,5377,11304,12175,13757,17253,22005,28005,58179,60808,50734,54332,35818,45994,11316,20149,1679,1377,2729,3310,3095,4886,4174,7191,7093,7873,8853,7878,24948,32285,9953,17678,306306,122030,41107,15649,105351,7006,308,26,14
2021-05-09T23:59:59+02:00,12,5,5798,5345,11216,12111,13657,17172,20403,26823,57714,60423,50632,54234,35792,45953,11309,20144,1662,1355,2672,3185,3044,4745,4129,7071,7038,7778,8841,7865,24941,32279,9952,17678,305740,121978,37534,15604,105148,6349,295,26,14
2021-05-08T23:59:59+02:00,12,5,5795,5342,11204,12107,13647,17163,20395,26817,57705,60417,50629,54226,35788,45950,11307,20141,1661,1355,2672,3183,3044,4745,4126,7068,7037,7777,8840,7865,24940,32277,9952,17678,305649,121963,37533,15604,105147,6349,295,26,14
2021-05-07T23:59:59+02:00,12,5,5755,5307,11138,12058,13540,17085,19939,26459,56706,59607,50499,54095,35758,45920,11304,20127,1557,1311,2592,3138,3003,4717,4092,7044,7014,7745,8832,7857,24938,32276,9952,17677,302481,121930,37516,15596,105002,5920,290,25,14
2021-05-06T23:59:59+02:00,12,5,5499,5194,10623,11749,12833,16631,18639,25470,52441,55946,49302,52715,35427,45519,11252,20024,1332,1179,2355,2966,2833,4551,3940,6844,6862,7594,8757,7778,24917,32240,9949,17670,287325,121659,37330,15457,104444,4481,161,21,14
2021-05-05T23:59:59+02:00,12,5,5239,5095,10130,11514,12077,16179,17306,24489,48071,51802,47632,50794,34990,44949,11177,19904,1286,1084,2293,2839,2749,4372,3846,6605,6754,7395,8643,7685,24856,32166,9943,17654,270137,121181,37104,15412,104056,3521,47,21,14
2021-05-04T23:59:59+02:00,12,5,5155,5010,9813,11301,11624,15789,16330,23621,46198,49768,46564,49486,34617,44461,11111,19795,1274,1065,2264,2798,2708,4286,3794,6497,6682,7319,8600,7645,24836,32150,9942,17649,259760,120962,37080,15351,103775,3163,24,21,14
2021-05-03T23:59:59+02:00,12,5,5052,4923,9464,11133,11161,15525,15267,22756,44625,48147,45683,48531,34398,44123,11083,19706,1259,1039,2232,2767,2666,4222,3746,6443,6607,7265,8031,6955,23092,29822,9804,17412,250737,115146,37071,15269,103749,2922,16,21,14
2021-05-02T23:59:59+02:00,12,5,4990,4904,9350,11097,11016,15464,14655,22267,44105,47737,45542,48365,34351,44062,11077,19695,1255,1034,2214,2764,2653,4214,3718,6430,6587,7251,7842,6711,21121,27413,9757,17324,249528,115126,35439,10263,103695,2879,11,21,14
2021-05-01T23:59:59+02:00,12,5,4990,4902,9345,11093,11013,15461,14651,22263,44103,47733,45541,48365,34351,44062,11077,19695,1254,1034,2214,2764,2653,4214,3717,6430,6585,7251,7842,6710,21121,27413,9757,17324,249498,115122,35439,10263,103693,2878,11,21,14
2021-04-30T23:59:59+02:00,12,5,4943,4879,9278,11078,10958,15436,14576,22237,42618,46318,45206,48033,34314,44010,11072,19685,1045,939,2016,2674,2553,4153,3631,6370,6522,7192,7835,6693,21120,27411,9757,17324,245506,115113,35439,10260,103681,1844,11,21,12
2021-04-29T23:59:59+02:00,12,4,4700,4797,8807,10927,10352,15265,13891,22029,37681,42000,44195,47004,34193,43892,11068,19655,863,861,1843,2595,2466,4087,3523,6299,6448,7142,7813,6674,21115,27405,9757,17324,231763,115073,35336,10156,103341,968,11,21,12
2021-04-28T23:59:59+02:00,12,4,4524,4762,8557,10842,10000,15175,13534,21875,33039,37494,42949,45749,34067,43744,11054,19637,821,831,1805,2549,2433,4011,3487,6190,6398,7051,7793,6655,21103,27392,9752,17317,218540,114988,35318,10108,103131,476,10,19,11
2021-04-27T23:59:59+02:00,11,3,4293,4547,8211,10394,9615,14592,13066,21226,31908,36366,42670,45466,34051,43716,11050,19634,793,817,1771,2525,2415,3993,3469,6171,6363,7024,7782,6647,21098,27387,9749,17311,215812,114930,35308,10077,99670,292,10,19,11
2021-04-26T23:59:59+02:00,11,3,4271,4519,8136,10357,9507,14536,12917,21167,27498,31977,41454,44243,33971,43616,11037,19624,760,806,1741,2506,2386,3972,3445,6150,6311,6977,7735,6598,21068,27356,9749,17304,203929,114728,35299,10033,99588,87,10,18,11
2021-04-25T23:59:59+02:00,11,3,4248,4506,8104,10330,9444,14504,12824,21121,25529,29933,40752,43482,33924,43558,11033,19619,748,798,1729,2492,2368,3957,3419,6128,6279,6948,7713,6578,21051,27335,9748,17300,203261,114702,30184,9791,99453,83,9,18,11
2021-04-24T23:59:59+02:00,11,3,4229,4495,8074,10301,9403,14488,12773,21099,24026,28268,39994,42643,33859,43482,11030,19613,747,797,1726,2490,2367,3954,3419,6124,6279,6945,7711,6576,21050,27335,9748,17300,198196,114682,30184,9790,99384,81,9,18,11
2021-04-23T23:59:59+02:00,10,3,3964,4343,7603,10004,8973,14132,12211,20696,23544,27968,39908,42581,33838,43448,11024,19606,733,787,1709,2477,2347,3938,3396,6102,6257,6926,7697,6558,21045,27324,9748,17299,197847,114667,30169,9592,95815,69,9,16,11
2021-04-22T23:59:59+02:00,10,3,3871,4286,7412,9887,8695,13938,11767,20369,21218,25610,37155,39334,33311,42779,10953,19485,720,778,1681,2447,2289,3881,3324,6030,6148,6830,7618,6472,20992,27280,9745,17284,184823,114546,29980,8892,95255,67,9,16,10
2021-04-21T23:59:59+02:00,10,3,3843,4254,7285,9809,8513,13767,11433,20080,19954,24407,33945,35619,32827,42076,10891,19359,696,760,1647,2419,2245,3856,3291,5997,6106,6790,7589,6445,20973,27256,9742,17280,173067,114436,29806,8579,95177,63,9,16,10
2021-04-20T23:59:59+02:00,10,3,3809,4227,7180,9740,8299,13610,11066,19782,18859,23257,30633,31967,32354,41477,10832,19250,688,750,1632,2407,2212,3834,3248,5952,6065,6748,7549,6399,20948,27232,9736,17277,161429,114279,29784,8323,95117,61,9,16,10
2021-04-19T23:59:59+02:00,10,3,3790,4210,7106,9702,8181,13500,10810,19596,18194,22593,29760,30837,32062,41111,10790,19175,680,745,1610,2393,2188,3804,3213,5919,6031,6717,7504,6366,20917,27204,9734,17273,156587,114146,29767,8079,95051,59,9,16,10
2021-04-18T23:59:59+02:00,10,3,3787,4204,7090,9688,8166,13482,10775,19571,18106,22511,29638,30712,32034,41089,10787,19167,678,741,1595,2381,2171,3789,3188,5893,6002,6694,7482,6353,20898,27182,9731,17270,156095,114087,29700,7889,95001,58,9,15,10
2021-04-17T23:59:59+02:00,10,3,3786,4202,7088,9686,8163,13482,10769,19564,18093,22500,29615,30699,32032,41087,10787,19167,677,741,1594,2380,2169,3788,3185,5892,6000,6692,7482,6353,20898,27182,9731,17270,156015,114074,29699,7889,94995,57,9,15,10
2021-04-16T23:59:59+02:00,10,3,3619,4164,6743,9557,7795,13295,10371,19318,17640,22225,29414,30540,31950,40998,10772,19148,665,723,1582,2365,2142,3773,3131,5855,5958,6642,7389,6264,20486,26617,9701,17209,155264,112751,29691,7683,92583,54,9,15,10
2021-04-15T23:59:59+02:00,10,3,3518,4085,6390,9184,7218,12794,9595,18482,16314,20994,28217,29244,31430,40356,10692,18973,635,700,1530,2327,2060,3686,3022,5735,5630,6404,6891,5878,19753,25704,9605,17041,149516,109396,29398,7142,88561,49,9,15,10
2021-04-14T23:59:59+02:00,9,3,3464,4035,6154,8945,6887,12417,8973,17931,15196,19961,26806,27737,30799,39479,10584,18778,601,674,1484,2289,1985,3608,2879,5612,5320,6168,6349,5367,18740,24419,9520,16868,142709,105141,29198,6685,86228,43,9,14,10
2021-04-13T23:59:59+02:00,9,3,3432,4003,6062,8868,6738,12288,8670,17684,14394,19269,23453,24177,29866,38298,10480,18606,596,665,1471,2267,1957,3574,2783,5541,5104,5985,5988,5028,18441,24075,9481,16802,131071,103048,29187,6655,86019,42,9,14,9
2021-04-12T23:59:59+02:00,9,3,3410,3982,6012,8811,6650,12204,8452,17489,13777,18740,22451,23025,29441,37740,10411,18484,586,657,1461,2259,1934,3553,2727,5490,4956,5880,5670,4747,18148,23773,9443,16742,125991,101462,29168,6509,85909,42,9,14,9
2021-04-11T23:59:59+02:00,9,3,3404,3976,5994,8787,6622,12187,8412,17466,13688,18679,22321,22876,29390,37675,10402,18459,583,652,1448,2249,1921,3545,2710,5474,4918,5843,5610,4689,17975,23539,9422,16713,125449,100799,29101,6437,85777,42,9,14,9
2021-04-10T23:59:59+02:00,9,3,3396,3975,5971,8786,6600,12186,8391,17465,13663,18677,22316,22873,29386,37674,10402,18459,582,650,1442,2242,1916,3542,2704,5466,4902,5833,5598,4672,17812,23286,9408,16689,125427,100286,29010,6404,85773,42,8,14,9
2021-04-09T23:59:59+02:00,8,3,3358,3963,5923,8774,6541,12169,8352,17438,13612,18631,20362,20465,28905,37059,10372,18410,569,637,1416,2220,1889,3518,2662,5430,4831,5771,5482,4568,17235,22553,9370,16618,124736,98519,23898,6205,85692,34,7,12,9
2021-04-08T23:59:59+02:00,8,3,3334,3944,5853,8742,6466,12130,8262,17374,13468,18512,17769,17400,28381,36395,10335,18360,527,607,1327,2138,1795,3421,2482,5244,4335,5407,4676,3960,15456,20324,9184,16317,123868,91532,18035,5634,84815,24,6,12,9
2021-04-07T23:59:59+02:00,6,3,3256,3916,5643,8692,6259,12070,8053,17299,13207,18417,15103,14333,27704,35597,10305,18307,504,579,1274,2083,1701,3341,2330,5103,3922,5075,3959,3395,14602,19461,9072,16136,123662,87220,16500,5287,77991,21,5,12,9
2021-04-06T23:59:59+02:00,5,3,3228,3906,5597,8674,6189,12047,7966,17262,13133,18346,13114,11970,27072,34882,10292,18277,473,556,1205,2028,1616,3259,2168,4984,3549,4797,3433,2984,13761,18461,8997,16020,123533,83580,16298,4687,72115,17,5,12,7
2021-04-05T23:59:59+02:00,5,3,3226,3903,5561,8660,6152,12035,7921,17246,13061,18310,13068,11924,27061,34866,10291,18274,441,526,1153,1991,1564,3218,2100,4930,3461,4721,3376,2932,13618,18291,8988,16002,123509,83089,16090,4200,71952,17,4,12,7
2021-04-04T23:59:59+02:00,5,3,3225,3901,5561,8658,6150,12034,7920,17243,13061,18310,13065,11924,27060,34866,10291,18274,440,525,1152,1991,1564,3218,2099,4930,3461,4721,3376,2932,13617,18291,8988,16002,123498,83084,16090,4200,71947,17,4,12,7
2021-04-03T23:59:59+02:00,5,3,3224,3901,5561,8657,6150,12034,7920,17243,13061,18310,13065,11923,27059,34863,10291,18274,440,523,1152,1991,1563,3218,2099,4929,3455,4718,3370,2921,13530,18155,8979,15986,123493,82806,16090,4200,71945,17,4,12,7
2021-04-02T23:59:59+02:00,5,3,3224,3898,5558,8652,6146,12025,7911,17231,13036,18279,13018,11871,27031,34845,10288,18270,437,516,1150,1987,1551,3209,2089,4907,3425,4685,3339,2892,12601,16910,8914,15878,123327,80350,16087,4119,71861,17,4,12,5
2021-04-01T23:59:59+02:00,5,3,3209,3884,5519,8632,6079,11992,7840,17196,12924,18208,12903,11745,26973,34769,10279,18255,390,472,1053,1920,1452,3121,1939,4794,3224,4552,3108,2693,10575,14320,8804,15703,123013,74770,15964,3330,71423,17,3,12,5
2021-03-31T23:59:59+02:00,5,3,3208,3871,5502,8598,6046,11956,7798,17151,12844,18139,12788,11620,26922,34709,10271,18246,352,450,1017,1878,1381,3081,1835,4691,2968,4358,2696,2377,8006,11090,8629,15465,122704,67264,15925,2990,71034,16,3,11,5
2021-03-30T23:59:59+02:00,5,3,3200,3860,5477,8570,6014,11925,7759,17111,12767,18073,12702,11482,26885,34662,10266,18236,331,431,994,1846,1321,3046,1711,4611,2722,4186,2327,2129,7124,10003,8563,15338,122574,63951,15893,2714,70517,15,2,11,5
2021-03-29T23:59:59+02:00,5,3,3188,3856,5448,8551,5979,11892,7715,17078,12693,17995,12058,10724,25018,32167,10118,17980,325,428,987,1831,1300,3021,1676,4571,2576,4100,2041,1980,6474,9293,8519,15260,116581,61655,15723,2711,70151,13,2,11,5
2021-03-28T23:59:59+02:00,5,3,3158,3840,5401,8513,5929,11850,7634,17023,12583,17926,11794,10421,23032,29702,10063,17881,324,426,984,1830,1292,3017,1672,4569,2564,4092,2016,1960,6452,9279,8517,15255,116523,61526,10538,2709,69684,13,2,11,3
2021-03-27T23:59:59+01:00,5,3,3146,3836,5362,8502,5893,11835,7587,17008,12537,17879,11760,10378,23028,29694,10063,17881,324,426,984,1830,1292,3017,1671,4567,2562,4090,2014,1958,6403,9204,8484,15206,116455,61309,10537,2709,69392,13,2,11,3
2021-03-26T23:59:59+01:00,5,3,3010,3511,4911,7344,5398,10515,6974,14960,11726,15602,11540,10197,22545,28968,10018,17810,323,422,980,1827,1286,3013,1668,4565,2557,4083,2006,1952,6273,9016,8341,15021,114910,60632,10283,2697,59831,3,2,11,3
2021-03-25T23:59:59+01:00,5,3,2884,3243,4751,6576,5172,9364,6650,13239,11001,13800,10683,9392,21829,28128,9945,17655,318,413,974,1817,1271,2994,1648,4530,2520,4034,1940,1893,5983,8588,8068,14574,112008,58869,9596,2693,52703,2,2,11,3
2021-03-24T23:59:59+01:00,5,3,2836,3199,4675,6515,5038,9258,6444,13068,10490,13395,9851,8571,20818,26873,9849,17474,316,408,966,1811,1254,2983,1633,4506,2473,3977,1871,1817,5620,8116,7657,13908,108005,56636,9249,2679,51098,2,0,10,3
2021-03-23T23:59:59+01:00,5,3,2807,3166,4607,6449,4927,9164,6233,12907,10033,12973,9139,7904,20307,26270,9797,17369,304,395,948,1802,1239,2962,1605,4484,2419,3928,1791,1752,5343,7738,7269,13293,105631,54593,8917,2678,49503,2,0,9,3
2021-03-22T23:59:59+01:00,5,3,2789,3127,4547,6411,4851,9096,6094,12770,9672,12699,8534,7338,19889,25833,9737,17275,302,391,936,1796,1224,2947,1592,4470,2392,3902,1765,1731,5206,7563,6827,12479,104155,52848,8658,2673,47848,2,0,9,2
2021-03-21T23:59:59+01:00,5,3,2782,3112,4502,6389,4800,9059,6002,12702,9484,12511,8228,7080,19721,25666,9725,17250,302,391,935,1796,1222,2947,1591,4469,2389,3902,1758,1725,5197,7558,6797,12422,103955,52743,8428,2656,46629,2,0,9,2
2021-03-20T23:59:59+01:00,5,3,2782,3107,4494,6384,4793,9056,5998,12694,9464,12497,8195,7049,19547,25389,9709,17224,302,391,935,1795,1221,2947,1590,4468,2385,3894,1746,1712,5184,7509,6621,12186,103398,52252,8416,2632,46567,2,0,9,2
2021-03-19T23:59:59+01:00,5,3,2747,3084,4420,6340,4684,9006,5858,12636,9198,12309,7890,6824,19063,24797,9677,17165,302,391,934,1794,1221,2944,1587,4467,2379,3889,1730,1703,5148,7466,6219,11570,102096,51130,8174,2612,45427,2,0,9,2
2021-03-18T23:59:59+01:00,5,3,2681,3011,4257,6204,4435,8800,5500,12327,8292,11638,6625,5810,17813,23437,9529,16940,299,387,929,1784,1207,2931,1548,4451,2312,3842,1652,1661,5076,7359,5489,10462,97205,48819,7631,2570,42462,1,0,9,1
2021-03-17T23:59:59+01:00,5,3,2643,2972,4177,6106,4298,8692,5245,12052,7616,11069,5638,4914,16467,21905,9364,16686,295,386,925,1775,1203,2923,1531,4429,2245,3816,1586,1616,5031,7295,4917,9584,91798,47042,7128,2515,40917,1,0,9,1
2021-03-16T23:59:59+01:00,5,3,2623,2943,4114,6039,4206,8595,5069,11896,7166,10680,4876,4295,15616,20928,9262,16518,291,384,922,1770,1200,2916,1523,4419,2223,3797,1556,1599,4994,7252,4415,8779,88169,45604,7092,2436,39565,1,0,8,1
2021-03-15T23:59:59+01:00,5,3,2620,2932,4098,6021,4175,8569,5019,11849,7049,10566,4730,4135,15298,20518,9233,16459,289,380,921,1764,1193,2909,1509,4410,2201,3774,1516,1582,4934,7178,3838,7919,87403,44020,6996,2297,38872,1,0,8,1
2021-03-14T23:59:59+01:00,5,2,2615,2923,4077,6002,4145,8550,4977,11816,6955,10477,4626,4024,15167,20348,9217,16423,287,379,921,1762,1187,2902,1504,4399,2190,3767,1506,1575,4926,7170,3833,7906,87098,43959,6978,2255,38266,1,0,7,1
2021-03-13T23:59:59+01:00,5,2,2611,2915,4072,5990,4137,8544,4969,11807,6935,10463,4604,3998,14851,19911,9197,16387,287,379,921,1762,1187,2902,1504,4399,2190,3767,1506,1575,4926,7169,3833,7906,86214,43958,6955,2255,38222,1,0,7,1
2021-03-12T23:59:59+01:00,5,2,2548,2839,3961,5820,4018,8322,4831,11507,6757,10193,4451,3860,13929,18655,9136,16285,287,378,919,1759,1187,2899,1502,4394,2189,3760,1498,1573,4918,7150,3831,7891,83751,43881,6893,2254,36470,1,0,5,1
2021-03-11T23:59:59+01:00,4,2,2423,2613,3735,5490,3762,7884,4506,10742,6129,9379,3931,3357,12328,16664,9038,16138,287,377,915,1755,1184,2885,1493,4382,2177,3733,1456,1544,4877,7115,3819,7864,79430,43732,6731,2131,31959,1,0,5,1
2021-03-10T23:59:59+01:00,4,2,2300,2480,3583,5256,3568,7561,4238,10254,5573,8810,3360,2913,10060,13948,8893,15911,284,373,911,1746,1177,2874,1488,4366,2155,3717,1427,1536,4847,7100,3810,7856,73132,43666,6560,2002,29017,0,0,5,1
2021-03-09T23:59:59+01:00,4,2,2273,2427,3517,5170,3454,7472,4067,10059,5181,8459,2881,2556,8551,11932,8791,15762,283,372,911,1740,1170,2865,1484,4358,2147,3706,1413,1531,4839,7095,3807,7854,68274,43625,6410,1951,27869,0,0,5,1
2021-03-08T23:59:59+01:00,4,2,2249,2355,3459,5103,3380,7387,3943,9947,4889,8269,2434,2295,6632,9533,8672,15588,283,369,910,1730,1164,2849,1478,4347,2143,3699,1402,1524,4822,7074,3800,7845,62592,43515,6075,1925,27469,0,0,5,1
2021-03-07T23:59:59+01:00,4,2,2186,2299,3362,4995,3284,7298,3846,9860,4754,8174,2383,2244,6610,9512,8672,15580,283,368,909,1730,1164,2849,1477,4347,2143,3699,1402,1524,4822,7074,3800,7845,62464,43513,5394,1925,27202,0,0,5,0
2021-03-06T23:59:59+01:00,4,2,2178,2286,3350,4986,3280,7293,3837,9851,4743,8171,2381,2242,6564,9442,8640,15531,283,368,908,1726,1163,2848,1477,4344,2139,3694,1401,1519,4816,7069,3798,7836,62255,43466,5334,1925,27187,0,0,5,0
2021-03-05T23:59:59+01:00,4,2,2047,2201,3126,4797,3041,6982,3560,9455,4413,7834,2294,2181,6357,9124,8449,15270,283,366,906,1723,1163,2847,1476,4338,2136,3688,1395,1517,4810,7062,3797,7830,61277,43414,4495,1925,25360,0,0,5,0
2021-03-04T23:59:59+01:00,4,2,1793,1981,2716,4363,2583,6342,2994,8551,3728,7020,2079,2021,6066,8758,8175,14816,280,365,905,1715,1161,2830,1475,4322,2127,3676,1384,1515,4798,7048,3790,7819,59639,43290,3222,1922,21126,0,0,5,0
2021-03-03T23:59:59+01:00,4,2,1721,1893,2609,4179,2450,6114,2854,8265,3542,6755,1997,1944,5728,8285,7822,14237,279,361,905,1705,1159,2807,1471,4298,2122,3661,1360,1504,4793,7042,3786,7812,57638,43145,3079,1922,19679,0,0,5,0
2021-03-02T23:59:59+01:00,4,2,1685,1812,2541,4061,2369,5964,2749,8084,3427,6603,1925,1877,5420,7848,7423,13569,277,356,902,1686,1156,2786,1468,4279,2121,3650,1335,1498,4783,7026,3780,7805,55555,42988,2837,1922,18966,0,0,5,0
2021-03-01T23:59:59+01:00,2,2,1676,1785,2502,3953,2321,5849,2712,7982,3374,6525,1885,1857,5281,7683,6952,12704,276,354,898,1680,1154,2774,1466,4266,2119,3635,1330,1493,4780,7024,3779,7799,53698,42907,2825,1922,18517,0,0,5,0
2021-02-28T23:59:59+01:00,2,2,1659,1748,2467,3882,2291,5794,2669,7902,3347,6477,1879,1853,5273,7678,6917,12645,276,354,897,1680,1154,2774,1466,4265,2119,3634,1330,1493,4780,7023,3779,7799,53576,42904,2823,1921,18081,0,0,5,0
2021-02-27T23:59:59+01:00,2,2,1657,1742,2463,3874,2287,5794,2668,7901,3344,6474,1873,1843,5264,7634,6747,12426,276,354,887,1675,1144,2767,1456,4256,2102,3625,1329,1490,4780,7022,3779,7799,53113,42900,2823,1843,18054,0,0,5,0
2021-02-26T23:59:59+01:00,2,1,1467,1586,2338,3631,2209,5388,2576,7395,3257,6016,1858,1818,5239,7601,6488,12037,275,352,880,1668,1136,2747,1450,4234,2092,3612,1322,1481,4772,7010,3775,7787,52370,42821,2802,1774,15730,0,0,5,0
2021-02-25T23:59:59+01:00,2,1,1250,1309,2118,3196,2035,4631,2379,6449,3016,5116,1769,1746,5188,7522,5919,11197,273,344,874,1608,1102,2652,1417,4123,2036,3537,1285,1461,4732,6969,3757,7735,50502,42359,2788,1548,11549,0,0,4,0
2021-02-24T23:59:59+01:00,2,1,1197,1099,2010,2927,1930,4292,2247,6042,2845,4847,1694,1691,5130,7431,5164,10020,271,338,836,1561,1052,2561,1356,4007,1947,3408,1245,1434,4717,6943,3747,7718,48174,42102,2776,1041,9615,0,0,4,0
2021-02-23T23:59:59+01:00,2,1,1182,1049,1976,2863,1904,4194,2221,5957,2812,4786,1686,1676,5095,7382,4534,8998,271,337,809,1533,1004,2509,1303,3929,1840,3333,1193,1409,4694,6918,3736,7684,46403,41904,2750,600,9161,0,0,4,0
2021-02-22T23:59:59+01:00,2,1,1174,1007,1925,2720,1860,4048,2166,5761,2758,4681,1674,1665,5061,7334,3931,8114,269,327,766,1494,950,2426,1215,3822,1699,3237,1104,1352,4653,6848,3710,7581,44796,41446,2731,9,8352,0,0,3,0
2021-02-21T23:59:59+01:00,2,1,1172,993,1894,2658,1834,3951,2139,5657,2738,4618,1666,1659,5058,7325,3931,8110,267,325,761,1488,942,2394,1213,3786,1686,3197,1095,1337,4637,6823,3688,7540,44743,41172,2720,9,7940,0,0,3,0
2021-02-20T23:59:59+01:00,2,1,1172,993,1894,2657,1833,3951,2139,5657,2736,4613,1657,1650,5054,7319,3929,8107,267,325,761,1487,941,2390,1212,3782,1685,3195,1095,1337,4584,6762,3642,7481,44728,40940,2695,8,7938,0,0,3,0
2021-02-19T23:59:59+01:00,2,1,1172,990,1891,2652,1832,3942,2138,5648,2733,4610,1638,1642,5041,7302,3926,8101,266,324,757,1478,932,2366,1205,3740,1658,3142,1068,1299,4394,6509,3465,7190,44648,39787,2676,8,7934,0,0,3,0
2021-02-18T23:59:59+01:00,2,1,1140,907,1852,2533,1793,3804,2085,5442,2672,4436,1622,1626,5025,7268,3921,8075,238,295,712,1354,883,2161,1119,3403,1541,2847,959,1112,3911,5737,3073,6341,44494,35680,2643,8,7064,0,0,3,0
2021-02-17T23:59:59+01:00,2,1,1091,778,1771,2300,1716,3506,1976,5082,2597,4187,1598,1617,5004,7254,3913,8071,233,292,702,1336,874,2139,1107,3368,1522,2826,953,1109,3531,5214,2781,5920,44452,33901,2587,8,5422,0,0,3,0
2021-02-16T23:59:59+01:00,2,1,1050,742,1713,2197,1648,3335,1905,4875,2519,4081,1563,1603,4977,7233,3904,8059,227,286,688,1302,853,2085,1076,3251,1483,2741,930,1086,3179,4667,2442,5431,44400,31724,2425,5,4579,0,0,3,0
2021-02-15T23:59:59+01:00,2,1,1043,723,1694,2120,1629,3235,1886,4766,2505,4003,1535,1589,4948,7216,3872,8003,215,276,673,1267,834,2035,1056,3185,1441,2676,899,1055,2760,4116,2116,4869,44271,29471,2342,4,4154,0,0,3,0
2021-02-14T23:59:59+01:00,2,1,947,689,1616,2086,1567,3216,1842,4744,2470,3990,1528,1586,4939,7204,3869,7998,208,264,664,1249,815,1995,1040,3119,1411,2608,869,1010,2671,3976,2044,4686,44229,28628,2306,3,3758,0,0,1,0
2021-02-13T23:59:59+01:00,2,1,894,665,1586,2063,1552,3208,1826,4737,2462,3989,1527,1585,4939,7204,3868,7997,206,263,662,1249,815,1991,1040,3117,1410,2606,868,1010,2569,3850,1980,4586,44223,28221,2306,3,3575,0,0,1,0
2021-02-12T23:59:59+01:00,2,1,559,517,1236,1946,1380,3105,1686,4655,2355,3919,1508,1576,4930,7193,3862,7991,194,257,649,1223,801,1947,1014,3032,1354,2507,806,936,2346,3539,1838,4284,44110,26727,2306,2,2004,0,0,1,0
2021-02-11T23:59:59+01:00,2,1,393,440,1046,1833,1278,2986,1587,4541,2267,3830,1401,1532,4868,7144,3841,7944,156,193,549,979,665,1501,813,2361,1074,1916,567,687,1747,2665,1357,3097,43758,20328,2108,1,1067,0,0,1,0
2021-02-10T23:59:59+01:00,2,1,280,368,920,1728,1178,2863,1492,4356,2154,3707,1364,1519,4849,7133,3836,7942,134,131,378,618,492,1012,643,1749,906,1582,546,672,1340,2104,1042,2601,43682,15952,2004,0,5,0,0,1,0
2021-02-09T23:59:59+01:00,2,1,280,367,919,1722,1175,2854,1492,4350,2153,3702,1357,1516,4847,7131,3835,7940,131,129,369,588,473,985,622,1720,881,1551,544,669,960,1639,764,2197,43657,14224,1981,0,4,0,0,1,0
2021-02-08T23:59:59+01:00,2,1,280,365,918,1720,1172,2844,1485,4345,2151,3698,1352,1512,4845,7131,3834,7937,126,123,358,577,465,968,611,1687,863,1525,536,664,567,1152,461,1772,43629,12457,1958,0,4,0,0,1,0
2021-02-07T23:59:59+01:00,2,1,280,365,916,1720,1171,2844,1483,4343,2151,3698,1352,1512,4845,7130,3833,7937,122,120,354,571,464,961,608,1675,853,1509,528,660,566,1142,456,1757,43625,12348,1957,0,0,0,0,1,0
2021-02-06T23:59:59+01:00,2,1,280,365,916,1720,1171,2844,1483,4343,2151,3698,1352,1512,4845,7130,3833,7937,119,117,352,567,463,960,608,1673,853,1508,527,659,566,1142,456,1757,43625,12329,1957,0,0,0,0,1,0
2021-02-05T23:59:59+01:00,2,1,280,364,915,1720,1171,2843,1481,4342,2150,3698,1352,1512,4844,7128,3833,7934,118,109,349,563,455,947,604,1663,839,1485,522,649,560,1126,446,1735,43612,12172,1957,0,0,0,0,1,0
2021-02-04T23:59:59+01:00,2,1,276,359,908,1682,1164,2797,1480,4290,2137,3655,1344,1505,4816,7097,3822,7904,89,72,232,390,331,688,475,1272,628,1115,392,516,470,918,389,1493,43282,9471,1956,0,0,0,0,1,0
2021-02-03T23:59:59+01:00,2,1,274,350,903,1657,1160,2762,1469,4240,2128,3619,1336,1489,4794,7068,3810,7878,55,34,80,166,152,342,232,598,303,544,211,279,273,576,227,944,42983,5017,1956,0,0,0,0,1,0
2021-02-02T23:59:59+01:00,2,1,273,348,902,1645,1156,2743,1466,4208,2121,3593,1328,1483,4787,7055,3803,7856,16,10,25,49,60,97,73,164,97,122,45,75,67,127,51,193,42813,1272,1956,0,0,0,0,1,0
2021-02-01T23:59:59+01:00,2,1,273,343,902,1643,1155,2742,1465,4204,2120,3587,1327,1482,4785,7054,3803,7856,14,9,21,43,51,88,60,136,74,103,39,66,57,117,50,180,42787,1109,1956,0,0,0,0,1,0
2021-01-31T23:59:59+01:00,2,1,273,342,902,1639,1154,2738,1465,4199,2120,3584,1326,1482,4785,7053,3803,7856,13,8,20,38,44,80,54,125,64,97,34,55,47,108,47,174,42767,1009,1956,0,0,0,0,1,0
2021-01-30T23:59:59+01:00,2,1,273,342,897,1636,1146,2730,1457,4193,2116,3581,1326,1482,4732,6993,3757,7797,13,8,20,37,44,80,53,124,64,97,34,55,47,108,47,174,42538,1006,1922,0,0,0,0,1,0
2021-01-29T23:59:59+01:00,2,1,272,341,882,1628,1134,2709,1445,4163,2093,3554,1317,1476,4569,6790,3593,7593,11,8,20,37,41,80,52,122,61,96,32,50,46,108,47,174,41751,986,1810,0,0,0,0,1,0
2021-01-28T23:59:59+01:00,2,1,268,328,863,1541,1094,2599,1408,4063,2023,3479,1290,1464,4235,6320,3330,7240,7,4,9,17,22,39,21,56,36,63,20,32,31,70,37,117,39982,582,1565,0,0,0,0,1,0
2021-01-27T23:59:59+01:00,2,1,262,325,821,1486,1047,2505,1344,3965,1949,3372,1251,1437,3824,5754,3013,6781,3,4,9,8,12,21,8,22,14,29,11,14,15,39,15,56,38026,281,1112,0,0,0,0,1,0
2021-01-26T23:59:59+01:00,2,1,256,316,787,1440,982,2420,1283,3838,1832,3265,1193,1386,3480,5199,2665,6271,1,1,5,3,5,7,4,2,3,8,6,5,3,7,3,8,35951,72,664,0,0,0,0,1,0
2021-01-25T23:59:59+01:00,2,1,246,307,735,1379,921,2301,1182,3693,1672,3145,1114,1356,3087,4687,2356,5805,1,1,5,2,3,7,2,2,3,8,6,5,3,7,3,8,33928,67,61,0,0,0,0,0,0
2021-01-24T23:59:59+01:00,2,1,243,307,729,1375,910,2285,1177,3677,1644,3115,1108,1354,3061,4651,2339,5783,1,1,3,2,3,7,2,2,3,8,6,5,3,7,3,8,33754,65,7,0,0,0,0,0,0
2021-01-23T23:59:59+01:00,2,1,242,306,728,1375,910,2281,1176,3675,1641,3113,1107,1354,2956,4524,2273,5682,1,1,3,2,2,7,2,2,3,8,6,5,3,7,3,8,33340,64,6,0,0,0,0,0,0
2021-01-22T23:59:59+01:00,2,1,241,303,726,1359,908,2268,1170,3661,1637,3109,1105,1353,2797,4330,2171,5540,1,1,3,2,2,7,2,2,3,8,6,5,3,7,3,8,32675,64,6,0,0,0,0,0,0
2021-01-21T23:59:59+01:00,2,1,237,274,663,1203,840,2056,1089,3375,1540,2902,1062,1311,2454,3864,1882,5105,1,0,3,1,2,7,2,2,3,8,6,4,3,7,3,8,29854,61,6,0,0,0,0,0,0
2021-01-20T23:59:59+01:00,2,1,213,210,502,851,664,1566,889,2674,1303,2434,967,1177,1923,3118,1473,4341,1,0,3,1,2,7,2,2,3,6,5,4,3,7,3,8,24302,58,6,0,0,0,0,0,0
2021-01-19T23:59:59+01:00,2,1,186,191,455,744,610,1410,802,2374,1129,2127,799,920,1280,2192,1015,3277,0,0,2,1,0,0,0,0,2,1,1,0,0,0,0,0,19511,7,3,0,0,0,0,0,0
2021-01-18T23:59:59+01:00,1,1,138,136,378,619,487,1056,647,1829,937,1637,592,711,637,1272,513,1971,0,0,1,0,0,0,0,0,1,0,0,0,0,0,0,0,13560,2,2,0,0,0,0,0,0
2021-01-17T23:59:59+01:00,1,1,127,122,364,582,472,991,618,1712,878,1538,543,671,590,1175,471,1828,0,0,0,0,0,0,0,0,0,0,0,0,0,0,0,0,12684,0,0,0,0,0,0,0,0
2021-01-16T23:59:59+01:00,1,1,120,118,361,578,470,980,612,1699,872,1531,542,670,589,1170,467,1816,0,0,0,0,0,0,0,0,0,0,0,0,0,0,0,0,12597,0,0,0,0,0,0,0,0
2021-01-15T23:59:59+01:00,1,1,118,111,358,573,462,964,608,1688,857,1507,536,658,582,1154,459,1794,0,0,0,0,0,0,0,0,0,0,0,0,0,0,0,0,12431,0,0,0,0,0,0,0,0
2021-01-14T23:59:59+01:00,1,1,97,89,275,464,391,785,505,1417,700,1216,418,529,502,960,403,1609,0,0,0,0,0,0,0,0,0,0,0,0,0,0,0,0,10362,0,0,0,0,0,0,0,0
2021-01-13T23:59:59+01:00,1,1,67,49,163,282,255,520,353,924,478,782,258,324,311,635,258,1030,0,0,0,0,0,0,0,0,0,0,0,0,0,0,0,0,6691,0,0,0,0,0,0,0,0
2021-01-12T23:59:59+01:00,1,1,31,21,49,101,113,212,151,383,200,334,135,175,162,352,146,566,0,0,0,0,0,0,0,0,0,0,0,0,0,0,0,0,3133,0,0,0,0,0,0,0,0
2021-01-11T23:59:59+01:00,1,0,18,11,33,64,60,110,77,168,92,125,39,65,60,122,50,181,0,0,0,0,0,0,0,0,0,0,0,0,0,0,0,0,1276,0,0,0,0,0,0,0,0
2021-01-10T23:59:59+01:00,1,0,15,7,27,53,53,98,67,153,76,111,33,55,50,112,46,172,0,0,0,0,0,0,0,0,0,0,0,0,0,0,0,0,1129,0,0,0,0,0,0,0,0
2021-01-09T23:59:59+01:00,1,0,14,7,26,51,52,97,64,152,76,109,33,55,50,112,46,172,0,0,0,0,0,0,0,0,0,0,0,0,0,0,0,0,1117,0,0,0,0,0,0,0,0
2021-01-08T23:59:59+01:00,1,0,11,7,24,48,47,92,60,139,70,105,31,50,49,112,46,172,0,0,0,0,0,0,0,0,0,0,0,0,0,0,0,0,1064,0,0,0,0,0,0,0,0
2021-01-07T23:59:59+01:00,1,0,7,4,9,18,21,40,23,56,38,65,19,33,36,75,36,116,0,0,0,0,0,0,0,0,0,0,0,0,0,0,0,0,597,0,0,0,0,0,0,0,0
2021-01-06T23:59:59+01:00,1,0,7,4,9,15,14,30,15,39,25,53,15,25,30,67,34,101,0,0,0,0,0,0,0,0,0,0,0,0,0,0,0,0,484,0,0,0,0,0,0,0,0
2021-01-05T23:59:59+01:00,1,0,7,4,9,15,14,30,15,39,25,53,15,25,29,67,34,101,0,0,0,0,0,0,0,0,0,0,0,0,0,0,0,0,483,0,0,0,0,0,0,0,0
2021-01-04T23:59:59+01:00,1,0,2,4,8,5,4,14,4,7,6,16,6,5,6,16,4,13,0,0,0,0,0,0,0,0,0,0,0,0,0,0,0,0,121,0,0,0,0,0,0,0,0
2021-01-03T23:59:59+01:00,1,0,1,1,3,2,2,7,3,3,3,9,4,4,3,8,3,8,0,0,0,0,0,0,0,0,0,0,0,0,0,0,0,0,65,0,0,0,0,0,0,0,0
2021-01-02T23:59:59+01:00,1,0,1,1,3,2,2,7,3,3,3,9,4,4,3,8,3,8,0,0,0,0,0,0,0,0,0,0,0,0,0,0,0,0,65,0,0,0,0,0,0,0,0
2021-01-01T23:59:59+01:00,1,0,1,1,3,2,2,7,2,3,3,9,4,4,3,8,3,8,0,0,0,0,0,0,0,0,0,0,0,0,0,0,0,0,64,0,0,0,0,0,0,0,0
2020-12-31T23:59:59+01:00,1,0,1,1,3,1,2,7,2,2,3,8,4,4,3,8,3,8,0,0,0,0,0,0,0,0,0,0,0,0,0,0,0,0,61,0,0,0,0,0,0,0,0
2020-12-30T23:59:59+01:00,1,0,1,1,3,1,2,7,2,2,3,6,4,4,3,8,3,8,0,0,0,0,0,0,0,0,0,0,0,0,0,0,0,0,59,0,0,0,0,0,0,0,0
2020-12-29T23:59:59+01:00,1,0,1,1,2,1,2,6,2,2,3,6,2,2,2,8,2,7,0,0,0,0,0,0,0,0,0,0,0,0,0,0,0,0,50,0,0,0,0,0,0,0,0
2020-12-28T23:59:59+01:00,1,0,0,0,2,1,0,2,1,0,1,3,0,1,0,1,1,4,0,0,0,0,0,0,0,0,0,0,0,0,0,0,0,0,18,0,0,0,0,0,0,0,0
2020-12-27T23:59:59+01:00,0,0,0,0,0,0,0,1,1,0,1,2,0,1,0,1,1,4,0,0,0,0,0,0,0,0,0,0,0,0,0,0,0,0,12,0,0,0,0,0,0,0,0
