Datum,<15_m,<15_w,15-24_1_m,15-24_1_w,25-34_1_m,25-34_1_w,35-44_1_m,35-44_1_w,45-54_1_m,45-54_1_w,55-64_1_m,55-64_1_w,65-74_1_m,65-74_1_w,75-84_1_m,75-84_1_w,>84_1_m,>84_1_w,<24_2_m,<24_2_w,25-34_2_m,25-34_2_w,35-44_2_m,35-44_2_w,45-54_2_m,45-54_2_w,55-64_2_m,55-64_2_w,65-74_2_m,65-74_2_w,75-84_2_m,75-84_2_w,>84_2_m,>84_2_w,bp_1,bp_2,mo_1,mo_2,az_1,az_2,ja,unb_1,unb_2
2021-08-09T23:59:59+02:00,3398,3185,37094,35594,51515,44254,56615,52999,68964,67635,84241,82770,59035,63123,38611,49772,11949,21339,29405,28088,44871,37967,50555,46574,63282,61534,78797,77368,56247,59981,37080,47677,11511,20513,617790,553075,78895,73492,109423,102802,25948,37,43
2021-08-08T23:59:59+02:00,3389,3172,37068,35578,51491,44230,56598,52989,68946,67618,84221,82755,59032,63118,38606,49765,11948,21338,29277,27947,44725,37873,50461,46494,63229,61477,78749,77329,56211,59963,37070,47666,11511,20510,617621,552158,78894,73484,109422,102771,25888,37,43
2021-08-07T23:59:59+02:00,3389,3172,37064,35572,51482,44229,56596,52989,68942,67615,84220,82753,59031,63118,38606,49765,11948,21338,29266,27942,44714,37868,50460,46490,63226,61472,78746,77326,56210,59962,37070,47666,11511,20510,617611,552130,78893,73480,109422,102771,25866,37,43
2021-08-06T23:59:59+02:00,3378,3159,37000,35516,51406,44167,56533,52947,68902,67584,84188,82724,59018,63099,38595,49759,11945,21336,29032,27722,44514,37685,50281,46351,63094,61359,78648,77258,56185,59937,37055,47656,11508,20507,617342,550715,78890,73474,109422,102770,25565,37,43
2021-08-05T23:59:59+02:00,3348,3125,36855,35395,51298,44045,56423,52835,68796,67478,84065,82657,58979,63047,38572,49740,11936,21326,28370,27135,43951,37229,49741,45916,62752,61072,78368,77046,56082,59844,37020,47608,11501,20493,616634,546631,78888,73465,109422,102594,24939,37,43
2021-08-04T23:59:59+02:00,3289,3062,36657,35226,51153,43900,56284,52724,68675,67355,83953,82549,58913,62989,38555,49711,11931,21316,27228,26019,43000,36358,48784,45026,62164,60470,77875,76612,55873,59667,36962,47519,11489,20473,615573,538344,78878,73426,109422,102541,24332,37,43
2021-08-03T23:59:59+02:00,3215,3004,36441,35028,51006,43764,56164,52604,68548,67242,83867,82480,58871,62949,38537,49681,11923,21302,26155,24913,42082,35469,47888,44146,61630,59945,77430,76207,55707,59480,36903,47433,11471,20442,614244,530067,78870,73383,109420,102515,24055,37,43
2021-08-02T23:59:59+02:00,3171,2950,36297,34879,50899,43656,56072,52507,68464,67154,83784,82406,58833,62902,38523,49662,11915,21290,25257,23913,41242,34735,47159,43409,61148,59480,77048,75864,55545,59332,36853,47356,11454,20421,613290,523130,78869,73329,109419,102374,23749,37,43
2021-08-01T23:59:59+02:00,3166,2945,36282,34857,50876,43638,56056,52483,68435,67141,83770,82394,58827,62897,38522,49658,11915,21290,24998,23665,41001,34535,46932,43215,61007,59344,76932,75769,55510,59303,36839,47344,11450,20417,613154,521282,78865,73288,109418,102308,23678,37,43
2021-07-31T23:59:59+02:00,3165,2944,36276,34856,50875,43637,56054,52482,68433,67140,83770,82393,58827,62897,38522,49658,11915,21290,24991,23652,40991,34528,46927,43209,60998,59342,76930,75768,55510,59300,36839,47344,11450,20416,613140,521218,78864,73287,109418,102308,23675,37,43
2021-07-30T23:59:59+02:00,3149,2930,36218,34792,50805,43586,55996,52426,68378,67099,83733,82353,58815,62883,38518,49651,11912,21287,24673,23342,40719,34316,46674,43018,60813,59212,76782,75654,55480,59261,36825,47332,11450,20416,612853,519297,78860,73285,109415,102201,23366,37,43
2021-07-29T23:59:59+02:00,3126,2902,36080,34670,50678,43464,55906,52329,68309,67035,83663,82302,58789,62865,38507,49642,11912,21286,23720,22357,39846,33572,45779,42240,60273,58774,76425,75353,55360,59123,36788,47279,11443,20405,611990,512279,78840,73160,109415,102035,23183,37,43
2021-07-28T23:59:59+02:00,3077,2847,35843,34436,50459,43295,55713,52183,68171,66899,83548,82204,58737,62818,38485,49606,11902,21278,22513,21111,38532,32478,44473,41073,59481,58117,75923,74897,55166,58937,36720,47176,11429,20380,610638,502525,78836,72995,109415,101878,22575,37,43
2021-07-27T23:59:59+02:00,3053,2828,35737,34319,50379,43212,55639,52131,68109,66831,83487,82133,58698,62777,38473,49591,11901,21269,21276,19724,37118,31145,43111,39778,58860,57525,75505,74488,55004,58763,36662,47122,11417,20357,609920,492152,78821,72819,109415,101764,22374,37,43
2021-07-26T23:59:59+02:00,3034,2809,35675,34226,50323,43160,55598,52083,68064,66795,83452,82108,58684,62762,38461,49579,11900,21267,20255,18625,35867,30033,41848,38631,58364,57127,75221,74238,54907,58663,36641,47087,11411,20343,609406,483926,78816,72493,109415,101603,22306,37,43
2021-07-25T23:59:59+02:00,3023,2804,35624,34186,50283,43117,55573,52061,68041,66772,83423,82085,58671,62755,38458,49576,11897,21261,19857,18267,35457,29710,41447,38330,58171,56976,75065,74136,54864,58625,36620,47067,11407,20339,609125,481236,78811,72234,109415,101575,22222,37,43
2021-07-24T23:59:59+02:00,3023,2804,35620,34182,50281,43114,55571,52060,68039,66772,83421,82084,58671,62755,38457,49576,11897,21261,19852,18257,35449,29702,41441,38329,58168,56974,75061,74134,54864,58625,36619,47067,11407,20339,609116,481200,78810,72234,109415,101573,22210,37,43
2021-07-23T23:59:59+02:00,2998,2779,35470,34066,50135,43016,55455,51956,67943,66680,83331,82034,58640,62726,38447,49571,11892,21258,19616,18037,35191,29529,41171,38148,58005,56846,74927,74058,54826,58602,36607,47057,11401,20333,608497,480087,78810,71945,109415,101571,21638,37,43
2021-07-22T23:59:59+02:00,2948,2694,35036,33700,49829,42779,55194,51731,67716,66502,83157,81884,58556,62633,38412,49527,11881,21240,18834,17377,34099,28797,40054,37324,57274,56382,74377,73689,54649,58424,36543,46974,11380,20307,606371,474598,78795,70521,109411,101355,20805,37,43
2021-07-21T23:59:59+02:00,2893,2636,34727,33372,49593,42572,55007,51546,67526,66318,83031,81759,58491,62582,38381,49488,11870,21230,18012,16545,32794,27806,38794,36368,56588,55824,73932,73327,54503,58249,36478,46890,11368,20274,604564,468712,78745,68345,109410,101144,20266,37,43
2021-07-20T23:59:59+02:00,2818,2573,34371,32993,49315,42343,54836,51353,67347,66163,82894,81641,58429,62529,38354,49443,11869,21215,16863,15427,31084,26410,37072,34918,55790,55181,73393,72884,54337,58060,36428,46806,11351,20236,602500,459575,78709,66606,109409,100808,19831,37,43
2021-07-19T23:59:59+02:00,2734,2503,33814,32431,49004,42035,54563,51089,67152,65950,82724,81475,58362,62448,38310,49391,11862,21200,16214,14857,30150,25735,36221,34206,55353,54762,73067,72649,54252,57975,36391,46756,11346,20215,599308,455924,78651,64443,109408,100639,19643,37,43
2021-07-18T23:59:59+02:00,2706,2485,33715,32318,48915,41979,54508,51032,67093,65900,82682,81433,58334,62422,38299,49379,11860,21193,15898,14593,29579,25356,35728,33859,55098,54600,72922,72548,54210,57937,36383,46741,11345,20211,598709,454488,78637,62909,109407,100611,19463,37,43
2021-07-17T23:59:59+02:00,2706,2485,33713,32316,48911,41978,54507,51030,67093,65899,82682,81433,58334,62421,38299,49379,11860,21193,15893,14588,29570,25341,35723,33855,55094,54599,72922,72548,54210,57937,36383,46741,11345,20211,598699,454445,78634,62905,109407,100611,19462,37,43
2021-07-16T23:59:59+02:00,2648,2420,33107,31795,48420,41632,54115,50695,66714,65580,82370,81201,58215,62309,38249,49330,11856,21186,15481,14267,29084,24976,35280,33525,54759,54348,72663,72356,54098,57850,36348,46703,11342,20207,596488,453074,78630,62776,109406,100603,17281,37,43
2021-07-15T23:59:59+02:00,2515,2288,32246,31018,47796,41063,53543,50218,66292,65238,82120,80962,58125,62215,38215,49288,11848,21167,14648,13603,27774,24152,33983,32719,54088,53952,72255,72136,54005,57757,36319,46669,11335,20192,591492,448933,78619,60421,109406,100023,16603,37,43
2021-07-14T23:59:59+02:00,2409,2202,31700,30493,47312,40631,53126,49823,65969,64961,81886,80716,58022,62120,38184,49238,11838,21154,13410,12467,25785,22707,32082,31202,53343,53369,71751,71798,53869,57632,36278,46608,11325,20177,587664,439848,78602,58497,109405,99690,16076,37,42
2021-07-13T23:59:59+02:00,2352,2132,31431,30226,47043,40407,52880,49599,65769,64775,81720,80567,57958,62045,38158,49203,11828,21142,12426,11624,24064,21401,30146,29621,52155,52204,70936,71012,53624,57356,36192,46493,11308,20150,585526,433164,78587,55580,109397,96543,15688,37,41
2021-07-12T23:59:59+02:00,2126,1925,30569,29298,46392,39874,52311,49030,65380,64386,81446,80296,57827,61920,38116,49145,11819,21121,11679,11000,22681,20425,28412,28248,51204,51348,70197,70395,53368,57078,36128,46377,11295,20119,579308,425086,78570,53034,109397,96390,15669,37,41
2021-07-11T23:59:59+02:00,2081,1887,30448,29189,46327,39803,52259,48969,65325,64332,81386,80253,57807,61901,38110,49128,11814,21116,11513,10853,22409,20242,28052,27978,51002,51203,70027,70252,53315,56997,36106,46360,11286,20112,578492,423033,78567,52992,109396,96256,15643,37,40
2021-07-10T23:59:59+02:00,2081,1885,30443,29182,46325,39798,52256,48968,65322,64331,81385,80251,57807,61899,38109,49128,11814,21116,11501,10835,22397,20229,28037,27966,50996,51199,70024,70249,53315,56997,36105,46360,11286,20112,578463,422952,78567,52990,109396,96246,15637,37,40
2021-07-09T23:59:59+02:00,2036,1847,30211,28946,46108,39619,52073,48797,65161,64220,81281,80172,57777,61870,38093,49113,11809,21114,11120,10564,21757,19793,27372,27416,50287,50633,69444,69841,53215,56909,36082,46326,11281,20101,577264,421881,78562,52676,109391,92801,14993,37,40
2021-07-08T23:59:59+02:00,1899,1720,29547,28413,45509,39115,51518,48331,64761,63912,80984,79938,57685,61781,38062,49063,11804,21100,9937,9456,19811,18161,24916,25437,49254,49836,68820,69305,52991,56696,36007,46240,11266,20075,573028,411367,78542,50247,109374,92575,14161,37,40
2021-07-07T23:59:59+02:00,1686,1524,28441,27206,44474,38156,50421,47340,64105,63276,80447,79456,57482,61552,37996,48979,11790,21062,9406,8980,18728,17329,23525,24239,48432,49191,68278,68818,52790,56457,35931,46142,11250,20036,563781,405037,78526,48638,109373,92288,13676,37,40
2021-07-06T23:59:59+02:00,1487,1366,27356,26159,43451,37239,49485,46405,63501,62714,80014,79050,57301,61371,37941,48885,11767,21034,8688,8235,17392,16327,21919,22958,47828,48740,67902,68553,52673,56342,35882,46105,11243,20020,555526,397587,78515,48211,109370,91992,13078,37,40
2021-07-05T23:59:59+02:00,1330,1243,26211,24907,42369,36240,48435,45341,62835,62139,79581,78648,57127,61181,37889,48810,11758,21012,8437,8012,16897,16015,21362,22575,47523,48516,67708,68406,52621,56269,35857,46086,11240,20015,546222,395025,78507,47898,109369,91735,12921,37,40
2021-07-04T23:59:59+02:00,1265,1179,25889,24579,42065,35981,48184,45157,62691,62004,79467,78555,57091,61142,37879,48791,11755,21009,8183,7858,16631,15822,21083,22379,47398,48418,67631,68332,52597,56244,35842,46081,11238,20014,543914,394013,78481,47237,109367,91650,12884,37,40
2021-07-03T23:59:59+02:00,1265,1178,25883,24569,42051,35974,48182,45157,62688,62003,79466,78554,57090,61142,37879,48791,11755,21009,8178,7850,16618,15812,21076,22372,47393,48417,67627,68331,52596,56244,35842,46081,11238,20014,543885,393978,78479,47236,109367,91640,12868,37,40
2021-07-02T23:59:59+02:00,1197,1121,25564,24214,41730,35693,47925,44903,62545,61858,79393,78484,57073,61120,37872,48779,11751,21004,8000,7698,16250,15545,20635,22065,46425,47639,67132,67983,52513,56152,35827,46063,11237,20011,541498,391495,78478,47233,109362,89625,12851,37,40
2021-07-01T23:59:59+02:00,1142,1071,25188,23851,41349,35343,47530,44554,62293,61622,79202,78313,57011,61058,37841,48738,11745,20994,7611,7364,15436,14766,19469,21036,44888,46155,65920,66908,52209,55849,35730,45944,11213,19984,538353,385683,78376,46409,109353,85682,12726,37,40
2021-06-30T23:59:59+02:00,1069,1007,24765,23402,40919,34969,47121,44179,62066,61420,79034,78164,56933,60981,37814,48688,11737,20974,7238,7008,14496,13962,18042,19834,41683,43427,64227,65467,51746,55352,35582,45751,11187,19935,534916,373682,78344,45717,109351,82949,12594,37,39
2021-06-29T23:59:59+02:00,977,899,24263,22868,40405,34550,46689,43764,61804,61141,78822,77985,56857,60917,37786,48645,11731,20955,6960,6703,13832,13469,16882,18915,37364,39739,62878,64215,51260,54853,35450,45573,11156,19892,530849,358402,78335,45507,109351,82740,12486,37,39
2021-06-28T23:59:59+02:00,948,866,23924,22475,39947,34169,46267,43395,61567,60886,78633,77830,56786,60849,37757,48615,11729,20940,6650,6383,13172,12969,15871,18079,33720,36695,61755,63185,50906,54459,35356,45425,11132,19854,529098,349736,76646,40819,109351,82589,12451,37,39
2021-06-27T23:59:59+02:00,934,853,23831,22383,39874,34106,46209,43336,61536,60849,78599,77801,56771,60837,37751,48608,11728,20935,6560,6308,12939,12828,15450,17842,32888,36050,61499,62986,50817,54389,35338,45402,11130,19850,528487,346837,76642,40558,109345,82433,12430,37,39
2021-06-26T23:59:59+02:00,933,853,23825,22378,39868,34103,46208,43335,61535,60848,78599,77801,56771,60837,37751,48608,11728,20935,6557,6301,12933,12815,15443,17835,32884,36049,61492,62984,50815,54383,35338,45402,11130,19849,528462,346773,76642,40557,109345,82432,12430,37,39
2021-06-25T23:59:59+02:00,910,827,23710,22265,39783,34017,46125,43264,61491,60801,78551,77780,56760,60823,37748,48605,11727,20933,6459,6188,12823,12683,15305,17674,32166,35392,61104,62662,50737,54299,35330,45381,11127,19848,527670,343768,76642,40545,109342,82416,12429,37,39
2021-06-24T23:59:59+02:00,843,769,23321,21840,39432,33708,45773,42961,61287,60606,78391,77643,56706,60768,37726,48575,11723,20924,6120,5891,12261,12219,14599,16993,28869,32676,58826,60814,50153,53704,35196,45174,11109,19800,524714,329983,76593,40283,109340,81802,12312,37,39
2021-06-23T23:59:59+02:00,738,675,22680,21178,38856,33121,45122,42257,60921,60217,78143,77393,56603,60635,37681,48523,11713,20905,5965,5700,11893,11873,14093,16465,25505,29921,57186,59293,49629,53167,35078,45000,11088,19757,519146,320569,76539,37348,109338,81369,12301,37,39
2021-06-22T23:59:59+02:00,677,611,22255,20736,38453,32705,44690,41794,60649,59932,77940,77154,56507,60527,37644,48451,11700,20883,5774,5564,11571,11612,13670,16092,21172,26397,55115,57595,49032,52566,34901,44785,11068,19713,515358,306239,76412,37294,109333,80897,12168,37,39
2021-06-21T23:59:59+02:00,641,570,22004,20500,38203,32477,44446,41519,60463,59722,77809,77015,56454,60446,37620,48411,11691,20867,5644,5454,11263,11416,13334,15832,19626,25167,54199,56829,46810,50115,34302,44067,11045,19654,513329,300933,76209,37227,109318,74601,11965,37,39
2021-06-20T23:59:59+02:00,612,550,21714,20204,37908,32202,44162,41264,60312,59553,77672,76868,56405,60404,37600,48394,11688,20860,5588,5410,11132,11328,13181,15705,19232,24844,53933,56649,45157,48133,33735,43434,11025,19634,510939,300312,76130,36477,109307,69342,11959,37,38
2021-06-19T23:59:59+02:00,610,550,21709,20192,37893,32198,44159,41260,60306,59550,77670,76865,56402,60403,37600,48393,11688,20860,5582,5401,11128,11325,13172,15699,19225,24836,53919,56637,45148,48123,33734,43434,11025,19634,510880,300229,76125,36474,109307,69330,11959,37,38
2021-06-18T23:59:59+02:00,596,536,21612,20081,37826,32144,44085,41175,60251,59505,77626,76823,56379,60382,37595,48380,11687,20859,5487,5236,10833,10789,12800,15118,18684,23819,53067,55337,44944,47960,33706,43386,11019,19622,510126,298660,76119,36473,109302,64686,11958,37,38
2021-06-17T23:59:59+02:00,510,443,20895,19362,37069,31509,43291,40421,59844,59140,77332,76570,56266,60255,37547,48312,11674,20835,5294,5023,10449,10234,12277,14345,17758,22460,51495,53395,43796,46611,33388,42990,10972,19539,504141,291351,76027,36346,109296,60525,11774,37,38
2021-06-16T23:59:59+02:00,403,366,20095,18406,36077,30576,42278,39452,59305,58659,76942,76259,56125,60103,37491,48225,11664,20812,5106,4869,9943,9914,11542,13849,16213,21163,47631,49856,42043,44609,32924,42421,10909,19413,496782,275232,75485,36148,109281,59343,11653,37,37
2021-06-15T23:59:59+02:00,293,263,19279,17549,35155,29720,41351,38568,58867,58219,76609,75936,55983,59938,37436,48156,11649,20779,4903,4744,9419,9655,10839,13380,14704,19976,43378,45781,40495,42769,32446,41801,10842,19285,489575,258105,75370,36113,109274,58676,11494,37,36
2021-06-14T23:59:59+02:00,189,173,18159,16309,33903,28445,39888,37158,58280,57655,76215,75596,55856,59797,37391,48085,11640,20764,4776,4650,9075,9446,10363,13062,13532,18970,40745,43237,39423,41625,32156,41400,10810,19200,479820,246960,74932,36087,109270,57949,11445,36,36
2021-06-13T23:59:59+02:00,148,134,17655,15904,33421,28040,39396,36775,58067,57472,76068,75494,55829,59758,37369,48063,11637,20755,4690,4601,8930,9373,10200,12994,12927,18516,40276,42843,39188,41403,32095,41315,10804,19186,476740,245998,74630,34663,109262,57334,11317,36,36
2021-06-12T23:59:59+02:00,148,134,17651,15886,33409,28031,39389,36771,58062,57469,76064,75492,55828,59756,37368,48063,11637,20755,4683,4596,8919,9368,10188,12987,12915,18503,40093,42696,39165,41388,32091,41313,10804,19185,476673,245563,74626,34663,109262,57323,11316,36,36
2021-06-11T23:59:59+02:00,146,134,17567,15827,33264,27962,39216,36717,57942,57432,75994,75468,55816,59751,37366,48061,11637,20754,4600,4403,8758,8806,9994,12267,12679,17431,39605,41400,39011,41257,32073,41279,10802,19184,476339,245071,74215,34661,109156,52480,11308,36,36
2021-06-10T23:59:59+02:00,132,114,16721,15108,31844,27046,37972,35804,57261,56973,75586,75198,55726,59659,37327,48017,11626,20736,4345,4209,8200,8312,9313,11510,11945,16370,36765,38367,38211,40458,31907,41097,10786,19154,472451,238033,71240,34529,108875,48110,10248,36,36
2021-06-09T23:59:59+02:00,110,88,15942,14401,30564,26141,36753,34917,56687,56585,75245,74971,55645,59554,37300,47973,11613,20715,4164,4056,7840,8123,8851,11292,11328,15993,31701,33520,36719,38934,31663,40829,10765,19105,467795,224174,68796,34407,108833,46529,9744,36,36
2021-06-08T23:59:59+02:00,83,70,15021,13528,29184,25048,35385,33906,56071,56181,74951,74760,55572,59482,37278,47943,11609,20705,4084,3992,7686,8008,8698,11178,11037,15789,28896,30720,35767,38006,31503,40634,10741,19072,463218,216746,65350,34350,108793,45306,9380,36,36
2021-06-07T23:59:59+02:00,75,57,14388,12939,27813,24239,34233,33127,55596,55926,74709,74657,55536,59445,37262,47933,11609,20701,3992,3919,7492,7883,8398,11046,10670,15545,24582,26356,34309,36478,31281,40367,10713,19044,460100,205011,62321,34286,108762,43724,9026,36,35
2021-06-06T23:59:59+02:00,74,54,14066,12748,27029,23820,33584,32708,55289,55763,74554,74590,55517,59423,37248,47924,11607,20700,3925,3883,7342,7838,8243,10963,10353,15344,21778,23504,33312,35409,31142,40213,10706,19029,458966,202232,60269,29098,108738,42938,8689,36,34
2021-06-05T23:59:59+02:00,74,52,14037,12722,26986,23778,33556,32689,55284,55754,74549,74585,55513,59418,37243,47922,11607,20700,3903,3868,7307,7817,8196,10946,10292,15303,20353,21955,32520,34532,31072,40131,10702,19022,458849,197271,60164,29095,108732,42838,8688,36,34
2021-06-04T23:59:59+02:00,68,48,13807,12460,26676,23464,33220,32378,55224,55673,74510,74565,55504,59413,37242,47920,11607,20699,3872,3840,7229,7738,8139,10868,10212,15181,20246,21837,32447,34478,31040,40094,10699,19019,456953,197190,60102,29083,108699,41951,8688,36,34
2021-06-03T23:59:59+02:00,50,43,13240,11971,25639,22778,32084,31627,54733,55341,74195,74372,55433,59336,37208,47890,11601,20683,3744,3748,6957,7569,7859,10696,9886,14944,18366,19981,30480,32186,30767,39764,10676,18971,452620,188637,58602,29064,108686,40589,8280,36,31
2021-06-02T23:59:59+02:00,37,31,12550,11217,24643,21876,30943,30673,54469,55078,74004,74233,55382,59258,37192,47869,11593,20676,3709,3728,6900,7514,7803,10648,9802,14853,17847,19433,28552,30017,30668,39620,10669,18960,446310,183112,58424,29063,108685,40254,8270,35,31
2021-06-01T23:59:59+02:00,23,16,11420,10329,22509,20439,28406,28780,53058,54014,73001,73454,55081,58941,37072,47699,11559,20617,3480,3555,6403,7208,7200,10228,8950,14253,15911,17629,24787,25784,29989,38743,10593,18807,436816,169191,53952,28926,108648,38414,6967,35,29
2021-05-31T23:59:59+02:00,18,12,10555,9662,20673,19268,26357,27273,51950,53165,72298,72908,54865,58683,36999,47599,11545,20581,3339,3404,6070,6963,6800,9929,8410,13897,14850,16655,23599,24418,29602,38255,10533,18713,430025,163463,49582,28890,108631,36925,6138,35,28
2021-05-30T23:59:59+02:00,16,9,10203,9314,19950,18771,25651,26693,51610,52883,72066,72712,54789,58604,36974,47572,11537,20573,3156,3212,5720,6697,6511,9686,8193,13693,14590,16384,23306,24102,29492,38148,10518,18685,427442,162639,49174,28833,108598,35922,4678,35,28
2021-05-29T23:59:59+02:00,16,9,10187,9302,19932,18744,25633,26667,51598,52879,72061,72702,54787,58599,36973,47572,11536,20573,3154,3204,5717,6693,6506,9684,8185,13685,14580,16380,23295,24094,29488,38143,10517,18684,427285,162570,49174,28831,108598,35909,4678,35,28
2021-05-28T23:59:59+02:00,16,9,10122,9206,19795,18575,25371,26438,51439,52703,71915,72572,54750,58549,36960,47552,11533,20560,3107,3128,5625,6554,6406,9485,8072,13412,14387,16104,23143,23940,29435,38080,10510,18675,425636,162185,49137,28830,108581,34351,4677,34,27
2021-05-27T23:59:59+02:00,16,9,8858,8004,17388,16758,22588,24288,50348,51889,71249,72081,54553,58332,36869,47458,11520,20532,2810,2794,4782,5932,5513,8705,7281,12428,13264,14914,22158,22908,29053,37630,10455,18588,413705,158379,48183,28567,108446,29877,2372,34,27
2021-05-26T23:59:59+02:00,15,9,8455,7587,16510,15954,21398,23277,49743,51343,70835,71697,54402,58169,36803,47383,11509,20502,2623,2621,4415,5600,5037,8198,6804,11780,12295,13936,21262,21878,28742,37187,10409,18503,408109,154538,47451,28479,108374,26630,1624,33,26
2021-05-25T23:59:59+02:00,15,9,7880,6987,15266,15069,19948,22104,49264,50944,70589,71514,54334,58087,36781,47358,11505,20493,2547,2518,4225,5470,4791,7971,6529,11471,11741,13406,19128,19728,28374,36656,10374,18454,401343,148907,47210,28466,108330,24760,1231,33,26
2021-05-24T23:59:59+02:00,15,9,7794,6886,15043,14942,19662,21925,49163,50825,70546,71475,54333,58082,36780,47357,11503,20490,2503,2456,4141,5305,4696,7726,6405,11187,11601,13166,19014,19616,28323,36609,10367,18443,400204,148757,47132,28424,108245,23143,1216,33,25
2021-05-23T23:59:59+02:00,14,9,7778,6873,15007,14926,19608,21897,49154,50823,70542,71469,54332,58080,36780,47356,11503,20490,2501,2452,4134,5300,4687,7722,6401,11174,11580,13144,18874,19421,28292,36570,10365,18441,400021,148275,47132,28422,108245,23134,1210,33,24
2021-05-22T23:59:59+02:00,14,9,7775,6865,14997,14914,19598,21890,49154,50821,70539,71469,54332,58079,36780,47356,11503,20490,2499,2445,4127,5294,4685,7722,6398,11171,11571,13141,18862,19415,28291,36570,10365,18441,399967,148239,47132,28422,108245,23110,1208,33,24
2021-05-21T23:59:59+02:00,14,8,7701,6768,14867,14780,19393,21730,48913,50587,70397,71363,54305,58053,36773,47349,11498,20484,2428,2360,4041,5153,4582,7508,6275,10874,11402,12852,18796,19351,28275,36540,10362,18439,398397,147989,47129,28422,108220,21604,1205,32,24
2021-05-20T23:59:59+02:00,14,8,7427,6474,14283,14257,18454,20858,46230,48236,69246,70391,53953,57692,36665,47209,11467,20455,2166,2197,3679,4787,4140,6957,5721,10043,10315,11756,17522,18070,27770,35941,10289,18292,387421,142754,46967,28133,107915,17752,988,28,24
2021-05-19T23:59:59+02:00,13,7,7188,6250,13620,13774,17185,19858,42250,44747,67758,69087,53498,57171,36503,46985,11431,20403,2090,1998,3515,4446,3893,6434,5277,9362,9327,10644,16048,16423,27077,35028,10163,18083,372648,135603,46397,27990,107686,15238,969,28,14
2021-05-18T23:59:59+02:00,13,5,6989,6073,13076,13344,16087,19001,37532,40728,66307,67766,52943,56632,36356,46763,11389,20346,2043,1870,3377,4256,3708,6120,4945,8881,8462,9773,14468,14689,26369,34178,10073,17911,356553,128983,46336,27427,107529,13801,904,28,14
2021-05-17T23:59:59+02:00,13,5,6854,5977,12753,13095,15592,18611,35350,38860,65469,66985,52672,56319,36277,46655,11375,20309,1974,1809,3189,4076,3489,5893,4623,8510,7685,9073,11212,10676,25458,33029,9990,17742,352826,123774,42066,21345,107450,12500,801,28,14
2021-05-16T23:59:59+02:00,13,5,6791,5893,12628,12941,15419,18442,34861,38390,65284,66817,52616,56259,36267,46630,11370,20304,1916,1712,3086,3953,3409,5791,4517,8366,7504,8887,9021,8082,24977,32348,9956,17685,351355,122637,41562,16002,107414,11991,572,27,14
2021-05-15T23:59:59+02:00,13,5,6786,5884,12622,12935,15415,18438,34856,38387,65282,66815,52616,56258,36267,46630,11370,20304,1915,1711,3083,3947,3404,5788,4512,8363,7502,8884,9019,8080,24976,32348,9956,17685,351313,122606,41562,16002,107412,11988,569,27,14
2021-05-14T23:59:59+02:00,13,5,6589,5787,12379,12873,15183,18346,33882,37598,64746,66407,52520,56171,36250,46597,11368,20299,1799,1623,2972,3877,3347,5680,4462,8216,7456,8756,9012,8075,24975,32348,9956,17684,347949,122552,41530,15998,106951,11123,558,25,13
2021-05-13T23:59:59+02:00,13,5,6339,5600,11970,12619,14616,17897,30354,34811,62271,64332,51890,55497,36113,46378,11356,20251,1756,1585,2915,3800,3315,5588,4419,8112,7374,8637,8974,8017,24955,32307,9951,17680,333964,122305,41307,15974,106521,10603,495,25,13
2021-05-12T23:59:59+02:00,13,5,6322,5576,11898,12556,14508,17790,29719,34235,61765,63880,51718,55324,36077,46333,11349,20238,1756,1582,2914,3800,3310,5588,4417,8111,7372,8631,8967,8014,24955,32305,9951,17679,330973,122283,41297,15964,106516,10602,495,25,13
2021-05-11T23:59:59+02:00,12,5,5997,5442,11456,12279,13962,17407,25458,30748,59384,61875,51058,54644,35888,46087,11328,20175,1714,1466,2811,3539,3189,5212,4278,7666,7218,8306,8883,7933,24926,32265,9948,17668,316041,122045,41244,15775,105527,8824,371,22,12
2021-05-10T23:59:59+02:00,12,5,5870,5369,11293,12164,13743,17239,21990,27989,58137,60759,50696,54293,35796,45964,11313,20144,1676,1370,2726,3309,3087,4881,4168,7176,7096,7868,8842,7873,24914,32244,9946,17664,306129,121901,41083,15626,105235,6999,307,22,12
2021-05-09T23:59:59+02:00,12,5,5793,5337,11205,12102,13643,17158,20389,26808,57672,60375,50594,54195,35770,45923,11306,20139,1659,1348,2669,3184,3036,4740,4123,7056,7037,7770,8830,7859,24907,32238,9945,17664,305563,121841,37513,15581,105034,6342,294,22,12
2021-05-08T23:59:59+02:00,12,5,5789,5334,11193,12098,13633,17149,20381,26802,57663,60369,50591,54187,35766,45920,11304,20136,1658,1348,2669,3182,3036,4740,4120,7053,7036,7769,8829,7859,24906,32236,9945,17664,305471,121826,37512,15581,105033,6342,294,22,12
2021-05-07T23:59:59+02:00,12,5,5749,5299,11128,12048,13526,17071,19925,26444,56664,59560,50461,54056,35737,45890,11301,20122,1554,1304,2589,3138,2996,4712,4086,7029,7013,7737,8822,7851,24904,32235,9945,17663,302304,121793,37496,15574,104888,5915,289,21,12
2021-05-06T23:59:59+02:00,12,5,5494,5186,10614,11739,12820,16618,18629,25456,52404,55905,49265,52676,35406,45490,11249,20019,1329,1172,2353,2965,2826,4546,3934,6830,6861,7585,8747,7773,24883,32199,9942,17656,287165,121521,37310,15435,104333,4478,160,19,12
2021-05-05T23:59:59+02:00,12,5,5234,5087,10121,11504,12065,16167,17297,24475,48034,51762,47595,50757,34969,44921,11174,19899,1283,1077,2291,2838,2743,4366,3840,6592,6753,7386,8634,7679,24822,32125,9936,17640,269984,121045,37084,15390,103945,3517,46,19,12
2021-05-04T23:59:59+02:00,12,5,5151,5002,9803,11292,11612,15777,16322,23607,46162,49731,46528,49449,34596,44433,11108,19790,1271,1058,2262,2797,2702,4280,3788,6485,6680,7310,8592,7639,24802,32109,9935,17635,259614,120826,37060,15329,103664,3160,23,19,12
2021-05-03T23:59:59+02:00,12,5,5048,4915,9454,11124,11149,15514,15259,22742,44588,48111,45647,48495,34376,44095,11080,19701,1256,1032,2230,2766,2660,4216,3740,6431,6605,7256,8023,6951,23063,29785,9797,17398,250592,115021,37051,15247,103638,2919,15,19,12
2021-05-02T23:59:59+02:00,12,5,4986,4896,9339,11088,11005,15453,14647,22253,44069,47701,45506,48329,34329,44034,11074,19690,1252,1027,2213,2763,2647,4208,3712,6418,6585,7242,7834,6708,21097,27381,9751,17310,249384,115001,35420,10252,103583,2878,10,19,12
2021-05-01T23:59:59+02:00,12,5,4986,4894,9334,11084,11002,15451,14643,22249,44067,47697,45505,48329,34329,44034,11074,19690,1251,1027,2213,2763,2647,4208,3711,6418,6583,7242,7834,6707,21097,27381,9751,17310,249354,114997,35420,10252,103582,2877,10,19,12
2021-04-30T23:59:59+02:00,12,5,4939,4872,9267,11069,10947,15426,14568,22223,42583,46283,45170,47997,34292,43982,11069,19680,1042,932,2015,2673,2547,4147,3625,6358,6520,7184,7827,6690,21096,27379,9751,17310,245365,114988,35420,10250,103570,1843,10,19,10
2021-04-29T23:59:59+02:00,12,4,4696,4790,8797,10918,10341,15255,13883,22015,37652,41968,44160,46969,34171,43864,11065,19650,862,855,1842,2594,2461,4081,3517,6287,6447,7134,7805,6671,21091,27373,9751,17310,231634,114949,35317,10147,103230,970,10,19,10
2021-04-28T23:59:59+02:00,12,4,4521,4755,8547,10833,9989,15165,13526,21861,33014,37465,42914,45715,34045,43717,11051,19632,820,825,1804,2548,2428,4005,3481,6178,6397,7043,7786,6652,21079,27360,9746,17303,218421,114864,35299,10099,103020,478,9,17,10
2021-04-27T23:59:59+02:00,11,3,4290,4540,8204,10384,9605,14583,13058,21212,31885,36338,42635,45433,34029,43689,11047,19629,792,811,1770,2524,2410,3987,3463,6159,6362,7016,7774,6643,21074,27355,9743,17297,215697,114804,35289,10068,99563,294,9,17,10
2021-04-26T23:59:59+02:00,11,3,4268,4512,8129,10347,9497,14527,12909,21153,27476,31952,41419,44210,33949,43589,11034,19619,759,800,1740,2505,2380,3966,3439,6138,6310,6970,7727,6594,21044,27325,9743,17290,203818,114602,35280,10024,99481,90,9,16,10
2021-04-25T23:59:59+02:00,11,3,4245,4499,8097,10320,9434,14495,12816,21107,25508,29910,40717,43449,33903,43531,11030,19614,747,792,1728,2491,2362,3951,3413,6117,6277,6941,7705,6574,21027,27304,9742,17286,203151,114576,30168,9782,99346,86,8,16,10
2021-04-24T23:59:59+02:00,11,3,4226,4488,8067,10291,9393,14479,12765,21085,24006,28245,39960,42610,33838,43455,11027,19608,746,791,1725,2489,2361,3948,3413,6113,6277,6938,7703,6572,21026,27304,9742,17286,198088,114556,30168,9781,99277,84,8,16,10
2021-04-23T23:59:59+02:00,10,3,3961,4336,7597,9994,8963,14123,12203,20682,23527,27945,39874,42549,33817,43421,11021,19601,732,781,1708,2476,2341,3932,3390,6091,6255,6919,7689,6554,21021,27293,9742,17285,197741,114541,30153,9583,95710,72,8,15,10
2021-04-22T23:59:59+02:00,10,3,3868,4279,7406,9877,8685,13929,11759,20355,21201,25588,37121,39307,33290,42752,10950,19482,719,772,1680,2446,2283,3875,3318,6019,6145,6823,7610,6468,20968,27249,9739,17270,184725,114420,29964,8882,95150,70,8,15,9
2021-04-21T23:59:59+02:00,10,3,3840,4247,7279,9799,8504,13758,11425,20066,19940,24385,33911,35594,32806,42049,10888,19356,695,754,1646,2418,2239,3850,3285,5986,6103,6784,7582,6441,20950,27225,9736,17266,172974,114313,29791,8569,95072,66,8,15,9
2021-04-20T23:59:59+02:00,10,3,3806,4221,7174,9730,8290,13602,11058,19768,18845,23238,30601,31945,32333,41450,10829,19247,687,744,1631,2406,2206,3828,3242,5941,6062,6741,7542,6395,20925,27201,9730,17263,161344,114155,29769,8313,95014,64,8,15,9
2021-04-19T23:59:59+02:00,10,3,3787,4204,7100,9692,8172,13493,10803,19582,18180,22574,29728,30816,32041,41084,10787,19172,679,739,1609,2392,2182,3798,3207,5908,6028,6710,7497,6362,20894,27173,9728,17259,156505,114022,29752,8069,94948,62,8,15,9
2021-04-18T23:59:59+02:00,10,3,3784,4198,7084,9678,8157,13474,10768,19557,18092,22492,29606,30691,32013,41062,10784,19164,677,735,1594,2380,2165,3783,3182,5882,5999,6687,7475,6349,20875,27151,9725,17256,156013,113963,29684,7879,94898,61,8,14,9
2021-04-17T23:59:59+02:00,10,3,3783,4196,7082,9676,8154,13474,10762,19550,18079,22481,29584,30678,32011,41060,10784,19164,676,735,1593,2379,2164,3782,3179,5881,5997,6685,7475,6349,20875,27151,9725,17256,155934,113950,29683,7879,94892,61,8,14,9
2021-04-16T23:59:59+02:00,10,3,3616,4158,6737,9547,7787,13287,10364,19304,17628,22207,29383,30519,31929,40971,10769,19145,664,717,1581,2364,2137,3767,3125,5844,5954,6635,7382,6260,20463,26586,9695,17195,155184,112626,29675,7673,92483,58,8,14,9
2021-04-15T23:59:59+02:00,10,3,3515,4079,6385,9175,7210,12787,9588,18468,16302,20976,28186,29226,31409,40329,10689,18970,634,694,1529,2326,2055,3680,3017,5724,5626,6397,6886,5875,19733,25677,9599,17027,149439,109280,29382,7134,88464,53,8,14,9
2021-04-14T23:59:59+02:00,9,3,3460,4029,6149,8937,6880,12410,8966,17917,15184,19945,26776,27720,30777,39453,10581,18775,600,668,1483,2288,1981,3602,2875,5601,5315,6161,6343,5362,18720,24391,9514,16854,142633,105020,29183,6679,86134,47,8,13,9
2021-04-13T23:59:59+02:00,9,3,3428,3998,6057,8860,6731,12281,8664,17671,14382,19253,23423,24164,29845,38272,10477,18603,595,659,1470,2266,1953,3569,2779,5530,5099,5978,5982,5023,18422,24047,9475,16788,131003,102929,29172,6649,85925,46,8,13,8
2021-04-12T23:59:59+02:00,9,3,3406,3977,6007,8803,6643,12197,8446,17476,13765,18724,22421,23012,29421,37714,10408,18481,585,651,1460,2258,1930,3548,2723,5479,4951,5873,5665,4742,18129,23745,9437,16728,125923,101344,29153,6503,85816,46,8,13,8
2021-04-11T23:59:59+02:00,9,3,3400,3971,5989,8779,6615,12180,8406,17453,13676,18663,22291,22863,29370,37649,10399,18456,582,646,1447,2248,1917,3540,2706,5463,4913,5836,5606,4684,17956,23511,9416,16699,125381,100682,29086,6431,85684,46,8,13,8
2021-04-10T23:59:59+02:00,9,3,3392,3970,5966,8778,6593,12179,8385,17452,13651,18661,22286,22860,29366,37648,10399,18456,581,644,1441,2242,1912,3537,2700,5455,4897,5826,5594,4667,17795,23258,9402,16675,125359,100172,28995,6398,85680,46,7,13,8
2021-04-09T23:59:59+02:00,8,3,3354,3958,5918,8766,6535,12163,8346,17425,13600,18615,20333,20452,28885,37033,10369,18407,568,631,1415,2220,1885,3514,2658,5419,4826,5764,5479,4563,17218,22526,9364,16604,124670,98406,23883,6200,85599,38,7,11,8
2021-04-08T23:59:59+02:00,8,3,3330,3939,5848,8734,6460,12124,8256,17361,13456,18497,17743,17390,28361,36369,10332,18357,526,601,1327,2138,1791,3417,2478,5234,4330,5399,4676,3956,15442,20302,9179,16303,123804,91434,18025,5629,84722,27,6,11,8
2021-04-07T23:59:59+02:00,6,3,3252,3911,5638,8684,6253,12064,8047,17286,13194,18402,15081,14325,27684,35572,10302,18304,503,573,1274,2083,1697,3337,2326,5094,3918,5067,3960,3392,14590,19439,9067,16122,123597,87129,16490,5282,77905,23,5,11,8
2021-04-06T23:59:59+02:00,5,3,3224,3901,5592,8666,6183,12041,7960,17249,13120,18331,13098,11962,27052,34859,10289,18274,472,551,1205,2028,1612,3256,2164,4975,3545,4790,3434,2983,13750,18440,8993,16006,123468,83496,16288,4682,72037,19,5,11,7
2021-04-05T23:59:59+02:00,5,3,3222,3898,5556,8653,6146,12029,7915,17233,13048,18295,13052,11916,27041,34843,10288,18271,440,521,1153,1991,1560,3215,2096,4921,3457,4714,3377,2931,13607,18270,8984,15988,123445,83005,16080,4195,71874,19,4,11,7
2021-04-04T23:59:59+02:00,5,3,3221,3896,5556,8651,6144,12028,7914,17230,13048,18295,13049,11916,27040,34843,10288,18271,439,520,1152,1991,1560,3215,2096,4921,3457,4714,3377,2931,13606,18270,8984,15988,123434,83001,16080,4195,71869,19,4,11,7
2021-04-03T23:59:59+02:00,5,3,3220,3896,5556,8650,6144,12028,7914,17230,13048,18295,13049,11915,27039,34840,10288,18271,439,519,1152,1991,1559,3215,2096,4920,3451,4711,3371,2920,13519,18134,8975,15972,123429,82724,16080,4195,71867,19,4,11,7
2021-04-02T23:59:59+02:00,5,3,3220,3893,5553,8645,6140,12019,7905,17218,13023,18264,13002,11863,27011,34822,10285,18267,436,512,1150,1987,1547,3206,2086,4898,3421,4678,3340,2891,12590,16889,8910,15864,123263,80268,16077,4114,71783,19,4,11,5
2021-04-01T23:59:59+02:00,5,3,3205,3879,5514,8625,6073,11986,7834,17183,12909,18193,12886,11737,26952,34746,10276,18252,389,469,1053,1920,1448,3119,1937,4786,3223,4545,3110,2692,10571,14304,8800,15689,122945,74707,15954,3326,71345,19,3,11,5
2021-03-31T23:59:59+02:00,5,3,3204,3866,5497,8591,6040,11950,7792,17138,12829,18124,12773,11612,26901,34686,10268,18243,351,448,1017,1878,1377,3079,1833,4683,2967,4351,2699,2376,8004,11077,8625,15451,122637,67208,15915,2986,70956,18,3,11,5
2021-03-30T23:59:59+02:00,5,3,3196,3856,5472,8563,6008,11919,7753,17098,12752,18058,12687,11474,26864,34639,10263,18233,330,429,994,1846,1317,3044,1709,4603,2720,4179,2327,2128,7118,9991,8559,15325,122507,63888,15884,2711,70439,17,2,11,5
2021-03-29T23:59:59+02:00,5,3,3184,3852,5443,8544,5973,11886,7709,17065,12678,17980,12043,10717,24999,32145,10115,17977,324,427,987,1831,1296,3019,1674,4563,2574,4093,2041,1979,6468,9281,8515,15247,116518,61593,15714,2708,70073,15,2,11,5
2021-03-28T23:59:59+02:00,5,3,3154,3836,5396,8506,5924,11844,7628,17010,12568,17911,11779,10414,23013,29682,10060,17878,323,425,984,1830,1288,3015,1670,4561,2562,4085,2016,1959,6446,9268,8513,15242,116458,61465,10533,2706,69607,15,2,11,3
2021-03-27T23:59:59+01:00,5,3,3142,3832,5357,8495,5888,11829,7581,16995,12522,17864,11745,10371,23009,29674,10060,17878,323,425,984,1830,1288,3015,1669,4559,2560,4083,2014,1957,6397,9193,8480,15193,116390,61248,10532,2706,69315,15,2,11,3
2021-03-26T23:59:59+01:00,5,3,3006,3507,4908,7337,5392,10509,6969,14948,11713,15590,11526,10190,22526,28948,10015,17807,322,421,980,1827,1283,3011,1666,4557,2555,4076,2006,1951,6267,9006,8337,15008,114844,60573,10278,2694,59764,5,2,11,3
2021-03-25T23:59:59+01:00,5,3,2880,3238,4748,6570,5166,9358,6645,13228,10989,13789,10669,9386,21812,28110,9942,17652,317,412,974,1817,1268,2992,1646,4522,2518,4027,1940,1892,5977,8578,8064,14561,111944,58810,9591,2690,52642,4,2,11,3
2021-03-24T23:59:59+01:00,5,3,2832,3194,4672,6509,5032,9252,6439,13058,10478,13384,9837,8565,20803,26855,9846,17471,315,407,966,1811,1251,2981,1631,4498,2471,3970,1871,1816,5614,8106,7653,13895,107943,56577,9244,2676,51038,4,0,10,3
2021-03-23T23:59:59+01:00,5,3,2803,3161,4604,6443,4921,9158,6228,12897,10022,12962,9127,7898,20293,26252,9794,17366,303,394,948,1802,1236,2961,1603,4476,2416,3921,1791,1751,5337,7728,7265,13280,105570,54535,8912,2675,49446,3,0,9,3
2021-03-22T23:59:59+01:00,5,3,2787,3123,4544,6405,4845,9090,6089,12760,9661,12688,8523,7333,19877,25815,9734,17272,301,390,936,1796,1221,2946,1590,4462,2389,3895,1765,1730,5200,7553,6823,12468,104094,52792,8653,2670,47798,3,0,9,2
2021-03-21T23:59:59+01:00,5,3,2780,3108,4499,6383,4794,9054,5997,12692,9473,12500,8219,7075,19709,25648,9722,17247,301,390,935,1796,1219,2946,1589,4461,2386,3895,1758,1724,5191,7548,6793,12411,103894,52687,8423,2653,46582,3,0,9,2
2021-03-20T23:59:59+01:00,5,3,2780,3103,4491,6378,4788,9051,5993,12684,9453,12486,8186,7044,19535,25371,9706,17221,301,390,935,1795,1218,2946,1588,4460,2382,3887,1746,1711,5178,7499,6617,12175,103337,52196,8411,2629,46521,3,0,9,2
2021-03-19T23:59:59+01:00,5,3,2745,3080,4417,6335,4679,9001,5853,12627,9187,12298,7881,6819,19051,24780,9674,17162,301,390,934,1794,1218,2943,1585,4459,2376,3882,1730,1702,5142,7456,6215,11559,102037,51074,8169,2609,45382,3,0,9,2
2021-03-18T23:59:59+01:00,5,3,2679,3007,4254,6199,4430,8795,5495,12318,8281,11628,6618,5807,17801,23422,9526,16937,298,386,929,1784,1204,2930,1546,4444,2309,3836,1652,1660,5070,7350,5486,10451,97150,48767,7627,2567,42419,2,0,9,1
2021-03-17T23:59:59+01:00,5,3,2641,2968,4174,6101,4293,8687,5240,12043,7605,11060,5632,4912,16455,21891,9361,16683,294,385,925,1775,1200,2922,1529,4422,2242,3810,1586,1615,5025,7286,4914,9573,91747,46990,7124,2512,40874,2,0,9,1
2021-03-16T23:59:59+01:00,5,3,2621,2940,4111,6034,4201,8591,5065,11887,7155,10671,4871,4294,15604,20914,9259,16514,290,383,922,1770,1197,2915,1521,4412,2220,3791,1556,1598,4988,7243,4412,8768,88119,45552,7088,2433,39524,2,0,9,1
2021-03-15T23:59:59+01:00,5,3,2618,2929,4095,6016,4170,8565,5015,11840,7038,10557,4726,4134,15286,20504,9230,16455,288,379,921,1764,1190,2908,1507,4403,2198,3768,1515,1581,4928,7169,3835,7909,87353,43969,6992,2294,38832,1,0,9,1
2021-03-14T23:59:59+01:00,5,2,2613,2920,4074,5997,4140,8546,4972,11807,6945,10468,4622,4023,15156,20335,9214,16419,286,378,921,1762,1184,2901,1502,4392,2187,3761,1505,1574,4920,7161,3830,7896,87049,43908,6974,2252,38227,1,0,8,1
2021-03-13T23:59:59+01:00,5,2,2609,2912,4070,5985,4132,8540,4964,11798,6925,10454,4600,3997,14840,19898,9194,16383,286,378,921,1762,1184,2901,1502,4392,2187,3761,1505,1574,4920,7160,3830,7896,86165,43907,6951,2252,38184,1,0,8,1
2021-03-12T23:59:59+01:00,5,2,2546,2836,3959,5815,4013,8319,4826,11499,6747,10184,4447,3859,13918,18642,9133,16281,286,377,919,1759,1184,2898,1500,4387,2186,3754,1497,1572,4912,7141,3828,7881,83704,43830,6889,2251,36432,1,0,6,1
2021-03-11T23:59:59+01:00,4,2,2421,2610,3734,5485,3757,7881,4501,10734,6119,9370,3927,3358,12323,16655,9035,16134,286,376,915,1755,1181,2884,1491,4375,2174,3727,1455,1543,4871,7106,3816,7854,79393,43681,6727,2128,31925,1,0,5,1
2021-03-10T23:59:59+01:00,4,2,2298,2477,3581,5252,3563,7558,4235,10247,5565,8802,3356,2914,10056,13939,8890,15907,283,372,911,1746,1174,2873,1486,4359,2150,3711,1426,1535,4840,7091,3807,7846,73098,43612,6556,1999,28987,0,0,5,1
2021-03-09T23:59:59+01:00,4,2,2271,2424,3515,5166,3449,7469,4064,10052,5172,8451,2879,2556,8547,11926,8788,15758,282,371,911,1740,1167,2864,1482,4351,2142,3700,1412,1530,4832,7086,3804,7844,68242,43571,6406,1948,27840,0,0,5,1
2021-03-08T23:59:59+01:00,4,2,2247,2353,3457,5100,3375,7384,3940,9940,4880,8261,2432,2295,6628,9528,8669,15584,282,368,910,1730,1161,2848,1476,4340,2138,3693,1401,1523,4815,7064,3797,7835,62562,43460,6071,1922,27441,0,0,5,1
2021-03-07T23:59:59+01:00,4,2,2184,2297,3360,4992,3279,7295,3843,9853,4745,8166,2381,2244,6606,9507,8669,15576,282,367,909,1730,1161,2848,1475,4340,2138,3693,1401,1523,4815,7064,3797,7835,62434,43458,5390,1922,27174,0,0,5,0
2021-03-06T23:59:59+01:00,4,2,2176,2284,3348,4983,3275,7290,3834,9844,4734,8163,2379,2242,6560,9437,8637,15527,282,367,908,1726,1160,2847,1475,4337,2134,3688,1400,1518,4809,7059,3795,7826,62225,43411,5330,1922,27159,0,0,5,0
2021-03-05T23:59:59+01:00,4,2,2046,2200,3124,4794,3037,6979,3557,9448,4406,7826,2292,2181,6353,9120,8446,15266,282,365,906,1723,1160,2846,1474,4331,2131,3682,1394,1516,4803,7052,3794,7820,61249,43359,4492,1922,25335,0,0,5,0
2021-03-04T23:59:59+01:00,4,2,1792,1980,2714,4360,2580,6340,2991,8544,3721,7012,2077,2021,6062,8754,8172,14812,279,364,905,1715,1158,2829,1473,4315,2122,3670,1383,1514,4791,7038,3787,7809,59611,43235,3219,1919,21103,0,0,5,0
2021-03-03T23:59:59+01:00,4,2,1720,1893,2607,4178,2448,6113,2852,8259,3537,6749,1995,1944,5724,8281,7819,14233,278,360,905,1705,1156,2806,1469,4291,2117,3655,1359,1503,4786,7032,3783,7802,57611,43090,3076,1919,19666,0,0,5,0
2021-03-02T23:59:59+01:00,4,2,1683,1812,2539,4060,2367,5963,2747,8078,3422,6598,1923,1877,5416,7844,7420,13565,276,355,902,1686,1153,2785,1466,4272,2116,3644,1334,1497,4776,7016,3777,7795,55527,42933,2834,1919,18954,0,0,5,0
2021-03-01T23:59:59+01:00,2,2,1674,1785,2500,3952,2319,5848,2710,7976,3369,6520,1883,1857,5277,7679,6949,12701,276,353,898,1680,1151,2773,1464,4259,2114,3629,1329,1492,4773,7014,3776,7789,53671,42853,2822,1919,18505,0,0,5,0
2021-02-28T23:59:59+01:00,2,2,1657,1748,2465,3881,2289,5793,2667,7896,3342,6473,1877,1853,5269,7674,6914,12642,276,353,897,1680,1151,2773,1464,4258,2114,3628,1329,1492,4773,7013,3776,7789,53549,42850,2820,1918,18070,0,0,5,0
2021-02-27T23:59:59+01:00,2,2,1655,1742,2461,3873,2285,5793,2666,7895,3340,6470,1871,1843,5260,7630,6744,12423,276,353,887,1675,1141,2766,1454,4249,2098,3619,1328,1489,4773,7012,3776,7789,53087,42846,2820,1841,18043,0,0,5,0
2021-02-26T23:59:59+01:00,2,1,1465,1586,2336,3630,2207,5388,2574,7391,3253,6012,1856,1818,5235,7597,6485,12034,275,351,880,1668,1133,2746,1448,4228,2088,3606,1321,1480,4765,7000,3772,7776,52344,42767,2799,1772,15722,0,0,5,0
2021-02-25T23:59:59+01:00,2,1,1248,1309,2116,3195,2033,4631,2377,6445,3012,5113,1767,1746,5184,7518,5917,11194,273,343,874,1608,1099,2651,1415,4117,2032,3532,1284,1459,4725,6959,3754,7725,50477,42306,2785,1546,11542,0,0,4,0
2021-02-24T23:59:59+01:00,2,1,1195,1099,2009,2926,1928,4292,2245,6039,2842,4844,1692,1691,5126,7427,5162,10017,271,337,836,1561,1049,2560,1354,4001,1942,3403,1244,1432,4710,6933,3744,7708,48149,42049,2774,1038,9610,0,0,4,0
2021-02-23T23:59:59+01:00,2,1,1180,1049,1975,2862,1902,4194,2219,5954,2809,4783,1684,1676,5091,7378,4532,8996,271,336,809,1533,1002,2508,1301,3923,1836,3328,1192,1407,4687,6908,3733,7674,46379,41852,2748,598,9156,0,0,4,0
2021-02-22T23:59:59+01:00,2,1,1172,1007,1924,2719,1858,4048,2164,5758,2755,4677,1672,1665,5057,7330,3929,8112,269,326,766,1494,948,2425,1213,3817,1696,3233,1103,1350,4646,6838,3708,7571,44772,41397,2728,8,8347,0,0,3,0
2021-02-21T23:59:59+01:00,2,1,1170,993,1893,2657,1832,3951,2137,5654,2735,4614,1664,1659,5054,7321,3929,8108,267,324,762,1488,940,2393,1211,3781,1683,3193,1094,1335,4630,6813,3686,7530,44719,41124,2717,8,7935,0,0,3,0
2021-02-20T23:59:59+01:00,2,1,1170,993,1893,2656,1831,3951,2137,5654,2733,4609,1655,1650,5050,7315,3927,8105,267,324,762,1487,939,2389,1210,3777,1682,3191,1094,1335,4577,6752,3640,7471,44704,40892,2692,7,7933,0,0,3,0
2021-02-19T23:59:59+01:00,2,1,1170,990,1890,2651,1830,3942,2136,5645,2730,4606,1636,1642,5037,7298,3924,8099,266,323,758,1478,931,2365,1203,3735,1655,3138,1067,1297,4387,6499,3463,7180,44624,39740,2673,7,7929,0,0,3,0
2021-02-18T23:59:59+01:00,2,1,1138,907,1851,2532,1791,3804,2083,5439,2669,4432,1620,1626,5021,7264,3919,8073,238,294,713,1354,882,2160,1117,3400,1539,2843,958,1110,3904,5727,3071,6331,44470,35636,2640,7,7059,0,0,3,0
2021-02-17T23:59:59+01:00,2,1,1089,778,1770,2299,1714,3505,1974,5079,2594,4183,1597,1617,5000,7250,3911,8069,233,291,703,1336,873,2138,1105,3365,1520,2822,951,1107,3524,5205,2779,5910,44429,33857,2584,7,5416,0,0,3,0
2021-02-16T23:59:59+01:00,2,1,1048,742,1712,2195,1646,3334,1903,4873,2516,4077,1562,1603,4973,7229,3902,8057,227,285,689,1302,852,2084,1074,3248,1481,2737,928,1084,3173,4660,2440,5421,44376,31682,2422,5,4574,0,0,3,0
2021-02-15T23:59:59+01:00,2,1,1041,723,1693,2119,1627,3234,1884,4764,2502,3999,1534,1589,4944,7212,3870,8001,215,275,674,1267,833,2034,1054,3182,1439,2672,897,1053,2755,4111,2114,4860,44247,29433,2339,4,4150,0,0,3,0
2021-02-14T23:59:59+01:00,2,1,945,689,1615,2085,1566,3215,1840,4742,2467,3986,1527,1586,4935,7200,3867,7996,208,263,665,1249,814,1994,1038,3116,1409,2604,867,1008,2666,3971,2042,4677,44205,28590,2303,3,3755,0,0,1,0
2021-02-13T23:59:59+01:00,2,1,892,665,1585,2062,1551,3207,1824,4735,2459,3985,1526,1585,4935,7200,3866,7995,206,262,663,1249,814,1990,1038,3114,1408,2602,866,1008,2564,3846,1978,4577,44199,28184,2303,3,3572,0,0,1,0
2021-02-12T23:59:59+01:00,2,1,558,517,1235,1946,1379,3104,1684,4653,2352,3915,1507,1576,4926,7189,3860,7989,194,256,650,1223,800,1946,1012,3029,1352,2503,804,934,2341,3535,1836,4275,44086,26690,2303,2,2003,0,0,1,0
2021-02-11T23:59:59+01:00,2,1,392,440,1045,1833,1277,2985,1585,4539,2264,3826,1400,1532,4864,7140,3839,7942,156,192,550,979,664,1500,812,2359,1074,1913,567,685,1743,2662,1355,3088,43734,20300,2105,1,1066,0,0,1,0
2021-02-10T23:59:59+01:00,2,1,279,368,919,1728,1177,2862,1490,4354,2151,3703,1363,1519,4845,7129,3834,7940,134,130,379,618,492,1011,642,1747,906,1579,546,670,1337,2101,1040,2593,43658,15927,2001,0,4,0,0,1,0
2021-02-09T23:59:59+01:00,2,1,279,367,918,1722,1174,2853,1490,4348,2150,3698,1356,1516,4843,7127,3833,7938,131,128,370,588,473,984,621,1718,881,1548,544,667,957,1636,763,2189,43633,14200,1978,0,3,0,0,1,0
2021-02-08T23:59:59+01:00,2,1,279,365,917,1720,1171,2843,1483,4343,2148,3694,1351,1512,4841,7127,3832,7935,126,122,359,577,465,967,610,1685,863,1522,536,662,566,1149,460,1764,43605,12435,1955,0,3,0,0,1,0
2021-02-07T23:59:59+01:00,2,1,279,365,915,1720,1170,2843,1481,4341,2148,3694,1351,1512,4841,7126,3832,7935,122,119,355,571,464,960,607,1673,853,1506,528,658,565,1139,455,1749,43601,12326,1954,0,0,0,0,1,0
2021-02-06T23:59:59+01:00,2,1,279,365,915,1720,1170,2843,1481,4341,2148,3694,1351,1512,4841,7126,3832,7935,119,116,353,567,463,959,607,1671,853,1505,527,657,565,1139,455,1749,43601,12307,1954,0,0,0,0,1,0
2021-02-05T23:59:59+01:00,2,1,279,364,914,1720,1170,2842,1479,4340,2147,3694,1351,1512,4840,7124,3832,7932,118,108,350,563,455,946,603,1661,839,1482,522,647,559,1123,445,1727,43588,12150,1954,0,0,0,0,1,0
2021-02-04T23:59:59+01:00,2,1,276,359,907,1682,1163,2796,1478,4288,2134,3651,1343,1505,4812,7093,3821,7902,89,71,233,390,331,687,474,1271,628,1113,392,514,469,915,388,1485,43259,9451,1953,0,0,0,0,1,0
2021-02-03T23:59:59+01:00,2,1,274,350,902,1657,1159,2761,1467,4238,2125,3615,1335,1489,4790,7064,3809,7876,55,33,81,166,152,341,232,597,303,543,211,278,273,576,226,944,42960,5012,1953,0,0,0,0,1,0
2021-02-02T23:59:59+01:00,2,1,273,348,901,1645,1155,2742,1464,4206,2118,3589,1327,1483,4783,7051,3802,7854,16,10,26,49,60,97,73,164,97,122,45,74,67,127,50,193,42790,1271,1953,0,0,0,0,1,0
2021-02-01T23:59:59+01:00,2,1,273,343,901,1643,1154,2741,1463,4202,2117,3583,1326,1482,4781,7050,3802,7854,14,9,22,43,51,88,60,136,74,103,39,65,57,117,49,180,42764,1108,1953,0,0,0,0,1,0
2021-01-31T23:59:59+01:00,2,1,273,342,901,1639,1153,2737,1463,4197,2117,3580,1325,1482,4781,7049,3802,7854,13,8,21,38,44,80,54,125,64,97,34,54,47,108,46,174,42744,1008,1953,0,0,0,0,1,0
2021-01-30T23:59:59+01:00,2,1,273,342,896,1636,1145,2729,1455,4191,2113,3577,1325,1482,4728,6989,3756,7795,13,8,21,37,44,80,53,124,64,97,34,54,47,108,46,174,42515,1005,1919,0,0,0,0,1,0
2021-01-29T23:59:59+01:00,2,1,272,341,881,1628,1133,2708,1443,4161,2091,3550,1316,1476,4565,6786,3592,7591,11,8,21,37,41,80,52,122,61,96,32,49,46,108,46,174,41728,985,1808,0,0,0,0,1,0
2021-01-28T23:59:59+01:00,2,1,268,328,862,1541,1093,2598,1406,4061,2021,3475,1289,1464,4231,6316,3329,7238,7,4,10,17,22,39,21,56,36,63,20,31,31,70,36,117,39959,581,1563,0,0,0,0,1,0
2021-01-27T23:59:59+01:00,2,1,262,325,820,1486,1046,2504,1342,3964,1947,3368,1250,1437,3820,5750,3012,6779,3,4,10,8,12,21,8,22,14,29,11,13,15,39,14,56,38004,280,1110,0,0,0,0,1,0
2021-01-26T23:59:59+01:00,2,1,256,316,786,1440,981,2419,1281,3837,1830,3261,1192,1386,3476,5196,2664,6269,1,1,6,3,5,7,4,2,3,8,6,5,3,7,3,8,35930,73,662,0,0,0,0,1,0
2021-01-25T23:59:59+01:00,2,1,246,307,734,1379,920,2300,1180,3692,1670,3142,1113,1356,3083,4685,2355,5803,1,1,6,2,3,7,2,2,3,8,6,5,3,7,3,8,33908,68,60,0,0,0,0,0,0
2021-01-24T23:59:59+01:00,2,1,243,307,728,1375,909,2284,1175,3676,1643,3112,1107,1354,3057,4649,2338,5781,1,1,4,2,3,7,2,2,3,8,6,5,3,7,3,8,33734,66,7,0,0,0,0,0,0
2021-01-23T23:59:59+01:00,2,1,242,306,727,1375,909,2280,1174,3674,1640,3110,1106,1354,2952,4523,2272,5680,1,1,4,2,2,7,2,2,3,8,6,5,3,7,3,8,33321,65,6,0,0,0,0,0,0
2021-01-22T23:59:59+01:00,2,1,241,303,725,1359,907,2267,1168,3660,1636,3106,1104,1353,2793,4329,2170,5538,1,1,4,2,2,7,2,2,3,8,6,5,3,7,3,8,32656,65,6,0,0,0,0,0,0
2021-01-21T23:59:59+01:00,2,1,237,274,662,1203,839,2055,1087,3375,1539,2900,1061,1311,2450,3863,1881,5103,1,0,4,1,2,7,2,2,3,8,6,4,3,7,3,8,29837,62,6,0,0,0,0,0,0
2021-01-20T23:59:59+01:00,2,1,213,210,502,851,664,1565,887,2674,1302,2432,966,1177,1921,3117,1472,4339,1,0,4,1,2,7,2,2,3,6,5,4,3,7,3,8,24289,59,6,0,0,0,0,0,0
2021-01-19T23:59:59+01:00,2,1,186,191,455,744,610,1409,800,2374,1128,2125,799,920,1278,2192,1015,3275,0,0,3,1,0,0,0,0,2,1,1,0,0,0,0,0,19501,8,3,0,0,0,0,0,0
2021-01-18T23:59:59+01:00,1,1,138,136,378,619,487,1055,646,1829,937,1635,592,711,636,1272,513,1969,0,0,1,0,0,0,0,0,1,0,0,0,0,0,0,0,13553,2,2,0,0,0,0,0,0
2021-01-17T23:59:59+01:00,1,1,127,122,364,582,472,990,617,1712,878,1536,543,671,589,1175,471,1826,0,0,0,0,0,0,0,0,0,0,0,0,0,0,0,0,12677,0,0,0,0,0,0,0,0
2021-01-16T23:59:59+01:00,1,1,120,118,361,578,470,979,611,1699,872,1529,542,670,588,1170,467,1814,0,0,0,0,0,0,0,0,0,0,0,0,0,0,0,0,12590,0,0,0,0,0,0,0,0
2021-01-15T23:59:59+01:00,1,1,118,111,358,573,462,963,607,1688,857,1505,536,658,581,1154,459,1792,0,0,0,0,0,0,0,0,0,0,0,0,0,0,0,0,12424,0,0,0,0,0,0,0,0
2021-01-14T23:59:59+01:00,1,1,97,89,275,464,391,784,504,1417,700,1215,418,529,501,960,403,1607,0,0,0,0,0,0,0,0,0,0,0,0,0,0,0,0,10356,0,0,0,0,0,0,0,0
2021-01-13T23:59:59+01:00,1,1,67,49,163,282,255,519,352,924,478,781,258,324,311,635,258,1030,0,0,0,0,0,0,0,0,0,0,0,0,0,0,0,0,6688,0,0,0,0,0,0,0,0
2021-01-12T23:59:59+01:00,1,1,31,21,49,101,113,212,150,383,200,334,135,175,162,352,146,566,0,0,0,0,0,0,0,0,0,0,0,0,0,0,0,0,3132,0,0,0,0,0,0,0,0
2021-01-11T23:59:59+01:00,1,0,18,11,33,64,60,110,76,168,92,125,39,65,60,122,50,181,0,0,0,0,0,0,0,0,0,0,0,0,0,0,0,0,1275,0,0,0,0,0,0,0,0
2021-01-10T23:59:59+01:00,1,0,15,7,27,53,53,98,66,153,76,111,33,55,50,112,46,172,0,0,0,0,0,0,0,0,0,0,0,0,0,0,0,0,1128,0,0,0,0,0,0,0,0
2021-01-09T23:59:59+01:00,1,0,14,7,26,51,52,97,63,152,76,109,33,55,50,112,46,172,0,0,0,0,0,0,0,0,0,0,0,0,0,0,0,0,1116,0,0,0,0,0,0,0,0
2021-01-08T23:59:59+01:00,1,0,11,7,24,48,47,92,59,139,70,105,31,50,49,112,46,172,0,0,0,0,0,0,0,0,0,0,0,0,0,0,0,0,1063,0,0,0,0,0,0,0,0
2021-01-07T23:59:59+01:00,1,0,7,4,9,18,21,40,22,56,38,65,19,33,36,75,36,116,0,0,0,0,0,0,0,0,0,0,0,0,0,0,0,0,596,0,0,0,0,0,0,0,0
2021-01-06T23:59:59+01:00,1,0,7,4,9,15,14,30,14,39,25,53,15,25,30,67,34,101,0,0,0,0,0,0,0,0,0,0,0,0,0,0,0,0,483,0,0,0,0,0,0,0,0
2021-01-05T23:59:59+01:00,1,0,7,4,9,15,14,30,14,39,25,53,15,25,29,67,34,101,0,0,0,0,0,0,0,0,0,0,0,0,0,0,0,0,482,0,0,0,0,0,0,0,0
2021-01-04T23:59:59+01:00,1,0,2,4,8,5,4,14,3,7,6,16,6,5,6,16,4,13,0,0,0,0,0,0,0,0,0,0,0,0,0,0,0,0,120,0,0,0,0,0,0,0,0
2021-01-03T23:59:59+01:00,1,0,1,1,3,2,2,7,2,3,3,9,4,4,3,8,3,8,0,0,0,0,0,0,0,0,0,0,0,0,0,0,0,0,64,0,0,0,0,0,0,0,0
2021-01-02T23:59:59+01:00,1,0,1,1,3,2,2,7,2,3,3,9,4,4,3,8,3,8,0,0,0,0,0,0,0,0,0,0,0,0,0,0,0,0,64,0,0,0,0,0,0,0,0
2021-01-01T23:59:59+01:00,1,0,1,1,3,2,2,7,2,3,3,9,4,4,3,8,3,8,0,0,0,0,0,0,0,0,0,0,0,0,0,0,0,0,64,0,0,0,0,0,0,0,0
2020-12-31T23:59:59+01:00,1,0,1,1,3,1,2,7,2,2,3,8,4,4,3,8,3,8,0,0,0,0,0,0,0,0,0,0,0,0,0,0,0,0,61,0,0,0,0,0,0,0,0
2020-12-30T23:59:59+01:00,1,0,1,1,3,1,2,7,2,2,3,6,4,4,3,8,3,8,0,0,0,0,0,0,0,0,0,0,0,0,0,0,0,0,59,0,0,0,0,0,0,0,0
2020-12-29T23:59:59+01:00,1,0,1,1,2,1,2,6,2,2,3,6,2,2,2,8,2,7,0,0,0,0,0,0,0,0,0,0,0,0,0,0,0,0,50,0,0,0,0,0,0,0,0
2020-12-28T23:59:59+01:00,1,0,0,0,2,1,0,2,1,0,1,3,0,1,0,1,1,4,0,0,0,0,0,0,0,0,0,0,0,0,0,0,0,0,18,0,0,0,0,0,0,0,0
2020-12-27T23:59:59+01:00,0,0,0,0,0,0,0,1,1,0,1,2,0,1,0,1,1,4,0,0,0,0,0,0,0,0,0,0,0,0,0,0,0,0,12,0,0,0,0,0,0,0,0
