Datum,<15_m,<15_w,15-24_1_m,15-24_1_w,25-34_1_m,25-34_1_w,35-44_1_m,35-44_1_w,45-54_1_m,45-54_1_w,55-64_1_m,55-64_1_w,65-74_1_m,65-74_1_w,75-84_1_m,75-84_1_w,>84_1_m,>84_1_w,<24_2_m,<24_2_w,25-34_2_m,25-34_2_w,35-44_2_m,35-44_2_w,45-54_2_m,45-54_2_w,55-64_2_m,55-64_2_w,65-74_2_m,65-74_2_w,75-84_2_m,75-84_2_w,>84_2_m,>84_2_w,bp_1,bp_2,mo_1,mo_2,az_1,az_2,ja,unb_1,unb_2
2021-08-24T23:59:59+02:00,3848,3611,38621,36998,52717,45380,57633,53998,69951,68499,85046,83455,59380,63503,38779,49984,11991,21415,34452,33172,49028,41627,54258,50120,66108,64029,80958,79293,57158,60965,37486,48191,11589,20655,626531,586310,78959,75436,109529,103259,29749,41,48
2021-08-23T23:59:59+02:00,3822,3578,38528,36907,52638,45317,57579,53931,69896,68451,84995,83417,59365,63477,38769,49971,11989,21408,34318,33036,48910,41552,54164,50037,66021,63941,80877,79233,57127,60920,37468,48174,11588,20645,626022,585480,78957,75410,109526,103246,29492,41,48
2021-08-22T23:59:59+02:00,3815,3578,38499,36896,52623,45298,57560,53919,69871,68435,84978,83404,59356,63466,38767,49962,11984,21406,34274,32997,48885,41514,54130,50011,65980,63919,80845,79210,57116,60907,37466,48166,11584,20642,625923,585217,78955,75400,109524,103246,29374,41,48
2021-08-21T23:59:59+02:00,3813,3575,38480,36889,52615,45287,57547,53913,69857,68424,84973,83395,59350,63464,38766,49962,11984,21406,34259,32991,48876,41505,54117,50006,65968,63908,80840,79204,57112,60906,37466,48166,11584,20642,625886,585200,78954,75399,109523,103246,29296,41,48
2021-08-20T23:59:59+02:00,3795,3544,38412,36822,52536,45222,57478,53858,69788,68373,84919,83358,59336,63449,38763,49959,11984,21401,34161,32888,48769,41441,54035,49939,65881,63844,80775,79156,57095,60886,37460,48162,11583,20639,625543,584697,78952,75396,109523,103243,28938,41,48
2021-08-19T23:59:59+02:00,3767,3511,38246,36680,52376,45086,57358,53759,69661,68256,84821,83281,59307,63407,38748,49943,11980,21389,33814,32634,48485,41201,53819,49746,65674,63662,80601,79022,57040,60814,37415,48127,11578,20628,624669,582806,78950,75302,109522,103231,28394,41,48
2021-08-18T23:59:59+02:00,3716,3462,38060,36524,52258,44966,57264,53653,69552,68162,84746,83219,59268,63364,38733,49923,11978,21382,33432,32224,48189,40945,53571,49471,65457,63455,80420,78862,56958,60728,37379,48085,11575,20618,623683,580261,78947,75177,109520,103224,28039,41,48
2021-08-17T23:59:59+02:00,3657,3414,37901,36369,52145,44846,57184,53557,69458,68077,84674,83157,59233,63333,38720,49900,11974,21374,33040,31785,47866,40638,53279,49184,65208,63216,80220,78657,56851,60618,37338,48036,11563,20607,622746,577173,78947,75161,109515,103203,27724,41,48
2021-08-16T23:59:59+02:00,3603,3364,37757,36225,52052,44749,57110,53487,69390,68010,84623,83111,59211,63304,38706,49884,11968,21366,32478,31228,47475,40224,52897,48802,64904,62953,80003,78463,56775,60506,37306,47983,11555,20586,621854,573178,78943,75126,109515,103183,27567,41,48
2021-08-15T23:59:59+02:00,3593,3355,37725,36200,52021,44730,57084,53454,69373,67994,84612,83100,59200,63300,38703,49875,11968,21364,32402,31130,47407,40160,52834,48742,64860,62912,79962,78436,56757,60486,37298,47970,11554,20583,621667,572628,78943,75095,109514,103172,27486,41,48
2021-08-14T23:59:59+02:00,3588,3351,37717,36193,52016,44726,57077,53448,69369,67991,84605,83096,59193,63295,38702,49873,11968,21364,32396,31124,47401,40157,52824,48734,64857,62910,79956,78434,56752,60481,37297,47968,11554,20583,621635,572606,78940,75095,109514,103172,27442,41,48
2021-08-13T23:59:59+02:00,3571,3338,37649,36152,51957,44677,57013,53399,69299,67950,84541,83060,59171,63283,38691,49859,11965,21358,32258,31011,47273,40058,52707,48635,64755,62830,79867,78384,56729,60460,37284,47958,11552,20578,621335,571807,78940,75093,109514,103172,27103,41,48
2021-08-12T23:59:59+02:00,3532,3311,37523,36031,51866,44587,56945,53316,69203,67877,84468,82995,59144,63259,38677,49847,11965,21355,31732,30527,46886,39711,52324,48289,64429,62601,79653,78177,56640,60373,37242,47917,11547,20562,620620,568362,78940,75064,109512,103065,26788,41,48
2021-08-11T23:59:59+02:00,3490,3269,37375,35888,51757,44483,56829,53198,69108,67789,84385,82918,59104,63221,38656,49831,11961,21351,31093,29913,46378,39325,51898,47853,64127,62324,79442,77975,56546,60267,37206,47845,11534,20544,619742,564338,78935,75040,109510,102977,26385,41,48
2021-08-10T23:59:59+02:00,3443,3223,37217,35739,51643,44363,56726,53089,69043,67720,84321,82861,59080,63185,38638,49818,11954,21346,30203,28936,45652,38624,51238,47249,63741,61966,79195,77734,56441,60163,37161,47776,11526,20532,618805,558156,78933,75038,109507,102974,26124,40,48
2021-08-09T23:59:59+02:00,3407,3194,37123,35631,51570,44294,56668,53048,69012,67677,84291,82830,59065,63171,38626,49799,11953,21344,29495,28192,44989,38052,50666,46672,63371,61610,78917,77487,56321,60067,37118,47721,11519,20518,618224,554075,78931,73590,109507,102949,26001,40,48
2021-08-08T23:59:59+02:00,3398,3181,37097,35615,51546,44270,56650,53038,68994,67659,84271,82815,59062,63166,38621,49792,11952,21343,29367,28050,44842,37956,50571,46592,63317,61553,78869,77448,56285,60049,37108,47710,11519,20515,618053,553152,78930,73582,109506,102917,25941,40,48
2021-08-07T23:59:59+02:00,3398,3181,37093,35609,51536,44269,56648,53038,68990,67656,84270,82813,59061,63166,38621,49792,11952,21343,29356,28044,44830,37950,50570,46588,63314,61548,78866,77445,56284,60048,37108,47710,11519,20515,618043,553122,78929,73578,109506,102917,25918,40,48
2021-08-06T23:59:59+02:00,3387,3168,37028,35553,51460,44207,56584,52996,68948,67625,84238,82784,59048,63147,38610,49786,11949,21341,29118,27819,44627,37765,50389,46448,63179,61434,78768,77377,56259,60023,37093,47700,11516,20512,617772,551683,78926,73572,109506,102916,25615,40,48
2021-08-05T23:59:59+02:00,3354,3128,36876,35419,51345,44076,56468,52879,68836,67512,84113,82711,59007,63094,38587,49766,11940,21331,28422,27202,44045,37285,49838,45995,62822,61138,78475,77157,56150,59928,37055,47648,11508,20497,616986,547386,78924,73562,109506,102740,24986,40,48
2021-08-04T23:59:59+02:00,3295,3065,36678,35250,51199,43931,56329,52766,68715,67389,84000,82602,58941,63036,38570,49737,11936,21321,27276,26081,43087,36410,48875,45094,62232,60534,77981,76720,55941,59750,36997,47559,11495,20477,615922,539053,78914,73523,109506,102686,24378,40,48
2021-08-03T23:59:59+02:00,3221,3007,36461,35052,51052,43796,56208,52646,68587,67276,83913,82533,58899,62993,38552,49707,11928,21307,26201,24972,42164,35519,47976,44212,61697,60007,77536,76314,55775,59563,36938,47473,11477,20446,614590,530760,78906,73476,109504,102660,24098,40,48
2021-08-02T23:59:59+02:00,3177,2953,36317,34903,50945,43688,56116,52549,68503,67188,83830,82459,58861,62946,38538,49688,11920,21295,25303,23971,41324,34783,47246,43475,61215,59542,77154,75970,55613,59415,36888,47396,11460,20425,613636,523818,78905,73422,109503,102518,23792,40,48
2021-08-01T23:59:59+02:00,3172,2948,36302,34881,50920,43670,56098,52525,68474,67175,83816,82447,58855,62941,38537,49684,11920,21295,25043,23724,41081,34583,47016,43280,61074,59406,77038,75875,55577,59386,36873,47383,11456,20421,613501,521964,78901,73381,109502,102453,23716,40,48
2021-07-31T23:59:59+02:00,3171,2947,36296,34880,50919,43669,56096,52524,68472,67174,83816,82446,58855,62941,38537,49684,11920,21295,25036,23711,41071,34576,47010,43274,61065,59404,77036,75874,55577,59383,36873,47383,11456,20420,613487,521898,78900,73380,109502,102453,23713,40,48
2021-07-30T23:59:59+02:00,3155,2933,36238,34816,50848,43618,56037,52466,68417,67133,83778,82406,58843,62927,38533,49677,11917,21292,24718,23401,40797,34364,46755,43079,60880,59274,76888,75760,55547,59344,36859,47371,11456,20420,613199,519973,78896,73378,109499,102346,23400,40,48
2021-07-29T23:59:59+02:00,3132,2905,36100,34694,50721,43496,55946,52369,68347,67069,83708,82355,58817,62909,38522,49668,11917,21291,23763,22413,39923,33620,45858,42299,60337,58836,76531,75459,55427,59206,36821,47317,11449,20409,612335,512942,78876,73253,109499,102179,23216,40,48
2021-07-28T23:59:59+02:00,3082,2850,35863,34460,50502,43326,55753,52223,68209,66932,83593,82257,58764,62862,38500,49632,11907,21283,22550,21165,38604,32524,44552,41130,59543,58178,76027,75003,55233,59019,36753,47214,11435,20384,610980,503166,78872,73088,109499,102022,22607,40,48
2021-07-27T23:59:59+02:00,3057,2831,35756,34344,50421,43243,55679,52171,68147,66864,83532,82186,58725,62820,38488,49617,11906,21274,21311,19773,37180,31190,43187,39831,58920,57586,75607,74594,55071,58844,36695,47160,11423,20361,610262,492765,78857,72912,109499,101908,22403,40,48
2021-07-26T23:59:59+02:00,3038,2812,35694,34251,50365,43190,55638,52123,68102,66827,83497,82161,58711,62805,38476,49605,11905,21272,20289,18672,35928,30076,41921,38683,58422,57187,75323,74343,54974,58744,36674,47125,11417,20347,609746,484528,78852,72583,109499,101747,22335,40,48
2021-07-25T23:59:59+02:00,3027,2807,35642,34211,50324,43146,55612,52100,68079,66803,83468,82138,58698,62798,38473,49602,11902,21266,19889,18312,35516,29751,41517,38379,58229,57035,75166,74241,54931,58706,36653,47105,11413,20343,609459,481824,78847,72321,109499,101719,22251,40,48
2021-07-24T23:59:59+02:00,3027,2807,35638,34207,50322,43143,55610,52099,68077,66803,83466,82137,58698,62798,38472,49602,11902,21266,19884,18302,35508,29743,41511,38378,58226,57033,75162,74239,54931,58706,36652,47105,11413,20343,609450,481788,78846,72321,109499,101717,22239,40,48
2021-07-23T23:59:59+02:00,3002,2782,35487,34091,50175,43043,55494,51995,67981,66711,83376,82087,58667,62769,38462,49597,11897,21263,19647,18082,35249,29568,41240,38197,58061,56905,75026,74163,54892,58683,36640,47095,11407,20337,608830,480671,78846,72029,109499,101715,21664,40,48
2021-07-22T23:59:59+02:00,2952,2697,35052,33725,49867,42805,55233,51770,67754,66532,83201,81936,58582,62676,38427,49551,11886,21245,18861,17420,34155,28836,40120,37371,57328,56440,74475,73794,54715,58505,36576,47011,11386,20311,606696,475166,78831,70605,109495,101498,20829,40,48
2021-07-21T23:59:59+02:00,2897,2639,34743,33397,49629,42596,55046,51585,67564,66348,83074,81811,58517,62624,38396,49512,11875,21235,18038,16588,32848,27845,38859,36413,56639,55881,74030,73432,54569,58330,36511,46927,11374,20278,604884,469276,78780,68423,109494,101286,20290,40,48
2021-07-20T23:59:59+02:00,2821,2576,34387,33018,49350,42365,54875,51391,67385,66193,82937,81693,58455,62571,38368,49467,11874,21220,16888,15467,31138,26445,37133,34961,55841,55236,73490,72988,54403,58141,36461,46843,11357,20240,602815,460121,78744,66684,109493,100950,19854,40,48
2021-07-19T23:59:59+02:00,2737,2506,33829,32457,49038,42056,54601,51127,67190,65980,82766,81527,58388,62490,38323,49415,11867,21205,16238,14894,30200,25767,36279,34248,55404,54814,73164,72751,54316,58055,36424,46793,11352,20219,599621,456452,78685,64519,109492,100780,19664,40,48
2021-07-18T23:59:59+02:00,2709,2488,33730,32344,48947,42000,54545,51070,67131,65930,82724,81485,58360,62464,38312,49403,11865,21198,15921,14630,29629,25388,35786,33901,55149,54652,73019,72650,54274,58017,36416,46778,11351,20215,599020,455015,78670,62985,109491,100752,19484,40,48
2021-07-17T23:59:59+02:00,2709,2488,33728,32342,48943,41999,54544,51068,67131,65929,82724,81485,58360,62463,38312,49403,11865,21198,15916,14624,29620,25373,35781,33897,55145,54651,73019,72650,54274,58017,36416,46778,11351,20215,599010,454971,78667,62981,109491,100752,19483,40,48
2021-07-16T23:59:59+02:00,2651,2423,33119,31821,48451,41653,54152,50733,66751,65609,82412,81253,58241,62351,38262,49354,11861,21191,15501,14300,29131,25004,35338,33566,54809,54399,72760,72458,54162,57930,36381,46740,11348,20211,596798,453589,78663,62852,109490,100743,17297,40,48
2021-07-15T23:59:59+02:00,2518,2291,32258,31043,47827,41083,53580,50255,66327,65265,82160,81014,58152,62255,38228,49311,11853,21172,14667,13633,27814,24178,34038,32758,54134,54001,72351,72237,54069,57836,36352,46706,11341,20196,591794,449430,78652,60489,109489,100163,16617,40,48
2021-07-14T23:59:59+02:00,2412,2205,31712,30518,47341,40650,53163,49860,66003,64988,81926,80767,58049,62160,38196,49261,11843,21159,13425,12494,25821,22730,32138,31237,53387,53416,71846,71898,53933,57711,36311,46645,11331,20181,587961,440324,78635,58565,109488,99829,16089,40,47
2021-07-13T23:59:59+02:00,2355,2135,31443,30251,47071,40426,52916,49636,65802,64802,81760,80618,57985,62084,38171,49224,11833,21146,12439,11648,24096,21424,30197,29656,52198,52250,71031,71110,53688,57435,36224,46531,11314,20154,585818,433627,78620,55646,109480,96680,15700,40,46
2021-07-12T23:59:59+02:00,2129,1928,30581,29322,46420,39893,52347,49069,65413,64413,81486,80347,57853,61958,38129,49166,11823,21125,11692,11023,22709,20444,28460,28280,51244,51394,70292,70493,53432,57157,36159,46415,11301,20123,579598,425539,78604,53092,109480,96527,15680,40,46
2021-07-11T23:59:59+02:00,2084,1890,30460,29212,46355,39822,52296,49007,65355,64358,81425,80304,57833,61938,38123,49149,11818,21120,11526,10875,22435,20260,28098,28009,51043,51249,70122,70350,53379,57076,36137,46398,11292,20116,578779,423478,78598,53050,109478,96394,15654,40,45
2021-07-10T23:59:59+02:00,2084,1888,30455,29205,46353,39817,52292,49006,65352,64357,81424,80302,57833,61936,38122,49149,11818,21120,11514,10857,22423,20247,28083,27997,51037,51245,70119,70347,53379,57076,36136,46398,11292,20116,578749,423397,78598,53048,109478,96384,15648,40,45
2021-07-09T23:59:59+02:00,2039,1850,30223,28969,46136,39638,52109,48835,65191,64246,81320,80223,57803,61907,38106,49134,11813,21118,11133,10585,21782,19811,27418,27447,50328,50679,69538,69938,53278,56988,36113,46364,11287,20105,577550,422326,78593,52734,109473,92934,15004,40,45
2021-07-08T23:59:59+02:00,1902,1722,29559,28435,45537,39134,51553,48368,64791,63938,81022,79988,57711,61817,38075,49084,11808,21104,9951,9475,19836,18178,24960,25466,49294,49881,68913,69402,53053,56775,36038,46278,11272,20079,573308,411807,78573,50303,109456,92708,14171,40,45
2021-07-07T23:59:59+02:00,1689,1526,28453,27225,44501,38174,50455,47377,64135,63302,80485,79505,57508,61587,38009,49000,11794,21064,9420,8998,18753,17346,23568,24266,48472,49236,68370,68915,52852,56535,35962,46180,11256,20040,564051,405473,78557,48692,109455,92421,13686,40,45
2021-07-06T23:59:59+02:00,1488,1368,27368,26178,43475,37256,49519,46441,63531,62739,80050,79098,57327,61405,37954,48906,11770,21036,8702,8253,17413,16343,21957,22984,47867,48786,67993,68649,52735,56420,35913,46143,11249,20024,555786,398012,78546,48266,109452,92125,13085,40,45
2021-07-05T23:59:59+02:00,1331,1244,26221,24925,42392,36257,48467,45376,62865,62162,79616,78696,57153,61215,37902,48831,11761,21014,8450,8029,16917,16030,21396,22601,47562,48562,67798,68500,52683,56347,35888,46124,11246,20019,546471,395441,78538,47952,109451,91868,12928,40,43
2021-07-04T23:59:59+02:00,1266,1180,25899,24596,42088,35998,48215,45192,62720,62027,79501,78602,57117,61175,37892,48812,11758,21011,8195,7874,16651,15837,21117,22404,47437,48464,67721,68426,52659,56322,35873,46119,11244,20018,544157,394426,78512,47291,109449,91783,12891,40,43
2021-07-03T23:59:59+02:00,1266,1179,25892,24586,42074,35991,48213,45192,62717,62026,79500,78601,57116,61175,37892,48812,11758,21011,8190,7866,16639,15827,21110,22397,47432,48463,67717,68425,52658,56322,35873,46119,11244,20018,544127,394392,78510,47290,109449,91773,12875,40,43
2021-07-02T23:59:59+02:00,1198,1122,25574,24231,41752,35710,47956,44938,62574,61881,79426,78531,57099,61153,37885,48800,11754,21006,8012,7714,16271,15559,20667,22090,46464,47685,67220,68076,52575,56230,35858,46101,11243,20015,541739,391905,78509,47287,109444,89756,12858,40,43
2021-07-01T23:59:59+02:00,1143,1072,25196,23868,41371,35361,47561,44587,62322,61645,79235,78359,57036,61091,37854,48759,11747,20996,7621,7380,15457,14780,19500,21059,44927,46200,66007,66998,52271,55926,35761,45982,11219,19988,538588,386087,78407,46462,109435,85809,12733,40,43
2021-06-30T23:59:59+02:00,1070,1008,24773,23419,40941,34988,47152,44212,62095,61443,79065,78210,56958,61014,37827,48709,11739,20976,7248,7021,14512,13976,18068,19853,41718,43469,64310,65555,51807,55428,35613,45789,11192,19939,535149,374073,78375,45769,109433,83056,12602,40,42
2021-06-29T23:59:59+02:00,978,900,24270,22884,40427,34569,46720,43797,61833,61164,78852,78031,56881,60950,37799,48666,11733,20957,6970,6715,13848,13483,16908,18934,37397,39780,62959,64302,51320,54928,35481,45611,11161,19896,531078,358784,78366,45559,109433,82847,12494,40,42
2021-06-28T23:59:59+02:00,949,867,23931,22491,39968,34187,46298,43428,61596,60909,78663,77876,56810,60882,37770,48636,11731,20942,6660,6395,13188,12982,15897,18098,33749,36733,61836,63270,50966,54534,35387,45463,11137,19858,529325,350110,76677,40869,109433,82696,12459,40,42
2021-06-27T23:59:59+02:00,935,854,23838,22399,39895,34124,46240,43369,61565,60872,78629,77847,56795,60870,37764,48629,11730,20937,6570,6320,12955,12841,15474,17860,32916,36088,61580,63071,50876,54464,35369,45441,11135,19854,528714,347209,76673,40607,109427,82539,12438,40,42
2021-06-26T23:59:59+02:00,934,854,23832,22393,39888,34121,46239,43368,61564,60871,78629,77847,56795,60870,37764,48629,11730,20937,6567,6313,12949,12828,15466,17853,32912,36087,61573,63069,50874,54458,35369,45441,11135,19853,528687,347144,76673,40606,109427,82538,12438,40,42
2021-06-25T23:59:59+02:00,911,828,23717,22280,39802,34035,46156,43297,61520,60824,78581,77826,56784,60856,37761,48626,11729,20935,6469,6200,12839,12694,15328,17692,32194,35428,61185,62747,50796,54374,35361,45420,11132,19852,527894,344135,76673,40594,109424,82522,12437,40,42
2021-06-24T23:59:59+02:00,844,770,23327,21855,39451,33725,45804,42994,61316,60629,78421,77689,56730,60801,37739,48596,11725,20926,6130,5902,12275,12230,14622,17009,28897,32712,58903,60895,50212,53777,35227,45213,11114,19804,524936,330336,76624,40331,109422,81908,12320,40,42
2021-06-23T23:59:59+02:00,739,676,22686,21193,38874,33137,45152,42286,60950,60239,78173,77439,56627,60668,37694,48544,11715,20907,5975,5711,11906,11884,14116,16481,25532,29954,57262,59372,49688,53240,35109,45039,11093,19761,519360,320916,76570,37394,109420,81475,12309,40,42
2021-06-22T23:59:59+02:00,678,612,22261,20751,38471,32721,44718,41822,60678,59954,77970,77200,56531,60560,37657,48472,11702,20885,5784,5575,11583,11623,13693,16106,21197,26429,55189,57673,49090,52638,34932,44824,11073,19717,515569,306574,76443,37340,109415,81004,12176,40,42
2021-06-21T23:59:59+02:00,641,571,22010,20514,38221,32492,44474,41547,60491,59745,77839,77060,56478,60479,37633,48432,11693,20869,5654,5465,11275,11427,13356,15846,19649,25199,54271,56906,46865,50184,34333,44106,11050,19658,513537,301262,76239,37273,109400,74702,11973,40,42
2021-06-20T23:59:59+02:00,612,551,21720,20218,37925,32217,44190,41292,60339,59576,77702,76913,56429,60436,37613,48415,11690,20862,5598,5421,11144,11340,13203,15719,19255,24875,54004,56725,45209,48201,33766,43472,11030,19638,511144,300641,76160,36522,109389,69437,11967,40,41
2021-06-19T23:59:59+02:00,610,551,21715,20206,37910,32213,44187,41288,60333,59572,77700,76910,56426,60435,37613,48414,11690,20862,5592,5412,11140,11337,13194,15713,19248,24867,53990,56713,45200,48191,33765,43472,11030,19638,511084,300558,76155,36519,109389,69425,11967,40,41
2021-06-18T23:59:59+02:00,596,537,21618,20095,37843,32159,44113,41203,60278,59527,77656,76868,56403,60414,37608,48401,11689,20861,5497,5246,10844,10801,12822,15132,18707,23850,53138,55410,44996,48028,33737,43424,11024,19626,510330,298987,76149,36518,109384,64778,11966,40,41
2021-06-17T23:59:59+02:00,510,445,20901,19376,37086,31524,43318,40448,59871,59162,77361,76615,56290,60287,37560,48333,11676,20837,5304,5033,10460,10246,12299,14359,17777,22490,51565,53468,43844,46678,33419,43028,10977,19543,504343,291672,76057,36390,109378,60613,11782,40,41
2021-06-16T23:59:59+02:00,403,367,20100,18420,36094,30591,42305,39477,59331,58681,76973,76303,56149,60136,37504,48246,11666,20814,5114,4878,9953,9925,11564,13863,16229,21191,47693,49925,42090,44672,32955,42458,10914,19417,496981,275527,75515,36191,109363,59430,11661,40,40
2021-06-15T23:59:59+02:00,293,264,19285,17564,35171,29734,41377,38591,58892,58241,76640,75980,56007,59971,37449,48177,11651,20781,4910,4753,9429,9665,10860,13392,14720,20004,43432,45844,40540,42831,32475,41838,10847,19289,489771,258377,75399,36156,109356,58762,11502,40,39
2021-06-14T23:59:59+02:00,189,173,18165,16323,33918,28459,39913,37181,58304,57678,76246,75640,55880,59830,37404,48107,11642,20766,4783,4659,9084,9456,10382,13074,13548,18997,40799,43296,39466,41682,32182,41437,10815,19204,480014,247220,74961,36130,109352,58030,11452,39,39
2021-06-13T23:59:59+02:00,148,134,17660,15918,33436,28054,39421,36797,58090,57495,76099,75539,55853,59791,37382,48085,11639,20757,4697,4610,8939,9383,10219,13006,12943,18543,40329,42902,39229,41460,32121,41352,10809,19190,476931,246256,74659,34706,109345,57414,11324,39,39
2021-06-12T23:59:59+02:00,148,134,17656,15900,33424,28045,39414,36793,58085,57492,76095,75537,55852,59789,37381,48085,11639,20757,4690,4605,8928,9378,10207,12999,12931,18530,40146,42755,39206,41445,32117,41350,10809,19189,476864,245821,74655,34706,109345,57403,11323,39,39
2021-06-11T23:59:59+02:00,146,134,17572,15841,33279,27976,39240,36739,57965,57455,76025,75512,55840,59784,37379,48083,11639,20756,4607,4412,8767,8815,10013,12279,12695,17457,39657,41456,39051,41314,32099,41315,10807,19188,476530,245329,74243,34704,109239,52553,11314,39,39
2021-06-10T23:59:59+02:00,132,114,16726,15122,31859,27060,37995,35826,57284,56997,75617,75242,55750,59692,37340,48039,11628,20738,4352,4218,8209,8321,9332,11521,11961,16393,36811,38418,38250,40513,31933,41133,10791,19158,472642,238279,71268,34572,108958,48177,10254,39,39
2021-06-09T23:59:59+02:00,110,88,15946,14415,30579,26156,36775,34939,56709,56609,75276,75015,55669,59587,37313,47995,11615,20717,4170,4065,7849,8131,8868,11302,11344,16015,31737,33566,36756,38989,31688,40865,10770,19109,467985,224399,68823,34449,108916,46595,9750,39,38
2021-06-08T23:59:59+02:00,83,70,15024,13541,29199,25063,35406,33928,56093,56204,74981,74804,55596,59515,37291,47965,11611,20707,4090,4001,7694,8015,8715,11188,11052,15809,28927,30762,35803,38059,31528,40669,10746,19076,463404,216954,65375,34392,108877,45371,9386,39,38
2021-06-07T23:59:59+02:00,75,57,14390,12952,27827,24252,34252,33148,55618,55949,74739,74700,55560,59478,37275,47955,11611,20703,3998,3928,7500,7890,8414,11056,10685,15565,24605,26392,34343,36530,31306,40402,10718,19048,460279,205205,62345,34327,108846,43786,9032,39,37
2021-06-06T23:59:59+02:00,74,54,14068,12761,27043,23832,33602,32729,55310,55786,74585,74636,55541,59455,37261,47946,11609,20702,3931,3892,7349,7846,8259,10973,10366,15364,21795,23532,33346,35461,31167,40248,10711,19033,459144,202423,60295,29127,108822,43000,8694,39,36
2021-06-05T23:59:59+02:00,74,52,14039,12734,27001,23790,33574,32710,55305,55777,74580,74631,55537,59450,37256,47944,11609,20702,3908,3877,7313,7825,8212,10956,10305,15322,20368,21983,32553,34584,31097,40166,10707,19026,459026,197459,60190,29122,108817,42899,8693,39,36
2021-06-04T23:59:59+02:00,68,48,13809,12471,26691,23475,33237,32399,55245,55696,74541,74611,55528,59445,37255,47942,11609,20701,3877,3849,7235,7746,8155,10877,10225,15200,20261,21865,32480,34529,31065,40129,10704,19023,457127,197378,60128,29110,108784,42010,8693,39,36
2021-06-03T23:59:59+02:00,50,43,13242,11982,25654,22788,32101,31648,54754,55364,74226,74418,55457,59368,37221,47912,11603,20685,3749,3757,6962,7576,7874,10705,9898,14963,18381,20007,30508,32230,30792,39799,10681,18975,452795,188809,58628,29091,108771,40648,8283,39,33
2021-06-02T23:59:59+02:00,37,31,12552,11227,24657,21886,30960,30692,54490,55100,74035,74279,55406,59290,37205,47891,11595,20678,3714,3737,6905,7521,7817,10657,9814,14872,17862,19459,28579,30060,30693,39655,10674,18964,446480,183281,58450,29090,108770,40313,8273,38,33
2021-06-01T23:59:59+02:00,23,16,11422,10338,22521,20449,28423,28798,53079,54036,73032,73499,55105,58973,37084,47722,11561,20619,3485,3563,6407,7215,7214,10235,8961,14271,15921,17649,24809,25820,30014,38777,10598,18811,436982,169331,53977,28953,108733,38472,6970,38,31
2021-05-31T23:59:59+02:00,18,12,10557,9671,20685,19278,26373,27291,51971,53187,72329,72952,54890,58715,37011,47622,11547,20583,3344,3412,6074,6970,6813,9936,8421,13915,14859,16671,23620,24450,29627,38289,10538,18717,430191,163596,49606,28916,108716,36980,6141,38,30
2021-05-30T23:59:59+02:00,16,9,10205,9323,19962,18781,25666,26710,51631,52905,72097,72756,54814,58636,36986,47595,11539,20575,3161,3220,5724,6704,6524,9693,8204,13711,14599,16400,23327,24133,29517,38182,10523,18689,427606,162771,49198,28859,108683,35977,4681,38,30
2021-05-29T23:59:59+02:00,16,9,10189,9311,19944,18754,25648,26684,51619,52901,72092,72746,54812,58631,36985,47595,11538,20575,3159,3212,5721,6700,6519,9691,8196,13703,14589,16395,23316,24125,29513,38177,10522,18688,427449,162701,49198,28857,108683,35964,4681,38,30
2021-05-28T23:59:59+02:00,16,9,10124,9215,19806,18585,25386,26454,51460,52725,71946,72616,54775,58581,36972,47575,11535,20562,3112,3136,5629,6560,6417,9491,8083,13430,14396,16118,23164,23971,29460,38114,10515,18679,425799,162316,49161,28856,108665,34401,4680,37,29
2021-05-27T23:59:59+02:00,16,9,8860,8013,17398,16767,22603,24302,50368,51911,71280,72125,54578,58364,36881,47481,11522,20534,2813,2802,4785,5937,5524,8710,7290,12444,13270,14926,22177,22938,29076,37663,10460,18592,413866,158505,48206,28592,108530,29915,2373,37,29
2021-05-26T23:59:59+02:00,15,9,8458,7595,16520,15963,21413,23291,49763,51365,70866,71741,54427,58201,36815,47406,11511,20504,2626,2629,4417,5603,5047,8203,6813,11795,12300,13948,21280,21908,28765,37220,10414,18507,408270,154664,47474,28504,108458,26661,1625,36,28
2021-05-25T23:59:59+02:00,15,9,7883,6995,15276,15078,19963,22118,49284,50966,70620,71558,54359,58119,36794,47381,11507,20495,2549,2526,4227,5473,4801,7976,6538,11486,11743,13418,19134,19751,28396,36687,10379,18458,401505,149009,47233,28491,108414,24789,1232,36,28
2021-05-24T23:59:59+02:00,15,9,7797,6894,15053,14951,19677,21938,49183,50847,70577,71519,54358,58114,36793,47380,11505,20492,2505,2464,4143,5307,4706,7732,6414,11202,11602,13177,19020,19638,28345,36640,10372,18447,400366,148857,47154,28448,108329,23172,1217,36,27
2021-05-23T23:59:59+02:00,14,9,7781,6881,15017,14935,19623,21910,49174,50845,70573,71513,54357,58112,36793,47379,11505,20492,2503,2460,4136,5302,4696,7728,6410,11189,11581,13155,18878,19440,28314,36601,10370,18445,400183,148370,47154,28446,108329,23163,1211,36,25
2021-05-22T23:59:59+02:00,14,9,7778,6873,15007,14923,19612,21903,49174,50843,70570,71513,54357,58111,36793,47379,11505,20492,2501,2453,4129,5296,4694,7728,6407,11186,11572,13152,18865,19434,28313,36601,10370,18445,400128,148333,47154,28446,108329,23139,1209,36,25
2021-05-21T23:59:59+02:00,14,8,7704,6776,14877,14788,19407,21743,48933,50609,70428,71407,54330,58085,36786,47372,11500,20486,2430,2368,4043,5155,4591,7514,6284,10889,11403,12863,18799,19369,28297,36571,10367,18443,398557,148083,47151,28446,108304,21632,1206,35,25
2021-05-20T23:59:59+02:00,14,8,7430,6481,14293,14265,18468,20871,46249,48257,69276,70434,53978,57724,36678,47232,11469,20457,2168,2205,3681,4789,4149,6962,5730,10058,10316,11763,17524,18080,27792,35972,10294,18296,387576,142840,46989,28157,107999,17774,989,31,25
2021-05-19T23:59:59+02:00,13,7,7190,6257,13630,13782,17198,19871,42265,44768,67787,69130,53523,57203,36516,47008,11433,20405,2092,2006,3517,4448,3902,6438,5284,9373,9327,10649,16050,16430,27099,35058,10168,18087,372798,135684,46418,28014,107769,15251,970,31,15
2021-05-18T23:59:59+02:00,13,5,6991,6080,13085,13352,16100,19012,37544,40745,66336,67807,52968,56664,36369,46786,11391,20348,2045,1877,3379,4259,3716,6123,4951,8891,8462,9778,14469,14696,26391,34208,10078,17915,356692,129061,46356,27451,107612,13812,905,31,15
2021-05-17T23:59:59+02:00,13,5,6856,5985,12762,13103,15605,18621,35361,38877,65498,67025,52697,56351,36290,46678,11377,20311,1975,1815,3191,4078,3496,5895,4628,8520,7683,9078,11212,10682,25480,33059,9995,17746,352963,123849,42086,21366,107533,12507,802,31,15
2021-05-16T23:59:59+02:00,13,5,6793,5901,12637,12949,15432,18452,34872,38407,65313,66857,52641,56291,36280,46653,11372,20306,1917,1718,3088,3955,3416,5793,4522,8376,7502,8892,9020,8087,24999,32377,9961,17689,351492,122712,41582,16020,107497,11998,573,30,15
2021-05-15T23:59:59+02:00,13,5,6788,5892,12631,12943,15428,18448,34867,38404,65311,66855,52641,56290,36280,46653,11372,20306,1916,1717,3085,3949,3411,5790,4517,8373,7500,8889,9018,8085,24998,32377,9961,17689,351450,122681,41582,16020,107495,11995,570,30,15
2021-05-14T23:59:59+02:00,13,5,6591,5794,12388,12881,15196,18356,33893,37614,64774,66446,52545,56203,36263,46620,11370,20301,1800,1629,2974,3879,3354,5682,4467,8226,7454,8761,9011,8080,24997,32377,9961,17688,348081,122627,41550,16016,107034,11130,559,29,14
2021-05-13T23:59:59+02:00,13,5,6341,5607,11978,12627,14629,17906,30365,34826,62297,64368,51915,55529,36126,46401,11358,20253,1757,1591,2917,3802,3322,5590,4424,8122,7372,8642,8973,8022,24977,32336,9956,17684,334088,122380,41327,15992,106604,10610,496,29,14
2021-05-12T23:59:59+02:00,13,5,6324,5583,11905,12564,14520,17798,29730,34250,61791,63916,51743,55356,36090,46356,11351,20240,1757,1588,2916,3802,3317,5590,4422,8121,7370,8636,8966,8019,24977,32334,9956,17683,331097,122358,41315,15982,106599,10609,496,28,14
2021-05-11T23:59:59+02:00,12,5,5999,5448,11462,12286,13973,17415,25467,30761,59408,61910,51082,54675,35901,46110,11330,20177,1715,1472,2813,3540,3195,5214,4283,7677,7216,8310,8882,7936,24948,32294,9953,17672,316153,122117,41262,15793,105610,8831,371,25,13
2021-05-10T23:59:59+02:00,12,5,5872,5375,11298,12171,13754,17247,21998,28002,58161,60794,50720,54323,35809,45987,11315,20146,1677,1376,2728,3310,3093,4883,4173,7187,7094,7872,8841,7876,24936,32273,9951,17668,306238,121973,41101,15644,105318,7006,307,25,13
2021-05-09T23:59:59+02:00,12,5,5795,5343,11210,12107,13654,17166,20397,26820,57696,60409,50618,54225,35783,45946,11308,20141,1660,1354,2671,3185,3042,4742,4128,7067,7037,7775,8829,7863,24929,32267,9950,17668,305672,121917,37529,15599,105115,6349,294,25,13
2021-05-08T23:59:59+02:00,12,5,5792,5340,11198,12103,13644,17157,20389,26814,57687,60403,50615,54217,35779,45943,11306,20138,1659,1354,2671,3183,3042,4742,4125,7064,7036,7774,8828,7863,24928,32265,9950,17668,305581,121902,37528,15599,105114,6349,294,25,13
2021-05-07T23:59:59+02:00,12,5,5752,5305,11132,12054,13537,17079,19933,26456,56688,59594,50485,54086,35749,45913,11303,20124,1555,1310,2591,3138,3001,4714,4091,7040,7013,7742,8821,7855,24926,32264,9950,17667,302413,121869,37512,15592,104969,5920,289,24,13
2021-05-06T23:59:59+02:00,12,5,5497,5192,10618,11745,12830,16626,18634,25468,52426,55935,49289,52706,35418,45512,11251,20021,1330,1178,2354,2966,2831,4548,3939,6840,6861,7591,8746,7776,24905,32228,9947,17660,287266,121598,37326,15453,104412,4481,160,21,13
2021-05-05T23:59:59+02:00,12,5,5237,5093,10125,11510,12074,16174,17301,24487,48056,51792,47619,50785,34981,44943,11176,19901,1284,1083,2292,2839,2748,4368,3845,6601,6753,7392,8633,7683,24844,32154,9941,17644,270080,121122,37100,15408,104024,3520,46,21,13
2021-05-04T23:59:59+02:00,12,5,5154,5008,9808,11297,11621,15784,16326,23619,46183,49758,46551,49477,34609,44455,11110,19792,1272,1064,2263,2798,2707,4282,3793,6493,6681,7316,8591,7643,24824,32138,9940,17639,259706,120904,37076,15347,103743,3162,23,21,13
2021-05-03T23:59:59+02:00,12,5,5051,4921,9459,11129,11158,15521,15263,22754,44610,48137,45670,48522,34390,44117,11082,19703,1257,1038,2231,2767,2665,4218,3745,6439,6606,7262,8022,6954,23083,29811,9802,17402,250684,115093,37067,15265,103717,2921,15,21,13
2021-05-02T23:59:59+02:00,12,5,4989,4902,9345,11093,11013,15460,14651,22265,44090,47727,45529,48356,34343,44056,11076,19692,1253,1033,2214,2764,2652,4210,3717,6426,6586,7248,7833,6710,21113,27403,9755,17314,249476,115073,35435,10261,103663,2879,10,20,13
2021-05-01T23:59:59+02:00,12,5,4989,4900,9340,11089,11010,15457,14647,22261,44088,47723,45528,48356,34343,44056,11076,19692,1252,1033,2214,2764,2652,4210,3716,6426,6584,7248,7833,6709,21113,27403,9755,17314,249446,115069,35435,10261,103661,2878,10,20,13
2021-04-30T23:59:59+02:00,12,5,4942,4878,9273,11074,10955,15432,14572,22235,42603,46308,45193,48024,34306,44004,11071,19682,1043,938,2016,2674,2552,4149,3630,6366,6521,7189,7826,6692,21112,27401,9755,17314,245455,115060,35435,10258,103649,1844,10,20,11
2021-04-29T23:59:59+02:00,12,4,4699,4796,8803,10923,10349,15261,13887,22027,37669,41990,44182,46995,34185,43886,11067,19652,863,860,1843,2595,2465,4083,3522,6295,6447,7139,7804,6673,21107,27395,9755,17314,231716,115020,35332,10154,103309,970,10,20,11
2021-04-28T23:59:59+02:00,12,4,4523,4761,8553,10838,9997,15171,13530,21873,33029,37487,42936,45741,34059,43738,11053,19634,821,830,1805,2549,2432,4007,3486,6186,6397,7048,7785,6654,21095,27382,9750,17307,218499,114935,35314,10106,103099,478,9,18,11
2021-04-27T23:59:59+02:00,11,3,4292,4546,8207,10390,9613,14589,13062,21224,31898,36360,42657,45459,34043,43710,11049,19631,793,816,1771,2525,2414,3989,3468,6167,6362,7021,7774,6646,21090,27377,9747,17301,215773,114877,35304,10075,99640,294,9,18,11
2021-04-26T23:59:59+02:00,11,3,4270,4518,8132,10353,9505,14533,12913,21165,27489,31972,41441,44236,33963,43610,11036,19621,760,805,1741,2506,2385,3968,3444,6146,6310,6975,7727,6597,21060,27346,9747,17294,203892,114675,35295,10031,99558,90,9,17,11
2021-04-25T23:59:59+02:00,11,3,4247,4505,8100,10326,9442,14501,12820,21119,25520,29928,40739,43475,33917,43552,11032,19616,748,797,1729,2492,2367,3953,3418,6124,6278,6946,7705,6577,21043,27325,9746,17290,203224,114649,30181,9789,99423,86,8,17,11
2021-04-24T23:59:59+02:00,11,3,4228,4494,8070,10297,9401,14485,12769,21097,24017,28263,39981,42636,33852,43476,11029,19610,747,796,1726,2490,2366,3950,3418,6120,6278,6943,7703,6575,21042,27325,9746,17290,198159,114629,30181,9788,99354,84,8,17,11
2021-04-23T23:59:59+02:00,10,3,3963,4342,7599,10000,8971,14129,12207,20694,23537,27963,39895,42575,33831,43442,11023,19603,733,786,1709,2477,2346,3934,3395,6098,6256,6924,7689,6557,21037,27314,9746,17289,197812,114614,30166,9590,95786,72,8,15,11
2021-04-22T23:59:59+02:00,10,3,3870,4285,7408,9883,8693,13935,11763,20367,21211,25605,37142,39330,33304,42773,10952,19482,720,777,1681,2447,2288,3877,3323,6026,6147,6828,7610,6471,20984,27270,9743,17274,184790,114493,29977,8890,95226,70,8,15,10
2021-04-21T23:59:59+02:00,10,3,3842,4253,7281,9805,8511,13764,11429,20078,19947,24402,33931,35616,32820,42070,10890,19356,696,759,1647,2419,2244,3852,3290,5993,6105,6788,7582,6444,20966,27246,9740,17270,173034,114385,29803,8577,95148,66,8,15,10
2021-04-20T23:59:59+02:00,10,3,3808,4226,7176,9736,8297,13607,11062,19780,18852,23253,30620,31964,32347,41471,10831,19247,688,749,1632,2407,2211,3830,3247,5948,6064,6745,7542,6398,20941,27222,9734,17267,161398,114227,29781,8321,95088,64,8,15,10
2021-04-19T23:59:59+02:00,10,3,3789,4209,7102,9698,8179,13498,10807,19594,18187,22589,29747,30834,32055,41105,10789,19172,680,744,1610,2393,2187,3800,3212,5915,6030,6714,7497,6365,20910,27194,9732,17263,156558,114094,29764,8077,95022,62,8,15,10
2021-04-18T23:59:59+02:00,10,3,3786,4203,7086,9684,8164,13480,10772,19569,18099,22507,29625,30709,32027,41083,10786,19164,678,740,1595,2381,2170,3785,3187,5889,6001,6691,7475,6352,20891,27172,9729,17260,156066,114035,29697,7887,94972,61,8,14,10
2021-04-17T23:59:59+02:00,10,3,3785,4201,7084,9682,8161,13480,10766,19562,18086,22496,29603,30696,32025,41081,10786,19164,677,740,1594,2380,2168,3784,3184,5888,5999,6689,7475,6352,20891,27172,9729,17260,155987,114022,29696,7887,94966,60,8,14,10
2021-04-16T23:59:59+02:00,10,3,3618,4163,6739,9553,7793,13293,10368,19316,17634,22221,29402,30537,31943,40992,10771,19145,665,722,1582,2365,2141,3769,3130,5851,5956,6639,7382,6263,20479,26607,9699,17199,155237,112698,29688,7681,92554,57,8,14,10
2021-04-15T23:59:59+02:00,10,3,3517,4084,6387,9181,7216,12792,9592,18480,16308,20990,28205,29243,31423,40350,10691,18970,635,699,1530,2327,2059,3682,3021,5731,5628,6401,6885,5877,19746,25694,9603,17031,149491,109344,29395,7140,88534,52,8,14,10
2021-04-14T23:59:59+02:00,9,3,3462,4034,6151,8943,6885,12415,8970,17929,15190,19957,26795,27736,30792,39474,10583,18775,601,673,1484,2289,1984,3604,2878,5608,5318,6165,6342,5366,18732,24408,9518,16858,142685,105086,29196,6683,86201,46,8,13,10
2021-04-13T23:59:59+02:00,9,3,3430,4002,6059,8866,6736,12286,8667,17682,14388,19265,23442,24177,29859,38293,10479,18603,596,664,1471,2267,1956,3571,2782,5537,5102,5982,5981,5027,18433,24064,9479,16792,131048,102994,29185,6653,85992,45,8,13,9
2021-04-12T23:59:59+02:00,9,3,3408,3981,6009,8809,6648,12202,8449,17487,13771,18736,22440,23025,29435,37735,10410,18481,586,656,1461,2259,1933,3550,2726,5486,4954,5877,5664,4746,18140,23762,9441,16732,125968,101409,29166,6507,85883,45,8,13,9
2021-04-11T23:59:59+02:00,9,3,3402,3975,5991,8785,6620,12185,8409,17464,13682,18675,22310,22876,29384,37670,10401,18456,583,651,1448,2249,1920,3542,2709,5470,4916,5840,5604,4688,17967,23528,9420,16703,125426,100746,29099,6435,85751,45,8,13,9
2021-04-10T23:59:59+02:00,9,3,3394,3974,5968,8784,6598,12184,8388,17463,13657,18673,22305,22873,29380,37669,10401,18456,582,649,1442,2242,1915,3539,2703,5462,4900,5830,5592,4671,17804,23275,9406,16679,125404,100233,29008,6402,85747,45,7,13,9
2021-04-09T23:59:59+02:00,8,3,3356,3962,5920,8772,6540,12168,8349,17436,13606,18627,20351,20464,28899,37054,10371,18407,569,636,1416,2220,1888,3516,2661,5426,4829,5768,5477,4567,17227,22542,9368,16608,124713,98466,23896,6204,85666,37,7,11,9
2021-04-08T23:59:59+02:00,8,3,3332,3943,5850,8740,6465,12129,8259,17372,13462,18508,17759,17400,28375,36390,10334,18357,527,606,1327,2138,1794,3419,2481,5240,4333,5403,4673,3959,15450,20314,9182,16307,123845,91484,18035,5633,84789,26,6,11,9
2021-04-07T23:59:59+02:00,6,3,3254,3915,5640,8690,6258,12069,8050,17297,13200,18413,15094,14333,27698,35592,10304,18304,504,578,1274,2083,1700,3339,2329,5099,3921,5071,3957,3394,14596,19451,9070,16126,123638,87174,16500,5286,77966,23,5,11,9
2021-04-06T23:59:59+02:00,5,3,3226,3905,5594,8672,6188,12046,7963,17260,13126,18342,13107,11970,27066,34878,10291,18274,473,555,1205,2028,1615,3258,2167,4980,3548,4793,3431,2984,13755,18452,8996,16010,123509,83538,16298,4686,72093,19,5,11,7
2021-04-05T23:59:59+02:00,5,3,3224,3902,5558,8658,6151,12034,7918,17244,13054,18306,13061,11924,27055,34862,10290,18271,441,525,1153,1991,1563,3217,2099,4926,3460,4717,3374,2932,13612,18282,8987,15992,123485,83047,16090,4199,71930,19,4,11,7
2021-04-04T23:59:59+02:00,5,3,3223,3900,5558,8656,6149,12033,7917,17241,13054,18306,13058,11924,27054,34862,10290,18271,440,524,1152,1991,1563,3217,2098,4926,3460,4717,3374,2932,13611,18282,8987,15992,123474,83042,16090,4199,71925,19,4,11,7
2021-04-03T23:59:59+02:00,5,3,3222,3900,5558,8655,6149,12033,7917,17241,13054,18306,13058,11923,27053,34859,10290,18271,440,522,1152,1991,1562,3217,2098,4925,3454,4714,3368,2921,13524,18146,8978,15976,123469,82764,16090,4199,71923,19,4,11,7
2021-04-02T23:59:59+02:00,5,3,3222,3897,5555,8650,6145,12024,7908,17229,13029,18275,13011,11871,27025,34841,10287,18267,437,515,1150,1987,1550,3208,2088,4903,3424,4681,3337,2892,12595,16901,8913,15868,123303,80308,16087,4118,71839,19,4,11,5
2021-04-01T23:59:59+02:00,5,3,3207,3883,5516,8630,6078,11991,7837,17194,12917,18204,12896,11745,26967,34765,10278,18252,390,471,1053,1920,1451,3120,1938,4790,3223,4548,3106,2693,10571,14313,8803,15693,122989,74732,15964,3329,71401,19,3,11,5
2021-03-31T23:59:59+02:00,5,3,3206,3870,5499,8596,6045,11955,7795,17149,12837,18135,12783,11620,26916,34705,10270,18243,352,449,1017,1878,1380,3080,1834,4687,2967,4354,2694,2377,8003,11084,8628,15455,122681,67228,15925,2989,71012,18,3,11,5
2021-03-30T23:59:59+02:00,5,3,3198,3859,5474,8568,6013,11924,7756,17109,12760,18069,12697,11482,26879,34658,10265,18233,331,430,994,1846,1320,3045,1710,4607,2721,4182,2326,2129,7121,9999,8562,15328,122551,63918,15893,2713,70495,17,2,11,5
2021-03-29T23:59:59+02:00,5,3,3186,3854,5445,8549,5978,11891,7712,17076,12686,17991,12053,10724,25013,32163,10117,17977,325,428,987,1831,1299,3020,1675,4567,2575,4096,2040,1980,6471,9289,8518,15250,116558,61623,15723,2710,70129,15,2,11,5
2021-03-28T23:59:59+02:00,5,3,3156,3838,5398,8511,5929,11849,7631,17021,12576,17922,11789,10421,23027,29698,10062,17878,324,426,984,1830,1291,3016,1671,4565,2563,4088,2015,1960,6449,9275,8516,15245,116500,61494,10538,2708,69663,15,2,11,3
2021-03-27T23:59:59+01:00,5,3,3144,3834,5359,8500,5893,11834,7584,17006,12530,17875,11755,10378,23023,29690,10062,17878,324,426,984,1830,1291,3016,1670,4563,2561,4086,2013,1958,6400,9200,8483,15196,116432,61277,10537,2708,69371,15,2,11,3
2021-03-26T23:59:59+01:00,5,3,3008,3509,4909,7342,5398,10514,6971,14959,11721,15599,11535,10197,22540,28964,10017,17807,323,422,980,1827,1285,3012,1667,4561,2556,4079,2005,1952,6270,9012,8340,15011,114887,60600,10283,2696,59815,5,2,11,3
2021-03-25T23:59:59+01:00,5,3,2882,3241,4749,6575,5172,9363,6647,13238,10996,13796,10678,9392,21824,28124,9944,17652,318,413,974,1817,1270,2993,1647,4526,2519,4030,1939,1893,5980,8584,8067,14564,111984,58837,9596,2692,52688,4,2,11,3
2021-03-24T23:59:59+01:00,5,3,2834,3197,4673,6514,5038,9257,6441,13067,10485,13391,9846,8571,20814,26869,9848,17471,316,408,966,1811,1253,2982,1632,4502,2472,3973,1870,1817,5617,8112,7656,13898,107982,56604,9249,2678,51083,4,0,10,3
2021-03-23T23:59:59+01:00,5,3,2805,3164,4605,6448,4927,9163,6230,12906,10029,12969,9135,7904,20303,26266,9796,17366,304,395,948,1802,1238,2962,1604,4480,2417,3924,1790,1752,5340,7734,7268,13283,105608,54562,8917,2677,49490,3,0,9,3
2021-03-22T23:59:59+01:00,5,3,2788,3126,4545,6410,4851,9095,6091,12769,9668,12695,8531,7338,19885,25829,9736,17272,302,391,936,1796,1223,2947,1591,4466,2390,3898,1764,1731,5203,7559,6826,12471,104132,52819,8658,2672,47838,3,0,9,2
2021-03-21T23:59:59+01:00,5,3,2781,3111,4500,6388,4800,9058,5999,12701,9480,12507,8225,7080,19717,25662,9724,17247,302,391,935,1796,1221,2947,1590,4465,2387,3898,1757,1725,5194,7554,6796,12414,103932,52714,8428,2655,46619,3,0,9,2
2021-03-20T23:59:59+01:00,5,3,2781,3106,4492,6383,4793,9055,5995,12693,9460,12493,8192,7049,19543,25385,9708,17221,302,391,935,1795,1220,2947,1589,4464,2383,3890,1745,1712,5181,7505,6620,12178,103375,52223,8416,2631,46557,3,0,9,2
2021-03-19T23:59:59+01:00,5,3,2746,3083,4418,6339,4684,9005,5855,12636,9194,12305,7887,6824,19059,24793,9676,17162,302,391,934,1794,1220,2944,1586,4463,2377,3885,1729,1703,5145,7462,6218,11562,102073,51101,8174,2611,45418,3,0,9,2
2021-03-18T23:59:59+01:00,5,3,2680,3010,4255,6203,4435,8799,5497,12327,8288,11635,6623,5810,17809,23434,9528,16937,299,387,929,1784,1206,2931,1547,4447,2310,3838,1651,1661,5073,7355,5488,10454,97184,48790,7631,2569,42454,2,0,9,1
2021-03-17T23:59:59+01:00,5,3,2642,2971,4175,6105,4298,8691,5242,12052,7612,11066,5637,4914,16463,21902,9363,16683,295,386,925,1775,1202,2923,1530,4425,2243,3812,1585,1616,5028,7291,4916,9576,91778,47013,7128,2514,40909,2,0,9,1
2021-03-16T23:59:59+01:00,5,3,2622,2942,4112,6038,4206,8594,5066,11896,7162,10677,4875,4295,15612,20925,9261,16515,291,384,922,1770,1199,2916,1522,4415,2221,3793,1555,1599,4991,7248,4414,8771,88149,45575,7092,2435,39557,2,0,8,1
2021-03-15T23:59:59+01:00,5,3,2619,2931,4096,6020,4175,8568,5016,11849,7045,10563,4729,4135,15294,20515,9232,16456,289,380,921,1764,1192,2909,1508,4406,2199,3770,1514,1582,4931,7174,3837,7911,87383,43991,6996,2296,38864,1,0,8,1
2021-03-14T23:59:59+01:00,5,2,2614,2922,4075,6001,4145,8549,4974,11816,6952,10474,4625,4024,15163,20345,9216,16420,287,379,921,1762,1186,2902,1503,4395,2188,3763,1504,1575,4923,7166,3832,7898,87079,43930,6978,2254,38258,1,0,7,1
2021-03-13T23:59:59+01:00,5,2,2610,2914,4070,5989,4137,8543,4966,11807,6932,10460,4603,3998,14847,19908,9196,16384,287,379,921,1762,1186,2902,1503,4395,2188,3763,1504,1575,4923,7165,3832,7898,86195,43929,6955,2254,38214,1,0,7,1
2021-03-12T23:59:59+01:00,5,2,2547,2838,3959,5819,4018,8322,4828,11507,6754,10190,4450,3860,13925,18652,9135,16282,287,378,919,1759,1186,2899,1501,4390,2187,3756,1496,1573,4915,7146,3830,7883,83733,43852,6893,2253,36462,1,0,5,1
2021-03-11T23:59:59+01:00,4,2,2422,2612,3734,5489,3762,7884,4503,10742,6126,9376,3930,3357,12326,16662,9037,16135,287,377,915,1755,1183,2885,1492,4378,2175,3729,1454,1544,4874,7111,3818,7856,79415,43703,6731,2130,31952,1,0,5,1
2021-03-10T23:59:59+01:00,4,2,2299,2479,3582,5256,3568,7561,4236,10254,5570,8807,3359,2913,10058,13946,8892,15908,284,373,911,1746,1176,2874,1487,4362,2153,3713,1425,1536,4844,7096,3809,7848,73117,43637,6560,2001,29012,0,0,5,1
2021-03-09T23:59:59+01:00,4,2,2272,2426,3516,5170,3454,7472,4065,10059,5178,8456,2880,2556,8549,11931,8790,15759,283,372,911,1740,1169,2865,1483,4354,2145,3702,1411,1531,4836,7091,3806,7846,68260,43596,6410,1950,27864,0,0,5,1
2021-03-08T23:59:59+01:00,4,2,2248,2355,3458,5103,3380,7387,3941,9947,4886,8266,2433,2295,6630,9532,8671,15585,283,368,910,1730,1163,2849,1477,4343,2141,3695,1400,1524,4819,7070,3799,7837,62579,43485,6075,1924,27464,0,0,5,1
2021-03-07T23:59:59+01:00,4,2,2185,2299,3361,4995,3284,7298,3844,9860,4751,8171,2382,2244,6608,9511,8671,15577,283,367,909,1730,1163,2849,1476,4343,2141,3695,1400,1524,4819,7070,3799,7837,62451,43483,5394,1924,27197,0,0,5,0
2021-03-06T23:59:59+01:00,4,2,2177,2286,3349,4986,3280,7293,3835,9851,4740,8168,2380,2242,6562,9441,8639,15528,283,367,908,1726,1162,2848,1476,4340,2137,3690,1399,1519,4813,7065,3797,7828,62242,43436,5334,1924,27182,0,0,5,0
2021-03-05T23:59:59+01:00,4,2,2046,2201,3125,4797,3041,6982,3558,9455,4411,7831,2293,2181,6355,9123,8448,15267,283,365,906,1723,1162,2847,1475,4334,2134,3684,1393,1517,4807,7058,3796,7822,61264,43384,4495,1924,25356,0,0,5,0
2021-03-04T23:59:59+01:00,4,2,1792,1981,2715,4363,2583,6342,2992,8551,3726,7017,2078,2021,6064,8757,8174,14813,280,364,905,1715,1160,2830,1474,4318,2125,3672,1382,1515,4795,7044,3789,7811,59626,43260,3222,1921,21122,0,0,5,0
2021-03-03T23:59:59+01:00,4,2,1720,1893,2608,4179,2450,6115,2853,8265,3540,6753,1996,1944,5726,8284,7821,14234,279,360,905,1705,1158,2807,1470,4294,2120,3657,1358,1504,4790,7038,3785,7804,57625,43115,3079,1921,19678,0,0,5,0
2021-03-02T23:59:59+01:00,4,2,1684,1812,2540,4061,2369,5965,2748,8084,3425,6601,1924,1877,5418,7847,7422,13566,277,355,902,1686,1155,2786,1467,4275,2119,3646,1333,1498,4780,7022,3779,7797,55542,42958,2837,1921,18965,0,0,5,0
2021-03-01T23:59:59+01:00,2,2,1674,1785,2501,3953,2321,5850,2711,7982,3372,6523,1884,1857,5279,7682,6951,12702,277,353,898,1680,1153,2774,1465,4262,2117,3631,1328,1493,4777,7020,3778,7791,53685,42878,2825,1921,18516,0,0,5,0
2021-02-28T23:59:59+01:00,2,2,1657,1748,2466,3882,2291,5795,2668,7902,3345,6475,1878,1853,5271,7677,6916,12643,277,353,897,1680,1153,2774,1465,4261,2117,3630,1328,1493,4777,7019,3778,7791,53563,42875,2823,1920,18080,0,0,5,0
2021-02-27T23:59:59+01:00,2,2,1655,1742,2462,3874,2287,5795,2667,7901,3343,6472,1872,1843,5262,7633,6746,12424,277,353,887,1675,1143,2767,1455,4252,2100,3621,1327,1490,4777,7018,3778,7791,53101,42871,2823,1842,18053,0,0,5,0
2021-02-26T23:59:59+01:00,2,1,1465,1586,2337,3631,2209,5389,2575,7395,3256,6014,1857,1818,5237,7600,6487,12035,276,351,880,1668,1135,2747,1449,4231,2090,3608,1320,1481,4769,7006,3774,7779,52358,42793,2802,1773,15729,0,0,5,0
2021-02-25T23:59:59+01:00,2,1,1248,1309,2117,3196,2035,4632,2378,6449,3015,5114,1768,1746,5186,7521,5918,11195,274,343,874,1608,1101,2652,1416,4120,2034,3533,1283,1461,4729,6965,3756,7727,50490,42331,2788,1547,11548,0,0,4,0
2021-02-24T23:59:59+01:00,2,1,1195,1099,2010,2927,1930,4293,2246,6042,2844,4845,1693,1691,5128,7430,5163,10018,272,337,836,1561,1051,2561,1355,4004,1945,3404,1243,1434,4714,6939,3746,7710,48162,42074,2776,1040,9615,0,0,4,0
2021-02-23T23:59:59+01:00,2,1,1180,1049,1976,2863,1904,4195,2220,5957,2811,4784,1685,1676,5093,7381,4533,8996,272,336,809,1533,1003,2509,1302,3926,1838,3329,1191,1409,4691,6914,3735,7676,46391,41876,2750,599,9161,0,0,4,0
2021-02-22T23:59:59+01:00,2,1,1172,1007,1925,2720,1860,4049,2165,5761,2757,4678,1673,1665,5059,7333,3930,8112,270,326,766,1494,949,2426,1214,3819,1698,3234,1102,1352,4650,6844,3709,7573,44784,41419,2730,9,8352,0,0,3,0
2021-02-21T23:59:59+01:00,2,1,1170,993,1894,2658,1834,3952,2138,5657,2737,4615,1665,1659,5056,7324,3930,8108,268,324,761,1488,941,2394,1212,3783,1685,3194,1093,1337,4634,6819,3687,7532,44731,41145,2719,9,7940,0,0,3,0
2021-02-20T23:59:59+01:00,2,1,1170,993,1894,2657,1833,3952,2138,5657,2735,4610,1656,1650,5052,7318,3928,8105,268,324,761,1487,940,2390,1211,3779,1684,3192,1093,1337,4581,6758,3641,7473,44716,40913,2694,8,7938,0,0,3,0
2021-02-19T23:59:59+01:00,2,1,1170,990,1891,2652,1832,3943,2137,5648,2732,4607,1637,1642,5039,7301,3925,8099,267,323,757,1478,932,2366,1204,3737,1657,3139,1066,1299,4391,6505,3464,7182,44636,39761,2675,8,7934,0,0,3,0
2021-02-18T23:59:59+01:00,2,1,1138,907,1852,2533,1793,3805,2084,5442,2671,4433,1621,1626,5023,7267,3920,8073,239,294,712,1354,883,2161,1118,3401,1540,2844,957,1112,3908,5733,3072,6333,44482,35655,2642,8,7064,0,0,3,0
2021-02-17T23:59:59+01:00,2,1,1089,778,1771,2300,1716,3506,1975,5082,2596,4184,1597,1617,5002,7253,3912,8069,234,291,702,1336,874,2139,1106,3366,1521,2823,951,1109,3528,5210,2780,5912,44440,33876,2586,8,5421,0,0,3,0
2021-02-16T23:59:59+01:00,2,1,1048,742,1713,2196,1648,3335,1904,4875,2518,4078,1562,1603,4975,7232,3903,8057,228,285,688,1302,853,2085,1075,3249,1482,2738,928,1086,3176,4663,2441,5423,44388,31699,2424,5,4577,0,0,3,0
2021-02-15T23:59:59+01:00,2,1,1041,723,1694,2120,1629,3235,1885,4766,2504,4000,1534,1589,4946,7215,3871,8001,216,275,673,1267,834,2035,1055,3183,1440,2673,897,1055,2757,4112,2115,4861,44259,29446,2341,4,4153,0,0,3,0
2021-02-14T23:59:59+01:00,2,1,945,689,1616,2086,1567,3216,1841,4744,2469,3987,1527,1586,4937,7203,3868,7996,209,263,664,1249,815,1995,1039,3117,1410,2605,867,1010,2668,3972,2043,4678,44217,28603,2305,3,3757,0,0,1,0
2021-02-13T23:59:59+01:00,2,1,892,665,1586,2063,1552,3208,1825,4737,2461,3986,1526,1585,4937,7203,3867,7995,207,262,662,1249,815,1991,1039,3115,1409,2603,866,1010,2566,3846,1979,4578,44211,28196,2305,3,3574,0,0,1,0
2021-02-12T23:59:59+01:00,2,1,558,517,1236,1946,1380,3105,1685,4655,2354,3916,1507,1576,4928,7192,3861,7989,195,256,649,1223,801,1947,1013,3030,1353,2504,804,936,2343,3535,1837,4276,44098,26702,2305,2,2004,0,0,1,0
2021-02-11T23:59:59+01:00,2,1,392,440,1046,1833,1278,2986,1586,4541,2266,3827,1400,1532,4866,7143,3840,7942,157,192,549,979,665,1501,813,2359,1074,1914,567,687,1744,2662,1356,3089,43746,20309,2107,1,1067,0,0,1,0
2021-02-10T23:59:59+01:00,2,1,279,368,920,1728,1178,2863,1491,4356,2153,3704,1363,1519,4847,7132,3835,7940,135,130,378,618,492,1012,643,1747,906,1580,546,672,1337,2101,1041,2593,43670,15933,2003,0,5,0,0,1,0
2021-02-09T23:59:59+01:00,2,1,279,367,919,1722,1175,2854,1491,4350,2152,3699,1356,1516,4845,7130,3834,7938,132,128,369,588,473,985,622,1718,881,1549,544,669,957,1636,764,2189,43645,14206,1980,0,4,0,0,1,0
2021-02-08T23:59:59+01:00,2,1,279,365,918,1720,1172,2844,1484,4345,2150,3695,1351,1512,4843,7130,3833,7935,127,122,358,577,465,968,611,1685,863,1523,536,664,566,1149,461,1764,43617,12441,1957,0,4,0,0,1,0
2021-02-07T23:59:59+01:00,2,1,279,365,916,1720,1171,2844,1482,4343,2150,3695,1351,1512,4843,7129,3832,7935,123,119,354,571,464,961,608,1673,853,1507,528,660,565,1139,456,1749,43613,12332,1956,0,0,0,0,1,0
2021-02-06T23:59:59+01:00,2,1,279,365,916,1720,1171,2844,1482,4343,2150,3695,1351,1512,4843,7129,3832,7935,120,116,352,567,463,960,608,1671,853,1506,527,659,565,1139,456,1749,43613,12313,1956,0,0,0,0,1,0
2021-02-05T23:59:59+01:00,2,1,279,364,915,1720,1171,2843,1480,4342,2149,3695,1351,1512,4842,7127,3832,7932,119,108,349,563,455,947,604,1661,839,1483,522,649,559,1123,446,1727,43600,12156,1956,0,0,0,0,1,0
2021-02-04T23:59:59+01:00,2,1,276,359,908,1682,1164,2797,1479,4290,2136,3652,1343,1505,4814,7096,3821,7902,89,71,232,390,331,688,475,1271,628,1113,392,516,469,915,389,1485,43271,9455,1955,0,0,0,0,1,0
2021-02-03T23:59:59+01:00,2,1,274,350,903,1657,1160,2762,1468,4240,2127,3616,1335,1489,4792,7067,3809,7876,55,33,80,166,152,342,232,597,303,543,211,279,273,576,227,944,42972,5014,1955,0,0,0,0,1,0
2021-02-02T23:59:59+01:00,2,1,273,348,902,1645,1156,2743,1465,4208,2120,3590,1327,1483,4785,7054,3802,7854,16,10,25,49,60,97,73,164,97,122,45,75,67,127,51,193,42802,1272,1955,0,0,0,0,1,0
2021-02-01T23:59:59+01:00,2,1,273,343,902,1643,1155,2742,1464,4204,2119,3584,1326,1482,4783,7053,3802,7854,14,9,21,43,51,88,60,136,74,103,39,66,57,117,50,180,42776,1109,1955,0,0,0,0,1,0
2021-01-31T23:59:59+01:00,2,1,273,342,902,1639,1154,2738,1464,4199,2119,3581,1325,1482,4783,7052,3802,7854,13,8,20,38,44,80,54,125,64,97,34,55,47,108,47,174,42756,1009,1955,0,0,0,0,1,0
2021-01-30T23:59:59+01:00,2,1,273,342,897,1636,1146,2730,1456,4193,2115,3578,1325,1482,4730,6992,3756,7795,13,8,20,37,44,80,53,124,64,97,34,55,47,108,47,174,42527,1006,1921,0,0,0,0,1,0
2021-01-29T23:59:59+01:00,2,1,272,341,882,1628,1134,2709,1444,4163,2092,3551,1316,1476,4567,6789,3592,7591,11,8,20,37,41,80,52,122,61,96,32,50,46,108,47,174,41740,986,1809,0,0,0,0,1,0
2021-01-28T23:59:59+01:00,2,1,268,328,863,1541,1094,2599,1407,4063,2022,3476,1289,1464,4233,6319,3329,7238,7,4,9,17,22,39,21,56,36,63,20,32,31,70,37,117,39971,582,1564,0,0,0,0,1,0
2021-01-27T23:59:59+01:00,2,1,262,325,821,1486,1047,2505,1343,3965,1948,3369,1250,1437,3822,5753,3012,6779,3,4,9,8,12,21,8,22,14,29,11,14,15,39,15,56,38015,281,1111,0,0,0,0,1,0
2021-01-26T23:59:59+01:00,2,1,256,316,787,1440,982,2420,1282,3838,1831,3262,1192,1386,3478,5198,2664,6269,1,1,5,3,5,7,4,2,3,8,6,5,3,7,3,8,35940,72,663,0,0,0,0,1,0
2021-01-25T23:59:59+01:00,2,1,246,307,735,1379,921,2301,1181,3693,1671,3143,1113,1356,3085,4686,2355,5803,1,1,5,2,3,7,2,2,3,8,6,5,3,7,3,8,33917,67,61,0,0,0,0,0,0
2021-01-24T23:59:59+01:00,2,1,243,307,729,1375,910,2285,1176,3677,1643,3113,1107,1354,3059,4650,2338,5781,1,1,3,2,3,7,2,2,3,8,6,5,3,7,3,8,33743,65,7,0,0,0,0,0,0
2021-01-23T23:59:59+01:00,2,1,242,306,728,1375,910,2281,1175,3675,1640,3111,1106,1354,2954,4523,2272,5680,1,1,3,2,2,7,2,2,3,8,6,5,3,7,3,8,33329,64,6,0,0,0,0,0,0
2021-01-22T23:59:59+01:00,2,1,241,303,726,1359,908,2268,1169,3661,1636,3107,1104,1353,2795,4329,2170,5538,1,1,3,2,2,7,2,2,3,8,6,5,3,7,3,8,32664,64,6,0,0,0,0,0,0
2021-01-21T23:59:59+01:00,2,1,237,274,663,1203,840,2056,1088,3375,1539,2901,1061,1311,2452,3863,1881,5103,1,0,3,1,2,7,2,2,3,8,6,4,3,7,3,8,29844,61,6,0,0,0,0,0,0
2021-01-20T23:59:59+01:00,2,1,213,210,502,851,664,1566,888,2674,1302,2433,966,1177,1921,3117,1472,4339,1,0,3,1,2,7,2,2,3,6,5,4,3,7,3,8,24292,58,6,0,0,0,0,0,0
2021-01-19T23:59:59+01:00,2,1,186,191,455,744,610,1410,801,2374,1128,2126,799,920,1278,2192,1015,3275,0,0,2,1,0,0,0,0,2,1,1,0,0,0,0,0,19504,7,3,0,0,0,0,0,0
2021-01-18T23:59:59+01:00,1,1,138,136,378,619,487,1056,647,1829,937,1636,592,711,636,1272,513,1969,0,0,1,0,0,0,0,0,1,0,0,0,0,0,0,0,13556,2,2,0,0,0,0,0,0
2021-01-17T23:59:59+01:00,1,1,127,122,364,582,472,991,618,1712,878,1537,543,671,589,1175,471,1826,0,0,0,0,0,0,0,0,0,0,0,0,0,0,0,0,12680,0,0,0,0,0,0,0,0
2021-01-16T23:59:59+01:00,1,1,120,118,361,578,470,980,612,1699,872,1530,542,670,588,1170,467,1814,0,0,0,0,0,0,0,0,0,0,0,0,0,0,0,0,12593,0,0,0,0,0,0,0,0
2021-01-15T23:59:59+01:00,1,1,118,111,358,573,462,964,608,1688,857,1506,536,658,581,1154,459,1792,0,0,0,0,0,0,0,0,0,0,0,0,0,0,0,0,12427,0,0,0,0,0,0,0,0
2021-01-14T23:59:59+01:00,1,1,97,89,275,464,391,785,505,1417,700,1215,418,529,501,960,403,1607,0,0,0,0,0,0,0,0,0,0,0,0,0,0,0,0,10358,0,0,0,0,0,0,0,0
2021-01-13T23:59:59+01:00,1,1,67,49,163,282,255,520,353,924,478,781,258,324,311,635,258,1030,0,0,0,0,0,0,0,0,0,0,0,0,0,0,0,0,6690,0,0,0,0,0,0,0,0
2021-01-12T23:59:59+01:00,1,1,31,21,49,101,113,212,151,383,200,334,135,175,162,352,146,566,0,0,0,0,0,0,0,0,0,0,0,0,0,0,0,0,3133,0,0,0,0,0,0,0,0
2021-01-11T23:59:59+01:00,1,0,18,11,33,64,60,110,77,168,92,125,39,65,60,122,50,181,0,0,0,0,0,0,0,0,0,0,0,0,0,0,0,0,1276,0,0,0,0,0,0,0,0
2021-01-10T23:59:59+01:00,1,0,15,7,27,53,53,98,67,153,76,111,33,55,50,112,46,172,0,0,0,0,0,0,0,0,0,0,0,0,0,0,0,0,1129,0,0,0,0,0,0,0,0
2021-01-09T23:59:59+01:00,1,0,14,7,26,51,52,97,64,152,76,109,33,55,50,112,46,172,0,0,0,0,0,0,0,0,0,0,0,0,0,0,0,0,1117,0,0,0,0,0,0,0,0
2021-01-08T23:59:59+01:00,1,0,11,7,24,48,47,92,60,139,70,105,31,50,49,112,46,172,0,0,0,0,0,0,0,0,0,0,0,0,0,0,0,0,1064,0,0,0,0,0,0,0,0
2021-01-07T23:59:59+01:00,1,0,7,4,9,18,21,40,23,56,38,65,19,33,36,75,36,116,0,0,0,0,0,0,0,0,0,0,0,0,0,0,0,0,597,0,0,0,0,0,0,0,0
2021-01-06T23:59:59+01:00,1,0,7,4,9,15,14,30,15,39,25,53,15,25,30,67,34,101,0,0,0,0,0,0,0,0,0,0,0,0,0,0,0,0,484,0,0,0,0,0,0,0,0
2021-01-05T23:59:59+01:00,1,0,7,4,9,15,14,30,15,39,25,53,15,25,29,67,34,101,0,0,0,0,0,0,0,0,0,0,0,0,0,0,0,0,483,0,0,0,0,0,0,0,0
2021-01-04T23:59:59+01:00,1,0,2,4,8,5,4,14,4,7,6,16,6,5,6,16,4,13,0,0,0,0,0,0,0,0,0,0,0,0,0,0,0,0,121,0,0,0,0,0,0,0,0
2021-01-03T23:59:59+01:00,1,0,1,1,3,2,2,7,3,3,3,9,4,4,3,8,3,8,0,0,0,0,0,0,0,0,0,0,0,0,0,0,0,0,65,0,0,0,0,0,0,0,0
2021-01-02T23:59:59+01:00,1,0,1,1,3,2,2,7,3,3,3,9,4,4,3,8,3,8,0,0,0,0,0,0,0,0,0,0,0,0,0,0,0,0,65,0,0,0,0,0,0,0,0
2021-01-01T23:59:59+01:00,1,0,1,1,3,2,2,7,2,3,3,9,4,4,3,8,3,8,0,0,0,0,0,0,0,0,0,0,0,0,0,0,0,0,64,0,0,0,0,0,0,0,0
2020-12-31T23:59:59+01:00,1,0,1,1,3,1,2,7,2,2,3,8,4,4,3,8,3,8,0,0,0,0,0,0,0,0,0,0,0,0,0,0,0,0,61,0,0,0,0,0,0,0,0
2020-12-30T23:59:59+01:00,1,0,1,1,3,1,2,7,2,2,3,6,4,4,3,8,3,8,0,0,0,0,0,0,0,0,0,0,0,0,0,0,0,0,59,0,0,0,0,0,0,0,0
2020-12-29T23:59:59+01:00,1,0,1,1,2,1,2,6,2,2,3,6,2,2,2,8,2,7,0,0,0,0,0,0,0,0,0,0,0,0,0,0,0,0,50,0,0,0,0,0,0,0,0
2020-12-28T23:59:59+01:00,1,0,0,0,2,1,0,2,1,0,1,3,0,1,0,1,1,4,0,0,0,0,0,0,0,0,0,0,0,0,0,0,0,0,18,0,0,0,0,0,0,0,0
2020-12-27T23:59:59+01:00,0,0,0,0,0,0,0,1,1,0,1,2,0,1,0,1,1,4,0,0,0,0,0,0,0,0,0,0,0,0,0,0,0,0,12,0,0,0,0,0,0,0,0
