Datum,<24_1_m,<24_1_w,25-34_1_m,25-34_1_w,35-44_1_m,35-44_1_w,45-54_1_m,45-54_1_w,55-64_1_m,55-64_1_w,65-74_1_m,65-74_1_w,75-84_1_m,75-84_1_w,>84_1_m,>84_1_w,<24_2_m,<24_2_w,25-34_2_m,25-34_2_w,35-44_2_m,35-44_2_w,45-54_2_m,45-54_2_w,55-64_2_m,55-64_2_w,65-74_2_m,65-74_2_w,75-84_2_m,75-84_2_w,>84_2_m,>84_2_w,bp_1,bp_2,mo_1,mo_2,az_1,az_2,ja
2021-07-06T23:59:59+02:00,28574,27230,43138,36984,49157,46170,63256,62515,79832,78866,57207,61215,37974,48875,11861,21165,8672,8184,17242,16197,21742,22812,47610,48543,67622,68299,52417,56004,35818,45991,11310,20120,553734,396394,78332,47993,109052,91295,12901
2021-07-05T23:59:59+02:00,27390,25973,42151,36055,48185,45190,62655,61989,79434,78493,57046,61036,37926,48803,11852,21143,8421,7964,16762,15894,21197,22438,47317,48333,67431,68158,52368,55933,35795,45972,11307,20115,545179,393908,78324,47685,109051,91045,12767
2021-07-04T23:59:59+02:00,27003,25580,41847,35799,47936,45007,62511,61855,79320,78402,57011,60997,37916,48785,11849,21140,8159,7810,16498,15702,20920,22244,47192,48235,67354,68085,52344,55908,35780,45967,11305,20114,542883,392902,78298,47025,109048,90961,12729
2021-07-03T23:59:59+02:00,26997,25570,41833,35792,47933,45007,62508,61854,79319,78401,57010,60997,37916,48785,11849,21140,8154,7804,16485,15692,20912,22237,47188,48234,67350,68084,52343,55908,35780,45967,11305,20114,542855,392869,78296,47025,109048,90951,12712
2021-07-02T23:59:59+02:00,26613,25160,41514,35512,47679,44755,62366,61711,79246,78331,56993,60975,37909,48773,11845,21135,7976,7650,16121,15428,20475,21932,46221,47460,66860,67736,52261,55818,35765,45949,11304,20111,540483,390402,78295,47022,109044,88948,12695
2021-07-01T23:59:59+02:00,26183,24752,41133,35165,47284,44409,62119,61483,79059,78162,56931,60915,37878,48732,11839,21125,7581,7319,15312,14653,19316,20912,44687,45995,65655,66669,51960,55520,35668,45831,11280,20084,537348,384622,78195,46208,109035,85021,12591
2021-06-30T23:59:59+02:00,25689,24239,40706,34793,46878,44036,61892,61282,78892,78014,56852,60838,37851,48683,11831,21105,7204,6969,14382,13859,17904,19720,41502,43284,63967,65235,51499,55024,35522,45639,11254,20035,533921,372664,78164,45576,109033,82296,12463
2021-06-29T23:59:59+02:00,25103,23608,40214,34378,46474,43624,61635,61004,78685,77836,56777,60774,37823,48640,11825,21086,6924,6665,13745,13368,16783,18811,37204,39612,62626,63988,51015,54526,35390,45461,11223,19992,529882,357450,78155,45368,109033,82099,12416
2021-06-28T23:59:59+02:00,24737,23185,39760,33996,46057,43255,61397,60751,78498,77682,56706,60706,37794,48611,11823,21071,6615,6343,13091,12872,15782,17982,33565,36572,61507,62958,50662,54134,35296,45313,11199,19954,528145,348800,76470,40715,109033,81949,12381
2021-06-27T23:59:59+02:00,24630,23082,39688,33933,45999,43196,61367,60714,78465,77653,56690,60695,37788,48604,11822,21066,6524,6268,12858,12734,15360,17747,32735,35928,61253,62759,50572,54065,35278,45290,11197,19950,527539,345909,76466,40455,109027,81794,12360
2021-06-26T23:59:59+02:00,24623,23077,39682,33930,45998,43195,61366,60713,78465,77653,56690,60695,37788,48604,11822,21066,6521,6261,12852,12721,15354,17740,32731,35927,61246,62757,50570,54059,35278,45290,11197,19949,527514,345845,76466,40455,109027,81793,12360
2021-06-25T23:59:59+02:00,24486,22939,39597,33844,45916,43124,61322,60666,78417,77631,56679,60681,37785,48601,11821,21064,6424,6150,12744,12592,15218,17581,32018,35274,60862,62438,50492,53976,35270,45269,11194,19948,526724,342870,76466,40443,109024,81778,12359
2021-06-24T23:59:59+02:00,24032,22459,39246,33538,45566,42821,61122,60470,78257,77496,56625,60625,37763,48571,11817,21055,6088,5853,12185,12132,14515,16901,28729,32562,58589,60598,49920,53387,35137,45065,11176,19900,523783,329130,76416,40178,109022,81187,12242
2021-06-23T23:59:59+02:00,23305,21729,38687,32960,44927,42124,60760,60086,78013,77248,56524,60495,37719,48520,11807,21036,5933,5663,11816,11790,14015,16381,25375,29811,56955,59083,49401,52857,35020,44891,11155,19857,518328,319768,76361,37251,109020,80753,12231
2021-06-22T23:59:59+02:00,22827,21232,38291,32549,44500,41664,60491,59804,77811,77013,56430,60388,37682,48448,11794,21014,5741,5528,11500,11531,13597,16010,21061,26295,54890,57394,48808,52257,34843,44679,11135,19813,514576,305478,76235,37199,109015,80293,12112
2021-06-21T23:59:59+02:00,22542,20957,38045,32323,44260,41390,60305,59595,77680,76876,56378,60307,37659,48409,11785,20999,5611,5420,11193,11336,13262,15756,19518,25068,53974,56629,46594,49812,34245,43960,11112,19754,512564,300189,76032,37129,109001,74013,11913
2021-06-20T23:59:59+02:00,22225,20646,37752,32055,43975,41137,60157,59429,77546,76731,56331,60268,37639,48393,11782,20992,5558,5376,11063,11250,13108,15631,19129,24747,53710,56450,45032,47928,33719,43367,11092,19737,510207,299570,75955,36385,108990,69036,11906
2021-06-19T23:59:59+02:00,22218,20634,37737,32051,43972,41133,60151,59426,77544,76728,56328,60268,37639,48392,11782,20992,5552,5367,11059,11247,13099,15625,19122,24739,53696,56438,45023,47918,33718,43367,11092,19737,510149,299487,75950,36382,108990,69024,11906
2021-06-18T23:59:59+02:00,22107,20512,37670,31996,43897,41048,60096,59382,77502,76686,56306,60247,37634,48379,11781,20991,5457,5203,10764,10712,12728,15046,18584,23727,52847,55147,44819,47756,33690,43320,11086,19725,509400,297927,75944,36381,108985,64398,11905
2021-06-17T23:59:59+02:00,21308,19710,36919,31363,43107,40294,59690,59015,77209,76430,56188,60120,37585,48310,11768,20966,5266,4992,10384,10167,12213,14279,17665,22377,51296,53229,43691,46432,33384,42932,11039,19643,503431,290754,75851,36254,108979,60260,11721
2021-06-16T23:59:59+02:00,20411,18685,35931,30435,42104,39328,59153,58535,76819,76119,56048,59968,37529,48223,11758,20943,5081,4839,9879,9848,11486,13789,16127,21090,47454,49704,41950,44435,32923,42366,10976,19516,496113,274699,75311,36056,108965,59108,11600
2021-06-15T23:59:59+02:00,19488,17729,35024,29586,41182,38451,58718,58099,76489,75798,55909,59804,37474,48155,11743,20910,4877,4715,9366,9595,10788,13323,14625,19907,43214,45647,40407,42595,32446,41747,10909,19388,488950,257629,75196,36022,108958,58443,11455
2021-06-14T23:59:59+02:00,18268,16407,33775,28318,39728,37046,58136,57542,76100,75458,55782,59666,37429,48084,11734,20895,4752,4622,9026,9390,10316,13009,13459,18904,40589,43108,39337,41454,32156,41346,10877,19303,479250,246517,74759,35999,108953,57726,11406
2021-06-13T23:59:59+02:00,17727,15965,33295,27911,39239,36665,57922,57360,75954,75356,55755,59627,37407,48062,11731,20886,4667,4574,8882,9318,10154,12941,12855,18450,40122,42716,39103,41232,32096,41261,10871,19289,476179,245562,74458,34576,108946,57114,11279
2021-06-12T23:59:59+02:00,17725,15947,33283,27902,39232,36660,57918,57358,75950,75354,55754,59625,37406,48062,11731,20886,4660,4569,8872,9313,10144,12935,12844,18437,39940,42570,39080,41217,32092,41259,10871,19288,476115,245134,74454,34576,108946,57103,11278
2021-06-11T23:59:59+02:00,17639,15890,33136,27834,39059,36607,57798,57321,75880,75330,55742,59620,37404,48060,11731,20885,4578,4375,8712,8755,9950,12217,12610,17368,39453,41280,38926,41086,32074,41225,10869,19287,475782,244647,74043,34574,108840,52273,11271
2021-06-10T23:59:59+02:00,16787,15154,31723,26925,37817,35700,57118,56864,75473,75063,55653,59529,37365,48017,11720,20867,4323,4182,8160,8267,9269,11465,11879,16311,36619,38262,38128,40291,31908,41044,10853,19257,471915,237639,71086,34445,108560,47920,10214
2021-06-09T23:59:59+02:00,15984,14425,30448,26028,36601,34821,56549,56479,75134,74836,55572,59424,37338,47973,11707,20847,4142,4029,7802,8081,8809,11248,11268,15939,31581,33448,36641,38774,31665,40776,10832,19207,467280,223857,68652,34322,108519,46348,9715
2021-06-08T23:59:59+02:00,15039,13544,29075,24943,35238,33813,55937,56079,74843,74628,55499,59352,37316,47943,11703,20837,4062,3966,7652,7969,8657,11136,10979,15736,28787,30658,35692,37847,31505,40581,10808,19174,462726,216449,65222,34266,108479,45132,9362
2021-06-07T23:59:59+02:00,14403,12943,27717,24137,34089,33037,55464,55825,74603,74524,55465,59315,37300,47933,11703,20833,3970,3893,7458,7847,8357,11005,10613,15493,24482,26302,34237,36326,31283,40314,10780,19145,459611,204740,62225,34203,108445,43552,9010
2021-06-06T23:59:59+02:00,14080,12750,26934,23719,33442,32621,55158,55663,74450,74459,55446,59292,37286,47924,11701,20832,3904,3857,7310,7802,8202,10924,10302,15293,21691,23460,33243,35261,31145,40162,10773,19130,458482,201971,60180,29042,108422,42773,8673
2021-06-05T23:59:59+02:00,14051,12721,26892,23678,33415,32603,55153,55654,74446,74454,55442,59287,37281,47922,11701,20832,3884,3844,7275,7780,8155,10907,10241,15252,20272,21915,32452,34388,31075,40080,10769,19123,458370,197024,60075,29039,108414,42676,8673
2021-06-04T23:59:59+02:00,13817,12458,26582,23366,33078,32292,55095,55573,74407,74434,55433,59282,37280,47920,11701,20831,3853,3816,7198,7702,8098,10831,10162,15132,20165,21797,32379,34334,31044,40043,10766,19120,456481,196945,60013,29027,108382,41795,8673
2021-06-03T23:59:59+02:00,13234,11970,25549,22683,31948,31548,54609,55242,74093,74240,55365,59205,37246,47890,11695,20815,3725,3725,6927,7534,7818,10659,9837,14897,18296,19945,30415,32047,30771,39712,10743,19071,452183,188413,58515,29008,108368,40435,8266
2021-06-02T23:59:59+02:00,12538,11205,24560,21789,30817,30597,54347,54980,73902,74101,55314,59127,37230,47869,11687,20808,3691,3705,6871,7480,7762,10612,9753,14806,17776,19400,28489,29886,30672,39568,10736,19060,445911,182903,58338,29007,108366,40101,8256
2021-06-01T23:59:59+02:00,11398,10309,22434,20362,28292,28712,52941,53919,72900,73328,55014,58809,37111,47698,11653,20749,3464,3533,6376,7176,7161,10198,8904,14207,15854,17601,24732,25678,29993,38692,10660,18908,436459,169050,53888,28871,108328,38262,6954
2021-05-31T23:59:59+02:00,10535,9642,20597,19193,26252,27209,51838,53073,72200,72781,54798,58553,37038,47598,11639,20713,3325,3385,6043,6933,6763,9901,8368,13855,14797,16629,23546,24317,29607,38207,10600,18814,429692,163340,49531,28837,108310,36787,6126
2021-05-30T23:59:59+02:00,10182,9293,19873,18697,25554,26631,51505,52794,71973,72589,54724,58477,37014,47571,11631,20705,3143,3195,5691,6666,6474,9659,8151,13653,14536,16358,23253,24003,29497,38100,10585,18786,427138,162515,49127,28779,108280,35788,4668
2021-05-29T23:59:59+02:00,10166,9281,19856,18670,25536,26606,51494,52790,71968,72579,54722,58472,37013,47571,11630,20705,3141,3187,5688,6662,6469,9657,8143,13645,14526,16354,23242,23995,29493,38095,10584,18785,426984,162446,49127,28777,108280,35775,4668
2021-05-28T23:59:59+02:00,10101,9185,19720,18502,25275,26378,51337,52613,71822,72449,54685,58421,37000,47552,11627,20692,3097,3110,5598,6524,6370,9462,8033,13376,14334,16078,23092,23843,29440,38032,10577,18777,425339,162067,49090,28776,108263,34233,4667
2021-05-27T23:59:59+02:00,8842,7982,17321,16689,22502,24235,50249,51801,71155,71964,54488,58205,36910,47458,11615,20663,2800,2777,4760,5901,5480,8686,7245,12395,13215,14892,22118,22824,29064,37591,10522,18690,413449,158281,48137,28512,108129,29803,2364
2021-05-26T23:59:59+02:00,8442,7566,16443,15889,21319,23224,49649,51255,70741,71582,54339,58044,36844,47384,11604,20633,2615,2603,4393,5572,5007,8181,6770,11751,12250,13917,21223,21797,28753,37149,10476,18605,407875,154452,47409,28426,108059,26569,1615
2021-05-25T23:59:59+02:00,7870,6969,15207,15007,19875,22055,49172,50856,70495,71400,54272,57962,36822,47359,11600,20624,2540,2500,4206,5442,4764,7954,6496,11446,11696,13389,19102,19659,28385,36619,10441,18556,401140,148861,47168,28413,108015,24699,1222
2021-05-24T23:59:59+02:00,7784,6867,14983,14884,19587,21878,49071,50737,70452,71361,54271,57956,36821,47358,11598,20621,2496,2439,4122,5277,4670,7711,6372,11163,11557,13149,18989,19549,28335,36573,10434,18545,400001,148715,47091,28371,107929,23087,1208
2021-05-23T23:59:59+02:00,7767,6854,14948,14869,19533,21851,49062,50735,70448,71355,54270,57954,36821,47357,11598,20621,2494,2435,4115,5272,4661,7707,6368,11151,11536,13127,18852,19358,28304,36534,10432,18543,399821,148240,47091,28369,107929,23078,1202
2021-05-22T23:59:59+02:00,7764,6846,14938,14857,19524,21845,49062,50733,70445,71355,54270,57953,36821,47357,11598,20621,2491,2428,4108,5266,4659,7707,6365,11148,11527,13124,18840,19352,28303,36534,10432,18543,399769,148204,47091,28369,107929,23054,1200
2021-05-21T23:59:59+02:00,7690,6749,14809,14725,19320,21686,48823,50499,70303,71249,54243,57927,36814,47350,11593,20615,2420,2345,4023,5126,4556,7494,6244,10851,11362,12838,18780,19295,28288,36510,10430,18542,398205,147987,47089,28369,107904,21551,1197
2021-05-20T23:59:59+02:00,7415,6456,14232,14200,18385,20812,46143,48152,69153,70280,53892,57567,36706,47211,11561,20586,2159,2182,3663,4762,4118,6946,5694,10021,10278,11747,17514,18019,27783,35913,10357,18393,387242,142776,46927,28077,107600,17714,982
2021-05-19T23:59:59+02:00,7176,6232,13569,13718,17118,19813,42169,44667,67669,68978,53440,57044,36544,46986,11525,20534,2083,1983,3499,4422,3874,6424,5255,9343,9295,10636,16038,16385,27091,35001,10233,18184,372489,135644,46359,27933,107371,15206,963
2021-05-18T23:59:59+02:00,6979,6053,13030,13291,16024,18956,37451,40651,66218,67661,52886,56503,36397,46765,11483,20477,2037,1854,3361,4235,3689,6110,4923,8864,8433,9766,14463,14656,26383,34151,10142,18009,356413,129032,46299,27371,107215,13775,898
2021-05-17T23:59:59+02:00,6845,5957,12707,13044,15533,18565,35274,38789,65381,66880,52615,56191,36318,46657,11468,20440,1968,1795,3173,4056,3471,5882,4602,8495,7657,9067,11212,10652,25474,33003,10059,17838,352695,123832,42036,21302,107138,12475,795
2021-05-16T23:59:59+02:00,6783,5874,12584,12890,15360,18396,34785,38320,65196,66711,52560,56132,36308,46632,11463,20435,1911,1698,3072,3932,3392,5780,4497,8351,7477,8881,9029,8067,24993,32322,10025,17781,351225,122701,41532,15974,107104,11965,568
2021-05-15T23:59:59+02:00,6778,5865,12578,12884,15356,18392,34780,38318,65194,66709,52560,56131,36308,46632,11463,20435,1910,1697,3069,3926,3388,5777,4492,8348,7475,8878,9027,8065,24992,32322,10025,17781,351184,122671,41532,15974,107102,11962,565
2021-05-14T23:59:59+02:00,6582,5769,12335,12822,15128,18303,33807,37535,64661,66303,52465,56044,36291,46599,11461,20430,1796,1610,2958,3856,3331,5669,4442,8202,7429,8752,9021,8060,24991,32322,10025,17780,347836,122617,41501,15970,106644,11103,554
2021-05-13T23:59:59+02:00,6332,5582,11928,12572,14563,17856,30283,34748,62187,64230,51836,55370,36154,46379,11449,20382,1752,1572,2901,3780,3299,5577,4400,8098,7348,8633,8984,8002,24971,32281,10020,17776,333867,122373,41278,15947,106215,10583,491
2021-05-12T23:59:59+02:00,6316,5560,11856,12508,14455,17749,29651,34173,61681,63779,51664,55197,36118,46334,11442,20369,1752,1569,2900,3780,3296,5577,4398,8096,7346,8627,8977,7999,24971,32279,10020,17775,330883,122352,41268,15937,106210,10582,491
2021-05-11T23:59:59+02:00,5992,5426,11413,12232,13915,17366,25394,30690,59308,61778,51010,54522,35931,46088,11420,20306,1710,1452,2796,3520,3176,5201,4259,7651,7193,8302,8893,7918,24942,32239,10016,17764,315980,122112,41214,15747,105229,8805,368
2021-05-10T23:59:59+02:00,5865,5353,11251,12117,13697,17198,21936,27936,58066,60666,50648,54172,35839,45966,11405,20275,1674,1357,2712,3290,3075,4870,4151,7161,7072,7865,8852,7859,24930,32218,10014,17760,306093,121971,41053,15599,104939,6985,305
2021-05-09T23:59:59+02:00,5787,5321,11167,12054,13597,17117,20336,26757,57601,60283,50546,54074,35813,45925,11398,20270,1657,1337,2654,3165,3024,4729,4106,7041,7011,7766,8840,7845,24923,32212,10013,17760,305527,121909,37488,15555,104739,6327,292
2021-05-08T23:59:59+02:00,5783,5318,11156,12050,13588,17108,20329,26751,57592,60278,50543,54066,35809,45922,11396,20267,1656,1337,2654,3163,3024,4729,4103,7038,7010,7765,8839,7845,24922,32210,10013,17760,305438,121894,37487,15555,104739,6327,292
2021-05-07T23:59:59+02:00,5743,5283,11092,12001,13482,17032,19873,26393,56596,59469,50415,53935,35781,45892,11393,20253,1552,1293,2575,3119,2984,4701,4069,7014,6988,7733,8833,7837,24920,32209,10013,17759,302280,121862,37471,15549,104595,5901,287
2021-05-06T23:59:59+02:00,5489,5171,10582,11695,12782,16580,18588,25409,52350,55828,49228,52561,35451,45494,11340,20151,1327,1161,2339,2946,2814,4535,3916,6813,6835,7577,8752,7758,24898,32172,10010,17751,287209,121570,37284,15411,104048,4465,158
2021-05-05T23:59:59+02:00,5228,5072,10088,11461,12028,16131,17258,24433,47981,51691,47559,50640,35013,44924,11265,20028,1283,1066,2277,2818,2731,4355,3823,6575,6726,7378,8640,7665,24839,32098,10004,17735,270039,121097,37057,15368,103660,3504,44
2021-05-04T23:59:59+02:00,5145,4988,9774,11250,11579,15742,16282,23565,46110,49663,46492,49331,34640,44436,11197,19918,1271,1047,2249,2777,2691,4269,3771,6468,6654,7302,8598,7626,24818,32082,10003,17730,259676,120880,37034,15307,103381,3148,21
2021-05-03T23:59:59+02:00,5041,4902,9427,11083,11117,15481,15221,22701,44535,48044,45611,48379,34418,44095,11169,19827,1256,1023,2218,2747,2649,4205,3723,6414,6580,7249,8029,6938,23083,29763,9865,17494,250659,115089,37024,15225,103355,2909,13
2021-05-02T23:59:59+02:00,4979,4882,9312,11047,10973,15420,14609,22212,44017,47635,45470,48213,34369,44033,11162,19816,1252,1018,2201,2745,2636,4197,3695,6402,6560,7236,7839,6696,21125,27364,9819,17406,249450,115071,35391,10244,103300,2868,8
2021-05-01T23:59:59+02:00,4979,4880,9307,11042,10970,15418,14605,22208,44015,47631,45469,48213,34369,44033,11162,19816,1251,1018,2201,2745,2636,4197,3694,6402,6558,7236,7839,6695,21125,27364,9819,17406,249419,115067,35391,10244,103299,2867,8
2021-04-30T23:59:59+02:00,4932,4858,9240,11027,10915,15393,14530,22182,42532,46219,45133,47881,34332,43981,11157,19806,1042,924,2003,2656,2537,4136,3610,6342,6496,7178,7832,6678,21124,27362,9819,17406,245432,115059,35391,10242,103287,1836,8
2021-04-29T23:59:59+02:00,4689,4775,8772,10877,10310,15223,13845,21976,37611,41909,44122,46855,34211,43863,11153,19775,863,847,1831,2578,2451,4070,3501,6272,6424,7128,7810,6659,21119,27356,9819,17406,231719,115019,35289,10140,102950,967,8
2021-04-28T23:59:59+02:00,4514,4740,8522,10793,9960,15134,13489,21822,32974,37412,42876,45604,34085,43716,11138,19757,821,818,1795,2532,2418,3994,3465,6163,6375,7036,7791,6641,21107,27343,9815,17399,218517,114936,35272,10092,102739,477,8
2021-04-27T23:59:59+02:00,4284,4525,8180,10345,9578,14554,13023,21180,31848,36284,42596,45321,34069,43688,11134,19754,795,804,1761,2509,2400,3976,3448,6144,6341,7010,7779,6632,21102,27338,9812,17393,215795,114879,35262,10063,99298,294,8
2021-04-26T23:59:59+02:00,4263,4497,8105,10309,9472,14498,12876,21122,27438,31905,41379,44101,33990,43588,11121,19744,762,794,1731,2490,2370,3955,3424,6124,6289,6965,7732,6583,21072,27308,9812,17386,203929,114679,35253,10019,99218,91,8
2021-04-25T23:59:59+02:00,4240,4484,8072,10282,9409,14468,12784,21076,25470,29865,40679,43342,33944,43530,11117,19739,750,787,1719,2476,2354,3941,3398,6103,6256,6935,7710,6563,21055,27287,9811,17382,203265,114655,30146,9776,99083,89,7
2021-04-24T23:59:59+02:00,4222,4473,8042,10253,9369,14452,12734,21054,23968,28205,39922,42505,33879,43454,11114,19733,749,786,1716,2474,2353,3938,3398,6099,6256,6932,7708,6561,21054,27287,9811,17382,198212,114635,30146,9775,99014,87,7
2021-04-23T23:59:59+02:00,3956,4321,7575,9956,8939,14096,12174,20652,23490,27907,39838,42444,33858,43420,11108,19726,735,776,1699,2461,2333,3922,3375,6077,6234,6913,7694,6543,21049,27276,9811,17381,197868,114620,30131,9577,95454,75,7
2021-04-22T23:59:59+02:00,3863,4264,7385,9840,8661,13903,11731,20324,21168,25552,37082,39204,33330,42749,11037,19605,722,767,1671,2432,2275,3865,3302,6006,6123,6817,7615,6457,20994,27232,9808,17366,184856,114499,29942,8874,94893,72,7
2021-04-21T23:59:59+02:00,3835,4233,7258,9762,8481,13732,11398,20035,19908,24351,33872,35498,32844,42046,10974,19477,698,749,1637,2404,2231,3841,3269,5973,6082,6778,7587,6430,20975,27208,9804,17362,173109,114392,29770,8561,94818,68,7
2021-04-20T23:59:59+02:00,3801,4207,7154,9693,8270,13577,11033,19737,18814,23204,30562,31863,32366,41447,10915,19365,691,739,1622,2392,2198,3819,3228,5927,6041,6735,7546,6384,20950,27184,9798,17359,161492,114234,29748,8306,94761,66,7
2021-04-19T23:59:59+02:00,3782,4190,7080,9656,8152,13468,10778,19551,18149,22542,29688,30735,32075,41080,10873,19290,683,734,1600,2378,2173,3789,3193,5894,6007,6704,7501,6351,20919,27156,9796,17355,156656,114101,29731,8061,94695,64,7
2021-04-18T23:59:59+02:00,3779,4184,7064,9642,8137,13449,10743,19527,18061,22460,29566,30610,32047,41058,10870,19282,681,730,1585,2366,2156,3774,3169,5868,5978,6681,7479,6338,20900,27134,9793,17352,156164,114042,29663,7872,94645,63,7
2021-04-17T23:59:59+02:00,3778,4182,7062,9640,8134,13449,10737,19520,18048,22450,29544,30597,32045,41056,10870,19282,680,730,1584,2365,2155,3773,3166,5867,5976,6679,7479,6338,20900,27134,9793,17352,156086,114029,29662,7872,94639,63,7
2021-04-16T23:59:59+02:00,3611,4144,6719,9510,7769,13262,10340,19274,17599,22176,29345,30438,31963,40967,10855,19263,668,714,1572,2350,2128,3758,3112,5831,5933,6629,7386,6249,20487,26569,9763,17291,155338,112705,29654,7668,92236,60,7
2021-04-15T23:59:59+02:00,3510,4065,6368,9140,7194,12762,9564,18439,16273,20946,28147,29146,31441,40326,10776,19087,638,691,1519,2311,2046,3671,3005,5711,5604,6392,6890,5864,19760,25662,9665,17123,149593,109360,29359,7130,88225,55,7
2021-04-14T23:59:59+02:00,3454,4015,6133,8902,6863,12385,8943,17888,15162,19916,26734,27648,30809,39448,10668,18892,603,666,1472,2274,1972,3593,2863,5587,5296,6154,6343,5350,18748,24379,9579,16945,142795,105091,29159,6677,85899,49,7
2021-04-13T23:59:59+02:00,3423,3984,6041,8826,6714,12258,8641,17643,14361,19223,23388,24097,29877,38267,10563,18717,598,657,1459,2252,1945,3560,2767,5516,5079,5971,5982,5014,18448,24034,9539,16880,131175,102999,29149,6647,85692,48,7
2021-04-12T23:59:59+02:00,3401,3964,5990,8771,6627,12175,8423,17448,13746,18695,22385,22947,29455,37708,10494,18592,589,649,1449,2244,1922,3539,2711,5465,4930,5867,5666,4734,18153,23731,9501,16820,126099,101414,29133,6501,85582,48,7
2021-04-11T23:59:59+02:00,3395,3957,5972,8747,6599,12158,8383,17425,13657,18634,22256,22800,29403,37643,10484,18566,586,644,1436,2234,1909,3531,2694,5449,4893,5830,5607,4676,17980,23497,9480,16790,125556,100752,29067,6429,85449,48,7
2021-04-10T23:59:59+02:00,3387,3956,5949,8747,6577,12157,8363,17424,13633,18632,22251,22797,29399,37642,10484,18566,585,642,1429,2229,1904,3528,2688,5441,4877,5820,5594,4659,17819,23246,9466,16766,125534,100243,28978,6395,85445,48,7
2021-04-09T23:59:59+02:00,3348,3944,5901,8735,6520,12141,8327,17397,13582,18587,20299,20394,28917,37026,10454,18517,571,629,1404,2207,1878,3505,2646,5405,4804,5758,5479,4558,17242,22514,9428,16695,124846,98480,23872,6196,85364,40,7
2021-04-08T23:59:59+02:00,3324,3926,5832,8703,6446,12102,8238,17334,13436,18469,17711,17335,28394,36361,10416,18467,529,599,1317,2126,1784,3409,2468,5220,4310,5393,4678,3951,15463,20290,9241,16390,123983,91510,18019,5623,84486,29,6
2021-04-07T23:59:59+02:00,3244,3898,5622,8653,6239,12043,8030,17259,13175,18374,15053,14277,27716,35565,10386,18414,506,571,1265,2070,1690,3329,2316,5080,3901,5060,3959,3387,14612,19426,9129,16206,123776,87200,16486,5277,77681,25,5
2021-04-06T23:59:59+02:00,3216,3888,5576,8635,6170,12020,7943,17221,13101,18303,13073,11921,27083,34851,10373,18384,475,549,1197,2015,1605,3247,2154,4963,3530,4784,3435,2979,13772,18428,9053,16091,123649,83575,16284,4676,71820,21,5
2021-04-05T23:59:59+02:00,3214,3885,5540,8622,6133,12008,7898,17206,13029,18267,13027,11875,27072,34835,10372,18381,443,519,1145,1978,1553,3206,2086,4909,3442,4708,3379,2929,13629,18257,9044,16073,123627,83086,16076,4189,71657,21,4
2021-04-04T23:59:59+02:00,3213,3884,5540,8621,6132,12008,7897,17203,13029,18267,13024,11875,27071,34835,10372,18381,442,518,1144,1978,1553,3206,2086,4909,3442,4708,3379,2929,13628,18257,9044,16073,123620,83082,16076,4189,71652,21,4
2021-04-03T23:59:59+02:00,3212,3884,5540,8620,6132,12008,7897,17203,13029,18267,13023,11874,27070,34832,10372,18381,442,517,1144,1978,1552,3206,2086,4908,3436,4705,3374,2918,13541,18121,9035,16057,123614,82806,16076,4189,71650,21,4
2021-04-02T23:59:59+02:00,3212,3881,5537,8615,6128,11999,7888,17191,13004,18236,12977,11823,27043,34814,10369,18377,439,510,1142,1974,1541,3198,2076,4886,3406,4672,3343,2889,12614,16876,8969,15949,123451,80351,16073,4108,71566,21,4
2021-04-01T23:59:59+02:00,3197,3867,5499,8595,6062,11966,7817,17156,12890,18166,12860,11698,26984,34738,10360,18362,392,467,1045,1907,1442,3111,1926,4774,3210,4539,3115,2692,10603,14293,8859,15773,123133,74803,15950,3321,71131,21,3
2021-03-31T23:59:59+02:00,3196,3853,5481,8561,6030,11930,7775,17111,12810,18097,12747,11573,26933,34678,10352,18353,353,446,1009,1865,1372,3071,1822,4671,2955,4342,2704,2378,8031,11070,8684,15535,122824,67306,15911,2979,70742,20,3
2021-03-30T23:59:59+02:00,3189,3843,5456,8533,5998,11899,7737,17071,12733,18031,12662,11435,26896,34631,10346,18343,332,427,987,1833,1313,3036,1700,4591,2709,4171,2336,2129,7145,9988,8620,15411,122694,64002,15882,2705,70225,19,2
2021-03-29T23:59:59+02:00,3178,3839,5427,8515,5962,11867,7695,17039,12661,17956,12022,10679,25033,32138,10198,18087,326,425,980,1818,1292,3012,1665,4551,2563,4084,2050,1978,6496,9278,8576,15333,116711,61706,15712,2702,69871,17,2
2021-03-28T23:59:59+02:00,3148,3823,5380,8477,5913,11826,7614,16984,12552,17889,11758,10378,23052,29678,10143,17988,325,423,978,1817,1285,3009,1661,4549,2551,4076,2025,1958,6474,9264,8574,15328,116652,61579,10540,2699,69409,17,2
2021-03-27T23:59:59+01:00,3137,3819,5341,8467,5877,11813,7567,16969,12506,17842,11724,10335,23048,29670,10143,17988,325,423,978,1817,1285,3009,1660,4547,2549,4074,2023,1956,6425,9189,8541,15279,116584,61362,10539,2699,69121,17,2
2021-03-26T23:59:59+01:00,3001,3494,4894,7311,5382,10495,6955,14923,11698,15577,11505,10154,22563,28944,10098,17917,324,419,973,1814,1280,3005,1657,4545,2544,4067,2015,1950,6295,9002,8396,15093,115036,60684,10285,2687,59588,6,2
2021-03-25T23:59:59+01:00,2874,3225,4734,6546,5155,9345,6631,13207,10968,13781,10650,9354,21846,28105,10022,17761,319,411,967,1804,1266,2986,1637,4510,2507,4018,1949,1891,6005,8574,8121,14645,112129,58919,9594,2684,52479,5,2
2021-03-24T23:59:59+01:00,2827,3183,4659,6487,5022,9239,6428,13037,10463,13376,9823,8534,20838,26852,9926,17579,317,406,959,1798,1249,2975,1622,4486,2461,3961,1880,1815,5642,8101,7707,13978,108122,56682,9247,2670,50904,5,0
2021-03-23T23:59:59+01:00,2798,3150,4591,6421,4914,9145,6216,12875,10007,12954,9114,7870,20328,26249,9873,17475,305,393,942,1789,1234,2955,1593,4464,2407,3912,1799,1749,5364,7723,7315,13359,105748,54630,8915,2669,49317,4,0
2021-03-22T23:59:59+01:00,2783,3114,4532,6383,4837,9077,6077,12738,9645,12680,8519,7317,19913,25816,9813,17380,301,389,930,1783,1220,2940,1580,4450,2380,3886,1774,1728,5227,7549,6872,12546,104269,52887,8655,2664,47700,4,0
2021-03-21T23:59:59+01:00,2776,3099,4487,6361,4786,9041,5986,12670,9457,12492,8216,7059,19746,25649,9801,17355,301,389,929,1783,1219,2940,1579,4449,2377,3886,1767,1722,5218,7544,6842,12489,104069,52783,8426,2647,46486,4,0
2021-03-20T23:59:59+01:00,2776,3094,4478,6356,4780,9038,5982,12663,9437,12478,8183,7028,19572,25373,9785,17329,301,389,929,1782,1218,2940,1578,4448,2373,3878,1755,1709,5205,7495,6665,12252,103512,52290,8414,2623,46426,4,0
2021-03-19T23:59:59+01:00,2741,3071,4404,6313,4671,8988,5842,12606,9170,12290,7879,6806,19088,24782,9753,17270,301,389,928,1781,1218,2937,1575,4447,2367,3873,1739,1701,5169,7452,6260,11634,102214,51164,8172,2603,45288,4,0
2021-03-18T23:59:59+01:00,2675,2998,4241,6177,4421,8782,5485,12297,8265,11621,6617,5797,17836,23420,9604,17040,298,385,923,1771,1204,2924,1537,4432,2300,3828,1661,1658,5096,7346,5529,10527,97319,48856,7629,2561,42328,2,0
2021-03-17T23:59:59+01:00,2637,2959,4161,6079,4284,8674,5230,12022,7592,11053,5630,4904,16489,21888,9439,16783,294,384,919,1762,1200,2916,1520,4410,2233,3802,1594,1613,5052,7282,4954,9648,91914,47076,7127,2505,40783,2,0
2021-03-16T23:59:59+01:00,2617,2931,4098,6013,4191,8577,5055,11867,7143,10665,4870,4290,15637,20909,9334,16610,290,382,916,1757,1197,2909,1512,4399,2211,3783,1564,1596,5015,7239,4448,8841,88282,45631,7091,2426,39434,2,0
2021-03-15T23:59:59+01:00,2614,2920,4082,5995,4160,8551,5005,11820,7025,10551,4725,4131,15319,20499,9302,16551,288,379,916,1751,1190,2902,1498,4390,2189,3760,1521,1579,4954,7165,3869,7980,87514,44046,6996,2284,38740,1,0
2021-03-14T23:59:59+01:00,2609,2910,4061,5976,4130,8533,4962,11787,6933,10462,4621,4021,15189,20331,9286,16514,286,378,916,1749,1184,2896,1493,4379,2178,3753,1511,1572,4946,7157,3863,7967,87209,43985,6978,2242,38138,1,0
2021-03-13T23:59:59+01:00,2606,2904,4057,5964,4122,8527,4954,11778,6913,10448,4599,3995,14873,19894,9266,16478,286,378,916,1749,1184,2896,1493,4379,2178,3753,1511,1572,4946,7156,3863,7967,86326,43984,6954,2242,38098,1,0
2021-03-12T23:59:59+01:00,2543,2828,3948,5795,4005,8307,4817,11479,6735,10178,4446,3857,13952,18636,9205,16376,286,377,914,1746,1184,2893,1491,4374,2177,3746,1503,1570,4938,7137,3861,7951,83863,43906,6892,2241,36352,1,0
2021-03-11T23:59:59+01:00,2417,2603,3726,5467,3750,7869,4492,10713,6107,9362,3928,3359,12363,16650,9106,16229,286,377,911,1743,1181,2879,1482,4362,2165,3718,1460,1541,4897,7102,3849,7924,79562,43756,6729,2120,31850,1,0
2021-03-10T23:59:59+01:00,2295,2470,3573,5235,3555,7547,4227,10226,5554,8794,3360,2918,10093,13933,8961,16002,283,373,907,1734,1174,2868,1477,4346,2141,3702,1431,1533,4865,7087,3840,7916,73263,43687,6559,1990,28921,0,0
2021-03-09T23:59:59+01:00,2268,2417,3508,5149,3442,7458,4057,10031,5160,8444,2886,2559,8584,11926,8861,15855,282,372,907,1728,1167,2859,1473,4338,2133,3691,1417,1528,4857,7082,3837,7914,68421,43646,6409,1939,27775,0,0
2021-03-08T23:59:59+01:00,2244,2347,3451,5084,3368,7373,3933,9919,4868,8252,2438,2296,6665,9528,8741,15680,282,369,906,1718,1161,2843,1467,4327,2129,3684,1406,1521,4840,7060,3830,7905,62735,43535,6074,1913,27378,0,0
2021-03-07T23:59:59+01:00,2181,2291,3355,4976,3272,7284,3836,9832,4733,8157,2387,2245,6643,9507,8741,15672,282,368,905,1718,1161,2843,1467,4327,2129,3684,1406,1521,4840,7060,3830,7905,62607,43533,5393,1913,27112,0,0
2021-03-06T23:59:59+01:00,2173,2278,3343,4967,3268,7279,3827,9823,4722,8154,2385,2243,6597,9437,8709,15623,282,368,904,1714,1160,2842,1467,4324,2125,3679,1405,1516,4834,7055,3828,7896,62398,43486,5333,1913,27097,0,0
2021-03-05T23:59:59+01:00,2043,2194,3120,4778,3030,6968,3550,9429,4394,7817,2298,2182,6390,9120,8514,15362,282,366,902,1711,1160,2841,1466,4318,2122,3673,1399,1514,4828,7048,3827,7890,61418,43434,4495,1913,25276,0,0
2021-03-04T23:59:59+01:00,1788,1974,2711,4345,2574,6329,2984,8525,3709,7003,2083,2023,6098,8754,8238,14905,280,365,901,1703,1158,2824,1465,4302,2113,3662,1388,1512,4816,7034,3820,7879,59777,43312,3220,1910,21046,0,0
2021-03-03T23:59:59+01:00,1719,1888,2603,4166,2444,6110,2849,8246,3528,6743,2000,1946,5760,8280,7882,14325,279,360,901,1693,1156,2801,1461,4278,2108,3647,1364,1501,4811,7028,3816,7871,57773,43165,3075,1910,19641,0,0
2021-03-02T23:59:59+01:00,1682,1807,2536,4049,2363,5961,2743,8065,3413,6592,1927,1878,5450,7843,7479,13653,277,355,898,1674,1153,2780,1458,4260,2107,3636,1339,1495,4801,7012,3810,7864,55676,43009,2834,1910,18931,0,0
2021-03-01T23:59:59+01:00,1671,1781,2497,3941,2315,5846,2706,7963,3360,6514,1887,1858,5310,7679,7006,12786,277,353,894,1668,1151,2768,1456,4247,2105,3621,1334,1490,4798,7010,3809,7858,53815,42929,2822,1910,18483,0,0
2021-02-28T23:59:59+01:00,1654,1744,2462,3871,2286,5791,2663,7883,3333,6468,1881,1854,5302,7674,6971,12727,277,353,893,1668,1151,2768,1456,4246,2105,3620,1334,1490,4798,7009,3809,7858,53694,42926,2820,1909,18050,0,0
2021-02-27T23:59:59+01:00,1652,1738,2458,3864,2282,5791,2662,7882,3331,6465,1875,1844,5293,7630,6800,12507,277,353,883,1663,1141,2761,1446,4237,2090,3611,1333,1487,4798,7008,3809,7858,53230,42922,2820,1833,18024,0,0
2021-02-26T23:59:59+01:00,1465,1582,2333,3621,2204,5386,2570,7380,3244,6007,1860,1818,5268,7597,6539,12116,276,351,876,1656,1133,2741,1440,4216,2080,3599,1326,1478,4790,6996,3805,7845,52482,42844,2799,1764,15709,0,0
2021-02-25T23:59:59+01:00,1248,1306,2113,3187,2031,4629,2374,6434,3003,5110,1771,1746,5216,7517,5967,11273,274,343,870,1596,1099,2646,1407,4106,2024,3525,1289,1457,4749,6954,3787,7793,50606,42381,2786,1538,11533,0,0
2021-02-24T23:59:59+01:00,1195,1096,2006,2918,1926,4290,2240,6028,2834,4840,1695,1691,5159,7428,5208,10097,272,337,832,1549,1049,2555,1347,3990,1935,3397,1249,1430,4734,6929,3777,7775,48275,42123,2774,1034,9602,0,0
2021-02-23T23:59:59+01:00,1180,1047,1972,2855,1900,4192,2214,5943,2801,4778,1687,1676,5124,7380,4573,9073,272,336,805,1521,1002,2503,1295,3912,1829,3324,1196,1405,4712,6904,3766,7741,46498,41927,2747,596,9150,0,0
2021-02-22T23:59:59+01:00,1172,1007,1922,2711,1856,4046,2159,5747,2747,4671,1677,1665,5090,7332,3967,8188,270,326,762,1482,948,2420,1207,3806,1689,3229,1106,1350,4670,6833,3739,7637,44890,41468,2726,6,8341,0,0
2021-02-21T23:59:59+01:00,1170,993,1891,2649,1830,3950,2132,5643,2727,4608,1669,1659,5087,7323,3967,8184,268,324,758,1476,940,2388,1205,3770,1676,3189,1097,1335,4654,6808,3716,7595,44838,41193,2715,6,7929,0,0
2021-02-20T23:59:59+01:00,1170,993,1891,2648,1829,3950,2132,5643,2725,4603,1660,1651,5083,7317,3965,8181,268,324,758,1475,939,2384,1204,3766,1675,3187,1097,1335,4602,6749,3670,7537,44824,40965,2690,5,7927,0,0
2021-02-19T23:59:59+01:00,1170,990,1888,2643,1828,3941,2131,5634,2722,4600,1641,1643,5070,7300,3962,8175,267,323,754,1466,931,2360,1197,3724,1648,3134,1069,1297,4413,6496,3493,7241,44744,39808,2671,5,7923,0,0
2021-02-18T23:59:59+01:00,1138,907,1849,2524,1789,3803,2078,5427,2661,4425,1626,1627,5054,7266,3957,8148,239,294,709,1343,882,2156,1112,3389,1533,2840,959,1108,3929,5723,3094,6383,44589,35688,2638,5,7052,0,0
2021-02-17T23:59:59+01:00,1089,777,1767,2290,1712,3504,1969,5068,2586,4176,1604,1618,5033,7252,3948,8144,234,291,699,1325,873,2134,1100,3354,1514,2819,952,1105,3549,5206,2801,5961,44548,33912,2581,5,5408,0,0
2021-02-16T23:59:59+01:00,1048,741,1709,2186,1646,3333,1898,4863,2508,4070,1568,1604,5006,7231,3939,8132,228,285,685,1291,852,2080,1069,3237,1476,2734,929,1082,3196,4661,2461,5472,44495,31734,2418,4,4569,0,0
2021-02-15T23:59:59+01:00,1041,725,1690,2110,1627,3233,1879,4754,2494,3992,1539,1590,4976,7214,3907,8076,216,275,670,1256,833,2030,1049,3171,1434,2669,898,1051,2776,4112,2132,4906,44366,29475,2333,3,4148,0,0
2021-02-14T23:59:59+01:00,946,691,1612,2076,1567,3214,1836,4732,2459,3979,1532,1587,4967,7202,3904,8071,209,263,661,1238,814,1990,1033,3105,1404,2601,868,1006,2687,3972,2061,4718,44324,28627,2297,3,3754,0,0
2021-02-13T23:59:59+01:00,893,667,1582,2053,1552,3206,1820,4725,2451,3978,1531,1586,4967,7202,3903,8070,207,262,659,1238,814,1986,1033,3104,1403,2599,867,1006,2585,3848,1997,4618,44318,28223,2297,3,3571,0,0
2021-02-12T23:59:59+01:00,559,518,1232,1938,1380,3102,1680,4643,2344,3908,1512,1577,4958,7191,3897,8064,195,256,647,1213,800,1942,1007,3019,1349,2501,805,933,2361,3536,1855,4313,44205,26730,2297,2,2001,0,0
2021-02-11T23:59:59+01:00,394,442,1042,1825,1278,2983,1582,4529,2257,3820,1405,1533,4896,7142,3876,8016,157,192,547,972,664,1499,809,2352,1071,1911,569,685,1755,2662,1364,3109,43854,20317,2100,1,1066,0,0
2021-02-10T23:59:59+01:00,281,369,916,1720,1178,2860,1487,4344,2144,3697,1368,1520,4875,7131,3871,8014,135,131,376,612,492,1010,639,1741,903,1577,548,670,1349,2101,1049,2613,43777,15946,1994,0,4,0,0
2021-02-09T23:59:59+01:00,281,368,915,1714,1175,2851,1487,4339,2143,3692,1361,1517,4873,7129,3870,8012,132,129,367,583,473,983,618,1712,878,1546,546,667,969,1637,772,2209,43753,14221,1971,0,3,0,0
2021-02-08T23:59:59+01:00,281,366,914,1712,1172,2841,1480,4333,2141,3688,1356,1513,4870,7129,3869,8009,127,123,356,572,465,966,607,1680,860,1520,538,662,576,1148,468,1783,43723,12451,1948,0,3,0,0
2021-02-07T23:59:59+01:00,281,366,912,1712,1171,2841,1478,4331,2141,3688,1356,1513,4870,7128,3869,8009,123,120,352,566,464,959,604,1668,851,1504,530,658,575,1138,463,1768,43719,12343,1947,0,0,0,0
2021-02-06T23:59:59+01:00,281,366,912,1712,1171,2841,1478,4331,2141,3688,1356,1513,4870,7128,3869,8009,120,117,350,563,463,958,604,1666,851,1503,529,657,575,1138,463,1768,43719,12325,1947,0,0,0,0
2021-02-05T23:59:59+01:00,281,365,911,1712,1171,2840,1476,4330,2140,3688,1356,1513,4869,7126,3869,8006,119,109,347,559,455,945,600,1656,837,1480,524,647,569,1122,453,1745,43706,12167,1947,0,0,0,0
2021-02-04T23:59:59+01:00,278,360,904,1674,1164,2794,1475,4278,2127,3645,1348,1506,4841,7095,3858,7976,90,71,231,387,331,687,472,1267,627,1111,394,512,478,918,395,1508,43377,9479,1946,0,0,0,0
2021-02-03T23:59:59+01:00,276,351,899,1649,1160,2759,1464,4229,2118,3609,1340,1490,4819,7065,3845,7950,56,33,79,164,151,341,232,595,302,541,211,278,281,580,229,958,43077,5031,1946,0,0,0,0
2021-02-02T23:59:59+01:00,275,349,898,1637,1156,2740,1461,4197,2111,3583,1332,1484,4811,7052,3838,7927,17,10,24,48,60,97,73,164,96,121,46,75,68,126,51,195,42905,1271,1946,0,0,0,0
2021-02-01T23:59:59+01:00,275,344,898,1635,1155,2739,1460,4193,2110,3577,1331,1484,4809,7051,3838,7927,15,9,20,42,51,88,60,136,73,102,40,66,58,116,50,182,42880,1108,1946,0,0,0,0
2021-01-31T23:59:59+01:00,275,343,898,1631,1154,2735,1460,4188,2110,3574,1330,1484,4809,7050,3838,7927,14,8,19,38,44,80,54,125,63,96,35,55,48,108,47,176,42860,1010,1946,0,0,0,0
2021-01-30T23:59:59+01:00,275,343,893,1628,1146,2727,1452,4182,2106,3571,1330,1484,4757,6991,3792,7869,14,8,19,37,44,80,53,124,63,96,35,55,48,108,47,176,42634,1007,1912,0,0,0,0
2021-01-29T23:59:59+01:00,274,342,878,1620,1134,2706,1440,4152,2085,3544,1321,1478,4595,6789,3628,7665,12,8,19,37,41,80,52,122,60,95,33,50,47,108,47,176,41849,987,1802,0,0,0,0
2021-01-28T23:59:59+01:00,270,329,859,1533,1094,2596,1403,4052,2015,3469,1294,1466,4261,6319,3359,7312,8,4,8,17,22,39,21,56,35,63,21,32,32,70,36,118,40074,582,1557,0,0,0,0
2021-01-27T23:59:59+01:00,264,326,817,1478,1047,2502,1340,3955,1942,3362,1255,1439,3849,5758,3041,6851,4,4,8,8,12,21,8,22,13,29,12,14,15,39,14,57,38120,280,1106,0,0,0,0
2021-01-26T23:59:59+01:00,258,317,783,1432,982,2417,1279,3828,1825,3257,1196,1388,3504,5204,2689,6339,2,1,4,3,5,7,4,2,2,8,7,5,3,7,3,8,36039,71,659,0,0,0,0
2021-01-25T23:59:59+01:00,248,308,731,1371,921,2298,1177,3683,1666,3139,1117,1357,3110,4693,2378,5873,2,1,4,2,3,7,2,2,2,8,7,5,3,7,3,8,34013,66,57,0,0,0,0
2021-01-24T23:59:59+01:00,245,308,725,1367,910,2282,1172,3667,1639,3109,1111,1355,3084,4658,2361,5851,2,1,2,2,3,7,2,2,2,8,7,5,3,7,3,8,33839,64,5,0,0,0,0
2021-01-23T23:59:59+01:00,244,307,724,1367,910,2278,1171,3666,1636,3107,1110,1355,2979,4533,2295,5750,2,1,2,2,2,7,2,2,2,8,7,5,3,7,3,8,33428,63,4,0,0,0,0
2021-01-22T23:59:59+01:00,243,304,722,1352,908,2265,1165,3652,1632,3103,1108,1354,2820,4339,2193,5606,2,1,2,2,2,7,2,2,2,8,7,5,3,7,3,8,32762,63,4,0,0,0,0
2021-01-21T23:59:59+01:00,239,275,659,1197,840,2054,1084,3368,1535,2897,1066,1313,2477,3872,1902,5169,2,0,2,1,2,7,2,2,2,8,7,4,3,7,3,8,29943,60,4,0,0,0,0
2021-01-20T23:59:59+01:00,215,211,499,847,665,1563,884,2668,1298,2429,969,1179,1945,3126,1491,4398,2,0,2,1,2,7,2,2,2,6,6,4,3,7,3,8,24383,57,4,0,0,0,0
2021-01-19T23:59:59+01:00,188,192,452,740,611,1407,798,2369,1126,2122,802,922,1299,2200,1031,3321,0,0,1,1,0,0,0,0,1,1,1,0,0,0,0,0,19578,5,2,0,0,0,0
2021-01-18T23:59:59+01:00,139,137,375,615,488,1053,645,1825,937,1634,595,713,649,1276,520,1993,0,0,0,0,0,0,0,0,0,0,0,0,0,0,0,0,13593,0,1,0,0,0,0
2021-01-17T23:59:59+01:00,128,123,361,578,473,988,616,1708,878,1535,546,673,601,1178,479,1847,0,0,0,0,0,0,0,0,0,0,0,0,0,0,0,0,12712,0,0,0,0,0,0
2021-01-16T23:59:59+01:00,121,119,358,575,471,977,610,1695,872,1528,545,672,600,1173,475,1834,0,0,0,0,0,0,0,0,0,0,0,0,0,0,0,0,12625,0,0,0,0,0,0
2021-01-15T23:59:59+01:00,119,112,355,570,463,961,606,1684,857,1504,539,660,593,1157,467,1811,0,0,0,0,0,0,0,0,0,0,0,0,0,0,0,0,12458,0,0,0,0,0,0
2021-01-14T23:59:59+01:00,98,90,272,462,392,783,503,1413,699,1214,421,531,512,967,411,1631,0,0,0,0,0,0,0,0,0,0,0,0,0,0,0,0,10399,0,0,0,0,0,0
2021-01-13T23:59:59+01:00,68,50,161,280,255,519,351,922,477,780,259,325,320,640,263,1044,0,0,0,0,0,0,0,0,0,0,0,0,0,0,0,0,6714,0,0,0,0,0,0
2021-01-12T23:59:59+01:00,32,22,47,99,113,212,150,381,199,334,136,176,167,354,150,573,0,0,0,0,0,0,0,0,0,0,0,0,0,0,0,0,3145,0,0,0,0,0,0
2021-01-11T23:59:59+01:00,19,11,31,63,60,110,76,168,91,125,40,66,62,121,51,183,0,0,0,0,0,0,0,0,0,0,0,0,0,0,0,0,1277,0,0,0,0,0,0
2021-01-10T23:59:59+01:00,16,7,25,52,53,98,66,153,75,111,34,56,52,112,47,174,0,0,0,0,0,0,0,0,0,0,0,0,0,0,0,0,1131,0,0,0,0,0,0
2021-01-09T23:59:59+01:00,15,7,24,50,52,97,63,152,75,109,34,56,52,112,47,174,0,0,0,0,0,0,0,0,0,0,0,0,0,0,0,0,1119,0,0,0,0,0,0
2021-01-08T23:59:59+01:00,12,7,22,48,47,92,59,139,69,105,32,51,51,112,47,174,0,0,0,0,0,0,0,0,0,0,0,0,0,0,0,0,1067,0,0,0,0,0,0
2021-01-07T23:59:59+01:00,8,4,7,18,21,40,22,56,37,65,20,34,37,75,36,117,0,0,0,0,0,0,0,0,0,0,0,0,0,0,0,0,597,0,0,0,0,0,0
2021-01-06T23:59:59+01:00,8,4,7,15,14,30,14,39,24,53,16,25,30,67,34,102,0,0,0,0,0,0,0,0,0,0,0,0,0,0,0,0,482,0,0,0,0,0,0
2021-01-05T23:59:59+01:00,8,4,7,15,14,30,14,39,24,53,16,25,29,67,34,102,0,0,0,0,0,0,0,0,0,0,0,0,0,0,0,0,481,0,0,0,0,0,0
2021-01-04T23:59:59+01:00,3,4,6,5,4,14,3,7,5,16,7,5,6,16,4,13,0,0,0,0,0,0,0,0,0,0,0,0,0,0,0,0,118,0,0,0,0,0,0
2021-01-03T23:59:59+01:00,2,1,1,2,2,7,2,3,2,9,5,4,3,8,3,8,0,0,0,0,0,0,0,0,0,0,0,0,0,0,0,0,62,0,0,0,0,0,0
2021-01-02T23:59:59+01:00,2,1,1,2,2,7,2,3,2,9,5,4,3,8,3,8,0,0,0,0,0,0,0,0,0,0,0,0,0,0,0,0,62,0,0,0,0,0,0
2021-01-01T23:59:59+01:00,2,1,1,2,2,7,2,3,2,9,5,4,3,8,3,8,0,0,0,0,0,0,0,0,0,0,0,0,0,0,0,0,62,0,0,0,0,0,0
2020-12-31T23:59:59+01:00,2,1,1,1,2,7,2,2,2,8,5,4,3,8,3,8,0,0,0,0,0,0,0,0,0,0,0,0,0,0,0,0,59,0,0,0,0,0,0
2020-12-30T23:59:59+01:00,2,1,1,1,2,7,2,2,2,6,5,4,3,8,3,8,0,0,0,0,0,0,0,0,0,0,0,0,0,0,0,0,57,0,0,0,0,0,0
2020-12-29T23:59:59+01:00,2,1,0,1,2,6,2,2,2,6,3,2,2,8,2,7,0,0,0,0,0,0,0,0,0,0,0,0,0,0,0,0,48,0,0,0,0,0,0
2020-12-28T23:59:59+01:00,1,0,0,1,0,2,1,0,0,3,0,1,0,1,1,4,0,0,0,0,0,0,0,0,0,0,0,0,0,0,0,0,15,0,0,0,0,0,0
2020-12-27T23:59:59+01:00,0,0,0,0,0,1,1,0,0,2,0,1,0,1,1,4,0,0,0,0,0,0,0,0,0,0,0,0,0,0,0,0,11,0,0,0,0,0,0
