Datum,<15_m,<15_w,15-24_1_m,15-24_1_w,25-34_1_m,25-34_1_w,35-44_1_m,35-44_1_w,45-54_1_m,45-54_1_w,55-64_1_m,55-64_1_w,65-74_1_m,65-74_1_w,75-84_1_m,75-84_1_w,>84_1_m,>84_1_w,<24_2_m,<24_2_w,25-34_2_m,25-34_2_w,35-44_2_m,35-44_2_w,45-54_2_m,45-54_2_w,55-64_2_m,55-64_2_w,65-74_2_m,65-74_2_w,75-84_2_m,75-84_2_w,>84_2_m,>84_2_w,bp_1,bp_2,mo_1,mo_2,az_1,az_2,ja,unb_1,unb_2
2021-10-12T23:59:59+02:00,5599,5392,44086,42309,57846,50396,61869,58315,73496,71829,87839,85847,60651,64799,39689,50996,12587,22622,39940,38255,53946,46173,58367,54215,69616,67323,83910,81915,58579,62440,38375,49191,12070,21608,665313,623143,79347,76082,109626,103756,41853,50,60
2021-10-11T23:59:59+02:00,5585,5380,44046,42263,57806,50344,61837,58280,73461,71801,87811,85824,60634,64785,39678,50983,12581,22610,39907,38223,53904,46142,58335,54178,69589,67294,83894,81886,58560,62416,38365,49166,12063,21586,664888,622730,79343,76079,109626,103755,41824,50,60
2021-10-10T23:59:59+02:00,5571,5367,44019,42233,57770,50319,61804,58252,73441,71782,87796,85812,60625,64781,39677,50980,12581,22608,39874,38199,53866,46109,58301,54157,69565,67277,83880,81874,58555,62410,38360,49160,12062,21584,664647,622487,79338,76074,109626,103754,41779,50,60
2021-10-09T23:59:59+02:00,5570,5366,44018,42229,57770,50319,61802,58252,73441,71782,87796,85812,60625,64781,39677,50980,12581,22608,39872,38197,53866,46109,58299,54157,69565,67277,83880,81874,58554,62410,38360,49160,12062,21584,664640,622482,79338,76074,109626,103753,41777,50,60
2021-10-08T23:59:59+02:00,5546,5345,43971,42182,57717,50263,61752,58218,73393,71755,87771,85800,60617,64773,39671,50971,12579,22605,39837,38158,53839,46076,58264,54118,69532,67257,83863,81861,58550,62398,38357,49156,12061,21582,664245,622218,79336,76071,109626,103753,41694,50,60
2021-10-07T23:59:59+02:00,5481,5268,43828,42046,57605,50136,61663,58131,73317,71681,87717,85762,60604,64749,39659,50961,12576,22597,39647,37929,53702,45883,58139,53957,69427,67148,83808,81799,58521,62354,38335,49139,12054,21574,663202,620646,79321,76057,109626,103753,41604,50,60
2021-10-06T23:59:59+02:00,5456,5229,43689,41930,57490,50047,61584,58040,73252,71614,87657,85718,60587,64724,39645,50936,12573,22579,39486,37751,53572,45732,58036,53820,69336,67039,83743,81725,58487,62315,38320,49113,12052,21557,662279,619289,79299,76055,109625,103753,41517,50,60
2021-10-05T23:59:59+02:00,5416,5193,43561,41788,57378,49912,61466,57963,73183,71551,87604,85660,60569,64704,39634,50919,12569,22564,39353,37606,53455,45604,57941,53698,69238,66962,83684,81665,58462,62283,38302,49089,12046,21553,661248,618150,79293,76047,109625,103752,41438,50,60
2021-10-04T23:59:59+02:00,5387,5180,43483,41719,57309,49838,61418,57921,73127,71505,87571,85634,60550,64685,39627,50910,12564,22551,39280,37554,53387,45543,57903,53649,69201,66909,83653,81638,58436,62263,38292,49079,12044,21550,660687,617669,79289,76025,109625,103748,41348,50,60
2021-10-03T23:59:59+02:00,5377,5164,43455,41682,57256,49803,61382,57887,73098,71479,87547,85610,60540,64677,39616,50903,12561,22540,39250,37523,53357,45524,57877,53619,69181,66889,83633,81620,58425,62250,38286,49077,12043,21544,660363,617445,79287,76024,109625,103748,41272,50,60
2021-10-02T23:59:59+02:00,5377,5164,43454,41681,57253,49802,61382,57887,73098,71478,87547,85610,60540,64677,39616,50903,12561,22540,39250,37523,53357,45524,57877,53619,69181,66889,83633,81620,58425,62250,38286,49077,12043,21544,660358,617445,79285,76024,109625,103748,41272,50,60
2021-10-01T23:59:59+02:00,5364,5143,43379,41613,57186,49738,61320,57852,73046,71439,87509,85579,60525,64667,39611,50895,12561,22540,39194,37468,53309,45495,57837,53581,69146,66862,83609,81597,58418,62249,38283,49075,12043,21543,659876,617149,79284,76023,109625,103747,41152,50,60
2021-09-30T23:59:59+02:00,5293,5063,43201,41423,57027,49570,61199,57706,72951,71332,87436,85531,60502,64628,39592,50875,12557,22532,38964,37201,53149,45305,57697,53414,69045,66743,83534,81524,58401,62213,38267,49049,12037,21540,658565,615507,79272,76023,109625,103744,40926,50,60
2021-09-29T23:59:59+02:00,5260,5026,43064,41273,56889,49438,61103,57606,72867,71244,87379,85482,60478,64605,39575,50857,12553,22522,38776,36980,53008,45156,57605,53287,68951,66636,83468,81439,58359,62187,38255,49033,12034,21531,657555,614153,79246,76019,109625,103743,40765,50,60
2021-09-28T23:59:59+02:00,5218,4982,42856,41115,56744,49301,60999,57500,72782,71155,87318,85415,60448,64581,39560,50836,12546,22501,38581,36793,52866,45022,57506,53175,68868,66551,83392,81369,58331,62156,38239,49013,12032,21524,656362,612917,79237,76018,109624,103741,40604,50,60
2021-09-27T23:59:59+02:00,5187,4960,42765,41036,56652,49219,60914,57420,72719,71100,87268,85373,60426,64551,39538,50814,12538,22469,38494,36735,52787,44971,57433,53121,68831,66508,83349,81335,58308,62134,38229,48998,12030,21515,655704,612528,79231,75987,109624,103735,40360,50,60
2021-09-26T23:59:59+02:00,5174,4934,42721,41003,56621,49185,60896,57397,72695,71080,87254,85352,60418,64544,39534,50809,12537,22468,38472,36719,52754,44942,57411,53104,68809,66485,83330,81321,58302,62126,38224,48994,12030,21515,655463,612358,79226,75982,109624,103735,40279,50,60
2021-09-25T23:59:59+02:00,5174,4933,42717,41001,56621,49184,60896,57396,72694,71078,87254,85352,60418,64544,39534,50809,12537,22468,38468,36716,52753,44942,57411,53102,68808,66483,83330,81321,58301,62125,38224,48994,12030,21515,655457,612347,79224,75982,109624,103735,40275,50,60
2021-09-24T23:59:59+02:00,5155,4922,42631,40920,56557,49119,60830,57340,72633,71018,87216,85313,60406,64535,39529,50805,12536,22466,38410,36665,52703,44898,57361,53060,68762,66428,83297,81297,58290,62119,38221,48991,12029,21513,655110,612188,79221,75979,109624,103735,39945,50,60
2021-09-23T23:59:59+02:00,5083,4820,42361,40647,56331,48908,60658,57140,72479,70879,87082,85219,60351,64490,39510,50766,12529,22435,38170,36487,52513,44733,57212,52920,68631,66318,83197,81212,58253,62080,38208,48965,12022,21496,653501,611031,79208,75968,109623,103733,39324,50,60
2021-09-22T23:59:59+02:00,5044,4765,42207,40462,56154,48730,60511,56984,72368,70741,86989,85134,60314,64438,39488,50729,12526,22420,38033,36341,52352,44600,57083,52795,68554,66219,83109,81130,58219,62044,38191,48944,12019,21486,652185,610001,79194,75964,109622,103731,38971,50,60
2021-09-21T23:59:59+02:00,5008,4709,42008,40215,55930,48504,60347,56835,72276,70621,86901,85053,60271,64393,39469,50689,12517,22405,37871,36195,52200,44460,56963,52698,68486,66139,83032,81065,58190,62020,38167,48922,12013,21473,650604,608966,79193,75964,109622,103730,38700,50,60
2021-09-20T23:59:59+02:00,4982,4687,41902,40134,55799,48410,60244,56752,72198,70556,86843,84997,60246,64373,39456,50669,12511,22386,37789,36124,52085,44386,56879,52638,68424,66088,82981,81023,58167,62002,38157,48895,12010,21468,649896,608520,79183,75912,109622,103717,38412,50,60
2021-09-19T23:59:59+02:00,4977,4683,41858,40106,55725,48363,60196,56711,72157,70542,86816,84983,60239,64364,39455,50661,12511,22384,37757,36101,52040,44370,56845,52627,68388,66072,82959,81006,58159,61996,38154,48891,12010,21466,649639,608387,79181,75910,109619,103716,38260,50,60
2021-09-18T23:59:59+02:00,4975,4681,41846,40100,55707,48349,60177,56701,72145,70529,86806,84979,60234,64361,39454,50661,12511,22383,37753,36098,52024,44365,56832,52617,68379,66064,82949,81002,58154,61993,38152,48889,12010,21466,649584,608371,79180,75910,109619,103716,38182,50,60
2021-09-17T23:59:59+02:00,4920,4631,41698,39980,55590,48203,60035,56577,72010,70413,86737,84906,60198,64339,39445,50655,12508,22377,37646,36011,51928,44248,56741,52525,68271,65987,82889,80944,58123,61976,38145,48881,12008,21462,648754,607899,79180,75910,109619,103716,37633,50,60
2021-09-16T23:59:59+02:00,4823,4530,41412,39708,55335,47916,59801,56307,71820,70231,86607,84773,60142,64283,39419,50631,12496,22361,37370,35795,51728,44015,56559,52322,68126,65844,82779,80848,58070,61940,38127,48857,11999,21451,646815,606426,79176,75905,109604,103701,36964,50,60
2021-09-15T23:59:59+02:00,4758,4466,41171,39452,55091,47634,59586,56090,71662,70088,86488,84667,60099,64228,39390,50602,12488,22338,37160,35610,51554,43806,56418,52179,68019,65743,82683,80745,58024,61908,38103,48832,11996,21437,645026,605216,79174,75902,109604,103701,36456,50,60
2021-09-14T23:59:59+02:00,4731,4438,41048,39328,54961,47542,59497,55975,71565,69997,86411,84608,60080,64201,39376,50590,12485,22333,37087,35537,51462,43750,56345,52109,67944,65681,82624,80708,58007,61882,38088,48812,11990,21429,644269,604803,79174,75902,109604,103700,36081,50,60
2021-09-13T23:59:59+02:00,4703,4424,40946,39223,54870,47447,59433,55874,71493,69942,86368,84568,60048,64168,39368,50579,12480,22328,37013,35467,51375,43689,56286,52044,67879,65647,82584,80681,57984,61855,38079,48801,11989,21423,643555,604358,79173,75851,109603,103685,35893,50,60
2021-09-12T23:59:59+02:00,4694,4410,40915,39196,54849,47423,59406,55843,71466,69910,86354,84548,60040,64160,39366,50576,12478,22324,36976,35437,51357,43670,56261,52026,67859,65618,82563,80662,57973,61842,38074,48790,11989,21421,643340,604154,79164,75846,109602,103683,35814,50,60
2021-09-11T23:59:59+02:00,4685,4408,40900,39170,54820,47396,59387,55826,71442,69898,86343,84540,60039,64157,39365,50575,12478,22322,36959,35426,51335,43651,56248,52013,67836,65607,82550,80658,57971,61841,38072,48790,11989,21420,643244,604109,79164,75845,109602,103683,35703,50,60
2021-09-10T23:59:59+02:00,4640,4369,40719,38995,54663,47261,59269,55673,71315,69796,86254,84457,60011,64129,39354,50563,12474,22315,36833,35337,51226,43560,56158,51922,67743,65540,82478,80603,57952,61820,38063,48776,11982,21414,642330,603693,79162,75845,109602,103683,35123,50,60
2021-09-09T23:59:59+02:00,4566,4282,40475,38776,54466,47037,59092,55453,71168,69630,86149,84363,59985,64084,39330,50534,12465,22309,36622,35161,51051,43409,56005,51757,67600,65419,82370,80524,57913,61774,38046,48755,11977,21406,640835,602555,79161,75843,109602,103683,34525,50,59
2021-09-08T23:59:59+02:00,4467,4187,40247,38517,54267,46855,58917,55284,71055,69513,86056,84284,59948,64044,39322,50502,12459,22302,36336,34891,50816,43194,55804,51572,67465,65289,82256,80419,57880,61718,38023,48716,11966,21392,639408,600803,79156,75835,109602,103683,34018,50,59
2021-09-07T23:59:59+02:00,4394,4126,40043,38346,54137,46736,58815,55176,70978,69424,85994,84217,59924,64014,39310,50485,12456,22297,36208,34782,50712,43113,55722,51508,67396,65221,82191,80362,57847,61686,38011,48693,11959,21384,638390,600145,79148,75822,109598,103682,33693,50,59
2021-09-06T23:59:59+02:00,4353,4078,39937,38245,54057,46663,58747,55100,70932,69368,85949,84178,59904,63998,39307,50480,12454,22293,36093,34666,50616,43043,55638,51423,67337,65150,82137,80300,57820,61655,37999,48680,11958,21382,637705,599383,79148,75784,109597,103670,33550,50,59
2021-09-05T23:59:59+02:00,4340,4060,39902,38215,54035,46632,58711,55073,70904,69344,85925,84155,59901,63995,39304,50475,12453,22289,36067,34645,50588,43021,55605,51403,67318,65133,82119,80284,57812,61650,37996,48674,11956,21379,637481,599234,79147,75780,109596,103670,33446,50,59
2021-09-04T23:59:59+02:00,4340,4058,39893,38213,54032,46624,58710,55071,70902,69340,85921,84148,59901,63993,39304,50475,12453,22289,36056,34642,50585,43014,55601,51402,67316,65129,82116,80280,57811,61648,37996,48674,11956,21379,637462,599217,79147,75779,109596,103668,33419,50,59
2021-09-03T23:59:59+02:00,4301,4028,39779,38098,53931,46553,58628,54988,70832,69280,85857,84117,59883,63977,39298,50470,12450,22286,35977,34571,50500,42968,55539,51348,67257,65086,82071,80248,57796,61634,37988,48668,11950,21378,636881,598899,79147,75774,109596,103668,33089,50,59
2021-09-02T23:59:59+02:00,4262,3986,39601,37940,53787,46394,58487,54861,70705,69162,85779,84052,59835,63940,39275,50442,12448,22276,35850,34488,50387,42883,55439,51259,67157,65005,81998,80186,57749,61602,37971,48645,11944,21371,635870,598340,79147,75773,109596,103663,32576,50,59
2021-09-01T23:59:59+02:00,4201,3916,39407,37768,53624,46251,58369,54746,70614,69074,85718,83975,59791,63909,39259,50429,12446,22265,35516,34142,50156,42623,55242,51065,66997,64839,81866,80078,57700,61545,37939,48618,11939,21365,634745,596125,79136,75763,109595,103662,32243,50,59
2021-08-31T23:59:59+02:00,4151,3869,39270,37617,53493,46138,58265,54640,70527,69000,85640,83919,59761,63880,39242,50400,12444,22262,35396,34038,50014,42524,55130,50981,66902,64772,81784,80024,57660,61510,37925,48598,11933,21362,633811,595544,79134,75762,109593,103435,31938,49,59
2021-08-30T23:59:59+02:00,4100,3825,39158,37493,53387,46054,58178,54561,70465,68921,85579,83872,59743,63854,39230,50389,12442,22256,35323,33965,49937,42462,55053,50910,66842,64710,81730,79966,57633,61482,37910,48576,11932,21351,632968,594953,79131,75727,109593,103423,31773,49,59
2021-08-29T23:59:59+02:00,4089,3816,39140,37474,53369,46037,58163,54542,70457,68911,85563,83855,59741,63852,39227,50385,12441,22255,35294,33940,49907,42443,55041,50884,66819,64683,81707,79951,57623,61466,37905,48570,11929,21350,632849,594755,79128,75710,109593,103423,31705,49,59
2021-08-28T23:59:59+02:00,4089,3816,39139,37474,53368,46035,58162,54542,70456,68909,85563,83855,59741,63852,39227,50385,12441,22255,35294,33939,49907,42443,55038,50884,66818,64682,81707,79951,57623,61466,37905,48570,11929,21350,632844,594752,79128,75710,109593,103423,31702,49,59
2021-08-27T23:59:59+02:00,4053,3774,39017,37374,53267,45929,58079,54448,70367,68831,85502,83796,59715,63828,39215,50375,12441,22253,35192,33879,49806,42381,54965,50812,66727,64619,81653,79913,57598,61446,37894,48560,11928,21349,632205,594349,79128,75710,109588,103421,31301,49,59
2021-08-26T23:59:59+02:00,3969,3711,38820,37192,53095,45761,57942,54297,70238,68715,85375,83704,59667,63780,39191,50355,12434,22243,35017,33705,49652,42215,54804,50652,66599,64490,81508,79800,57551,61385,37865,48534,11923,21341,631010,593190,79125,75699,109582,103416,30730,49,59
2021-08-25T23:59:59+02:00,3874,3643,38650,36995,52940,45571,57828,54158,70138,68614,85281,83611,59631,63739,39173,50336,12432,22236,34633,33290,49379,41898,54566,50388,66405,64286,81328,79628,57463,61304,37843,48496,11911,21329,629767,590442,79124,75697,109582,103416,30335,49,59
2021-08-24T23:59:59+02:00,3853,3627,38562,36922,52860,45501,57772,54105,70084,68569,85235,83571,59599,63712,39164,50319,12429,22226,34485,33164,49258,41810,54478,50303,66302,64192,81236,79550,57415,61260,37835,48480,11906,21320,629327,589519,79120,75693,109580,103411,30041,49,59
2021-08-23T23:59:59+02:00,3826,3590,38466,36827,52780,45435,57717,54039,70025,68517,85181,83532,59581,63685,39154,50306,12427,22218,34345,33026,49133,41733,54377,50218,66208,64096,81148,79487,57379,61210,37815,48460,11905,21309,628793,588639,79118,75659,109578,103398,29775,49,59
2021-08-22T23:59:59+02:00,3818,3590,38437,36814,52765,45416,57700,54026,69999,68498,85164,83518,59571,63675,39152,50297,12422,22216,34297,32987,49105,41696,54341,50191,66165,64071,81113,79461,57364,61196,37812,48451,11900,21305,628689,588352,79116,75648,109577,103397,29654,49,59
2021-08-21T23:59:59+02:00,3816,3587,38418,36808,52756,45405,57685,54020,69985,68486,85158,83509,59564,63673,39151,50297,12422,22216,34285,32983,49095,41687,54327,50186,66153,64060,81107,79454,57360,61195,37812,48451,11900,21305,628649,588339,79115,75646,109576,103397,29574,49,59
2021-08-20T23:59:59+02:00,3796,3555,38348,36737,52672,45335,57609,53955,69912,68432,85096,83461,59547,63653,39148,50293,12422,22210,34185,32877,48980,41619,54235,50113,66058,63993,81037,79401,57340,61171,37806,48446,11899,21301,628282,587821,79113,75643,109576,103394,29168,49,59
2021-08-19T23:59:59+02:00,3768,3521,38176,36593,52510,45193,57485,53849,69780,68310,84999,83385,59517,63609,39133,50276,12418,22198,33834,32623,48692,41376,54018,49918,65850,63807,80861,79266,57284,61098,37760,48408,11894,21290,627382,585913,79111,75546,109567,103380,28618,49,59
2021-08-18T23:59:59+02:00,3718,3471,37986,36436,52383,45071,57388,53744,69670,68214,84923,83322,59478,63566,39118,50256,12416,22190,33452,32210,48389,41118,53761,49639,65632,63595,80676,79104,57201,61011,37724,48366,11890,21278,626378,583334,79108,75417,109565,103373,28257,49,59
2021-08-17T23:59:59+02:00,3656,3423,37823,36277,52263,44945,57306,53648,69575,68128,84851,83259,59443,63533,39105,50233,12411,22181,33061,31768,48062,40802,53470,49345,65384,63353,80476,78895,57091,60900,37682,48317,11878,21267,625417,580222,79108,75403,109560,103352,27933,49,59
2021-08-16T23:59:59+02:00,3600,3367,37675,36131,52166,44847,57231,53575,69505,68058,84795,83213,59421,63502,39090,50216,12405,22173,32501,31206,47670,40389,53078,48959,65079,63086,80257,78700,57014,60784,37650,48262,11869,21245,624488,576192,79104,75368,109560,103332,27776,49,59
2021-08-15T23:59:59+02:00,3591,3358,37641,36106,52133,44829,57204,53542,69490,68041,84784,83202,59409,63498,39087,50207,12405,22171,32423,31109,47597,40325,53015,48898,65035,63044,80214,78672,56996,60764,37642,48249,11868,21241,624299,575630,79104,75338,109559,103321,27694,49,59
2021-08-14T23:59:59+02:00,3586,3353,37633,36099,52127,44825,57198,53535,69486,68038,84776,83198,59402,63493,39087,50205,12405,22171,32415,31102,47586,40321,53006,48890,65032,63041,80207,78670,56991,60759,37642,48247,11868,21241,624266,575599,79101,75337,109559,103321,27649,49,59
2021-08-13T23:59:59+02:00,3569,3340,37563,36056,52067,44775,57130,53484,69417,67998,84711,83162,59380,63481,39076,50191,12402,22165,32274,30989,47457,40222,52885,48790,64930,62961,80117,78620,56968,60738,37629,48237,11866,21236,623960,574794,79101,75336,109559,103321,27305,49,59
2021-08-12T23:59:59+02:00,3529,3312,37434,35933,51977,44685,57059,53399,69323,67924,84636,83096,59351,63457,39064,50179,12402,22162,31745,30501,47072,39870,52493,48437,64604,62729,79896,78408,56876,60650,37585,48194,11861,21219,623237,571305,79101,75306,109557,103214,26985,49,59
2021-08-11T23:59:59+02:00,3487,3272,37276,35787,51865,44578,56936,53278,69227,67834,84553,83015,59311,63419,39043,50163,12398,22158,31101,29883,46565,39480,52064,48001,64301,62452,79683,78204,56780,60544,37549,48121,11848,21202,622334,567266,79095,75282,109555,103126,26574,49,59
2021-08-10T23:59:59+02:00,3439,3227,37117,35637,51751,44456,56830,53173,69161,67764,84485,82958,59287,63382,39025,50149,12391,22153,30214,28903,45828,38779,51396,47395,63915,62089,79436,77961,56675,60439,37504,48052,11840,21190,621386,561054,79093,75281,109552,103123,26312,49,59
2021-08-09T23:59:59+02:00,3403,3198,37023,35531,51674,44387,56770,53131,69130,67722,84455,82926,59270,63367,39013,50130,12390,22151,29503,28159,45159,38194,50825,46813,63543,61732,79159,77711,56554,60342,37460,47997,11833,21176,620800,556941,79092,73833,109551,103097,26186,49,59
2021-08-08T23:59:59+02:00,3394,3184,36997,35514,51649,44361,56752,53120,69112,67704,84435,82911,59267,63362,39008,50123,12389,22150,29378,28018,45015,38099,50729,46727,63487,61675,79111,77671,56519,60324,37450,47986,11833,21173,620624,556018,79091,73825,109550,103065,26125,49,59
2021-08-07T23:59:59+02:00,3394,3184,36995,35508,51639,44360,56750,53120,69108,67701,84434,82909,59266,63362,39008,50123,12389,22150,29369,28010,45000,38096,50728,46722,63484,61670,79108,77668,56516,60323,37449,47986,11833,21172,620616,555983,79090,73823,109550,103064,26102,49,59
2021-08-06T23:59:59+02:00,3383,3169,36927,35452,51558,44296,56683,53078,69066,67667,84402,82882,59254,63342,38997,50117,12386,22148,29131,27777,44791,37912,50544,46576,63346,61553,79008,77600,56491,60298,37434,47976,11830,21169,620335,554522,79087,73816,109550,103062,25793,49,59
2021-08-05T23:59:59+02:00,3350,3130,36775,35318,51444,44163,56562,52962,68950,67553,84277,82808,59211,63288,38974,50096,12377,22138,28430,27158,44203,37431,49988,46121,62987,61255,78716,77380,56382,60202,37394,47924,11822,21153,619535,550203,79086,73806,109550,102882,25163,49,59
2021-08-04T23:59:59+02:00,3291,3067,36574,35146,51292,44015,56422,52846,68825,67423,84162,82695,59143,63230,38956,50067,12372,22128,27285,26040,43242,36553,49028,45217,62394,60649,78218,76939,56172,60020,37334,47834,11809,21133,618439,541855,79075,73765,109550,102829,24548,49,59
2021-08-03T23:59:59+02:00,3218,3009,36358,34946,51134,43872,56297,52721,68691,67308,84074,82623,59100,63185,38935,50036,12363,22113,26207,24927,42310,35657,48130,44334,61852,60118,77768,76534,56003,59834,37273,47747,11789,21102,617071,533532,79067,73716,109546,102803,24257,49,59
2021-08-02T23:59:59+02:00,3173,2955,36215,34795,51023,43761,56204,52620,68605,67215,83988,82548,59061,63137,38920,50016,12355,22101,25306,23931,41460,34914,47400,43590,61368,59647,77382,76191,55839,59685,37222,47668,11772,21081,616091,526556,79066,73661,109545,102660,23948,49,59
2021-08-01T23:59:59+02:00,3168,2949,36198,34773,50996,43743,56184,52595,68575,67202,83974,82535,59055,63132,38918,50012,12355,22101,25047,23680,41213,34712,47168,43393,61227,59510,77266,76095,55803,59656,37207,47655,11768,21077,615947,524687,79063,73620,109544,102594,23869,49,59
2021-07-31T23:59:59+02:00,3167,2948,36193,34772,50996,43742,56182,52594,68574,67201,83974,82534,59055,63132,38918,50012,12355,22100,25040,23665,41205,34704,47163,43387,61218,59508,77264,76092,55803,59653,37207,47655,11768,21076,615934,524619,79063,73619,109544,102593,23866,49,59
2021-07-30T23:59:59+02:00,3150,2935,36131,34709,50926,43691,56119,52533,68518,67161,83936,82495,59043,63118,38914,50005,12352,22097,24720,23353,40932,34488,46904,43191,61029,59377,77114,75977,55772,59614,37193,47643,11768,21076,615643,522682,79059,73616,109541,102482,23548,49,59
2021-07-29T23:59:59+02:00,3127,2907,35991,34585,50795,43563,56025,52433,68447,67098,83865,82443,59017,63100,38902,49996,12352,22096,23766,22364,40050,33741,46002,42410,60481,58933,76753,75673,55652,59476,37153,47588,11761,21065,614765,515627,79040,73490,109541,102314,23354,49,59
2021-07-28T23:59:59+02:00,3078,2852,35747,34348,50570,43391,55822,52281,68300,66955,83751,82344,58965,63053,38880,49959,12342,22088,22549,21126,38726,32636,44687,41234,59679,58273,76247,75213,55457,59287,37084,47484,11747,21040,613380,505827,79034,73320,109540,102156,22730,49,59
2021-07-27T23:59:59+02:00,3052,2833,35639,34227,50487,43310,55739,52231,68238,66887,83691,82272,58925,63010,38868,49944,12341,22079,21310,19736,37298,31302,43321,39932,59052,57678,75826,74801,55294,59110,37026,47429,11736,21017,612652,495411,79018,73142,109540,102045,22521,49,59
2021-07-26T23:59:59+02:00,3033,2814,35577,34131,50428,43256,55694,52182,68194,66851,83655,82244,58912,62994,38856,49932,12340,22077,20291,18638,36051,30187,42052,38782,58555,57275,75540,74547,55197,59010,37005,47394,11730,21003,612125,487173,79011,72815,109540,101881,22452,49,59
2021-07-25T23:59:59+02:00,3022,2809,35530,34089,50383,43208,55667,52160,68171,66826,83626,82221,58896,62987,38853,49929,12337,22071,19890,18273,35635,29856,41644,38475,58360,57120,75381,74438,55150,58972,36983,47374,11727,20999,611832,484443,79005,72541,109540,101851,22366,49,59
2021-07-24T23:59:59+02:00,3022,2809,35525,34086,50381,43205,55665,52159,68169,66826,83624,82220,58896,62987,38852,49929,12337,22071,19883,18261,35624,29846,41638,38474,58356,57117,75377,74436,55150,58972,36982,47374,11727,20999,611825,484398,79003,72540,109540,101849,22353,49,59
2021-07-23T23:59:59+02:00,2998,2783,35374,33968,50232,43104,55546,52052,68072,66731,83532,82169,58865,62959,38842,49924,12332,22068,19645,18037,35362,29669,41366,38292,58190,56987,75240,74358,55111,58948,36970,47364,11721,20993,611196,483271,79003,72247,109540,101847,21770,49,59
2021-07-22T23:59:59+02:00,2947,2699,34936,33596,49924,42870,55280,51823,67842,66547,83356,82018,58778,62865,38806,49877,12321,22050,18854,17377,34267,28933,40245,37460,57450,56517,74688,73984,54931,58769,36905,47280,11700,20967,609042,477756,78990,70808,109536,101628,20925,49,58
2021-07-21T23:59:59+02:00,2892,2641,34626,33267,49682,42656,55091,51635,67652,66363,83229,81892,58713,62812,38774,49837,12310,22040,18029,16555,32953,27942,38983,36502,56755,55954,74240,73623,54785,58594,36839,47196,11688,20934,607211,471863,78939,68617,109535,101416,20385,49,58
2021-07-20T23:59:59+02:00,2817,2579,34269,32876,49397,42422,54916,51439,67469,66205,83088,81770,58648,62757,38745,49791,12309,22025,16879,15441,31240,26547,37253,35046,55961,55303,73694,73177,54619,58405,36789,47111,11670,20895,605100,462705,78904,66880,109533,101076,19943,49,58
2021-07-19T23:59:59+02:00,2733,2507,33706,32312,49084,42112,54643,51173,67272,65991,82918,81601,58581,62675,38700,49739,12302,22010,16223,14871,30297,25867,36388,34331,55521,54880,73366,72938,54532,58319,36752,47060,11664,20873,601890,459010,78843,64710,109532,100903,19752,49,58
2021-07-18T23:59:59+02:00,2705,2489,33608,32196,48993,42057,54587,51113,67211,65941,82874,81559,58553,62650,38689,49725,12300,22003,15904,14607,29729,25491,35894,33979,55265,54719,73220,72837,54490,58279,36744,47046,11663,20869,601283,457565,78827,63183,109531,100875,19570,49,57
2021-07-17T23:59:59+02:00,2705,2489,33607,32194,48988,42056,54584,51111,67211,65940,82874,81558,58553,62649,38689,49725,12300,22003,15899,14600,29717,25476,35889,33974,55260,54718,73220,72837,54490,58279,36744,47046,11663,20869,601273,457518,78825,63179,109527,100872,19569,49,57
2021-07-16T23:59:59+02:00,2647,2424,33000,31669,48492,41709,54190,50779,66829,65616,82560,81325,58434,62537,38639,49676,12296,21996,15483,14279,29224,25103,35442,33644,54921,54465,72960,72645,54378,58191,36709,47008,11660,20865,599055,456127,78821,63050,109526,100864,17374,49,57
2021-07-15T23:59:59+02:00,2514,2292,32139,30887,47871,41138,53615,50294,66401,65268,82306,81084,58345,62440,38605,49633,12288,21977,14645,13606,27899,24278,34141,32833,54242,54065,72546,72419,54285,58094,36679,46974,11653,20849,594034,451943,78809,60681,109525,100281,16686,49,57
2021-07-14T23:59:59+02:00,2408,2206,31593,30360,47381,40697,53193,49894,66074,64986,82067,80835,58240,62344,38572,49583,12278,21964,13403,12472,25901,22822,32240,31313,53493,53471,72036,72081,54147,57968,36637,46913,11643,20833,590166,442812,78791,58764,109524,99944,16151,49,56
2021-07-13T23:59:59+02:00,2351,2136,31328,30090,47109,40472,52942,49664,65870,64798,81900,80687,58173,62268,38547,49546,12268,21952,12413,11628,24169,21508,30293,29726,52297,52302,71216,71287,53898,57691,36550,46798,11625,20806,588017,436081,78775,55842,109515,96785,15751,49,56
2021-07-12T23:59:59+02:00,2124,1929,30469,29161,46456,39937,52370,49097,65480,64411,81623,80415,58037,62141,38505,49488,12259,21931,11663,11004,22771,20527,28554,28347,51340,51444,70476,70667,53640,57412,36483,46680,11612,20775,581790,427972,78756,53279,109515,96629,15729,49,56
2021-07-11T23:59:59+02:00,2079,1892,30349,29053,46392,39866,52318,49034,65423,64355,81562,80372,58016,62121,38499,49470,12254,21926,11501,10856,22498,20340,28189,28075,51135,51298,70303,70523,53587,57332,36461,46663,11602,20768,580971,425902,78750,53237,109513,96494,15704,49,53
2021-07-10T23:59:59+02:00,2079,1890,30346,29045,46390,39860,52316,49032,65420,64354,81561,80369,58016,62119,38498,49470,12254,21926,11489,10837,22485,20325,28173,28062,51128,51293,70300,70520,53587,57332,36460,46663,11602,20768,580942,425814,78749,53235,109513,96483,15698,49,53
2021-07-09T23:59:59+02:00,2035,1852,30114,28813,46174,39680,52130,48861,65259,64242,81457,80288,57986,62089,38482,49455,12250,21924,11106,10565,21841,19887,27503,27510,50419,50723,69717,70108,53485,57244,36437,46629,11597,20757,579746,424731,78743,52920,109508,93025,15051,49,53
2021-07-08T23:59:59+02:00,1897,1725,29451,28282,45566,39177,51576,48393,64856,63932,81157,80055,57894,61998,38450,49403,12245,21910,9924,9466,19897,18261,25038,25528,49386,49922,69090,69570,53260,57030,36361,46543,11582,20731,575490,414212,78721,50495,109492,92794,14221,49,53
2021-07-07T23:59:59+02:00,1684,1528,28338,27079,44515,38213,50477,47398,64197,63293,80616,79572,57690,61768,38384,49318,12232,21869,9391,8989,18810,17420,23639,24327,48561,49276,68542,69080,53060,56788,36285,46445,11566,20691,566219,407869,78705,48879,109490,92506,13714,49,53
2021-07-06T23:59:59+02:00,1483,1371,27258,26041,43494,37291,49543,46468,63598,62733,80180,79163,57508,61585,38327,49223,12208,21842,8675,8246,17482,16415,22026,23046,47954,48822,68167,68814,52942,56674,36236,46408,11559,20676,557968,400403,78694,48455,109487,92212,13124,49,53
2021-07-05T23:59:59+02:00,1327,1247,26114,24786,42414,36298,48490,45397,62931,62157,79743,78761,57335,61396,38274,49147,12199,21819,8421,8021,16980,16094,21463,22659,47646,48595,67972,68667,52890,56600,36210,46389,11556,20671,548656,397812,78686,48139,109487,91953,12962,49,51
2021-07-04T23:59:59+02:00,1262,1183,25792,24461,42106,36039,48237,45213,62784,62021,79630,78663,57299,61356,38263,49128,12197,21816,8165,7864,16708,15896,21180,22461,47521,48495,67893,68592,52866,56576,36195,46384,11554,20670,546340,396777,78658,47476,109486,91869,12922,49,51
2021-07-03T23:59:59+02:00,1262,1182,25784,24447,42093,36032,48235,45213,62780,62020,79629,78662,57298,61356,38263,49128,12197,21816,8159,7856,16697,15885,21173,22454,47514,48494,67888,68591,52865,56576,36195,46384,11554,20670,546308,396743,78657,47475,109486,91859,12902,49,51
2021-07-02T23:59:59+02:00,1194,1125,25470,24100,41772,35754,47977,44958,62636,61872,79555,78591,57281,61333,38257,49116,12193,21811,7981,7708,16328,15618,20729,22147,46548,47715,67391,68241,52781,56484,36180,46366,11553,20667,543928,394259,78656,47472,109481,89840,12886,49,51
2021-07-01T23:59:59+02:00,1139,1075,25095,23735,41389,35406,47581,44609,62386,61632,79365,78420,57218,61270,38226,49075,12186,21801,7590,7372,15513,14835,19556,21110,45011,46228,66175,67162,52471,56181,36083,46246,11529,20640,540782,388425,78554,46644,109472,85887,12756,49,51
2021-06-30T23:59:59+02:00,1066,1010,24672,23288,40961,35034,47171,44231,62158,61420,79192,78272,57140,61192,38199,49025,12178,21780,7216,7014,14566,14035,18124,19901,41794,43500,64477,65716,52002,55682,35934,46052,11502,20590,537334,376399,78521,45947,109468,83134,12622,49,50
2021-06-29T23:59:59+02:00,976,901,24172,22754,40440,34614,46738,43817,61898,61142,78980,78095,57061,61127,38171,48981,12172,21761,6940,6704,13901,13536,16961,18974,37463,39815,63121,64460,51514,55183,35801,45873,11471,20547,533264,361077,78512,45733,109468,82928,12512,49,50
2021-06-28T23:59:59+02:00,947,868,23834,22364,39981,34222,46318,43450,61659,60886,78788,77941,56987,61058,38142,48951,12169,21746,6629,6389,13246,13034,15943,18135,33816,36767,61995,63426,51159,54787,35706,45723,11446,20509,531500,352402,76826,41037,109466,82772,12475,49,50
2021-06-27T23:59:59+02:00,933,855,23742,22271,39905,34160,46258,43390,61627,60849,78752,77910,56972,61046,38136,48944,12168,21741,6537,6317,13009,12891,15519,17897,32980,36120,61736,63226,51068,54717,35688,45701,11444,20505,530885,349495,76820,40770,109460,82614,12450,49,50
2021-06-26T23:59:59+02:00,933,855,23736,22265,39895,34157,46256,43388,61625,60848,78752,77910,56972,61046,38136,48943,12168,21741,6534,6310,13002,12877,15511,17890,32976,36119,61729,63224,51066,54711,35688,45701,11444,20504,530854,349428,76819,40769,109459,82613,12450,49,50
2021-06-25T23:59:59+02:00,910,828,23623,22149,39811,34068,46174,43315,61580,60800,78704,77889,56961,61034,38133,48940,12167,21739,6437,6195,12894,12747,15372,17728,32259,35458,61338,62898,50988,54627,35680,45680,11441,20503,530058,346415,76818,40757,109456,82596,12449,49,50
2021-06-24T23:59:59+02:00,843,770,23236,21730,39457,33756,45824,43013,61374,60605,78544,77751,56907,60979,38110,48910,12162,21729,6099,5898,12332,12285,14663,17040,28955,32743,59050,61042,50402,54030,35544,45472,11423,20455,527101,332596,76769,40492,109454,81981,12332,49,50
2021-06-23T23:59:59+02:00,739,676,22592,21070,38884,33166,45169,42304,61007,60211,78294,77499,56804,60843,38063,48857,12152,21709,5944,5703,11964,11933,14153,16510,25594,29982,57404,59512,49879,53491,35423,45298,11402,20412,521511,323151,76713,37555,109451,81543,12320,49,50
2021-06-22T23:59:59+02:00,678,611,22164,20628,38476,32744,44734,41840,60732,59925,78089,77259,56706,60732,38027,48784,12139,21687,5755,5567,11638,11668,13724,16137,21253,26448,55325,57808,49279,52888,35246,45082,11381,20368,517697,308778,76586,37503,109445,81065,12183,49,50
2021-06-21T23:59:59+02:00,641,570,21909,20391,38220,32511,44489,41564,60542,59715,77957,77118,56652,60648,38002,48743,12130,21671,5623,5456,11328,11468,13383,15872,19702,25213,54406,57038,47055,50424,34647,44359,11358,20309,515640,303443,76385,37435,109428,74751,11972,48,50
2021-06-20T23:59:59+02:00,612,551,21618,20096,37922,32233,44205,41309,60391,59548,77819,76972,56603,60604,37982,48726,12127,21664,5565,5412,11195,11380,13228,15744,19304,24887,54138,56854,45395,48439,34081,43724,11338,20288,513249,302811,76303,36680,109417,69477,11966,47,48
2021-06-19T23:59:59+02:00,610,551,21613,20083,37906,32228,44202,41304,60385,59544,77817,76969,56600,60603,37982,48725,12127,21664,5559,5403,11190,11376,13218,15738,19296,24879,54124,56842,45386,48429,34080,43724,11338,20288,513185,302725,76298,36677,109417,69464,11966,47,48
2021-06-18T23:59:59+02:00,596,537,21517,19970,37839,32172,44127,41218,60330,59498,77772,76927,56577,60581,37977,48712,12126,21663,5466,5240,10893,10839,12843,15156,18755,23860,53267,55531,45184,48265,34052,43675,11332,20276,512425,301153,76291,36676,109411,64802,11965,47,48
2021-06-17T23:59:59+02:00,511,445,20797,19257,37082,31542,43332,40466,59922,59130,77474,76674,56460,60452,37928,48644,12113,21638,5276,5026,10511,10288,12318,14382,17821,22498,51690,53587,44032,46914,33734,43278,11285,20192,506440,293825,76198,36547,109400,60640,11782,47,48
2021-06-16T23:59:59+02:00,405,367,20001,18308,36092,30611,42325,39493,59379,58647,77076,76355,56315,60296,37869,48557,12103,21615,5088,4869,9998,9963,11583,13884,16274,21194,47808,50039,42274,44903,33267,42706,11222,20065,499061,277639,75661,36346,109384,59454,11661,47,47
2021-06-15T23:59:59+02:00,295,264,19191,17458,35166,29752,41393,38603,58943,58206,76740,76027,56171,60126,37810,48487,12088,21581,4888,4745,9476,9698,10875,13411,14761,20004,43535,45946,40722,43058,32786,42083,11155,19937,491835,260449,75543,36310,109374,58782,11502,47,46
2021-06-14T23:59:59+02:00,191,173,18079,16229,33920,28476,39930,37192,58352,57639,76346,75685,56043,59981,37767,48416,12079,21566,4765,4652,9130,9489,10394,13092,13590,19000,40890,43393,39649,41908,32493,41683,11123,19852,482086,249277,75108,36283,109370,58052,11454,46,46
2021-06-13T23:59:59+02:00,150,134,17571,15825,33444,28074,39437,36810,58138,57458,76197,75583,56016,59941,37745,48394,12076,21557,4679,4603,8982,9416,10230,13023,12984,18546,40421,43000,39412,41685,32433,41599,11117,19838,479009,248313,74805,34856,109363,57435,11327,46,46
2021-06-12T23:59:59+02:00,150,134,17564,15805,33428,28065,39430,36806,58131,57454,76193,75581,56015,59939,37744,48394,12076,21557,4672,4597,8971,9411,10218,13016,12972,18533,40237,42853,39389,41670,32429,41597,11117,19837,478930,247878,74801,34856,109363,57422,11326,46,46
2021-06-11T23:59:59+02:00,148,134,17480,15745,33280,27992,39258,36749,58011,57418,76122,75556,56002,59934,37742,48391,12076,21556,4590,4404,8813,8851,10027,12297,12738,17462,39748,41551,39234,41539,32411,41561,11115,19836,478586,247388,74387,34855,109258,52580,11317,46,46
2021-06-10T23:59:59+02:00,133,114,16639,15029,31864,27079,38013,35834,57328,56960,75712,75284,55912,59842,37703,48346,12065,21538,4339,4211,8253,8348,9345,11535,12002,16395,36892,38509,38431,40733,32245,41380,11099,19806,474697,240312,71413,34723,108982,48194,10257,46,46
2021-06-09T23:59:59+02:00,111,89,15865,14324,30585,26179,36798,34948,56749,56572,75368,75056,55828,59735,37676,48301,12052,21518,4155,4060,7892,8160,8876,11315,11381,16015,31805,33640,36932,39195,32000,41111,11078,19756,470035,226376,68983,34598,108937,46608,9755,44,43
2021-06-08T23:59:59+02:00,84,71,14950,13466,29205,25091,35433,33939,56133,56165,75067,74837,55752,59657,37653,48269,12048,21508,4073,3998,7734,8038,8724,11200,11087,15808,28976,30825,35973,38254,31840,40915,11054,19723,465452,218882,65550,34538,108890,45376,9392,44,43
2021-06-07T23:59:59+02:00,76,58,14313,12893,27837,24278,34273,33157,55656,55907,74822,74724,55715,59617,37637,48258,12048,21504,3980,3925,7539,7910,8424,11068,10719,15562,24638,26440,34505,36714,31618,40648,11026,19694,462319,207080,62513,34472,108858,43785,9039,44,43
2021-06-06T23:59:59+02:00,75,55,13992,12698,27050,23859,33620,32738,55346,55741,74664,74655,55694,59593,37623,48249,12046,21503,3913,3888,7386,7868,8266,10983,10396,15359,21811,23562,33502,35632,31478,40493,11019,19679,461171,204286,60457,29223,108830,42994,8699,44,42
2021-06-05T23:59:59+02:00,75,53,13962,12668,27007,23819,33591,32719,55341,55731,74658,74649,55689,59588,37618,48247,12046,21503,3891,3873,7351,7846,8219,10965,10333,15317,20383,22008,32705,34751,31408,40412,11015,19672,461047,199308,60352,29220,108823,42890,8698,44,42
2021-06-04T23:59:59+02:00,69,49,13733,12405,26693,23502,33254,32409,55280,55651,74619,74629,55680,59583,37617,48245,12046,21502,3862,3845,7272,7767,8164,10887,10254,15194,20276,21891,32631,34696,31376,40375,11012,19669,459144,199227,60289,29207,108791,42006,8698,44,42
2021-06-03T23:59:59+02:00,51,44,13166,11921,25657,22818,32118,31659,54784,55318,74303,74436,55607,59502,37582,48213,12039,21485,3733,3755,6997,7597,7882,10714,9926,14958,18388,20027,30650,32381,31103,40043,10989,19620,454812,190617,58785,29187,108775,40642,8287,44,39
2021-06-02T23:59:59+02:00,37,32,12476,11178,24659,21915,30981,30705,54519,55053,74112,74296,55554,59420,37565,48191,12031,21478,3699,3735,6937,7540,7826,10664,9843,14867,17867,19478,28721,30203,31004,39900,10982,19609,448503,185078,58607,29186,108773,40305,8276,43,39
2021-06-01T23:59:59+02:00,23,18,11348,10296,22532,20483,28443,28811,53106,53992,73105,73514,55250,59093,37442,48017,11995,21416,3470,3561,6438,7230,7224,10241,8984,14265,15918,17663,24932,25947,30317,39016,10906,19455,438990,171063,54146,29051,108735,38454,6970,43,37
2021-05-31T23:59:59+02:00,18,14,10485,9631,20694,19311,26394,27298,51997,53141,72399,72963,55033,58830,37368,47911,11981,21380,3328,3407,6103,6983,6825,9944,8444,13909,14850,16684,23736,24571,29928,38527,10846,19361,432181,165309,49769,29013,108715,36956,6140,43,36
2021-05-30T23:59:59+02:00,16,11,10137,9287,19971,18817,25688,26719,51658,52859,72162,72766,54956,58752,37343,47883,11973,21371,3147,3217,5755,6716,6536,9703,8226,13703,14592,16413,23444,24252,29818,38421,10832,19333,429594,164479,49360,28956,108683,35956,4689,43,36
2021-05-29T23:59:59+02:00,16,11,10121,9275,19953,18787,25668,26693,51647,52854,72158,72756,54954,58747,37342,47883,11972,21371,3145,3209,5751,6711,6530,9701,8218,13695,14582,16407,23433,24244,29814,38415,10831,19332,429433,164406,49360,28954,108683,35941,4689,43,36
2021-05-28T23:59:59+02:00,16,11,10055,9181,19813,18618,25405,26462,51487,52678,72011,72625,54915,58697,37328,47863,11969,21358,3098,3131,5658,6572,6427,9500,8103,13421,14390,16131,23281,24088,29760,38352,10824,19323,427776,164016,49323,28953,108663,34375,4688,42,35
2021-05-27T23:59:59+02:00,16,11,8798,7993,17410,16814,22628,24313,50395,51865,71345,72134,54717,58472,37233,47768,11955,21328,2800,2797,4813,5947,5534,8720,7311,12431,13262,14939,22289,23051,29373,37896,10769,19237,415878,160193,48367,28690,108521,29872,2387,42,35
2021-05-26T23:59:59+02:00,15,11,8397,7580,16534,16008,21439,23305,49790,51318,70924,71746,54566,58307,37165,47690,11944,21298,2616,2625,4444,5610,5056,8213,6833,11783,12292,13959,21387,22017,29061,37453,10722,19152,410282,156331,47634,28603,108439,26622,1641,41,34
2021-05-25T23:59:59+02:00,15,11,7826,6979,15288,15126,19989,22132,49309,50915,70676,71561,54488,58221,37140,47662,11940,21288,2540,2525,4253,5482,4810,7985,6552,11474,11734,13425,19226,19840,28687,36914,10687,19103,403498,150630,47393,28590,108391,24748,1243,41,34
2021-05-24T23:59:59+02:00,15,11,7738,6879,15064,14998,19704,21953,49208,50796,70632,71522,54484,58215,37137,47659,11938,21285,2498,2462,4167,5314,4717,7742,6427,11191,11596,13183,19111,19726,28636,36868,10680,19092,402363,150481,47314,28547,108292,23130,1228,41,32
2021-05-23T23:59:59+02:00,14,11,7722,6866,15026,14981,19649,21925,49197,50794,70627,71516,54482,58211,37137,47657,11938,21285,2495,2457,4161,5310,4706,7738,6421,11178,11573,13160,18970,19528,28605,36829,10678,19090,402173,149991,47314,28545,108291,23121,1219,41,31
2021-05-22T23:59:59+02:00,14,11,7719,6858,15017,14969,19638,21917,49197,50792,70624,71516,54482,58210,37137,47657,11938,21285,2493,2450,4154,5304,4704,7738,6417,11175,11565,13157,18957,19522,28604,36829,10678,19090,402118,149954,47314,28545,108291,23097,1217,41,31
2021-05-21T23:59:59+02:00,14,10,7644,6758,14891,14834,19433,21759,48958,50558,70482,71408,54455,58183,37129,47650,11932,21279,2423,2366,4065,5166,4601,7527,6294,10878,11393,12868,18891,19455,28588,36799,10675,19088,400546,149701,47311,28544,108266,21594,1214,40,31
2021-05-20T23:59:59+02:00,14,10,7368,6462,14306,14312,18496,20880,46279,48202,69324,70431,54097,57815,37020,47507,11900,21248,2160,2199,3705,4803,4158,6979,5739,10046,10304,11768,17610,18158,28081,36199,10599,18940,389535,144436,47144,28250,107959,17743,995,38,31
2021-05-19T23:59:59+02:00,13,9,7128,6241,13638,13826,17228,19879,42290,44722,67835,69122,53642,57288,36856,47276,11863,21197,2083,1995,3539,4465,3909,6456,5294,9363,9308,10651,16128,16508,27384,35279,10471,18730,374750,137253,46571,28106,107719,15215,975,38,21
2021-05-18T23:59:59+02:00,13,7,6932,6064,13088,13392,16131,19019,37567,40706,66381,67797,53087,56751,36705,47052,11821,21141,2037,1871,3400,4274,3724,6138,4960,8878,8442,9779,14544,14768,26674,34421,10380,18555,358640,130607,46506,27540,107560,13774,910,38,21
2021-05-17T23:59:59+02:00,13,7,6798,5970,12763,13143,15631,18629,35388,38840,65545,67012,52812,56436,36622,46943,11806,21104,1966,1808,3213,4091,3504,5907,4638,8506,7663,9079,11280,10738,25764,33269,10299,18384,354914,125381,42229,21438,107476,12471,805,38,21
2021-05-16T23:59:59+02:00,13,7,6734,5884,12638,12989,15459,18462,34896,38369,65359,66842,52756,56373,36609,46916,11801,21099,1907,1711,3109,3968,3424,5805,4530,8359,7480,8890,9085,8137,25279,32584,10265,18327,353434,124236,41720,16077,107440,11958,575,37,21
2021-05-15T23:59:59+02:00,13,7,6729,5875,12631,12983,15454,18456,34887,38366,65357,66840,52756,56372,36609,46916,11801,21099,1906,1711,3107,3963,3419,5802,4525,8356,7478,8887,9083,8135,25278,32584,10265,18327,353387,124206,41720,16077,107435,11957,572,37,21
2021-05-14T23:59:59+02:00,13,7,6529,5779,12390,12920,15222,18364,33914,37575,64821,66431,52660,56285,36592,46882,11799,21094,1789,1623,2995,3891,3362,5694,4475,8210,7430,8758,9076,8129,25277,32584,10265,18326,350017,124147,41689,16073,106973,11089,562,36,20
2021-05-13T23:59:59+02:00,13,7,6283,5594,11986,12665,14653,17916,30384,34786,62340,64352,52028,55612,36455,46662,11787,21046,1747,1583,2939,3815,3330,5603,4432,8107,7348,8639,9036,8069,25258,32541,10260,18322,336024,123894,41464,16049,106545,10572,500,36,20
2021-05-12T23:59:59+02:00,13,7,6266,5569,11913,12602,14542,17806,29749,34209,61831,63899,51854,55439,36418,46617,11780,21033,1747,1580,2937,3814,3326,5603,4429,8106,7346,8633,9029,8066,25258,32539,10260,18321,333023,123871,41450,16038,106540,10571,500,34,20
2021-05-11T23:59:59+02:00,12,7,5948,5436,11469,12320,13995,17424,25491,30722,59449,61890,51193,54762,36229,46373,11756,20970,1706,1465,2834,3552,3205,5228,4289,7664,7192,8312,8944,7983,25229,32499,10256,18310,318086,123629,41397,15848,105555,8800,377,31,20
2021-05-10T23:59:59+02:00,12,7,5822,5362,11309,12203,13774,17252,22016,27960,58198,60774,50831,54408,36137,46249,11741,20939,1667,1367,2749,3324,3102,4896,4178,7174,7070,7872,8904,7923,25217,32478,10254,18306,308154,123482,41237,15699,105262,6977,310,31,19
2021-05-09T23:59:59+02:00,12,7,5745,5330,11220,12137,13672,17171,20414,26778,57734,60389,50728,54308,36112,46208,11734,20934,1650,1345,2693,3201,3051,4755,4133,7054,7020,7778,8893,7911,25210,32472,10253,18306,307583,123440,37666,15653,105057,6322,297,30,19
2021-05-08T23:59:59+02:00,12,7,5742,5328,11209,12132,13662,17162,20406,26772,57725,60383,50725,54300,36108,46205,11732,20931,1649,1345,2692,3198,3051,4755,4130,7051,7019,7777,8891,7911,25209,32470,10253,18306,307493,123423,37665,15653,105056,6321,297,30,19
2021-05-07T23:59:59+02:00,12,7,5702,5292,11143,12084,13555,17082,19953,26415,56726,59573,50596,54170,36078,46174,11729,20917,1548,1302,2612,3153,3009,4726,4096,7028,6997,7745,8883,7902,25207,32469,10253,18305,304329,123388,37648,15644,104910,5898,292,29,19
2021-05-06T23:59:59+02:00,12,7,5452,5180,10627,11776,12847,16627,18652,25428,52459,55916,49398,52789,35748,45773,11677,20816,1327,1169,2374,2981,2839,4560,3945,6829,6845,7594,8809,7821,25187,32434,10250,18298,289185,123116,37458,15505,104352,4464,164,25,19
2021-05-05T23:59:59+02:00,12,7,5195,5082,10134,11539,12092,16174,17322,24445,48095,51777,47731,50869,35309,45201,11602,20693,1281,1076,2311,2853,2753,4381,3851,6589,6738,7396,8694,7725,25125,32359,10244,18282,272008,122632,37232,15460,103966,3505,48,25,19
2021-05-04T23:59:59+02:00,12,7,5112,4997,9820,11323,11640,15785,16342,23578,46220,49748,46663,49563,34934,44714,11533,20584,1270,1057,2283,2812,2712,4297,3798,6481,6666,7318,8651,7686,25104,32342,10243,18277,261629,122413,37208,15397,103688,3149,25,25,19
2021-05-03T23:59:59+02:00,12,7,5011,4909,9466,11151,11176,15520,15284,22717,44644,48131,45783,48610,34712,44368,11505,20492,1255,1032,2248,2780,2670,4233,3750,6427,6591,7264,8078,6995,23356,30007,10105,18039,252604,116579,37198,15315,103655,2907,16,25,19
2021-05-02T23:59:59+02:00,12,7,4948,4891,9351,11113,11028,15459,14672,22226,44125,47721,45643,48444,34662,44306,11498,20481,1251,1026,2230,2777,2657,4225,3721,6413,6571,7250,7888,6752,21377,27594,10058,17951,251392,116557,35559,10296,103600,2863,11,25,19
2021-05-01T23:59:59+02:00,12,7,4948,4889,9347,11108,11025,15457,14668,22222,44123,47717,45642,48444,34662,44306,11498,20481,1250,1026,2230,2777,2657,4225,3720,6413,6570,7250,7888,6751,21377,27594,10058,17951,251362,116554,35559,10296,103599,2862,11,25,19
2021-04-30T23:59:59+02:00,12,7,4902,4865,9280,11093,10970,15432,14592,22196,42642,46306,45308,48112,34625,44254,11493,20471,1044,932,2034,2687,2558,4164,3634,6353,6507,7191,7881,6734,21376,27592,10058,17951,247378,116545,35559,10293,103587,1834,11,25,18
2021-04-29T23:59:59+02:00,12,7,4664,4783,8804,10944,10365,15258,13906,21987,37704,41989,44297,47082,34503,44136,11489,20440,864,854,1860,2607,2473,4098,3526,6282,6438,7143,7858,6714,21371,27585,10058,17951,233632,116511,35456,10188,103246,959,11,25,18
2021-04-28T23:59:59+02:00,12,7,4487,4748,8553,10857,10011,15168,13550,21832,33054,37484,43051,45826,34377,43988,11474,20422,822,827,1822,2560,2441,4022,3490,6173,6390,7053,7838,6695,21358,27572,10053,17944,220400,116426,35437,10140,103031,472,10,23,17
2021-04-27T23:59:59+02:00,11,6,4257,4535,8209,10409,9623,14586,13080,21185,31925,36359,42769,45542,34361,43960,11470,20419,794,813,1787,2537,2423,4004,3472,6154,6355,7026,7827,6687,21353,27568,10050,17938,217675,116369,35423,10110,99575,287,10,23,17
2021-04-26T23:59:59+02:00,11,6,4235,4508,8136,10370,9517,14532,12930,21124,27509,31981,41549,44318,34281,43859,11457,20408,762,802,1757,2518,2395,3984,3447,6133,6304,6980,7779,6638,21322,27537,10050,17931,205795,116168,35414,10065,99491,84,10,21,17
2021-04-25T23:59:59+02:00,11,6,4212,4495,8104,10345,9454,14500,12837,21077,25540,29939,40848,43558,34234,43800,11453,20402,750,794,1745,2504,2377,3969,3423,6112,6272,6951,7759,6621,21305,27516,10049,17927,205128,116142,30301,9831,99356,80,9,21,17
2021-04-24T23:59:59+02:00,11,6,4193,4484,8073,10316,9412,14484,12785,21056,24037,28275,40089,42715,34169,43724,11450,20396,749,793,1742,2502,2376,3965,3423,6108,6272,6948,7757,6618,21304,27516,10049,17927,200059,116121,30301,9830,99285,77,9,21,17
2021-04-23T23:59:59+02:00,10,6,3928,4333,7604,10021,8984,14129,12223,20653,23556,27975,40000,42653,34148,43690,11444,20389,736,783,1725,2489,2356,3949,3400,6085,6250,6929,7743,6600,21299,27505,10049,17926,199709,116106,30286,9631,95723,66,9,19,17
2021-04-22T23:59:59+02:00,10,6,3835,4274,7415,9904,8705,13936,11778,20327,21225,25616,37238,39404,33621,43017,11373,20266,723,774,1696,2458,2298,3892,3329,6013,6141,6832,7664,6513,21243,27461,10046,17911,186668,115989,30095,8922,95159,64,9,19,15
2021-04-21T23:59:59+02:00,10,4,3808,4241,7284,9825,8523,13764,11442,20036,19965,24411,34025,35684,33139,42317,11308,20137,699,756,1661,2430,2254,3867,3296,5980,6101,6793,7632,6486,21223,27437,10042,17907,174895,115876,29920,8609,95080,60,9,19,15
2021-04-20T23:59:59+02:00,10,4,3774,4214,7179,9756,8312,13606,11073,19739,18871,23262,30714,32038,32661,41719,11251,20022,691,746,1646,2418,2220,3845,3253,5934,6060,6751,7590,6440,21197,27414,10036,17904,163262,115717,29897,8351,95018,58,9,19,15
2021-04-19T23:59:59+02:00,10,4,3756,4198,7105,9718,8194,13496,10818,19554,18207,22602,29841,30907,32368,41354,11209,19948,683,741,1624,2404,2196,3815,3217,5901,6026,6720,7546,6407,21166,27385,10034,17900,158428,115583,29879,8107,94954,56,9,19,15
2021-04-18T23:59:59+02:00,10,4,3753,4191,7089,9705,8180,13479,10781,19528,18119,22519,29719,30781,32340,41331,11206,19940,681,737,1609,2392,2179,3800,3192,5875,5996,6697,7523,6394,21148,27363,10031,17897,157935,115524,29810,7916,94903,55,9,18,15
2021-04-17T23:59:59+02:00,10,4,3752,4189,7086,9702,8177,13479,10775,19521,18106,22508,29696,30768,32338,41328,11206,19940,680,737,1608,2391,2177,3799,3188,5874,5994,6695,7523,6394,21148,27363,10031,17897,157852,115510,29809,7916,94897,54,9,18,15
2021-04-16T23:59:59+02:00,10,4,3585,4151,6741,9573,7807,13292,10378,19276,17653,22233,29491,30607,32255,41238,11191,19921,667,718,1596,2376,2150,3784,3134,5837,5952,6645,7430,6303,20735,26796,10001,17836,157096,114180,29801,7710,92482,51,9,18,15
2021-04-15T23:59:59+02:00,10,4,3484,4072,6390,9201,7228,12792,9601,18444,16330,21006,28292,29312,31735,40596,11110,19745,637,695,1543,2337,2066,3697,3024,5717,5623,6407,6931,5914,19993,25875,9902,17666,151348,110796,29507,7166,88470,46,9,18,15
2021-04-14T23:59:59+02:00,9,4,3432,4024,6156,8960,6897,12415,8981,17897,15210,19974,26876,27811,31103,39714,10998,19547,604,669,1497,2298,1991,3619,2882,5594,5314,6173,6385,5406,18971,24584,9815,17486,144532,106518,29307,6711,86143,40,9,17,15
2021-04-13T23:59:59+02:00,9,4,3400,3992,6067,8882,6749,12285,8679,17651,14410,19282,23533,24249,30167,38533,10892,19371,599,660,1484,2275,1959,3585,2784,5523,5097,5990,6020,5063,18669,24236,9773,17419,132896,104401,29297,6678,85936,39,9,17,14
2021-04-12T23:59:59+02:00,9,4,3378,3971,6017,8822,6661,12201,8461,17457,13794,18753,22526,23098,29743,37974,10823,19244,589,652,1474,2267,1936,3564,2728,5473,4948,5885,5699,4780,18373,23932,9734,17358,127808,102805,29277,6530,85825,39,9,17,14
2021-04-11T23:59:59+02:00,9,4,3372,3965,5999,8798,6632,12184,8419,17434,13703,18693,22397,22950,29693,37911,10813,19220,586,647,1461,2257,1923,3557,2711,5456,4911,5848,5640,4720,18199,23698,9713,17327,127270,102139,29211,6458,85689,39,9,17,14
2021-04-10T23:59:59+02:00,9,4,3364,3964,5976,8797,6610,12183,8397,17433,13679,18691,22392,22947,29689,37910,10813,19220,583,644,1454,2250,1918,3554,2704,5447,4895,5840,5628,4703,18036,23444,9699,17303,127249,101620,29120,6426,85684,39,8,17,14
2021-04-09T23:59:59+02:00,8,4,3326,3952,5928,8783,6552,12164,8358,17406,13629,18645,20436,20529,29203,37291,10783,19170,570,631,1428,2228,1891,3530,2662,5411,4822,5778,5512,4600,17458,22712,9661,17232,126549,99853,23992,6226,85603,31,7,16,14
2021-04-08T23:59:59+02:00,8,4,3301,3933,5860,8751,6478,12125,8268,17343,13484,18528,17837,17456,28680,36623,10745,19119,528,602,1340,2146,1797,3433,2483,5227,4322,5415,4706,3994,15665,20475,9470,16923,125678,92833,18117,5656,84726,22,6,16,14
2021-04-07T23:59:59+02:00,6,4,3223,3905,5654,8701,6270,12065,8060,17268,13224,18432,15167,14379,28003,35822,10715,19066,504,573,1285,2089,1702,3353,2329,5087,3910,5084,3987,3423,14807,19603,9354,16736,125468,88485,16577,5308,77898,19,5,16,14
2021-04-06T23:59:59+02:00,5,4,3195,3895,5609,8681,6199,12041,7975,17232,13151,18361,13180,12010,27368,35106,10702,19036,474,550,1217,2034,1616,3270,2167,4968,3539,4808,3462,3010,13961,18599,9278,16615,125339,84835,16373,4706,72017,15,5,16,12
2021-04-05T23:59:59+02:00,5,4,3193,3892,5574,8666,6162,12028,7930,17215,13078,18325,13135,11964,27357,35090,10701,19033,442,520,1165,1997,1565,3229,2099,4914,3451,4732,3405,2958,13817,18427,9269,16597,125314,84341,16164,4220,71854,15,4,16,12
2021-04-04T23:59:59+02:00,5,4,3192,3890,5574,8664,6160,12027,7929,17213,13078,18325,13132,11964,27356,35090,10701,19033,441,519,1164,1997,1564,3229,2098,4914,3451,4732,3405,2958,13816,18427,9269,16597,125304,84335,16164,4220,71849,15,4,16,12
2021-04-03T23:59:59+02:00,5,4,3191,3890,5574,8663,6160,12027,7929,17213,13078,18325,13132,11963,27355,35087,10701,19033,441,517,1164,1997,1563,3229,2098,4913,3445,4729,3399,2947,13729,18290,9260,16581,125299,84056,16164,4220,71847,15,4,16,12
2021-04-02T23:59:59+02:00,5,4,3191,3887,5571,8658,6156,12018,7921,17200,13052,18294,13086,11910,27327,35068,10698,19029,438,510,1162,1993,1551,3220,2087,4891,3415,4696,3367,2918,12792,17039,9193,16472,125132,81582,16161,4138,71762,15,4,16,10
2021-04-01T23:59:59+02:00,5,4,3177,3873,5532,8639,6089,11985,7850,17165,12940,18222,12971,11783,27269,34992,10689,19014,390,466,1064,1925,1451,3131,1935,4778,3210,4565,3131,2716,10756,14439,9080,16292,124817,75961,16037,3345,71327,15,3,15,10
2021-03-31T23:59:59+02:00,5,4,3176,3859,5515,8605,6054,11949,7806,17120,12859,18153,12857,11661,27218,34929,10681,19004,352,444,1028,1882,1377,3091,1830,4674,2952,4364,2717,2401,8158,11204,8899,16050,124505,68400,15997,3001,70936,14,3,14,9
2021-03-30T23:59:59+02:00,5,4,3169,3848,5490,8579,6021,11917,7766,17080,12781,18087,12771,11524,27180,34881,10675,18994,331,426,1006,1850,1318,3056,1705,4594,2705,4192,2349,2153,7269,10117,8832,15921,124373,65077,15965,2726,70418,14,2,14,9
2021-03-29T23:59:59+02:00,5,4,3157,3844,5461,8559,5984,11882,7721,17047,12707,18010,12124,10767,25307,32387,10525,18737,325,423,999,1835,1298,3031,1671,4554,2557,4104,2061,2002,6611,9408,8788,15843,118366,62768,15794,2723,70052,12,2,14,9
2021-03-28T23:59:59+02:00,5,4,3127,3828,5412,8521,5933,11837,7640,16992,12597,17940,11860,10464,23321,29921,10470,18638,324,421,997,1834,1289,3027,1667,4552,2545,4096,2036,1982,6588,9393,8786,15838,118306,62637,10608,2721,69580,12,2,14,7
2021-03-27T23:59:59+01:00,5,4,3115,3824,5373,8510,5897,11822,7592,16977,12551,17893,11825,10420,23317,29913,10470,18638,324,421,997,1834,1289,3027,1666,4550,2543,4093,2034,1980,6540,9318,8753,15789,118237,62420,10607,2721,69286,12,2,14,7
2021-03-26T23:59:59+01:00,5,4,2982,3503,4923,7358,5403,10503,6981,14930,11742,15608,11604,10237,22832,29183,10425,18567,323,417,992,1831,1283,3022,1663,4548,2538,4086,2026,1974,6410,9129,8609,15600,116682,61735,10351,2709,59741,2,2,14,7
2021-03-25T23:59:59+01:00,5,3,2860,3240,4764,6594,5174,9353,6656,13211,11015,13804,10742,9433,22102,28335,10348,18410,318,408,985,1822,1268,3003,1644,4514,2502,4036,1958,1916,6118,8700,8329,15147,113755,59957,9648,2705,52630,1,2,14,7
2021-03-24T23:59:59+01:00,5,3,2813,3195,4688,6530,5040,9247,6450,13040,10502,13399,9901,8609,21084,27073,10249,18222,316,403,977,1816,1251,2992,1629,4490,2455,3981,1890,1841,5752,8226,7913,14472,109718,57707,9301,2693,51018,1,0,13,7
2021-03-23T23:59:59+01:00,5,3,2785,3162,4620,6462,4929,9153,6238,12878,10044,12977,9184,7940,20569,26464,10194,18115,304,390,960,1807,1236,2970,1600,4469,2405,3933,1812,1775,5468,7843,7509,13846,107319,55631,8966,2692,49424,1,0,13,7
2021-03-22T23:59:59+01:00,5,3,2768,3123,4561,6423,4853,9085,6099,12739,9682,12703,8582,7373,20148,26027,10133,18021,302,387,948,1801,1222,2956,1587,4456,2379,3905,1785,1754,5329,7669,7058,13021,105830,53867,8708,2687,47777,1,0,13,6
2021-03-21T23:59:59+01:00,5,3,2761,3107,4515,6399,4802,9049,6006,12672,9493,12515,8276,7115,19980,25861,10121,17993,302,387,947,1801,1220,2956,1586,4455,2376,3905,1778,1748,5320,7664,7027,12963,105628,53760,8475,2670,46557,1,0,13,6
2021-03-20T23:59:59+01:00,5,3,2761,3100,4507,6394,4795,9046,6002,12664,9473,12501,8243,7083,19806,25584,10105,17967,302,387,947,1800,1219,2956,1585,4454,2372,3897,1766,1735,5305,7615,6849,12723,105071,53262,8462,2645,46493,1,0,13,6
2021-03-19T23:59:59+01:00,5,3,2725,3074,4435,6349,4688,8996,5862,12606,9205,12313,7939,6857,19322,24995,10073,17908,302,387,946,1799,1219,2953,1583,4453,2365,3892,1751,1724,5268,7572,6437,12103,103768,52126,8219,2623,45355,1,0,13,6
2021-03-18T23:59:59+01:00,5,3,2659,3001,4270,6211,4438,8791,5504,12299,8292,11644,6676,5841,18062,23632,9918,17675,299,382,941,1789,1205,2940,1544,4437,2300,3846,1672,1682,5193,7465,5694,10984,98842,49789,7675,2581,42391,0,0,13,5
2021-03-17T23:59:59+01:00,5,3,2622,2961,4191,6113,4300,8683,5249,12023,7616,11076,5687,4942,16711,22094,9749,17415,295,380,937,1782,1201,2931,1527,4416,2234,3821,1606,1637,5148,7399,5112,10093,93400,47992,7174,2524,40853,0,0,13,5
2021-03-16T23:59:59+01:00,5,3,2602,2933,4129,6046,4206,8586,5072,11867,7168,10686,4922,4325,15850,21111,9643,17240,291,378,934,1777,1198,2924,1519,4406,2212,3802,1575,1620,5110,7356,4600,9273,89743,46528,7135,2445,39504,0,0,12,4
2021-03-15T23:59:59+01:00,5,3,2599,2922,4113,6026,4175,8560,5023,11820,7050,10568,4775,4163,15529,20698,9611,17181,289,374,933,1771,1192,2917,1505,4397,2191,3780,1531,1603,5050,7282,4016,8410,88968,44936,7036,2303,38805,0,0,12,4
2021-03-14T23:59:59+01:00,5,2,2594,2913,4091,6006,4145,8541,4981,11787,6956,10479,4670,4050,15398,20528,9594,17141,287,373,933,1769,1186,2910,1500,4386,2180,3773,1521,1597,5042,7274,4010,8396,88658,44873,7018,2262,38194,0,0,11,4
2021-03-13T23:59:59+01:00,5,2,2588,2905,4084,5994,4137,8534,4972,11777,6936,10466,4648,4024,15082,20088,9574,17105,287,373,933,1769,1186,2910,1500,4386,2180,3773,1520,1597,5042,7273,4010,8396,87765,44872,6996,2261,38149,0,0,11,4
2021-03-12T23:59:59+01:00,5,2,2525,2829,3973,5823,4017,8312,4835,11479,6758,10195,4495,3886,14153,18824,9512,17003,287,372,931,1766,1186,2906,1498,4381,2179,3766,1513,1595,5035,7254,4008,8379,85284,44794,6935,2260,36398,0,0,9,4
2021-03-11T23:59:59+01:00,4,2,2399,2604,3745,5496,3760,7875,4508,10717,6127,9384,3975,3384,12538,16826,9410,16854,287,371,927,1762,1183,2892,1489,4369,2166,3739,1472,1567,4994,7217,3996,8352,80927,44645,6771,2136,31901,0,0,9,4
2021-03-10T23:59:59+01:00,4,2,2277,2473,3588,5258,3565,7552,4237,10233,5573,8814,3400,2941,10251,14104,9261,16622,284,367,922,1752,1176,2881,1485,4353,2144,3724,1443,1560,4963,7202,3987,8342,74584,44580,6599,2003,28963,0,0,9,4
2021-03-09T23:59:59+01:00,4,2,2252,2422,3520,5169,3450,7462,4066,10036,5178,8463,2917,2581,8726,12086,9155,16471,283,366,922,1746,1169,2872,1481,4345,2136,3713,1429,1555,4955,7197,3984,8340,69695,44539,6450,1952,27806,0,0,9,4
2021-03-08T23:59:59+01:00,4,2,2228,2348,3461,5101,3376,7378,3945,9923,4886,8270,2474,2317,6791,9683,9034,16294,283,363,921,1736,1163,2856,1475,4334,2133,3706,1418,1548,4939,7177,3977,8330,63992,44431,6114,1926,27400,0,0,9,4
2021-03-07T23:59:59+01:00,4,2,2166,2292,3366,4993,3279,7289,3846,9836,4749,8175,2423,2265,6768,9662,9034,16286,283,362,920,1736,1163,2854,1475,4334,2133,3706,1418,1548,4938,7177,3977,8330,63864,44428,5431,1924,27131,0,0,9,4
2021-03-06T23:59:59+01:00,4,2,2158,2279,3353,4983,3275,7285,3837,9826,4739,8170,2421,2263,6722,9592,9001,16236,283,362,919,1732,1162,2853,1475,4331,2129,3701,1417,1543,4932,7172,3975,8320,63652,44380,5371,1924,27114,0,0,9,4
2021-03-05T23:59:59+01:00,4,2,2028,2192,3129,4797,3036,6973,3558,9432,4405,7834,2332,2201,6516,9270,8804,15971,283,360,917,1729,1162,2852,1474,4325,2126,3695,1411,1541,4926,7166,3974,8313,62661,44328,4523,1924,25291,0,0,9,4
2021-03-04T23:59:59+01:00,4,2,1778,1971,2718,4362,2580,6334,2992,8531,3719,7021,2114,2041,6220,8903,8520,15508,280,359,916,1721,1160,2835,1473,4309,2117,3683,1400,1539,4914,7152,3967,8302,61000,44204,3244,1921,21065,0,0,9,4
2021-03-03T23:59:59+01:00,4,2,1707,1883,2611,4177,2447,6109,2852,8244,3532,6758,2031,1963,5879,8427,8156,14917,279,355,916,1711,1158,2812,1469,4285,2112,3668,1375,1527,4909,7146,3963,8294,58972,44057,3100,1921,19618,0,0,9,3
2021-03-02T23:59:59+01:00,4,2,1671,1807,2541,4059,2366,5959,2745,8063,3417,6605,1956,1896,5563,7988,7742,14238,277,350,913,1692,1155,2792,1466,4266,2111,3657,1350,1521,4899,7129,3958,8286,56845,43900,2858,1921,18910,0,0,9,3
2021-03-01T23:59:59+01:00,2,2,1661,1781,2502,3952,2318,5844,2709,7962,3364,6525,1914,1876,5426,7825,7260,13362,276,348,909,1686,1153,2780,1464,4253,2109,3642,1345,1516,4896,7127,3956,8279,54966,43817,2847,1921,18463,0,0,9,3
2021-02-28T23:59:59+01:00,2,2,1645,1742,2468,3880,2287,5789,2666,7883,3337,6477,1909,1872,5418,7820,7223,13302,276,348,908,1686,1153,2780,1464,4252,2109,3641,1345,1516,4896,7126,3956,8279,54840,43814,2846,1920,18027,0,0,9,3
2021-02-27T23:59:59+01:00,2,2,1643,1735,2465,3872,2283,5789,2664,7882,3334,6474,1903,1862,5408,7776,7050,13078,276,348,898,1681,1143,2773,1454,4243,2092,3632,1344,1513,4896,7125,3956,8279,54368,43810,2846,1842,17999,0,0,9,3
2021-02-26T23:59:59+01:00,2,1,1455,1578,2337,3629,2206,5384,2572,7379,3247,6016,1888,1837,5383,7743,6781,12685,274,346,890,1674,1135,2754,1448,4221,2082,3618,1337,1504,4889,7113,3952,8266,53611,43729,2827,1774,15676,0,0,9,2
2021-02-25T23:59:59+01:00,2,1,1241,1297,2119,3198,2034,4634,2375,6436,3006,5117,1797,1766,5331,7663,6197,11832,272,338,883,1613,1101,2658,1415,4111,2026,3543,1299,1483,4845,7071,3932,8211,51707,43255,2816,1546,11515,0,0,8,2
2021-02-24T23:59:59+01:00,2,1,1188,1088,2013,2933,1928,4297,2242,6032,2835,4847,1720,1711,5270,7573,5426,10637,270,332,847,1565,1051,2567,1354,3995,1937,3415,1259,1455,4828,7044,3922,8190,49340,42990,2804,1041,9591,0,0,8,2
2021-02-23T23:59:59+01:00,2,1,1173,1037,1978,2869,1902,4198,2216,5947,2801,4784,1711,1696,5234,7525,4780,9602,270,331,820,1538,1001,2515,1301,3917,1831,3340,1207,1428,4804,7018,3909,8151,47539,42783,2777,598,9133,0,0,7,2
2021-02-22T23:59:59+01:00,2,1,1165,995,1929,2725,1858,4053,2160,5752,2747,4678,1700,1685,5200,7476,4165,8712,268,321,777,1500,947,2432,1212,3809,1691,3243,1117,1369,4761,6947,3881,8041,45913,42307,2758,9,8326,0,0,6,2
2021-02-21T23:59:59+01:00,2,1,1163,981,1900,2663,1831,3956,2133,5647,2727,4615,1693,1679,5197,7467,4165,8708,266,319,772,1494,939,2400,1210,3773,1678,3203,1108,1354,4744,6923,3856,7997,45860,42027,2748,9,7914,0,0,6,2
2021-02-20T23:59:59+01:00,2,1,1163,981,1900,2662,1830,3956,2133,5647,2725,4610,1684,1670,5191,7460,4163,8705,266,319,772,1493,938,2396,1209,3769,1677,3201,1108,1354,4692,6863,3809,7940,45845,41798,2720,8,7912,0,0,6,2
2021-02-19T23:59:59+01:00,2,1,1163,978,1897,2657,1830,3946,2132,5638,2721,4607,1666,1661,5176,7442,4160,8700,265,318,768,1483,929,2371,1202,3726,1649,3148,1080,1315,4498,6610,3629,7639,45765,40622,2699,8,7907,0,0,6,2
2021-02-18T23:59:59+01:00,2,1,1132,896,1857,2538,1792,3809,2079,5432,2659,4434,1650,1644,5160,7409,4155,8671,237,289,723,1358,881,2165,1116,3389,1533,2851,970,1125,4003,5827,3213,6734,45612,36406,2666,8,7036,0,0,6,2
2021-02-17T23:59:59+01:00,2,1,1084,769,1776,2306,1715,3513,1970,5072,2584,4187,1625,1635,5139,7394,4146,8668,232,286,713,1340,872,2143,1104,3354,1514,2830,964,1122,3620,5300,2915,6306,45572,34607,2606,8,5402,0,0,6,2
2021-02-16T23:59:59+01:00,2,1,1043,731,1722,2203,1646,3341,1900,4865,2505,4079,1587,1621,5112,7371,4137,8656,225,280,697,1305,850,2089,1073,3236,1475,2743,940,1099,3262,4750,2573,5807,45518,32399,2439,5,4559,0,0,6,2
2021-02-15T23:59:59+01:00,2,1,1036,712,1702,2126,1628,3241,1881,4756,2491,4000,1557,1607,5081,7355,4104,8600,213,270,681,1272,831,2039,1052,3170,1433,2678,910,1068,2833,4191,2236,5225,45390,30098,2353,4,4131,0,0,6,2
2021-02-14T23:59:59+01:00,2,1,942,679,1624,2093,1566,3221,1838,4734,2456,3987,1550,1605,5072,7344,4102,8594,206,259,672,1254,813,1999,1036,3104,1402,2610,881,1023,2741,4049,2157,5026,45348,29229,2318,3,3739,0,0,5,2
2021-02-13T23:59:59+01:00,2,1,889,655,1594,2070,1551,3212,1822,4727,2448,3986,1549,1604,5072,7343,4101,8593,204,258,670,1253,813,1995,1036,3102,1401,2607,880,1023,2637,3924,2092,4925,45341,28817,2318,3,3555,0,0,5,2
2021-02-12T23:59:59+01:00,2,1,559,508,1247,1953,1380,3109,1682,4644,2341,3916,1530,1596,5062,7332,4091,8583,192,252,655,1227,799,1951,1009,3017,1346,2507,818,948,2410,3609,1944,4602,45220,27284,2318,2,1993,0,0,5,2
2021-02-11T23:59:59+01:00,2,1,394,432,1058,1839,1277,2991,1585,4531,2252,3826,1421,1551,4999,7280,4068,8533,155,189,555,983,664,1505,808,2345,1066,1914,576,696,1791,2722,1435,3321,44861,20726,2110,1,1064,0,0,5,0
2021-02-10T23:59:59+01:00,2,1,281,361,932,1733,1176,2869,1491,4347,2138,3704,1382,1538,4978,7269,4063,8531,133,127,384,622,493,1016,639,1735,898,1580,556,680,1385,2163,1118,2819,44785,16350,2001,0,6,0,0,4,0
2021-02-09T23:59:59+01:00,2,1,281,360,931,1727,1173,2861,1491,4341,2137,3699,1374,1535,4976,7267,4062,8529,130,125,376,589,474,989,618,1706,873,1550,554,677,1000,1698,837,2412,44760,14610,1978,0,5,0,0,4,0
2021-02-08T23:59:59+01:00,2,1,281,358,930,1725,1170,2851,1484,4335,2135,3695,1369,1531,4974,7267,4061,8526,125,119,365,576,466,970,607,1675,855,1524,546,672,606,1207,532,1983,44731,12830,1955,0,5,0,0,4,0
2021-02-07T23:59:59+01:00,2,1,281,358,927,1725,1169,2851,1482,4333,2135,3695,1369,1531,4974,7266,4060,8526,121,116,359,572,465,963,604,1663,845,1508,538,669,605,1197,527,1968,44727,12722,1954,0,0,0,0,4,0
2021-02-06T23:59:59+01:00,2,1,281,358,927,1725,1169,2851,1482,4333,2135,3695,1369,1531,4974,7266,4060,8526,118,113,357,568,464,961,604,1661,845,1507,537,668,605,1197,527,1968,44727,12702,1954,0,0,0,0,4,0
2021-02-05T23:59:59+01:00,2,1,280,357,925,1725,1169,2850,1480,4332,2134,3695,1369,1531,4973,7264,4060,8523,117,105,354,563,456,948,600,1651,832,1484,532,658,599,1181,517,1943,44712,12542,1954,0,0,0,0,4,0
2021-02-04T23:59:59+01:00,2,1,276,352,919,1686,1162,2803,1480,4279,2122,3652,1362,1524,4944,7233,4048,8489,89,70,236,390,331,690,471,1260,623,1116,402,520,504,965,453,1679,44378,9800,1953,0,0,0,0,3,0
2021-02-03T23:59:59+01:00,2,1,274,343,915,1661,1158,2768,1469,4229,2113,3616,1354,1508,4919,7203,4034,8459,55,34,83,165,153,345,229,592,300,542,212,278,288,601,264,1045,44070,5187,1953,0,0,0,0,3,0
2021-02-02T23:59:59+01:00,2,1,273,341,914,1649,1154,2749,1466,4197,2106,3590,1346,1502,4911,7188,4025,8433,16,10,27,50,62,100,73,164,96,123,45,75,70,133,57,207,43891,1309,1953,0,0,0,0,3,0
2021-02-01T23:59:59+01:00,2,1,273,337,914,1646,1153,2748,1465,4193,2105,3584,1345,1501,4909,7187,4025,8433,13,9,23,43,52,91,60,139,74,104,39,67,62,124,55,194,43865,1150,1953,0,0,0,0,3,0
2021-01-31T23:59:59+01:00,2,1,273,336,914,1642,1152,2743,1465,4188,2105,3581,1344,1501,4908,7186,4025,8433,12,8,21,38,45,83,54,128,64,98,34,56,53,114,52,187,43845,1048,1951,0,0,0,0,3,0
2021-01-30T23:59:59+01:00,2,1,273,336,909,1639,1144,2735,1457,4182,2101,3578,1344,1501,4855,7126,3979,8375,12,8,21,37,45,83,53,127,64,98,34,56,53,114,52,187,43617,1045,1917,0,0,0,0,3,0
2021-01-29T23:59:59+01:00,2,1,272,335,894,1631,1132,2714,1445,4152,2078,3551,1335,1495,4690,6924,3811,8167,10,8,21,37,42,83,52,125,61,97,33,52,52,114,52,187,42821,1027,1805,0,0,0,0,3,0
2021-01-28T23:59:59+01:00,2,1,268,322,875,1544,1093,2604,1408,4050,2009,3477,1309,1482,4354,6451,3533,7806,7,4,9,17,23,41,21,57,36,64,20,34,36,74,40,125,41023,609,1562,0,0,0,0,3,0
2021-01-27T23:59:59+01:00,2,1,262,319,833,1489,1046,2510,1344,3952,1935,3370,1269,1455,3940,5880,3206,7334,3,4,9,8,12,20,8,23,14,29,12,15,18,42,17,63,39035,298,1109,0,0,0,0,3,0
2021-01-26T23:59:59+01:00,2,1,255,310,797,1442,979,2425,1283,3825,1819,3262,1208,1404,3591,5323,2851,6810,1,1,5,3,5,7,4,3,3,8,7,5,5,7,4,8,36923,77,661,0,0,0,0,3,0
2021-01-25T23:59:59+01:00,2,1,245,301,745,1382,918,2307,1181,3681,1661,3141,1128,1372,3194,4808,2535,6333,1,1,5,2,3,7,2,2,3,8,7,5,5,7,4,8,34871,71,62,0,0,0,0,2,0
2021-01-24T23:59:59+01:00,2,1,242,301,739,1378,907,2291,1176,3665,1633,3111,1122,1370,3167,4772,2518,6311,1,1,3,2,3,7,2,2,3,8,7,5,5,7,4,8,34696,69,8,0,0,0,0,2,0
2021-01-23T23:59:59+01:00,2,1,241,300,738,1377,907,2287,1175,3663,1630,3109,1121,1370,3062,4645,2452,6210,1,1,3,2,2,7,2,2,3,8,7,5,5,7,4,8,34281,68,7,0,0,0,0,2,0
2021-01-22T23:59:59+01:00,2,1,240,297,735,1361,905,2274,1169,3647,1626,3106,1119,1369,2901,4451,2349,6065,1,1,3,2,2,7,2,2,3,8,7,5,5,7,4,8,33608,68,7,0,0,0,0,2,0
2021-01-21T23:59:59+01:00,2,1,235,268,670,1205,838,2062,1088,3362,1530,2900,1076,1326,2554,3986,2054,5624,1,0,3,1,2,7,2,2,3,8,7,4,5,7,4,8,30774,65,7,0,0,0,0,0,0
2021-01-20T23:59:59+01:00,2,1,210,204,509,853,663,1571,888,2661,1294,2435,978,1193,2016,3233,1628,4810,1,0,3,1,2,7,2,2,3,6,6,4,5,7,4,8,25142,62,7,0,0,0,0,0,0
2021-01-19T23:59:59+01:00,2,1,184,187,463,744,609,1416,803,2365,1120,2127,810,934,1362,2293,1142,3671,0,0,2,1,0,0,0,0,2,1,1,0,0,0,0,0,20230,7,3,0,0,0,0,0,0
2021-01-18T23:59:59+01:00,1,1,138,132,385,619,487,1061,647,1822,930,1635,603,725,693,1345,599,2247,0,0,1,0,0,0,0,0,1,0,0,0,0,0,0,0,14068,2,2,0,0,0,0,0,0
2021-01-17T23:59:59+01:00,1,1,127,118,369,584,472,996,618,1705,871,1536,554,684,642,1243,553,2082,0,0,0,0,0,0,0,0,0,0,0,0,0,0,0,0,13156,0,0,0,0,0,0,0,0
2021-01-16T23:59:59+01:00,1,1,120,114,366,580,470,984,612,1692,865,1529,553,683,641,1237,548,2068,0,0,0,0,0,0,0,0,0,0,0,0,0,0,0,0,13064,0,0,0,0,0,0,0,0
2021-01-15T23:59:59+01:00,1,1,118,107,363,574,462,968,608,1681,851,1505,547,671,633,1220,540,2043,0,0,0,0,0,0,0,0,0,0,0,0,0,0,0,0,12893,0,0,0,0,0,0,0,0
2021-01-14T23:59:59+01:00,1,1,97,86,280,465,390,789,504,1411,695,1217,431,539,551,1022,476,1841,0,0,0,0,0,0,0,0,0,0,0,0,0,0,0,0,10796,0,0,0,0,0,0,0,0
2021-01-13T23:59:59+01:00,1,1,67,47,167,282,255,523,352,921,474,781,264,327,334,672,306,1170,0,0,0,0,0,0,0,0,0,0,0,0,0,0,0,0,6944,0,0,0,0,0,0,0,0
2021-01-12T23:59:59+01:00,1,1,31,20,52,101,114,215,150,382,196,332,137,180,175,372,177,650,0,0,0,0,0,0,0,0,0,0,0,0,0,0,0,0,3286,0,0,0,0,0,0,0,0
2021-01-11T23:59:59+01:00,1,0,17,10,36,63,62,114,77,171,91,126,40,67,67,131,55,201,0,0,0,0,0,0,0,0,0,0,0,0,0,0,0,0,1329,0,0,0,0,0,0,0,0
2021-01-10T23:59:59+01:00,1,0,14,7,29,52,55,102,67,156,75,112,34,57,57,120,50,191,0,0,0,0,0,0,0,0,0,0,0,0,0,0,0,0,1179,0,0,0,0,0,0,0,0
2021-01-09T23:59:59+01:00,1,0,13,7,28,51,54,101,64,155,75,110,34,57,57,120,50,191,0,0,0,0,0,0,0,0,0,0,0,0,0,0,0,0,1168,0,0,0,0,0,0,0,0
2021-01-08T23:59:59+01:00,1,0,10,7,26,48,49,96,60,142,69,106,32,52,56,120,50,191,0,0,0,0,0,0,0,0,0,0,0,0,0,0,0,0,1115,0,0,0,0,0,0,0,0
2021-01-07T23:59:59+01:00,1,0,7,4,9,18,22,43,23,57,38,66,19,35,41,80,39,127,0,0,0,0,0,0,0,0,0,0,0,0,0,0,0,0,629,0,0,0,0,0,0,0,0
2021-01-06T23:59:59+01:00,1,0,7,4,9,15,14,30,15,40,25,53,16,25,34,70,37,111,0,0,0,0,0,0,0,0,0,0,0,0,0,0,0,0,506,0,0,0,0,0,0,0,0
2021-01-05T23:59:59+01:00,1,0,7,4,9,15,14,30,15,40,25,53,16,25,33,70,37,111,0,0,0,0,0,0,0,0,0,0,0,0,0,0,0,0,505,0,0,0,0,0,0,0,0
2021-01-04T23:59:59+01:00,1,0,2,4,8,5,4,14,4,8,6,16,7,5,9,16,5,15,0,0,0,0,0,0,0,0,0,0,0,0,0,0,0,0,129,0,0,0,0,0,0,0,0
2021-01-03T23:59:59+01:00,1,0,1,1,3,2,2,7,3,3,3,9,5,4,6,8,4,9,0,0,0,0,0,0,0,0,0,0,0,0,0,0,0,0,71,0,0,0,0,0,0,0,0
2021-01-02T23:59:59+01:00,1,0,1,1,3,2,2,7,3,3,3,9,5,4,6,8,4,9,0,0,0,0,0,0,0,0,0,0,0,0,0,0,0,0,71,0,0,0,0,0,0,0,0
2021-01-01T23:59:59+01:00,1,0,1,1,3,2,2,7,2,3,3,9,5,4,6,8,4,9,0,0,0,0,0,0,0,0,0,0,0,0,0,0,0,0,70,0,0,0,0,0,0,0,0
2020-12-31T23:59:59+01:00,1,0,1,1,3,1,2,7,2,2,3,8,5,4,6,8,4,9,0,0,0,0,0,0,0,0,0,0,0,0,0,0,0,0,67,0,0,0,0,0,0,0,0
2020-12-30T23:59:59+01:00,1,0,1,1,3,1,2,7,2,2,3,6,5,4,6,8,4,9,0,0,0,0,0,0,0,0,0,0,0,0,0,0,0,0,65,0,0,0,0,0,0,0,0
2020-12-29T23:59:59+01:00,1,0,1,1,2,1,2,6,2,2,3,6,3,2,5,8,3,8,0,0,0,0,0,0,0,0,0,0,0,0,0,0,0,0,56,0,0,0,0,0,0,0,0
2020-12-28T23:59:59+01:00,1,0,0,0,2,1,0,2,1,0,1,3,0,1,0,1,1,5,0,0,0,0,0,0,0,0,0,0,0,0,0,0,0,0,19,0,0,0,0,0,0,0,0
2020-12-27T23:59:59+01:00,0,0,0,0,0,0,0,1,1,0,1,2,0,1,0,1,1,5,0,0,0,0,0,0,0,0,0,0,0,0,0,0,0,0,13,0,0,0,0,0,0,0,0
