Datum,<15_1_m,<15_1_w,15-24_1_m,15-24_1_w,25-34_1_m,25-34_1_w,35-44_1_m,35-44_1_w,45-54_1_m,45-54_1_w,55-64_1_m,55-64_1_w,65-74_1_m,65-74_1_w,75-84_1_m,75-84_1_w,>84_1_m,>84_1_w,<15_2_m,<15_2_w,15-24_2_m,15-24_2_w,25-34_2_m,25-34_2_w,35-44_2_m,35-44_2_w,45-54_2_m,45-54_2_w,55-64_2_m,55-64_2_w,65-74_2_m,65-74_2_w,75-84_2_m,75-84_2_w,>84_2_m,>84_2_w,bp_1,bp_2,mo_1,mo_2,az_1,az_2,ja,unb_1,unb_2
2021-11-11T23:59:59+01:00,7092,6853,50106,47306,64684,55799,67025,62559,77687,75364,90469,87910,61238,65516,39951,51378,12667,22809,5513,5349,42904,41088,56971,49067,60730,56587,71545,69329,85437,83304,59250,63187,38746,49726,12176,21863,711078,647009,80196,76424,109705,103847,45428,49,64
2021-11-10T23:59:59+01:00,6907,6728,49393,46724,63924,55151,66428,62068,77239,74927,90173,87631,61152,65404,39911,51315,12656,22789,5479,5302,42721,40924,56782,48873,60566,56431,71397,69166,85316,83169,59191,63132,38707,49679,12169,21846,705391,645237,80103,76385,109702,103846,45318,49,64
2021-11-09T23:59:59+01:00,6804,6606,48748,46175,63273,54617,65979,61668,76834,74544,89905,87374,61077,65317,39881,51272,12651,22774,5452,5281,42575,40822,56654,48754,60465,56320,71304,69052,85227,83077,59141,63071,38686,49639,12160,21837,700739,644113,79925,76360,109693,103845,45135,49,64
2021-11-08T23:59:59+01:00,6710,6507,48129,45729,62660,54133,65522,61272,76453,74221,89673,87152,61004,65258,39855,51236,12646,22759,5429,5262,42471,40701,56527,48660,60381,56236,71216,68972,85168,83009,59098,63027,38674,49617,12155,21820,696502,643240,79767,76325,109693,103844,44950,49,64
2021-11-07T23:59:59+01:00,6667,6462,47859,45512,62374,53885,65293,61097,76250,74051,89560,87047,60970,65217,39847,51219,12644,22753,5418,5240,42411,40651,56453,48602,60323,56187,71161,68918,85134,82975,59077,63010,38663,49606,12153,21813,694455,642742,79727,76320,109693,103844,44825,49,64
2021-11-06T23:59:59+01:00,6655,6444,47825,45474,62315,53840,65259,61073,76225,74027,89542,87035,60970,65217,39847,51218,12644,22752,5415,5240,42407,40644,56439,48593,60317,56181,71157,68914,85128,82972,59077,63010,38663,49606,12153,21813,694120,642683,79723,76319,109693,103844,44819,49,64
2021-11-05T23:59:59+01:00,6593,6375,47573,45255,62031,53599,65030,60884,76037,73861,89426,86960,60962,65199,39846,51211,12644,22746,5392,5216,42348,40595,56368,48519,60264,56119,71096,68866,85099,82942,59067,62998,38656,49600,12151,21810,692146,642209,79716,76316,109689,103844,44673,49,64
2021-11-04T23:59:59+01:00,6443,6239,47020,44781,61477,53108,64568,60502,75691,73556,89226,86822,60929,65140,39825,51190,12637,22738,5321,5129,42169,40393,56198,48326,60114,55974,70976,68738,84990,82858,59031,62958,38640,49554,12146,21803,688092,640672,79660,76296,109689,103843,44443,49,64
2021-11-03T23:59:59+01:00,6362,6150,46568,44399,60889,52706,64177,60165,75363,73297,89015,86663,60898,65095,39814,51168,12631,22723,5280,5071,41989,40240,55971,48147,59983,55838,70854,68617,84906,82780,58994,62922,38620,49525,12141,21787,684542,639248,79604,76273,109689,103840,44240,49,64
2021-11-02T23:59:59+01:00,6310,6095,46302,44187,60522,52470,63886,59995,75158,73162,88896,86581,60881,65065,39803,51147,12626,22715,5256,5047,41882,40159,55876,48063,59896,55776,70783,68548,84855,82730,58970,62894,38605,49509,12134,21769,682439,638493,79576,76267,109689,103840,44088,49,64
2021-11-01T23:59:59+01:00,6255,6039,46084,44002,60269,52301,63650,59823,74986,73048,88809,86525,60869,65049,39793,51141,12624,22712,5231,5021,41815,40092,55783,47986,59797,55727,70710,68500,84805,82697,58962,62878,38597,49494,12129,21755,680897,637986,79565,76265,109683,103839,43825,49,64
2021-10-31T23:59:59+01:00,6250,6039,46080,43999,60264,52297,63646,59820,74985,73045,88808,86523,60869,65049,39793,51141,12624,22712,5229,5019,41815,40090,55783,47985,59796,55727,70709,68500,84805,82697,58962,62878,38597,49493,12129,21754,680863,637976,79565,76265,109683,103839,43824,49,64
2021-10-30T23:59:59+02:00,6250,6039,46080,43998,60262,52293,63646,59820,74983,73044,88807,86523,60869,65049,39793,51141,12624,22712,5229,5019,41815,40090,55782,47980,59795,55726,70709,68500,84805,82697,58962,62878,38596,49491,12129,21754,680853,637968,79565,76263,109683,103839,43823,49,64
2021-10-29T23:59:59+02:00,6224,6009,45952,43880,60047,52139,63453,59703,74845,72929,88714,86487,60860,65044,39782,51132,12622,22706,5209,5006,41757,40035,55703,47914,59712,55682,70651,68451,84775,82680,58956,62873,38594,49488,12128,21752,679761,637666,79536,76258,109683,103839,43539,49,64
2021-10-28T23:59:59+02:00,6152,5942,45686,43651,59716,51938,63192,59512,74625,72791,88594,86404,60830,65024,39774,51121,12621,22702,5181,4957,41643,39931,55552,47813,59597,55604,70557,68373,84705,82630,58938,62852,38578,49471,12122,21739,677791,636805,79502,76246,109683,103838,43290,49,64
2021-10-27T23:59:59+02:00,6081,5875,45454,43454,59441,51728,63017,59348,74472,72667,88499,86328,60814,65004,39772,51109,12617,22697,5142,4911,41463,39775,55395,47661,59495,55485,70460,68290,84654,82555,58914,62827,38556,49446,12117,21729,676062,635600,79483,76233,109682,103838,43141,49,63
2021-10-26T23:59:59+02:00,5978,5780,45150,43194,59091,51497,62795,59156,74281,72517,88402,86241,60797,64972,39766,51097,12611,22692,5066,4833,41264,39561,55218,47485,59370,55370,70377,68178,84572,82484,58884,62789,38535,49417,12115,21716,673897,634149,79469,76223,109681,103838,42961,49,63
2021-10-25T23:59:59+02:00,5972,5774,45122,43176,59052,51475,62772,59145,74256,72504,88387,86226,60796,64970,39764,51097,12611,22692,5062,4833,41253,39559,55200,47478,59355,55368,70369,68169,84567,82476,58884,62786,38534,49417,12115,21716,673721,634105,79468,76223,109681,103838,42912,49,63
2021-10-24T23:59:59+02:00,5945,5751,45029,43110,58933,51386,62681,59078,74169,72451,88341,86196,60788,64959,39761,51090,12609,22689,5053,4822,41197,39513,55130,47425,59306,55327,70335,68138,84542,82454,58872,62773,38528,49411,12114,21715,673051,633777,79461,76214,109681,103838,42763,49,63
2021-10-23T23:59:59+02:00,5945,5751,45029,43110,58933,51385,62681,59077,74169,72451,88341,86196,60788,64959,39761,51090,12609,22689,5053,4822,41197,39513,55129,47425,59306,55327,70335,68138,84542,82454,58872,62773,38528,49411,12114,21715,673049,633776,79461,76214,109681,103838,42763,49,63
2021-10-22T23:59:59+02:00,5921,5719,44934,43042,58826,51297,62570,58998,74094,72386,88291,86168,60788,64955,39759,51088,12607,22689,5035,4803,41128,39459,55074,47372,59245,55282,70305,68103,84504,82442,58865,62768,38523,49404,12113,21715,672394,633433,79450,76212,109681,103836,42596,49,63
2021-10-21T23:59:59+02:00,5860,5677,44786,42918,58661,51160,62416,58879,73973,72295,88203,86115,60770,64941,39748,51070,12603,22682,4987,4765,41004,39326,54963,47257,59143,55157,70220,68031,84444,82395,58843,62734,38506,49386,12108,21706,671178,632421,79432,76200,109681,103836,42455,49,63
2021-10-20T23:59:59+02:00,5824,5625,44648,42788,58488,51008,62293,58784,73872,72221,88155,86069,60761,64924,39730,51053,12598,22670,4937,4693,40854,39167,54798,47098,59023,55015,70130,67934,84370,82331,58806,62697,38488,49364,12105,21695,670051,631065,79409,76181,109679,103836,42360,49,63
2021-10-19T23:59:59+02:00,5796,5586,44523,42681,58354,50905,62222,58713,73829,72153,88113,86038,60737,64907,39713,51038,12591,22658,4873,4636,40651,38983,54630,46933,58920,54872,70045,67838,84305,82271,58766,62654,38472,49343,12103,21673,669170,629604,79400,76170,109679,103835,42296,49,63
2021-10-18T23:59:59+02:00,5778,5573,44467,42619,58295,50852,62190,58674,73799,72119,88091,86025,60719,64892,39710,51029,12589,22653,4858,4622,40595,38934,54577,46871,58887,54821,70009,67796,84270,82242,58748,62639,38465,49326,12100,21663,668752,629133,79398,76161,109679,103833,42233,49,63
2021-10-17T23:59:59+02:00,5766,5554,44431,42598,58263,50824,62159,58650,73781,72100,88069,86009,60712,64888,39704,51020,12587,22644,4840,4599,40555,38905,54555,46835,58863,54794,69991,67778,84250,82223,58738,62630,38463,49322,12099,21658,668471,628839,79390,76156,109679,103833,42207,49,63
2021-10-16T23:59:59+02:00,5764,5552,44431,42598,58263,50822,62159,58650,73781,72100,88069,86009,60712,64888,39704,51020,12587,22644,4840,4598,40554,38903,54555,46833,58863,54794,69991,67778,84250,82223,58738,62630,38463,49322,12099,21658,668465,628834,79390,76155,109679,103833,42207,49,63
2021-10-15T23:59:59+02:00,5749,5532,44373,42547,58207,50774,62114,58621,73744,72062,88039,85984,60699,64885,39699,51015,12584,22641,4818,4577,40497,38852,54512,46800,58823,54752,69957,67748,84222,82205,58733,62625,38454,49319,12098,21654,668069,628472,79388,76155,109677,103833,42123,49,63
2021-10-14T23:59:59+02:00,5703,5501,44296,42458,58132,50681,62045,58552,73682,71999,87978,85948,60686,64866,39687,50997,12577,22627,4771,4518,40391,38715,54448,46722,58742,54658,69883,67670,84184,82165,58699,62603,38447,49302,12095,21645,667336,627615,79379,76138,109677,103831,42011,49,63
2021-10-13T23:59:59+02:00,5662,5438,44193,42342,58023,50579,61968,58464,73626,71931,87929,85906,60668,64839,39679,50986,12574,22618,4683,4448,40207,38479,54299,46492,58616,54486,69797,67542,84097,82088,58669,62565,38427,49261,12090,21631,666415,625913,79366,76115,109677,103831,41955,49,63
2021-10-12T23:59:59+02:00,5623,5408,44066,42218,57905,50460,61882,58380,73539,71867,87868,85860,60644,64807,39673,50969,12570,22605,4631,4382,39965,38251,54087,46295,58466,54336,69703,67430,84017,82017,58635,62521,38406,49231,12082,21618,665418,624189,79361,76113,109676,103831,41877,49,63
2021-10-11T23:59:59+02:00,5605,5394,44021,42164,57853,50399,61843,58338,73499,71834,87839,85836,60629,64794,39666,50955,12564,22593,4613,4367,39918,38204,54032,46245,58420,54290,69673,67393,83994,81983,58614,62497,38393,49204,12074,21596,664945,623670,79354,76108,109676,103830,41839,49,63
2021-10-10T23:59:59+02:00,5591,5381,43994,42135,57818,50374,61810,58310,73478,71814,87824,85824,60621,64789,39665,50951,12563,22590,4604,4357,39887,38180,53994,46211,58386,54268,69649,67376,83980,81971,58609,62490,38387,49198,12072,21594,664702,623425,79349,76103,109676,103829,41793,49,63
2021-10-09T23:59:59+02:00,5590,5380,43993,42130,57818,50374,61808,58310,73478,71814,87824,85824,60621,64789,39665,50951,12563,22590,4603,4357,39885,38178,53993,46211,58384,54268,69649,67376,83980,81971,58608,62490,38387,49198,12072,21594,664694,623420,79349,76103,109676,103827,41791,49,63
2021-10-08T23:59:59+02:00,5563,5359,43944,42082,57763,50317,61758,58275,73431,71787,87800,85812,60613,64780,39659,50942,12561,22587,4591,4335,39850,38138,53964,46177,58348,54226,69614,67355,83963,81958,58604,62478,38384,49194,12071,21592,664289,623144,79348,76100,109676,103827,41708,49,63
2021-10-07T23:59:59+02:00,5499,5281,43795,41946,57639,50189,61667,58189,73353,71712,87745,85774,60600,64756,39649,50932,12558,22579,4500,4241,39660,37911,53822,45983,58221,54063,69509,67246,83908,81896,58575,62434,38363,49178,12064,21584,663232,621571,79332,76086,109676,103827,41611,49,63
2021-10-06T23:59:59+02:00,5473,5240,43653,41832,57524,50101,61587,58097,73285,71644,87687,85730,60584,64731,39636,50907,12555,22562,4438,4187,39496,37733,53689,45829,58118,53926,69418,67137,83844,81822,58540,62394,38348,49152,12062,21566,662303,620202,79313,76083,109675,103827,41524,48,63
2021-10-05T23:59:59+02:00,5433,5202,43523,41690,57410,49965,61469,58018,73214,71579,87635,85671,60565,64711,39625,50889,12551,22544,4391,4139,39365,37586,53572,45702,58022,53804,69318,67059,83785,81762,58515,62362,38329,49127,12056,21562,661255,619048,79307,76075,109675,103826,41444,48,63
2021-10-04T23:59:59+02:00,5404,5189,43445,41620,57341,49890,61422,57978,73162,71533,87601,85646,60546,64692,39620,50881,12547,22532,4372,4120,39293,37534,53504,45640,57985,53756,69282,67006,83756,81735,58489,62342,38319,49117,12054,21559,660703,618570,79303,76053,109675,103822,41355,48,63
2021-10-03T23:59:59+02:00,5394,5173,43414,41583,57289,49855,61387,57943,73133,71507,87577,85622,60535,64683,39610,50873,12544,22521,4364,4110,39262,37502,53473,45621,57959,53726,69262,66986,83735,81717,58478,62328,38313,49116,12053,21554,660377,618345,79301,76052,109675,103822,41277,48,63
2021-10-02T23:59:59+02:00,5394,5173,43413,41582,57286,49854,61387,57942,73133,71506,87577,85622,60535,64683,39610,50873,12544,22521,4364,4110,39262,37502,53473,45621,57959,53726,69262,66986,83735,81717,58478,62328,38313,49116,12053,21554,660371,618345,79299,76052,109675,103822,41277,48,63
2021-10-01T23:59:59+02:00,5381,5152,43338,41516,57218,49790,61325,57907,73082,71468,87539,85591,60520,64673,39605,50865,12544,22521,4347,4098,39207,37448,53425,45592,57919,53688,69227,66960,83711,81694,58471,62327,38310,49114,12053,21553,659892,618052,79298,76051,109675,103821,41157,48,63
2021-09-30T23:59:59+02:00,5309,5072,43160,41325,57057,49620,61202,57763,72987,71358,87467,85543,60497,64634,39587,50845,12540,22513,4228,3969,38974,37178,53265,45401,57779,53517,69125,66840,83634,81621,58454,62290,38294,49088,12047,21550,658580,616397,79285,76050,109675,103818,40926,48,63
2021-09-29T23:59:59+02:00,5273,5036,43015,41175,56911,49486,61106,57662,72902,71270,87408,85493,60472,64611,39571,50826,12536,22504,4144,3910,38785,36954,53122,45251,57686,53390,69031,66731,83568,81536,58410,62264,38282,49072,12044,21540,657546,615032,79260,76045,109675,103817,40763,48,63
2021-09-28T23:59:59+02:00,5231,4992,42807,41017,56764,49349,61002,57555,72820,71181,87348,85424,60443,64587,39557,50805,12529,22483,4085,3857,38590,36767,52979,45114,57586,53277,68948,66645,83492,81465,58382,62233,38266,49052,12042,21533,656353,613790,79252,76044,109674,103814,40602,48,63
2021-09-27T23:59:59+02:00,5199,4970,42715,40938,56668,49265,60916,57476,72757,71127,87299,85383,60420,64560,39535,50783,12520,22450,4071,3841,38504,36708,52897,45063,57513,53223,68911,66602,83449,81430,58359,62211,38256,49037,12039,21522,655693,613396,79245,76013,109674,103808,40356,48,63
2021-09-26T23:59:59+02:00,5186,4944,42669,40904,56637,49230,60898,57452,72733,71106,87285,85361,60412,64553,39531,50778,12519,22449,4061,3834,38482,36691,52862,45034,57490,53206,68889,66579,83430,81416,58353,62203,38251,49033,12039,21522,655446,613221,79239,76008,109674,103808,40275,48,63
2021-09-25T23:59:59+02:00,5186,4943,42665,40902,56637,49229,60898,57451,72732,71104,87285,85361,60412,64553,39531,50778,12519,22449,4061,3834,38479,36688,52861,45034,57490,53204,68888,66577,83430,81416,58352,62202,38251,49033,12039,21522,655440,613211,79237,76008,109674,103808,40271,48,63
2021-09-24T23:59:59+02:00,5167,4932,42578,40820,56572,49164,60832,57396,72671,71044,87246,85321,60400,64544,39526,50774,12518,22447,4056,3826,38420,36637,52812,44989,57439,53162,68842,66521,83396,81391,58341,62196,38248,49030,12038,21520,655093,613050,79233,76005,109674,103808,39938,48,63
2021-09-23T23:59:59+02:00,5094,4831,42306,40549,56344,48954,60661,57194,72517,70907,87114,85228,60347,64503,39508,50737,12512,22418,3978,3739,38181,36458,52620,44824,57288,53023,68710,66411,83296,81306,58304,62157,38235,49004,12031,21503,653500,611889,79220,75994,109673,103806,39316,48,63
2021-09-22T23:59:59+02:00,5055,4776,42152,40365,56167,48773,60513,57038,72407,70771,87022,85148,60312,64454,39488,50700,12509,22402,3937,3689,38043,36311,52460,44689,57160,52897,68631,66312,83206,81224,58270,62122,38217,48983,12028,21493,652197,610853,79206,75990,109672,103804,38962,48,63
2021-09-21T23:59:59+02:00,5019,4720,41952,40119,55941,48549,60348,56889,72314,70650,86933,85066,60273,64410,39471,50660,12500,22388,3890,3655,37881,36165,52308,44548,57039,52800,68562,66232,83130,81160,58241,62098,38193,48961,12022,21480,650622,609821,79205,75990,109672,103803,38688,48,63
2021-09-20T23:59:59+02:00,4993,4698,41844,40036,55810,48454,60245,56805,72236,70585,86875,85011,60248,64390,39458,50640,12494,22369,3882,3642,37798,36091,52192,44473,56956,52740,68500,66181,83079,81117,58218,62081,38183,48934,12019,21475,649913,609374,79195,75938,109672,103790,38396,48,63
2021-09-19T23:59:59+02:00,4988,4694,41799,40008,55735,48407,60195,56764,72195,70572,86848,84997,60241,64381,39457,50632,12494,22367,3872,3639,37766,36068,52147,44455,56922,52729,68464,66165,83056,81098,58210,62075,38180,48930,12019,21473,649654,609237,79193,75936,109669,103789,38243,48,63
2021-09-18T23:59:59+02:00,4986,4692,41787,40003,55717,48393,60176,56754,72183,70560,86838,84993,60236,64378,39456,50632,12494,22366,3871,3639,37762,36065,52131,44450,56909,52719,68455,66157,83046,81094,58205,62072,38178,48929,12019,21473,649601,609220,79192,75936,109669,103789,38166,48,63
2021-09-17T23:59:59+02:00,4931,4641,41638,39883,55601,48246,60034,56630,72047,70445,86769,84920,60200,64356,39447,50626,12491,22360,3839,3612,37655,35978,52035,44333,56818,52626,68347,66079,82986,81036,58174,62055,38171,48921,12017,21469,648769,608745,79191,75936,109669,103789,37618,48,63
2021-09-16T23:59:59+02:00,4834,4540,41357,39610,55345,47959,59799,56358,71856,70267,86640,84788,60148,64299,39424,50603,12480,22345,3734,3509,37377,35759,51829,44097,56635,52422,68201,65932,82876,80937,58121,62020,38153,48897,12008,21458,646847,607260,79187,75930,109662,103774,36938,48,63
2021-09-15T23:59:59+02:00,4769,4475,41122,39356,55104,47676,59584,56139,71699,70124,86521,84683,60105,64243,39396,50574,12472,22322,3674,3461,37172,35572,51655,43887,56496,52278,68093,65831,82780,80835,58075,61987,38130,48872,12006,21444,645056,606043,79185,75927,109662,103774,36441,48,63
2021-09-14T23:59:59+02:00,4741,4445,40999,39230,54976,47585,59495,56023,71600,70029,86444,84624,60086,64216,39382,50562,12469,22318,3660,3448,37098,35499,51562,43831,56424,52208,68017,65768,82722,80798,58057,61961,38115,48852,12000,21436,644294,605630,79185,75927,109662,103773,36063,48,63
2021-09-13T23:59:59+02:00,4713,4431,40895,39126,54886,47489,59431,55923,71528,69973,86401,84583,60056,64184,39376,50551,12465,22313,3639,3430,37023,35429,51475,43770,56365,52143,67952,65733,82682,80771,58033,61934,38106,48841,11999,21430,643585,605184,79184,75876,109661,103758,35874,48,63
2021-09-12T23:59:59+02:00,4704,4417,40863,39099,54865,47466,59405,55892,71499,69941,86387,84563,60048,64175,39374,50548,12463,22309,3630,3426,36986,35398,51457,43751,56340,52125,67931,65705,82661,80752,58022,61921,38101,48830,11999,21428,643369,604979,79175,75871,109660,103756,35794,48,63
2021-09-11T23:59:59+02:00,4695,4415,40848,39073,54838,47439,59386,55875,71476,69929,86376,84555,60047,64172,39373,50547,12463,22307,3627,3424,36969,35387,51436,43732,56327,52112,67909,65694,82648,80748,58020,61920,38099,48830,11999,21427,643274,604934,79175,75870,109660,103756,35685,48,63
2021-09-10T23:59:59+02:00,4649,4375,40669,38902,54681,47303,59268,55723,71351,69826,86288,84473,60019,64144,39363,50535,12459,22300,3609,3405,36843,35298,51327,43639,56234,52021,67815,65628,82575,80692,58001,61899,38090,48816,11992,21421,642368,604511,79173,75870,109660,103756,35105,48,63
2021-09-09T23:59:59+02:00,4575,4287,40427,38684,54487,47081,59091,55503,71204,69659,86186,84378,59994,64101,39344,50510,12451,22295,3551,3341,36631,35124,51151,43488,56083,51857,67672,65508,82465,80613,57961,61853,38073,48794,11987,21413,640894,603370,79172,75869,109660,103756,34508,48,62
2021-09-08T23:59:59+02:00,4476,4192,40200,38426,54287,46899,58915,55335,71093,69542,86094,84299,59958,64061,39336,50478,12445,22288,3441,3236,36346,34855,50916,43272,55882,51671,67535,65377,82351,80509,57927,61797,38050,48755,11976,21399,639472,601615,79167,75861,109660,103756,34001,48,62
2021-09-07T23:59:59+02:00,4402,4130,39998,38256,54156,46779,58813,55227,71015,69453,86032,84232,59934,64033,39325,50463,12442,22285,3412,3210,36217,34748,50811,43191,55799,51607,67465,65309,82286,80452,57894,61764,38038,48732,11970,21391,638455,600953,79161,75847,109655,103755,33679,48,62
2021-09-06T23:59:59+02:00,4361,4082,39896,38154,54076,46707,58746,55151,70970,69398,85988,84194,59914,64016,39322,50458,12440,22281,3379,3186,36102,34633,50715,43120,55716,51522,67405,65238,82232,80390,57867,61733,38027,48719,11969,21389,637777,600191,79161,75809,109653,103743,33537,48,62
2021-09-05T23:59:59+02:00,4348,4065,39861,38124,54054,46676,58708,55124,70942,69375,85964,84171,59911,64013,39319,50453,12439,22277,3375,3180,36076,34612,50686,43097,55683,51501,67386,65221,82214,80374,57859,61728,38024,48713,11967,21386,637553,600039,79160,75805,109652,103743,33433,48,62
2021-09-04T23:59:59+02:00,4348,4063,39852,38121,54051,46668,58707,55122,70940,69371,85960,84164,59911,64011,39319,50453,12439,22277,3374,3179,36064,34609,50683,43090,55679,51500,67384,65217,82211,80370,57858,61726,38024,48713,11967,21386,637533,600021,79160,75804,109652,103741,33406,48,62
2021-09-03T23:59:59+02:00,4310,4033,39739,38009,53951,46598,58628,55041,70870,69311,85896,84133,59893,63995,39313,50448,12436,22274,3361,3164,35985,34541,50597,43043,55616,51445,67325,65174,82166,80338,57843,61712,38016,48707,11961,21385,636961,599699,79160,75798,109652,103741,33079,48,62
2021-09-02T23:59:59+02:00,4269,3990,39561,37851,53808,46438,58487,54914,70744,69193,85818,84068,59845,63958,39290,50420,12434,22264,3344,3150,35858,34455,50484,42959,55516,51357,67224,65093,82092,80275,57796,61680,37999,48683,11956,21378,635947,599137,79160,75797,109652,103736,32567,48,62
2021-09-01T23:59:59+02:00,4208,3920,39367,37678,53645,46296,58367,54800,70652,69106,85757,83991,59801,63927,39274,50407,12432,22253,3210,3029,35523,34110,50249,42697,55317,51161,67064,64926,81960,80168,57747,61623,37967,48656,11951,21372,634825,596916,79149,75787,109651,103735,32230,48,62
2021-08-31T23:59:59+02:00,4159,3873,39231,37528,53513,46183,58263,54694,70565,69032,85679,83935,59772,63899,39256,50378,12430,22250,3189,3012,35402,34006,50105,42597,55203,51076,66969,64859,81878,80114,57708,61587,37953,48636,11945,21369,633895,596329,79147,75786,109649,103507,31924,47,62
2021-08-30T23:59:59+02:00,4108,3828,39121,37402,53409,46098,58178,54615,70503,68954,85618,83889,59754,63874,39245,50367,12428,22244,3176,2993,35328,33933,50027,42537,55127,51005,66908,64796,81824,80057,57682,61560,37939,48615,11944,21358,633053,595737,79144,75751,109649,103495,31764,47,62
2021-08-29T23:59:59+02:00,4097,3819,39103,37384,53390,46081,58163,54595,70495,68944,85602,83872,59752,63872,39241,50363,12427,22243,3170,2986,35299,33907,49996,42518,55115,50979,66884,64769,81800,80043,57672,61544,37934,48610,11941,21357,632933,595538,79141,75734,109649,103495,31695,47,62
2021-08-28T23:59:59+02:00,4097,3819,39102,37384,53389,46080,58163,54595,70494,68942,85602,83872,59752,63872,39241,50363,12427,22243,3170,2986,35299,33906,49996,42518,55113,50979,66883,64768,81800,80043,57672,61544,37934,48610,11941,21357,632929,595535,79141,75734,109649,103495,31693,47,62
2021-08-27T23:59:59+02:00,4061,3777,38981,37287,53288,45974,58081,54500,70404,68864,85539,83813,59726,63848,39229,50353,12427,22241,3164,2970,35196,33848,49893,42455,55041,50906,66791,64705,81746,80004,57647,61524,37923,48600,11940,21356,632289,595126,79141,75734,109644,103493,31294,47,62
2021-08-26T23:59:59+02:00,3976,3714,38788,37104,53116,45806,57944,54351,70274,68749,85411,83721,59679,63801,39205,50333,12420,22231,3137,2932,35018,33674,49739,42287,54880,50745,66660,64575,81599,79891,57599,61462,37894,48574,11935,21348,631100,593957,79138,75723,109641,103488,30719,47,62
2021-08-25T23:59:59+02:00,3880,3646,38620,36905,52962,45611,57828,54209,70173,68648,85317,83628,59643,63760,39187,50314,12418,22224,3020,2797,34636,33259,49465,41966,54640,50481,66466,64372,81418,79719,57511,61380,37872,48536,11923,21336,629851,591207,79137,75721,109641,103488,30319,47,62
2021-08-24T23:59:59+02:00,3859,3630,38533,36831,52883,45541,57771,54156,70119,68602,85271,83588,59612,63734,39178,50297,12415,22214,2977,2767,34488,33131,49342,41877,54552,50396,66363,64278,81327,79642,57462,61335,37864,48520,11918,21327,629413,590280,79133,75717,109639,103483,30024,47,62
2021-08-23T23:59:59+02:00,3831,3594,38437,36735,52800,45477,57714,54091,70060,68550,85217,83549,59594,63707,39168,50284,12413,22206,2959,2736,34348,32995,49216,41800,54451,50311,66269,64181,81237,79579,57426,61285,37844,48500,11917,21316,628878,589397,79129,75683,109637,103470,29758,47,62
2021-08-22T23:59:59+02:00,3823,3593,38407,36721,52785,45458,57697,54078,70034,68531,85200,83535,59584,63697,39166,50275,12408,22204,2951,2718,34300,32956,49188,41763,54415,50284,66226,64156,81201,79552,57411,61271,37841,48491,11912,21313,628771,589109,79127,75672,109636,103469,29637,47,62
2021-08-21T23:59:59+02:00,3820,3590,38387,36715,52775,45447,57682,54072,70020,68519,85194,83526,59577,63695,39165,50275,12408,22204,2951,2718,34288,32952,49177,41754,54401,50279,66214,64145,81195,79545,57407,61270,37841,48491,11912,21313,628729,589096,79126,75670,109635,103469,29556,47,62
2021-08-20T23:59:59+02:00,3800,3558,38317,36644,52692,45375,57605,54008,69946,68466,85131,83478,59560,63675,39162,50271,12408,22198,2933,2704,34190,32846,49061,41685,54308,50204,66119,64077,81125,79491,57387,61246,37835,48486,11911,21309,628359,588571,79124,75667,109635,103466,29151,47,62
2021-08-19T23:59:59+02:00,3772,3524,38146,36502,52530,45233,57483,53904,69817,68345,85032,83402,59530,63631,39147,50254,12404,22186,2899,2651,33837,32596,48771,41438,54090,50008,65911,63889,80949,79357,57332,61173,37788,48448,11906,21298,627466,586655,79122,75569,109626,103452,28603,47,62
2021-08-18T23:59:59+02:00,3722,3474,37957,36346,52400,45109,57387,53799,69708,68250,84956,83338,59491,63588,39132,50234,12402,22178,2829,2578,33455,32184,48468,41181,53833,49729,65690,63676,80764,79195,57250,61086,37752,48406,11902,21286,626462,584076,79119,75440,109624,103445,28241,47,62
2021-08-17T23:59:59+02:00,3661,3426,37794,36185,52278,44981,57306,53702,69613,68163,84882,83276,59456,63555,39119,50211,12397,22169,2729,2501,33062,31740,48140,40863,53541,49438,65444,63433,80563,78985,57141,60975,37710,48357,11890,21275,625495,580959,79119,75426,109619,103424,27916,47,62
2021-08-16T23:59:59+02:00,3605,3371,37648,36043,52182,44885,57233,53632,69543,68094,84829,83231,59434,63526,39105,50194,12391,22161,2596,2393,32501,31181,47747,40449,53148,49050,65138,63164,80340,78789,57065,60859,37677,48302,11881,21253,624587,576915,79115,75391,109619,103404,27761,47,62
2021-08-15T23:59:59+02:00,3596,3362,37614,36019,52149,44867,57206,53598,69526,68078,84818,83220,59422,63522,39102,50185,12391,22159,2579,2382,32421,31085,47675,40385,53084,48988,65094,63122,80297,78761,57047,60839,37669,48289,11880,21249,624396,576350,79115,75361,109618,103393,27680,47,62
2021-08-14T23:59:59+02:00,3591,3357,37606,36012,52143,44863,57200,53591,69522,68075,84810,83216,59415,63517,39101,50183,12391,22159,2578,2380,32413,31077,47664,40381,53075,48979,65091,63119,80290,78759,57042,60834,37668,48287,11880,21249,624363,576317,79112,75360,109618,103393,27634,47,62
2021-08-13T23:59:59+02:00,3574,3343,37535,35970,52082,44811,57133,53540,69453,68034,84744,83180,59393,63505,39090,50168,12388,22153,2555,2352,32272,30962,47537,40282,52953,48878,64989,63039,80201,78709,57019,60813,37655,48277,11878,21244,624050,575510,79112,75359,109618,103393,27291,47,62
2021-08-12T23:59:59+02:00,3535,3316,37406,35847,51992,44721,57062,53457,69359,67961,84670,83114,59364,63481,39078,50155,12388,22150,2476,2262,31742,30475,47153,39930,52560,48523,64662,62806,79980,78497,56927,60726,37611,48234,11873,21227,623333,572018,79111,75327,109616,103286,26971,47,62
2021-08-11T23:59:59+02:00,3493,3276,37254,35703,51880,44612,56939,53334,69261,67870,84586,83033,59324,63443,39057,50139,12384,22146,2356,2182,31094,29853,46644,39542,52131,48087,64359,62527,79768,78293,56831,60620,37575,48161,11860,21210,622428,567971,79105,75303,109614,103196,26561,47,62
2021-08-10T23:59:59+02:00,3445,3231,37096,35556,51766,44490,56835,53229,69196,67800,84520,82976,59300,63406,39039,50125,12377,22141,2189,2033,30207,28872,45906,38840,51462,47481,63972,62163,79518,78050,56726,60515,37530,48092,11852,21198,621489,561750,79103,75302,109611,103193,26299,47,62
2021-08-09T23:59:59+02:00,3409,3202,37000,35448,51686,44422,56776,53186,69165,67757,84490,82944,59283,63392,39027,50106,12376,22139,2053,1913,29496,28127,45234,38254,50890,46895,63601,61804,79237,77801,56605,60418,37486,48037,11845,21184,620902,557627,79101,73855,109610,103167,26169,47,62
2021-08-08T23:59:59+02:00,3400,3188,36972,35430,51661,44396,56759,53175,69147,67738,84470,82928,59279,63387,39022,50099,12375,22138,2019,1888,29369,27986,45089,38159,50791,46810,63545,61747,79188,77760,56568,60399,37476,48026,11845,21181,620725,556698,79100,73847,109609,103135,26104,47,62
2021-08-07T23:59:59+02:00,3400,3188,36970,35424,51651,44395,56757,53175,69143,67735,84469,82926,59278,63387,39022,50099,12375,22138,2019,1888,29360,27978,45074,38156,50790,46805,63542,61742,79185,77757,56565,60398,37475,48026,11845,21180,620717,556663,79099,73845,109609,103134,26081,47,62
2021-08-06T23:59:59+02:00,3389,3173,36904,35369,51571,44330,56691,53135,69101,67702,84437,82899,59266,63368,39011,50093,12372,22136,1981,1845,29121,27745,44862,37972,50607,46658,63404,61622,79086,77689,56540,60372,37460,48016,11842,21177,620444,555195,79095,73837,109609,103132,25773,47,62
2021-08-05T23:59:59+02:00,3356,3135,36751,35237,51457,44195,56570,53020,68985,67588,84311,82823,59223,63315,38988,50073,12363,22126,1861,1714,28422,27125,44276,37485,50048,46202,63046,61323,78794,77469,56430,60277,37421,47962,11834,21161,619648,550869,79094,73827,109608,102952,25140,47,62
2021-08-04T23:59:59+02:00,3297,3072,36550,35067,51308,44047,56432,52905,68861,67459,84195,82709,59156,63257,38970,50044,12359,22116,1660,1537,27276,26008,43316,36608,49087,45296,62455,60716,78297,77028,56219,60095,37362,47872,11820,21141,618563,542524,79083,73786,109608,102899,24522,47,62
2021-08-03T23:59:59+02:00,3223,3014,36332,34871,51155,43909,56308,52783,68730,67346,84107,82636,59113,63213,38950,50014,12350,22101,1458,1332,26195,24892,42374,35708,48188,44408,61909,60184,77849,76623,56050,59908,37300,47784,11801,21109,617220,534172,79075,73737,109604,102873,24228,47,62
2021-08-02T23:59:59+02:00,3178,2960,36189,34721,51046,43797,56216,52685,68643,67255,84022,82561,59073,63165,38935,49994,12342,22089,1269,1167,25293,23902,41523,34964,47460,43665,61426,59708,77462,76279,55886,59759,37250,47705,11784,21088,616245,527195,79074,73682,109603,102730,23921,47,62
2021-08-01T23:59:59+02:00,3173,2954,36172,34699,51019,43778,56196,52658,68613,67242,84008,82549,59067,63160,38933,49990,12342,22089,1224,1136,25034,23653,41274,34762,47226,43467,61285,59571,77346,76182,55850,59730,37235,47692,11780,21084,616099,525326,79071,73640,109602,102661,23842,47,62
2021-07-31T23:59:59+02:00,3172,2953,36167,34698,51019,43777,56194,52657,68612,67241,84008,82548,59067,63160,38933,49990,12342,22088,1221,1135,25027,23637,41266,34753,47221,43461,61276,59569,77344,76179,55850,59726,37235,47692,11780,21083,616086,525255,79071,73639,109602,102660,23839,47,62
2021-07-30T23:59:59+02:00,3155,2940,36106,34635,50949,43728,56131,52596,68556,67200,83970,82508,59055,63147,38929,49983,12339,22085,1164,1080,24703,23329,40994,34540,46960,43266,61087,59438,77194,76063,55818,59687,37221,47680,11780,21083,615795,523318,79067,73636,109599,102549,23523,47,61
2021-07-29T23:59:59+02:00,3132,2912,35967,34513,50820,43602,56036,52496,68485,67135,83899,82456,59030,63129,38916,49974,12339,22084,1020,963,23747,22346,40111,33788,46057,42481,60539,58994,76833,75759,55698,59549,37181,47625,11773,21072,614922,516256,79048,73510,109598,102380,23329,47,61
2021-07-28T23:59:59+02:00,3082,2857,35725,34275,50601,43428,55838,52345,68339,66993,83785,82358,58979,63082,38893,49936,12329,22076,821,807,22527,21113,38786,32680,44738,41302,59736,58333,76327,75298,55503,59361,37112,47521,11759,21047,613547,506443,79041,73339,109597,102222,22706,47,61
2021-07-27T23:59:59+02:00,3057,2838,35617,34157,50515,43346,55759,52294,68277,66924,83724,82286,58938,63039,38881,49921,12328,22067,666,648,21291,19727,37361,31348,43371,39999,59107,57736,75906,74885,55340,59184,37054,47466,11748,21024,612820,496033,79025,73160,109596,102110,22497,47,61
2021-07-26T23:59:59+02:00,3038,2819,35556,34061,50457,43292,55717,52245,68233,66888,83688,82259,58924,63023,38869,49909,12327,22065,564,563,20274,18630,36112,30232,42099,38848,58612,57331,75619,74631,55243,59084,37033,47431,11742,21010,612298,487789,79018,72834,109596,101946,22428,47,61
2021-07-25T23:59:59+02:00,3028,2814,35509,34019,50412,43244,55689,52222,68210,66863,83657,82236,58908,63016,38866,49906,12324,22059,495,492,19876,18266,35694,29901,41689,38541,58416,57175,75460,74521,55196,59045,37011,47412,11739,21006,612002,485058,79012,72559,109596,101915,22342,47,61
2021-07-24T23:59:59+02:00,3028,2814,35503,34016,50410,43240,55687,52221,68209,66863,83655,82235,58908,63016,38865,49906,12324,22059,495,492,19868,18252,35682,29890,41682,38540,58412,57172,75456,74519,55196,59045,37010,47412,11739,21006,611994,485008,79011,72558,109596,101913,22328,47,61
2021-07-23T23:59:59+02:00,3004,2788,35353,33898,50260,43139,55569,52114,68112,66768,83564,82184,58877,62988,38855,49901,12319,22056,469,476,19628,18029,35419,29712,41411,38353,58245,57042,75320,74441,55157,59021,36998,47402,11733,21000,611365,483872,79011,72265,109596,101911,21747,47,61
2021-07-22T23:59:59+02:00,2953,2704,34914,33531,49952,42907,55307,51888,67883,66585,83388,82035,58791,62895,38819,49854,12308,22038,425,427,18839,17368,34323,28978,40284,37520,57506,56573,74766,74065,54976,58841,36932,47318,11712,20974,609228,478346,78997,70830,109592,101689,20902,47,60
2021-07-21T23:59:59+02:00,2898,2646,34602,33207,49712,42695,55119,51699,67691,66400,83260,81910,58726,62842,38788,49815,12297,22028,383,386,18012,16549,33007,27984,39024,36561,56809,56009,74314,73702,54830,58666,36866,47234,11700,20941,607404,472444,78944,68635,109591,101475,20363,47,60
2021-07-20T23:59:59+02:00,2822,2583,34245,32819,49430,42463,54948,51503,67511,66243,83120,81790,58664,62786,38760,49770,12296,22013,327,307,16864,15436,31294,26586,37288,35104,56010,55359,73767,73254,54660,58477,36815,47148,11682,20903,605312,463268,78909,66897,109589,101134,19922,47,60
2021-07-19T23:59:59+02:00,2738,2512,33685,32257,49123,42153,54674,51238,67315,66030,82946,81621,58597,62704,38715,49718,12289,21998,293,259,16205,14870,30343,25906,36421,34388,55570,54936,73438,73015,54573,58391,36778,47096,11676,20881,602113,459558,78848,64731,109588,100960,19730,47,60
2021-07-18T23:59:59+02:00,2710,2494,33586,32139,49031,42099,54618,51178,67254,65981,82902,81579,58570,62678,38704,49705,12287,21991,277,238,15885,14610,29775,25527,35927,34036,55314,54773,73292,72914,54531,58351,36770,47081,11675,20877,601505,458107,78832,63207,109587,100932,19548,47,59
2021-07-17T23:59:59+02:00,2710,2494,33585,32136,49025,42098,54615,51176,67254,65980,82902,81578,58570,62677,38704,49705,12287,21991,277,238,15880,14603,29759,25511,35922,34031,55309,54772,73292,72914,54531,58351,36770,47081,11675,20877,601494,458055,78830,63203,109582,100929,19547,47,59
2021-07-16T23:59:59+02:00,2651,2429,32977,31615,48533,41750,54221,50840,66872,65658,82589,81347,58451,62565,38654,49656,12283,21984,269,227,15464,14280,29265,25136,35473,33699,54971,54518,73032,72722,54420,58264,36735,47043,11672,20873,599273,456651,78826,63074,109581,100922,17357,47,59
2021-07-15T23:59:59+02:00,2519,2298,32116,30831,47914,41177,53649,50359,66445,65310,82335,81105,58360,62468,38620,49613,12275,21966,240,201,14628,13607,27938,24311,34168,32883,54290,54117,72618,72497,54326,58167,36706,47009,11665,20857,594258,452451,78814,60711,109580,100338,16669,47,59
2021-07-14T23:59:59+02:00,2413,2212,31574,30304,47426,40742,53232,49962,66117,65033,82097,80855,58257,62372,38587,49563,12265,21953,193,162,13387,12477,25941,22852,32264,31359,53538,53519,72106,72156,54186,58041,36663,46948,11655,20841,590414,443296,78795,58798,109579,100000,16136,47,58
2021-07-13T23:59:59+02:00,2356,2142,31309,30035,47154,40515,52983,49733,65912,64846,81928,80707,58190,62296,38561,49526,12255,21941,169,140,12396,11635,24208,21543,30318,29767,52343,52346,71284,71361,53937,57764,36576,46833,11637,20814,588259,436556,78781,55878,109571,96841,15738,47,58
2021-07-12T23:59:59+02:00,2129,1935,30449,29107,46500,39981,52412,49164,65521,64457,81650,80436,58055,62170,38519,49469,12245,21920,148,123,11646,11010,22814,20561,28576,28387,51380,51483,70540,70741,53678,57483,36509,46715,11624,20783,582031,428436,78763,53307,109571,96686,15714,47,58
2021-07-11T23:59:59+02:00,2084,1897,30328,29001,46435,39911,52359,49101,65464,64402,81589,80393,58034,62150,38513,49451,12240,21915,145,115,11484,10862,22540,20370,28210,28114,51175,51337,70367,70596,53625,57403,36487,46698,11615,20776,581213,426363,78757,53264,109569,96549,15688,47,55
2021-07-10T23:59:59+02:00,2084,1895,30325,28994,46431,39905,52357,49099,65461,64401,81587,80390,58034,62148,38512,49451,12240,21915,145,115,11472,10844,22525,20354,28194,28101,51168,51332,70364,70593,53625,57403,36486,46698,11615,20776,581183,426274,78756,53262,109569,96538,15681,47,55
2021-07-09T23:59:59+02:00,2040,1857,30092,28764,46215,39725,52173,48929,65299,64288,81482,80309,58004,62118,38497,49436,12236,21913,144,109,11088,10573,21880,19916,27527,27548,50459,50763,69781,70181,53523,57316,36463,46664,11610,20765,579986,425192,78750,52947,109564,93078,15038,46,55
2021-07-08T23:59:59+02:00,1901,1730,29432,28234,45607,39221,51618,48461,64896,63977,81181,80074,57912,62026,38465,49385,12231,21899,106,81,9909,9474,19936,18287,25057,25565,49422,49960,69152,69641,53297,57102,36387,46577,11595,20739,575724,414654,78728,50521,109548,92846,14211,46,55
2021-07-07T23:59:59+02:00,1688,1532,28316,27032,44559,38255,50522,47463,64238,63337,80638,79590,57709,61795,38398,49300,12218,21858,82,70,9373,9000,18845,17448,23660,24362,48596,49312,68605,69150,53097,56861,36311,46478,11579,20699,566445,408309,78712,48905,109546,92553,13706,46,55
2021-07-06T23:59:59+02:00,1486,1374,27239,25995,43540,37333,49585,46528,63638,62775,80203,79181,57526,61612,38342,49205,12194,21831,61,45,8661,8261,17514,16443,22047,23081,47987,48858,68228,68883,52980,56747,36261,46441,11572,20684,558189,400846,78701,48477,109543,92261,13115,46,55
2021-07-05T23:59:59+02:00,1329,1250,26098,24752,42463,36339,48532,45457,62973,62199,79766,78777,57352,61424,38289,49129,12185,21808,49,35,8409,8034,17010,16119,21481,22693,47679,48630,68032,68735,52927,56674,36235,46421,11569,20679,548894,398240,78693,48160,109543,92006,12952,46,53
2021-07-04T23:59:59+02:00,1264,1186,25776,24428,42153,36078,48280,45270,62827,62062,79652,78680,57316,61384,38278,49110,12183,21805,42,34,8153,7875,16737,15922,21196,22495,47554,48530,67952,68658,52903,56650,36220,46416,11567,20678,546577,397200,78663,47498,109542,91921,12910,46,53
2021-07-03T23:59:59+02:00,1264,1185,25768,24413,42140,36072,48278,45270,62823,62061,79651,78679,57315,61384,38278,49110,12183,21805,42,34,8147,7867,16726,15912,21189,22488,47547,48529,67947,68657,52902,56650,36220,46416,11567,20678,546544,397166,78662,47497,109542,91911,12891,46,53
2021-07-02T23:59:59+02:00,1196,1128,25452,24062,41818,35795,48019,45013,62680,61915,79577,78608,57298,61361,38272,49098,12179,21800,41,31,7968,7718,16354,15646,20744,22181,46580,47749,67449,68307,52818,56558,36205,46398,11566,20675,544162,394677,78660,47494,109536,89891,12873,46,53
2021-07-01T23:59:59+02:00,1141,1078,25076,23697,41435,35444,47622,44663,62430,61674,79387,78437,57235,61298,38241,49057,12172,21790,35,27,7576,7379,15540,14860,19572,21145,45039,46262,66233,67229,52509,56255,36108,46278,11542,20648,541013,388841,78558,46667,109526,85936,12740,46,53
2021-06-30T23:59:59+02:00,1068,1012,24652,23254,41006,35074,47211,44281,62200,61466,79216,78288,57155,61219,38213,49006,12164,21769,28,20,7200,7020,14590,14059,18137,19936,41820,43530,64533,65783,52039,55754,35958,46084,11515,20598,537558,376794,78525,45969,109522,83179,12609,46,53
2021-06-29T23:59:59+02:00,977,903,24146,22719,40485,34650,46779,43865,61939,61183,79003,78109,57076,61155,38184,48962,12158,21750,19,18,6923,6710,13921,13559,16976,19008,37485,39841,63175,64522,51550,55254,35824,45905,11484,20555,533470,361452,78516,45756,109522,82973,12495,46,53
2021-06-28T23:59:59+02:00,948,870,23808,22329,40024,34258,46361,43497,61700,60928,78811,77954,57002,61086,38155,48932,12155,21735,17,10,6612,6393,13264,13057,15956,18170,33842,36790,62048,63486,51195,54858,35729,45755,11459,20517,531704,352772,76830,41058,109520,82816,12459,46,53
2021-06-27T23:59:59+02:00,934,857,23714,22238,39948,34196,46302,43437,61667,60890,78775,77924,56987,61075,38149,48925,12154,21730,16,9,6519,6322,13026,12916,15533,17933,33003,36142,61789,63285,51104,54787,35712,45733,11457,20513,531090,349863,76824,40789,109514,82660,12434,46,53
2021-06-26T23:59:59+02:00,934,857,23708,22232,39938,34192,46300,43435,61665,60889,78775,77924,56987,61075,38149,48924,12154,21730,16,9,6516,6314,13017,12902,15525,17926,32999,36141,61782,63282,51102,54781,35712,45733,11457,20512,531058,349792,76823,40788,109513,82659,12434,46,53
2021-06-25T23:59:59+02:00,911,830,23595,22115,39851,34104,46218,43363,61620,60841,78728,77902,56976,61063,38146,48921,12153,21728,15,8,6420,6199,12909,12772,15386,17763,32282,35480,61391,62956,51024,54697,35704,45712,11454,20511,530258,346781,76822,40776,109512,82640,12433,46,53
2021-06-24T23:59:59+02:00,844,772,23208,21697,39496,33792,45867,43058,61415,60647,78568,77764,56922,61009,38124,48891,12148,21717,14,5,6081,5903,12346,12311,14676,17075,28975,32765,59102,61095,50438,54099,35568,45503,11436,20463,527301,332953,76772,40509,109510,82024,12316,46,53
2021-06-23T23:59:59+02:00,740,678,22564,21039,38924,33204,45208,42349,61048,60253,78318,77513,56818,60873,38077,48838,12138,21697,12,4,5925,5707,11977,11957,14166,16544,25614,30005,57457,59562,49914,53559,35447,45329,11415,20419,521713,323495,76715,37575,109507,81586,12304,46,53
2021-06-22T23:59:59+02:00,679,613,22140,20600,38518,32781,44772,41887,60775,59967,78111,77270,56721,60762,38041,48766,12125,21675,10,3,5736,5572,11649,11689,13733,16169,21269,26470,55375,57858,49312,52953,35269,45112,11394,20375,517906,309101,76588,37522,109502,81105,12167,46,53
2021-06-21T23:59:59+02:00,642,572,21887,20362,38265,32547,44526,41612,60585,59755,77978,77130,56667,60676,38016,48725,12116,21659,8,3,5605,5461,11340,11487,13392,15903,19717,25236,54455,57085,47089,50489,34668,44389,11371,20316,515848,303757,76388,37455,109483,74792,11957,45,53
2021-06-20T23:59:59+02:00,613,552,21599,20068,37964,32266,44242,41353,60433,59587,77840,76983,56618,60631,37996,48708,12113,21652,8,3,5547,5417,11207,11397,13236,15775,19318,24910,54186,56901,45427,48504,34100,43753,11351,20295,513449,303121,76305,36700,109470,69512,11951,44,51
2021-06-19T23:59:59+02:00,611,552,21594,20054,37948,32259,44239,41348,60426,59583,77838,76980,56615,60630,37996,48707,12113,21652,8,3,5541,5408,11202,11392,13226,15769,19310,24902,54172,56889,45418,48494,34099,43753,11351,20295,513382,303035,76299,36696,109470,69499,11951,44,51
2021-06-18T23:59:59+02:00,597,538,21495,19944,37879,32202,44163,41261,60370,59537,77793,76938,56593,60608,37991,48694,12112,21651,8,3,5449,5246,10904,10855,12850,15188,18770,23883,53314,55578,45213,48329,34071,43704,11345,20283,512617,301459,76292,36695,109464,64838,11950,44,51
2021-06-17T23:59:59+02:00,512,446,20776,19231,37122,31569,43368,40509,59960,59171,77495,76686,56476,60479,37941,48626,12099,21627,8,3,5259,5033,10523,10302,12325,14416,17835,22519,51738,53632,44060,46978,33753,43305,11298,20199,506631,294127,76199,36565,109454,60677,11766,44,51
2021-06-16T23:59:59+02:00,406,367,19977,18289,36133,30636,42357,39534,59417,58687,77099,76367,56333,60323,37884,48538,12089,21604,8,3,5070,4876,10007,9976,11588,13915,16288,21212,47853,50086,42301,44963,33285,42733,11235,20072,499252,277925,75661,36364,109439,59487,11645,44,50
2021-06-15T23:59:59+02:00,296,264,19168,17442,35211,29780,41428,38643,58978,58245,76766,76036,56191,60156,37825,48468,12074,21570,7,3,4871,4752,9483,9711,10878,13441,14775,20023,43576,45989,40748,43113,32803,42111,11169,19944,492038,260717,75542,36328,109428,58813,11490,44,49
2021-06-14T23:59:59+02:00,192,173,18055,16210,33958,28505,39959,37232,58389,57676,76373,75694,56062,60010,37782,48398,12065,21555,7,3,4748,4660,9136,9501,10396,13121,13602,19019,40929,43432,39673,41963,32510,41710,11137,19858,482273,249532,75107,36301,109423,58081,11442,44,49
2021-06-13T23:59:59+02:00,151,134,17549,15807,33477,28102,39466,36848,58176,57492,76224,75592,56035,59969,37760,48377,12062,21546,7,3,4660,4610,8986,9429,10232,13051,12997,18564,40459,43038,39436,41740,32450,41625,11131,19844,479190,248565,74805,34874,109416,57461,11313,44,49
2021-06-12T23:59:59+02:00,151,134,17541,15786,33460,28092,39459,36844,58169,57488,76220,75590,56034,59967,37759,48377,12062,21546,7,3,4653,4604,8976,9424,10220,13043,12985,18551,40275,42891,39414,41725,32446,41623,11131,19843,479107,248131,74801,34873,109416,57449,11312,44,49
2021-06-11T23:59:59+02:00,149,134,17456,15727,33312,28018,39285,36788,58049,57452,76149,75566,56020,59962,37757,48374,12062,21545,7,3,4574,4412,8817,8864,10029,12324,12751,17481,39786,41588,39259,41595,32428,41587,11129,19842,478763,247643,74388,34871,109308,52610,11303,44,49
2021-06-10T23:59:59+02:00,134,114,16614,15012,31900,27110,38043,35871,57365,56993,75739,75294,55930,59870,37718,48329,12051,21527,7,3,4324,4217,8258,8361,9347,11560,12014,16411,36927,38546,38457,40789,32262,41405,11113,19812,474872,240561,71419,34738,109034,48219,10246,44,49
2021-06-09T23:59:59+02:00,112,89,15835,14314,30616,26211,36826,34983,56785,56604,75393,75066,55845,59764,37691,48284,12038,21507,7,3,4139,4066,7897,8172,8880,11339,11393,16030,31838,33668,36957,39250,32017,41136,11092,19762,470202,226611,68987,34613,108990,46632,9743,42,47
2021-06-08T23:59:59+02:00,85,71,14920,13456,29234,25122,35460,33974,56167,56195,75098,74851,55769,59689,37668,48252,12034,21497,7,3,4057,4004,7738,8049,8727,11222,11099,15823,29001,30849,35998,38306,31857,40941,11068,19729,465620,219099,65558,34552,108944,45401,9379,42,47
2021-06-07T23:59:59+02:00,77,58,14282,12882,27868,24306,34299,33192,55689,55936,74855,74743,55734,59649,37652,48241,12034,21493,7,3,3964,3932,7541,7920,8426,11090,10732,15577,24659,26462,34530,36762,31635,40674,11040,19699,462489,207289,62521,34484,108913,43808,9025,42,47
2021-06-06T23:59:59+02:00,76,55,13961,12689,27081,23890,33645,32773,55380,55770,74699,74678,55713,59625,37638,48232,12032,21492,7,3,3898,3896,7388,7877,8268,11004,10409,15374,21832,23581,33528,35678,31495,40519,11033,19684,461345,204493,60471,29235,108886,43015,8685,42,46
2021-06-05T23:59:59+02:00,76,53,13931,12660,27032,23849,33616,32753,55375,55760,74693,74672,55709,59620,37633,48230,12032,21492,7,3,3876,3879,7353,7854,8221,10985,10346,15332,20405,22025,32730,34797,31425,40438,11029,19677,461213,199512,60366,29232,108881,42908,8684,42,46
2021-06-04T23:59:59+02:00,70,49,13700,12399,26719,23529,33277,32442,55314,55680,74654,74652,55699,59615,37632,48228,12032,21491,7,3,3847,3851,7274,7775,8165,10907,10267,15210,20298,21908,32656,34742,31393,40401,11026,19674,459307,199431,60303,29219,108847,42025,8683,42,46
2021-06-03T23:59:59+02:00,52,43,13134,11915,25681,22843,32142,31691,54817,55347,74338,74458,55629,59536,37597,48197,12025,21474,7,3,3718,3760,6999,7606,7883,10734,9939,14973,18410,20046,30675,32428,31119,40068,11003,19625,454973,190822,58800,29198,108832,40661,8272,42,43
2021-06-02T23:59:59+02:00,38,31,12448,11174,24685,21941,31005,30735,54550,55082,74146,74317,55576,59456,37580,48175,12017,21467,7,3,3684,3740,6940,7549,7827,10685,9855,14882,17890,19496,28745,30248,31020,39925,10996,19614,448670,185282,58621,29197,108830,40324,8260,42,43
2021-06-01T23:59:59+02:00,24,16,11320,10292,22556,20511,28466,28843,53133,54017,73137,73534,55274,59131,37457,48002,11982,21407,7,2,3456,3564,6442,7238,7226,10258,8995,14280,15939,17681,24955,25985,30332,39039,10920,19458,439159,171248,54157,29060,108792,38476,6952,42,41
2021-05-31T23:59:59+02:00,19,12,10460,9625,20718,19341,26417,27329,52023,53167,72429,72984,55059,58868,37384,47897,11967,21371,7,2,3316,3410,6106,6990,6827,9961,8455,13923,14870,16700,23757,24606,29942,38546,10860,19364,432347,165480,49781,29021,108774,36975,6126,42,40
2021-05-30T23:59:59+02:00,17,9,10113,9281,19998,18846,25711,26749,51684,52885,72192,72787,54982,58790,37359,47869,11959,21362,7,2,3136,3221,5761,6724,6539,9719,8236,13717,14611,16430,23466,24287,29832,38440,10845,19336,429759,164652,49371,28964,108743,35975,4678,42,40
2021-05-29T23:59:59+02:00,17,9,10098,9269,19980,18815,25691,26723,51672,52880,72187,72777,54980,58785,37358,47869,11958,21362,7,2,3133,3212,5756,6719,6532,9716,8228,13709,14601,16423,23455,24278,29828,38434,10844,19335,429596,164577,49371,28961,108743,35956,4678,42,40
2021-05-28T23:59:59+02:00,17,9,10032,9175,19839,18647,25428,26491,51511,52704,72040,72646,54941,58735,37344,47849,11955,21349,7,2,3086,3135,5664,6579,6429,9515,8111,13436,14409,16147,23302,24122,29774,38371,10837,19326,427936,164183,49334,28960,108724,34392,4677,41,40
2021-05-27T23:59:59+02:00,17,9,8776,7993,17443,16838,22651,24340,50416,51889,71374,72153,54743,58512,37249,47754,11941,21319,7,2,2789,2802,4819,5955,5540,8735,7317,12443,13281,14954,22309,23079,29384,37915,10782,19240,416040,160357,48375,28696,108582,29881,2379,41,40
2021-05-26T23:59:59+02:00,16,9,8375,7576,16562,16033,21462,23331,49811,51343,70953,71766,54592,58347,37181,47676,11930,21289,7,2,2604,2630,4452,5618,5064,8229,6840,11796,12309,13971,21407,22042,29072,37472,10735,19155,410435,156488,47642,28609,108502,26636,1633,40,39
2021-05-25T23:59:59+02:00,16,9,7808,6982,15319,15153,20015,22158,49333,50941,70705,71579,54516,58264,37157,47648,11926,21279,7,2,2530,2530,4263,5489,4820,7999,6560,11487,11752,13436,19244,19860,28697,36932,10700,19106,403674,150778,47400,28596,108454,24761,1240,40,39
2021-05-24T23:59:59+02:00,16,9,7721,6882,15094,15025,19729,21979,49231,50822,70661,71540,54513,58259,37155,47645,11925,21276,7,2,2489,2467,4177,5321,4727,7756,6435,11205,11612,13194,19128,19744,28645,36886,10693,19095,402539,150627,47320,28553,108358,23141,1225,40,37
2021-05-23T23:59:59+02:00,15,9,7705,6869,15056,15008,19674,21951,49220,50819,70656,71534,54512,58255,37155,47643,11925,21276,7,2,2486,2462,4171,5317,4716,7752,6429,11192,11590,13172,18985,19546,28614,36847,10691,19093,402349,150137,47320,28551,108357,23132,1216,40,36
2021-05-22T23:59:59+02:00,15,9,7702,6860,15047,14996,19663,21944,49220,50817,70653,71534,54512,58254,37155,47643,11925,21276,6,2,2484,2455,4164,5312,4714,7752,6425,11189,11582,13169,18972,19540,28613,36847,10691,19093,402294,150100,47320,28551,108357,23109,1214,40,36
2021-05-21T23:59:59+02:00,15,9,7628,6759,14920,14861,19458,21786,48981,50584,70510,71426,54484,58227,37147,47636,11919,21270,6,2,2414,2369,4075,5173,4610,7542,6301,10891,11408,12881,18906,19473,28597,36817,10688,19091,400721,149843,47317,28550,108332,21605,1211,39,35
2021-05-20T23:59:59+02:00,15,9,7352,6460,14332,14338,18520,20909,46302,48225,69352,70451,54126,57861,37038,47493,11887,21239,6,2,2153,2199,3715,4811,4168,6992,5746,10059,10319,11778,17624,18174,28089,36218,10612,18943,389700,144573,47149,28255,108027,17750,995,38,35
2021-05-19T23:59:59+02:00,14,8,7112,6236,13664,13851,17248,19909,42314,44745,67861,69139,53670,57339,36873,47264,11850,21188,6,2,2074,1996,3550,4474,3919,6469,5300,9376,9320,10660,16141,16521,27392,35296,10484,18733,374906,137384,46574,28111,107791,15216,976,38,26
2021-05-18T23:59:59+02:00,14,7,6917,6060,13114,13417,16149,19048,37590,40722,66405,67814,53116,56799,36722,47040,11808,21132,6,2,2028,1873,3410,4283,3734,6150,4966,8892,8454,9787,14556,14781,26682,34438,10393,18558,358786,130738,46509,27545,107631,13774,910,38,26
2021-05-17T23:59:59+02:00,14,7,6782,5965,12788,13165,15648,18658,35409,38854,65572,67026,52840,56485,36639,46931,11793,21095,6,2,1956,1809,3222,4101,3514,5916,4643,8519,7673,9087,11289,10750,25772,33287,10312,18387,355051,125504,42231,21442,107546,12468,805,38,26
2021-05-16T23:59:59+02:00,14,7,6717,5880,12662,13010,15477,18490,34916,38381,65386,66856,52784,56423,36627,46904,11788,21090,6,2,1897,1711,3118,3978,3434,5814,4535,8372,7488,8898,9094,8149,25287,32604,10278,18328,353570,124353,41721,16086,107510,11955,574,37,25
2021-05-15T23:59:59+02:00,14,7,6712,5871,12655,13003,15472,18484,34907,38378,65384,66854,52783,56422,36627,46904,11788,21090,6,2,1896,1711,3116,3973,3429,5811,4530,8369,7486,8895,9092,8146,25286,32604,10278,18328,353521,124322,41721,16086,107505,11954,571,37,25
2021-05-14T23:59:59+02:00,14,7,6511,5776,12414,12940,15239,18392,33933,37586,64847,66445,52687,56335,36610,46870,11786,21085,6,2,1780,1623,3004,3902,3373,5702,4480,8223,7438,8766,9085,8140,25285,32604,10278,18327,350148,124263,41690,16082,107042,11088,561,36,24
2021-05-13T23:59:59+02:00,14,7,6262,5592,12008,12686,14667,17944,30403,34797,62365,64363,52055,55662,36471,46649,11774,21037,5,2,1738,1583,2948,3826,3341,5611,4437,8120,7356,8647,9045,8080,25266,32562,10273,18322,336145,124011,41465,16058,106611,10570,499,36,24
2021-05-12T23:59:59+02:00,14,7,6245,5569,11935,12620,14553,17834,29769,34219,61857,63910,51881,55489,36434,46604,11767,21024,5,2,1738,1580,2946,3825,3338,5611,4434,8119,7354,8641,9038,8077,25266,32560,10273,18321,333140,123988,41452,16048,106605,10569,499,35,24
2021-05-11T23:59:59+02:00,13,7,5926,5437,11489,12335,14005,17449,25506,30731,59473,61900,51220,54809,36246,46357,11743,20961,5,2,1698,1465,2843,3563,3216,5237,4293,7678,7201,8319,8952,7993,25237,32520,10269,18310,318186,123743,41398,15858,105615,8801,375,33,24
2021-05-10T23:59:59+02:00,13,7,5799,5363,11328,12218,13785,17278,22031,27969,58217,60781,50859,54455,36154,46233,11728,20930,5,2,1658,1367,2757,3334,3113,4905,4182,7188,7080,7879,8912,7933,25225,32498,10267,18306,308248,123595,41238,15709,105321,6976,308,33,23
2021-05-09T23:59:59+02:00,13,7,5724,5331,11240,12154,13682,17196,20431,26787,57753,60395,50757,54355,36129,46192,11721,20925,5,2,1641,1345,2700,3209,3062,4763,4137,7068,7032,7785,8901,7921,25218,32492,10266,18306,307677,123555,37670,15663,105119,6318,294,32,23
2021-05-08T23:59:59+02:00,13,7,5721,5329,11229,12149,13672,17186,20423,26781,57744,60389,50754,54346,36125,46189,11719,20922,5,2,1640,1345,2697,3206,3062,4763,4134,7065,7031,7784,8899,7921,25217,32490,10266,18306,307586,123537,37668,15663,105118,6316,294,32,23
2021-05-07T23:59:59+02:00,13,7,5681,5294,11160,12101,13563,17105,19970,26424,56746,59579,50625,54216,36095,46158,11716,20908,5,2,1540,1303,2617,3162,3020,4734,4099,7041,7010,7752,8891,7913,25215,32489,10266,18305,304421,123501,37648,15655,104971,5896,289,32,23
2021-05-06T23:59:59+02:00,13,7,5429,5182,10644,11792,12855,16650,18671,25438,52481,55922,49429,52836,35763,45757,11664,20807,5,2,1322,1173,2377,2990,2848,4569,3948,6843,6857,7601,8817,7832,25195,32454,10263,18298,289276,123226,37457,15514,104413,4465,166,28,23
2021-05-05T23:59:59+02:00,13,7,5174,5086,10150,11553,12098,16196,17339,24454,48113,51784,47764,50915,35323,45185,11589,20684,5,2,1276,1080,2314,2862,2762,4390,3854,6603,6750,7402,8703,7735,25133,32379,10257,18282,272091,122740,37231,15469,104026,3506,51,28,23
2021-05-04T23:59:59+02:00,13,7,5089,5001,9833,11334,11645,15804,16358,23587,46237,49750,46692,49607,34947,44699,11521,20575,5,2,1265,1061,2286,2821,2721,4306,3801,6495,6678,7323,8661,7696,25112,32362,10256,18277,261691,122521,37207,15406,103745,3150,28,28,23
2021-05-03T23:59:59+02:00,13,7,4989,4913,9479,11162,11180,15538,15301,22725,44663,48133,45810,48653,34725,44355,11493,20482,5,2,1250,1036,2250,2788,2680,4242,3752,6439,6602,7269,8089,7006,23365,30029,10118,18038,252668,116689,37197,15325,103712,2907,16,28,23
2021-05-02T23:59:59+02:00,13,7,4927,4895,9364,11123,11032,15477,14689,22234,44143,47723,45668,48487,34675,44293,11486,20471,5,1,1246,1030,2231,2785,2667,4234,3723,6424,6582,7255,7899,6763,21388,27615,10071,17950,251454,116667,35558,10306,103656,2862,11,28,23
2021-05-01T23:59:59+02:00,13,7,4927,4893,9360,11117,11029,15475,14684,22229,44141,47719,45667,48487,34675,44293,11486,20471,5,1,1245,1030,2231,2785,2667,4234,3722,6424,6581,7255,7899,6762,21388,27615,10071,17950,251421,116664,35558,10306,103655,2861,11,28,23
2021-04-30T23:59:59+02:00,13,7,4881,4869,9293,11101,10973,15450,14608,22202,42658,46307,45333,48157,34638,44241,11481,20461,5,1,1040,935,2035,2695,2568,4174,3636,6364,6518,7196,7892,6745,21387,27613,10071,17950,247434,116655,35558,10303,103643,1834,11,27,22
2021-04-29T23:59:59+02:00,13,7,4642,4786,8816,10952,10371,15274,13923,21993,37720,41993,44322,47125,34516,44123,11477,20430,5,1,861,859,1862,2617,2483,4108,3526,6293,6449,7146,7869,6725,21382,27606,10071,17950,233691,116621,35454,10198,103300,961,11,27,22
2021-04-28T23:59:59+02:00,13,7,4465,4753,8566,10866,10018,15183,13567,21836,33069,37480,43075,45869,34390,43975,11462,20412,5,1,819,832,1824,2568,2451,4032,3490,6184,6401,7056,7849,6705,21369,27593,10066,17943,220449,116534,35435,10150,103086,473,10,26,21
2021-04-27T23:59:59+02:00,12,6,4235,4540,8220,10414,9630,14600,13094,21189,31936,36351,42793,45582,34374,43947,11458,20409,5,1,792,818,1789,2545,2433,4014,3472,6164,6366,7029,7839,6696,21364,27589,10063,17937,217710,116476,35420,10121,99624,288,10,26,21
2021-04-26T23:59:59+02:00,12,6,4213,4513,8147,10376,9524,14546,12944,21128,27525,31971,41574,44361,34294,43846,11445,20398,5,1,760,807,1760,2526,2403,3993,3447,6143,6314,6983,7791,6647,21333,27558,10063,17930,205837,116274,35410,10076,99540,84,10,26,20
2021-04-25T23:59:59+02:00,12,6,4191,4500,8115,10351,9461,14514,12851,21081,25556,29928,40874,43602,34247,43787,11441,20392,5,1,748,799,1748,2512,2385,3978,3422,6122,6281,6954,7771,6630,21316,27537,10062,17926,205171,116247,30298,9841,99405,80,9,26,20
2021-04-24T23:59:59+02:00,12,6,4172,4489,8085,10322,9419,14498,12799,21060,24054,28263,40116,42759,34182,43711,11438,20386,5,1,747,798,1745,2510,2384,3974,3422,6118,6281,6951,7769,6627,21314,27537,10062,17926,200104,116225,30298,9840,99334,77,9,26,20
2021-04-23T23:59:59+02:00,11,6,3907,4337,7613,10024,8990,14143,12237,20657,23573,27963,40027,42697,34161,43677,11432,20379,5,1,734,788,1728,2497,2364,3958,3400,6095,6259,6932,7755,6608,21309,27526,10062,17925,199752,116210,30282,9641,95767,66,9,24,20
2021-04-22T23:59:59+02:00,11,6,3814,4277,7422,9908,8711,13950,11791,20330,21244,25605,37269,39452,33634,43005,11361,20255,5,1,721,779,1699,2466,2306,3900,3329,6023,6149,6835,7676,6521,21253,27482,10059,17910,186720,116092,30090,8931,95202,64,9,24,18
2021-04-21T23:59:59+02:00,11,4,3786,4244,7292,9829,8529,13776,11454,20040,19985,24400,34055,35730,33153,42306,11296,20126,5,1,697,761,1664,2438,2262,3876,3296,5990,6109,6796,7644,6494,21233,27458,10055,17906,174949,115979,29914,8619,95120,60,9,24,18
2021-04-20T23:59:59+02:00,11,4,3753,4217,7187,9760,8317,13616,11084,19742,18889,23247,30742,32083,32676,41707,11239,20009,4,1,689,751,1649,2426,2228,3854,3253,5944,6068,6754,7602,6449,21208,27435,10049,17903,163301,115820,29891,8362,95058,58,9,24,18
2021-04-19T23:59:59+02:00,11,4,3735,4201,7112,9722,8199,13507,10828,19558,18223,22587,29867,30950,32383,41344,11197,19935,4,1,681,746,1628,2412,2204,3824,3217,5911,6034,6723,7559,6416,21177,27407,10047,17899,158466,115688,29873,8118,94991,57,9,24,18
2021-04-18T23:59:59+02:00,11,4,3732,4194,7096,9710,8185,13490,10791,19532,18136,22504,29745,30824,32355,41321,11194,19927,4,1,679,742,1613,2400,2187,3809,3192,5885,6004,6700,7536,6403,21159,27385,10044,17896,157974,115629,29805,7927,94940,56,9,23,18
2021-04-17T23:59:59+02:00,11,4,3731,4192,7092,9707,8181,13490,10785,19525,18123,22493,29722,30811,32353,41318,11194,19927,4,1,678,742,1611,2399,2185,3808,3188,5884,6002,6698,7536,6403,21159,27385,10044,17896,157889,115614,29804,7927,94934,55,9,23,18
2021-04-16T23:59:59+02:00,11,4,3564,4155,6747,9577,7810,13303,10386,19280,17669,22219,29517,30649,32270,41228,11179,19908,4,1,665,722,1599,2384,2158,3793,3134,5847,5960,6648,7443,6312,20746,26818,10014,17835,157130,114284,29796,7720,92518,52,9,23,18
2021-04-15T23:59:59+02:00,11,4,3464,4075,6395,9205,7231,12802,9609,18447,16346,20991,28317,29355,31753,40586,11098,19732,4,1,635,699,1546,2344,2072,3707,3025,5727,5631,6410,6944,5924,20002,25899,9915,17665,151385,110902,29502,7174,88502,47,9,23,18
2021-04-14T23:59:59+02:00,10,4,3411,4028,6158,8966,6901,12425,8990,17899,15226,19958,26900,27851,31122,39704,10986,19534,4,1,602,673,1501,2306,1997,3629,2883,5604,5323,6177,6398,5415,18978,24604,9828,17485,144567,106619,29303,6721,86173,41,9,21,18
2021-04-13T23:59:59+02:00,10,4,3379,3996,6069,8888,6753,12292,8687,17654,14427,19264,23551,24284,30186,38524,10880,19359,4,1,597,664,1488,2283,1965,3594,2785,5533,5105,5993,6031,5071,18676,24256,9786,17418,132921,104496,29292,6688,85964,40,9,21,17
2021-04-12T23:59:59+02:00,10,4,3357,3975,6018,8829,6665,12205,8468,17459,13810,18738,22544,23133,29761,37965,10811,19232,4,1,587,656,1477,2275,1942,3573,2728,5483,4956,5888,5708,4788,18380,23952,9747,17356,127829,102895,29273,6540,85852,40,9,21,17
2021-04-11T23:59:59+02:00,10,4,3351,3969,6000,8805,6636,12188,8426,17436,13718,18678,22415,22983,29709,37900,10801,19208,4,1,583,651,1464,2265,1929,3565,2711,5466,4919,5851,5649,4728,18207,23719,9726,17325,127286,102230,29207,6467,85714,40,9,21,17
2021-04-10T23:59:59+02:00,10,4,3343,3968,5977,8804,6614,12187,8404,17435,13694,18676,22410,22980,29705,37899,10801,19208,4,1,580,648,1456,2258,1924,3562,2704,5457,4903,5843,5636,4711,18043,23464,9712,17301,127265,101708,29116,6434,85709,40,8,21,17
2021-04-09T23:59:59+02:00,9,4,3306,3956,5929,8790,6555,12168,8365,17408,13644,18630,20455,20564,29220,37280,10771,19158,4,1,566,634,1430,2236,1897,3538,2662,5421,4830,5781,5520,4608,17464,22731,9674,17230,126565,99936,23991,6235,85629,32,7,20,17
2021-04-08T23:59:59+02:00,9,4,3281,3937,5861,8759,6482,12129,8275,17344,13499,18512,17857,17489,28699,36614,10733,19108,4,1,524,605,1342,2154,1802,3441,2482,5237,4329,5420,4716,4002,15670,20489,9483,16921,125699,92913,18118,5663,84749,23,6,20,17
2021-04-07T23:59:59+02:00,7,4,3202,3908,5654,8708,6274,12069,8065,17268,13236,18416,15185,14409,28020,35812,10703,19055,4,1,500,576,1288,2097,1706,3361,2329,5097,3916,5088,3993,3431,14810,19618,9367,16734,125485,88559,16575,5315,77910,20,5,20,17
2021-04-06T23:59:59+02:00,6,4,3173,3898,5609,8689,6203,12045,7979,17231,13163,18343,13194,12038,27384,35096,10690,19025,4,1,470,553,1219,2042,1620,3278,2167,4978,3544,4811,3468,3018,13963,18610,9291,16613,125351,84900,16371,4713,72023,16,5,20,16
2021-04-05T23:59:59+02:00,6,4,3171,3895,5574,8674,6166,12032,7934,17214,13090,18307,13149,11992,27373,35080,10689,19022,4,1,438,523,1167,2005,1569,3236,2100,4924,3455,4735,3411,2966,13818,18438,9282,16595,125326,84405,16162,4226,71860,16,4,20,16
2021-04-04T23:59:59+02:00,6,4,3170,3893,5574,8672,6164,12031,7933,17212,13089,18307,13146,11992,27372,35080,10689,19022,4,1,437,522,1166,2005,1568,3236,2099,4924,3455,4735,3411,2966,13817,18438,9282,16595,125315,84399,16162,4226,71855,16,4,20,16
2021-04-03T23:59:59+02:00,6,4,3169,3893,5574,8671,6164,12031,7933,17212,13089,18307,13146,11990,27371,35077,10689,19022,4,1,437,520,1166,2005,1567,3236,2099,4923,3449,4732,3405,2956,13730,18301,9273,16579,125309,84121,16162,4226,71853,16,4,20,16
2021-04-02T23:59:59+02:00,6,4,3169,3890,5571,8666,6160,12022,7925,17199,13062,18276,13099,11937,27343,35058,10686,19018,4,1,434,513,1164,2001,1555,3227,2088,4901,3418,4699,3373,2927,12793,17050,9206,16470,125140,81646,16159,4144,71768,16,4,20,14
2021-04-01T23:59:59+02:00,6,4,3155,3876,5532,8647,6093,11989,7854,17164,12949,18204,12985,11810,27285,34981,10677,19003,4,1,386,469,1065,1933,1455,3138,1936,4788,3213,4568,3137,2725,10757,14450,9092,16289,124825,76022,16036,3351,71331,16,3,19,14
2021-03-31T23:59:59+02:00,6,4,3154,3862,5515,8613,6058,11954,7810,17119,12868,18135,12871,11688,27234,34918,10669,18993,3,1,348,446,1029,1890,1382,3098,1831,4684,2954,4367,2721,2409,8159,11218,8911,16047,124514,68459,15996,3007,70940,15,3,18,14
2021-03-30T23:59:59+02:00,6,4,3148,3850,5491,8587,6025,11922,7770,17079,12790,18069,12785,11550,27196,34870,10663,18983,3,1,327,428,1007,1858,1323,3063,1707,4603,2707,4196,2353,2162,7270,10135,8844,15918,124381,65142,15965,2732,70422,15,2,18,14
2021-03-29T23:59:59+02:00,6,4,3136,3846,5462,8567,5989,11887,7726,17046,12716,17992,12137,10791,25329,32380,10514,18726,3,1,321,425,1000,1843,1303,3038,1673,4562,2558,4108,2065,2011,6610,9423,8800,15840,118383,62826,15795,2729,70056,13,2,18,14
2021-03-28T23:59:59+02:00,6,4,3106,3830,5414,8529,5938,11842,7645,16991,12605,17922,11872,10487,23345,29916,10459,18627,3,1,320,423,997,1842,1294,3034,1669,4560,2546,4100,2040,1991,6586,9408,8798,15835,118325,62693,10611,2727,69582,13,2,18,12
2021-03-27T23:59:59+01:00,6,4,3094,3825,5374,8518,5902,11827,7597,16976,12559,17875,11837,10443,23341,29908,10459,18627,3,1,320,423,997,1842,1294,3034,1668,4558,2544,4097,2038,1989,6538,9333,8766,15786,118254,62477,10610,2727,69288,13,2,18,12
2021-03-26T23:59:59+01:00,6,4,2966,3504,4925,7365,5408,10509,6985,14929,11752,15589,11617,10258,22857,29180,10414,18556,3,1,319,420,992,1839,1288,3029,1665,4556,2539,4090,2030,1983,6409,9144,8622,15598,116702,61795,10353,2715,59749,3,2,18,12
2021-03-25T23:59:59+01:00,6,3,2846,3242,4766,6598,5177,9362,6660,13207,11024,13787,10755,9454,22126,28332,10337,18399,3,1,314,411,985,1830,1273,3010,1646,4523,2503,4040,1962,1924,6118,8715,8341,15145,113773,60018,9649,2711,52639,2,2,18,11
2021-03-24T23:59:59+01:00,6,3,2800,3197,4690,6534,5043,9255,6454,13036,10511,13382,9918,8633,21106,27071,10239,18211,3,1,312,406,978,1824,1256,2999,1631,4499,2456,3984,1894,1848,5752,8239,7924,14470,109737,57763,9302,2700,51033,2,0,17,11
2021-03-23T23:59:59+01:00,6,3,2772,3164,4622,6464,4932,9162,6240,12874,10052,12959,9199,7963,20592,26463,10184,18104,3,1,300,393,961,1814,1241,2976,1601,4477,2406,3935,1815,1782,5468,7855,7519,13844,107332,55680,8969,2699,49437,1,0,17,11
2021-03-22T23:59:59+01:00,6,3,2754,3125,4562,6425,4856,9094,6101,12735,9690,12686,8597,7394,20172,26025,10123,18010,1,1,298,390,950,1807,1227,2962,1588,4464,2379,3907,1788,1760,5329,7681,7069,13019,105844,53915,8711,2694,47786,1,0,17,10
2021-03-21T23:59:59+01:00,6,3,2747,3109,4516,6401,4805,9058,6007,12668,9501,12499,8290,7134,20004,25858,10111,17982,1,1,298,390,949,1807,1224,2962,1587,4463,2376,3907,1781,1754,5320,7676,7038,12961,105641,53807,8479,2677,46562,1,0,17,10
2021-03-20T23:59:59+01:00,6,3,2746,3102,4509,6396,4798,9055,6003,12660,9481,12485,8257,7102,19831,25581,10095,17956,1,1,298,390,949,1805,1223,2962,1586,4462,2372,3899,1769,1741,5305,7627,6860,12721,105085,53308,8466,2652,46498,1,0,17,10
2021-03-19T23:59:59+01:00,6,3,2710,3075,4438,6351,4691,9004,5863,12602,9213,12298,7954,6875,19346,24990,10063,17897,1,1,298,389,948,1804,1223,2959,1584,4461,2365,3894,1753,1730,5268,7584,6447,12098,103781,52167,8224,2629,45357,1,0,17,10
2021-03-18T23:59:59+01:00,6,3,2644,3002,4274,6213,4442,8799,5505,12295,8299,11628,6689,5856,18084,23625,9908,17664,1,1,295,384,943,1794,1209,2946,1545,4445,2300,3848,1674,1688,5193,7477,5704,10979,98853,49830,7680,2587,42386,0,0,17,9
2021-03-17T23:59:59+01:00,6,3,2607,2962,4193,6116,4304,8690,5250,12019,7623,11062,5700,4956,16732,22086,9741,17404,1,1,291,382,939,1786,1205,2937,1528,4424,2234,3823,1610,1643,5148,7411,5123,10088,93411,48035,7180,2530,40846,0,0,17,9
2021-03-16T23:59:59+01:00,5,3,2587,2934,4130,6049,4210,8593,5073,11863,7174,10675,4934,4338,15871,21103,9635,17231,1,1,287,380,936,1781,1202,2930,1520,4414,2212,3804,1577,1626,5110,7368,4613,9268,89749,46572,7142,2451,39500,0,0,17,7
2021-03-15T23:59:59+01:00,5,3,2584,2923,4115,6029,4178,8567,5023,11816,7056,10558,4787,4176,15550,20691,9603,17172,1,1,285,376,935,1775,1196,2923,1506,4405,2191,3782,1533,1609,5050,7294,4027,8405,88975,44979,7043,2308,38801,0,0,17,7
2021-03-14T23:59:59+01:00,5,2,2578,2915,4094,6008,4148,8547,4982,11782,6962,10469,4681,4061,15416,20521,9586,17132,1,1,283,375,935,1773,1190,2916,1501,4394,2180,3775,1523,1603,5042,7286,4021,8391,88666,44916,7024,2267,38183,0,0,16,7
2021-03-13T23:59:59+01:00,5,2,2571,2905,4086,5996,4140,8540,4974,11772,6944,10457,4658,4035,15100,20084,9566,17096,1,1,283,375,935,1773,1190,2916,1501,4394,2180,3775,1522,1603,5042,7285,4021,8391,87778,44915,7002,2266,38135,0,0,16,7
2021-03-12T23:59:59+01:00,5,2,2507,2829,3976,5824,4020,8317,4837,11474,6765,10187,4505,3897,14172,18825,9504,16994,1,1,283,374,933,1770,1190,2912,1499,4389,2179,3768,1515,1601,5035,7266,4019,8374,85300,44837,6941,2265,36385,0,0,14,7
2021-03-11T23:59:59+01:00,4,2,2383,2604,3747,5497,3765,7883,4510,10712,6134,9376,3983,3394,12558,16826,9402,16844,1,1,283,373,929,1765,1187,2898,1490,4377,2167,3741,1474,1573,4994,7229,4007,8347,80938,44688,6778,2141,31894,0,0,14,7
2021-03-10T23:59:59+01:00,4,2,2264,2473,3590,5259,3570,7560,4239,10229,5579,8810,3408,2950,10271,14103,9253,16612,1,1,279,369,924,1755,1180,2887,1486,4361,2145,3726,1445,1565,4964,7214,3998,8337,74597,44622,6606,2008,28959,0,0,14,7
2021-03-09T23:59:59+01:00,4,2,2239,2422,3524,5170,3456,7470,4069,10033,5184,8463,2927,2591,8744,12085,9147,16461,1,1,278,368,924,1749,1173,2877,1482,4353,2137,3715,1430,1559,4956,7209,3995,8335,69713,44581,6458,1955,27806,0,0,14,6
2021-03-08T23:59:59+01:00,4,2,2215,2347,3465,5102,3382,7386,3947,9920,4887,8269,2486,2327,6806,9685,9026,16283,1,1,278,365,923,1739,1167,2861,1476,4342,2133,3708,1419,1552,4940,7189,3988,8325,64005,44472,6121,1929,27399,0,0,14,6
2021-03-07T23:59:59+01:00,4,2,2153,2291,3369,4994,3285,7297,3848,9833,4750,8174,2435,2275,6783,9664,9026,16275,1,1,278,364,922,1739,1167,2859,1476,4342,2133,3708,1419,1552,4939,7189,3988,8325,63876,44469,5438,1927,27130,0,0,14,6
2021-03-06T23:59:59+01:00,4,2,2145,2278,3355,4984,3281,7292,3839,9823,4740,8169,2433,2272,6737,9594,8994,16225,1,1,278,364,921,1735,1166,2858,1476,4339,2129,3703,1418,1547,4933,7184,3986,8315,63665,44421,5378,1927,27110,0,0,14,6
2021-03-05T23:59:59+01:00,4,2,2015,2192,3130,4798,3042,6980,3561,9428,4406,7832,2344,2210,6529,9272,8799,15960,1,1,278,362,919,1732,1166,2857,1475,4333,2126,3697,1412,1545,4927,7178,3985,8308,62674,44369,4531,1927,25285,0,0,14,6
2021-03-04T23:59:59+01:00,4,2,1764,1972,2717,4361,2585,6341,2996,8527,3721,7021,2125,2050,6233,8905,8515,15497,1,1,275,361,918,1724,1164,2840,1474,4317,2117,3685,1401,1543,4915,7164,3978,8297,61013,44245,3251,1924,21058,0,0,14,6
2021-03-03T23:59:59+01:00,4,2,1694,1884,2610,4178,2452,6114,2855,8239,3533,6758,2041,1972,5892,8429,8150,14908,1,1,274,357,918,1714,1161,2817,1470,4293,2112,3670,1376,1531,4910,7158,3974,8289,58986,44097,3107,1924,19608,0,0,14,5
2021-03-02T23:59:59+01:00,4,2,1659,1808,2540,4058,2371,5962,2748,8058,3419,6606,1966,1904,5575,7988,7737,14229,1,1,272,352,915,1695,1158,2797,1467,4275,2111,3659,1351,1525,4900,7141,3969,8281,56855,43941,2865,1924,18900,0,0,14,5
2021-03-01T23:59:59+01:00,2,2,1649,1781,2502,3950,2323,5847,2712,7957,3366,6527,1924,1883,5437,7825,7256,13352,1,1,271,350,911,1689,1156,2785,1465,4262,2109,3644,1346,1520,4897,7139,3967,8274,54974,43858,2854,1924,18453,0,0,14,5
2021-02-28T23:59:59+01:00,2,2,1633,1743,2468,3878,2292,5792,2669,7876,3339,6479,1918,1879,5429,7820,7219,13292,1,1,271,350,910,1689,1156,2785,1465,4261,2109,3643,1346,1520,4897,7138,3967,8274,54849,43855,2852,1923,18015,0,0,14,5
2021-02-27T23:59:59+01:00,2,2,1631,1736,2465,3871,2289,5792,2667,7875,3336,6477,1912,1869,5419,7776,7047,13068,1,1,271,350,900,1684,1146,2778,1455,4252,2092,3634,1345,1517,4897,7137,3967,8274,54379,43851,2852,1845,17989,0,0,14,5
2021-02-26T23:59:59+01:00,2,1,1442,1576,2336,3630,2211,5385,2574,7371,3249,6019,1897,1845,5394,7743,6777,12675,1,1,269,348,892,1677,1138,2758,1449,4230,2082,3620,1338,1508,4890,7125,3963,8261,53622,43770,2832,1776,15659,0,0,14,4
2021-02-25T23:59:59+01:00,2,1,1229,1294,2116,3200,2039,4635,2376,6431,3007,5123,1806,1773,5342,7663,6194,11822,1,1,267,340,885,1617,1104,2663,1416,4119,2026,3545,1300,1487,4846,7083,3943,8206,51719,43297,2820,1548,11502,0,0,12,4
2021-02-24T23:59:59+01:00,2,1,1176,1086,2011,2937,1933,4298,2244,6027,2837,4854,1729,1718,5281,7574,5427,10629,1,1,265,334,848,1569,1054,2572,1355,4003,1937,3417,1260,1459,4828,7056,3933,8185,49361,43032,2809,1041,9582,0,0,12,4
2021-02-23T23:59:59+01:00,2,1,1159,1035,1976,2873,1907,4200,2218,5942,2803,4791,1720,1703,5245,7526,4781,9596,1,1,265,333,821,1542,1004,2520,1302,3925,1831,3342,1208,1432,4804,7030,3920,8147,47562,42826,2782,598,9123,0,0,11,4
2021-02-22T23:59:59+01:00,2,1,1151,993,1927,2729,1863,4054,2162,5748,2749,4686,1709,1692,5211,7478,4166,8703,1,1,264,324,779,1504,951,2437,1213,3817,1692,3244,1118,1373,4760,6958,3891,8036,45934,42349,2764,10,8316,0,0,10,4
2021-02-21T23:59:59+01:00,2,1,1148,979,1898,2667,1836,3957,2135,5643,2729,4623,1702,1686,5208,7469,4166,8699,1,1,262,322,774,1498,943,2405,1211,3780,1679,3204,1109,1358,4742,6931,3866,7992,45881,42064,2754,10,7903,0,0,10,4
2021-02-20T23:59:59+01:00,2,1,1148,979,1897,2666,1835,3957,2135,5643,2727,4617,1693,1677,5201,7462,4164,8696,1,1,262,322,774,1497,942,2401,1210,3776,1678,3202,1109,1358,4690,6871,3819,7935,45866,41835,2726,9,7898,0,0,10,4
2021-02-19T23:59:59+01:00,2,1,1148,977,1894,2661,1835,3947,2134,5634,2723,4613,1674,1668,5186,7445,4161,8691,1,1,261,320,770,1487,933,2376,1203,3734,1649,3149,1081,1319,4497,6617,3640,7634,45787,40659,2704,9,7893,0,0,10,4
2021-02-18T23:59:59+01:00,2,1,1117,895,1854,2542,1796,3810,2081,5428,2662,4440,1657,1651,5170,7413,4156,8662,1,1,234,291,725,1362,884,2170,1117,3396,1532,2852,971,1129,4001,5834,3223,6732,45635,36442,2671,9,7021,0,0,10,4
2021-02-17T23:59:59+01:00,2,1,1071,768,1773,2310,1719,3514,1972,5069,2587,4193,1632,1642,5149,7398,4147,8659,1,1,229,288,715,1344,875,2148,1105,3361,1513,2831,965,1126,3618,5307,2923,6305,45594,34642,2611,9,5391,0,0,10,4
2021-02-16T23:59:59+01:00,2,1,1030,729,1718,2206,1650,3342,1902,4863,2508,4085,1592,1628,5122,7375,4138,8647,1,1,222,282,698,1308,853,2094,1074,3243,1474,2744,941,1102,3260,4757,2579,5806,45540,32430,2444,6,4546,0,0,8,3
2021-02-15T23:59:59+01:00,2,1,1024,710,1698,2129,1632,3242,1883,4754,2494,4006,1562,1614,5092,7359,4105,8591,1,1,210,272,682,1274,834,2044,1053,3177,1432,2679,911,1071,2831,4198,2241,5227,45413,30130,2358,5,4119,0,0,8,3
2021-02-14T23:59:59+01:00,2,1,929,677,1622,2096,1570,3223,1840,4732,2459,3993,1555,1612,5083,7347,4102,8585,1,1,203,261,673,1256,816,2004,1037,3111,1401,2611,881,1025,2739,4057,2162,5029,45369,29262,2323,4,3729,0,0,7,2
2021-02-13T23:59:59+01:00,2,1,877,653,1592,2073,1555,3214,1824,4725,2451,3992,1554,1611,5083,7346,4101,8584,1,1,201,260,671,1255,816,2000,1037,3109,1400,2608,880,1024,2635,3932,2096,4928,45362,28849,2323,3,3546,0,0,7,2
2021-02-12T23:59:59+01:00,2,1,550,507,1244,1956,1384,3112,1684,4643,2344,3922,1535,1603,5073,7335,4091,8574,1,1,189,254,656,1229,802,1956,1010,3023,1345,2508,818,949,2407,3616,1948,4605,45240,27313,2323,2,1990,0,0,7,2
2021-02-11T23:59:59+01:00,2,1,389,433,1056,1842,1281,2994,1587,4529,2255,3831,1426,1558,5010,7283,4068,8524,1,1,153,192,557,985,667,1510,810,2351,1065,1915,575,697,1788,2728,1436,3324,44882,20754,2115,1,1065,0,0,7,0
2021-02-10T23:59:59+01:00,2,1,276,364,929,1736,1179,2872,1492,4344,2141,3709,1387,1545,4989,7272,4064,8522,1,1,132,129,387,625,494,1021,641,1739,897,1581,555,681,1381,2168,1120,2821,44806,16374,2006,0,6,0,0,6,0
2021-02-09T23:59:59+01:00,2,1,276,363,928,1730,1176,2863,1492,4338,2140,3704,1379,1542,4987,7270,4063,8520,1,1,129,127,378,592,475,994,620,1710,872,1551,553,678,997,1700,840,2413,44781,14631,1982,0,5,0,0,6,0
2021-02-08T23:59:59+01:00,2,1,276,361,927,1728,1173,2853,1485,4333,2138,3700,1374,1538,4985,7270,4062,8517,1,1,124,121,367,579,467,974,609,1677,854,1525,545,673,603,1209,534,1984,44753,12847,1959,0,5,0,0,6,0
2021-02-07T23:59:59+01:00,2,1,276,361,924,1728,1172,2853,1483,4331,2138,3700,1374,1538,4985,7269,4061,8517,1,1,120,118,362,575,466,967,606,1665,844,1509,537,670,602,1199,529,1969,44749,12740,1958,0,0,0,0,6,0
2021-02-06T23:59:59+01:00,2,1,276,361,924,1728,1172,2853,1483,4331,2138,3700,1374,1538,4985,7269,4061,8517,1,1,117,115,360,571,465,965,606,1663,844,1508,536,669,602,1199,529,1969,44749,12720,1958,0,0,0,0,6,0
2021-02-05T23:59:59+01:00,2,1,275,360,922,1728,1172,2852,1481,4330,2137,3700,1374,1538,4984,7267,4061,8514,1,1,116,106,357,566,457,952,602,1653,831,1485,531,659,596,1183,519,1944,44734,12559,1958,0,0,0,0,6,0
2021-02-04T23:59:59+01:00,2,1,271,355,916,1689,1164,2805,1481,4278,2126,3657,1366,1531,4955,7235,4049,8480,1,0,88,71,239,393,331,694,473,1261,622,1117,401,521,501,967,454,1678,44398,9812,1957,0,0,0,0,6,0
2021-02-03T23:59:59+01:00,2,1,269,345,912,1664,1160,2770,1470,4228,2117,3621,1358,1515,4930,7205,4035,8449,1,0,54,34,85,168,152,347,230,595,299,544,211,278,287,603,265,1046,44088,5199,1957,0,0,0,0,6,0
2021-02-02T23:59:59+01:00,2,1,268,343,911,1652,1156,2751,1467,4196,2110,3595,1350,1509,4922,7191,4027,8423,1,0,15,10,29,53,61,101,73,165,95,123,45,75,70,133,57,207,43911,1313,1957,0,0,0,0,6,0
2021-02-01T23:59:59+01:00,2,1,268,338,911,1649,1155,2750,1466,4192,2109,3589,1349,1508,4920,7190,4027,8423,1,0,13,9,25,46,51,92,60,140,73,104,39,67,62,124,55,194,43884,1155,1957,0,0,0,0,6,0
2021-01-31T23:59:59+01:00,2,1,268,337,911,1645,1154,2745,1466,4187,2109,3586,1348,1508,4919,7189,4027,8423,1,0,12,8,22,41,44,84,54,129,63,98,34,56,53,114,52,187,43864,1052,1955,0,0,0,0,6,0
2021-01-30T23:59:59+01:00,2,1,268,337,906,1642,1146,2737,1458,4181,2105,3583,1348,1508,4866,7129,3981,8365,1,0,12,8,22,39,44,84,53,128,63,98,34,56,53,114,52,187,43636,1048,1921,0,0,0,0,6,0
2021-01-29T23:59:59+01:00,2,1,267,335,891,1634,1134,2716,1446,4151,2081,3556,1339,1502,4701,6928,3813,8156,1,0,10,8,22,39,41,84,52,126,60,97,33,52,52,114,52,187,42838,1030,1809,0,0,0,0,6,0
2021-01-28T23:59:59+01:00,2,1,263,322,872,1548,1095,2606,1409,4049,2011,3482,1313,1489,4364,6460,3536,7797,1,0,7,4,10,19,22,42,21,58,35,64,20,34,36,74,40,125,41048,612,1565,0,0,0,0,6,0
2021-01-27T23:59:59+01:00,2,1,257,319,830,1493,1048,2512,1345,3951,1937,3375,1273,1462,3951,5886,3209,7325,1,0,3,4,10,9,11,21,8,23,14,30,12,15,18,42,17,63,39058,301,1112,0,0,0,0,6,0
2021-01-26T23:59:59+01:00,2,1,250,310,793,1446,981,2427,1284,3824,1821,3267,1212,1410,3601,5327,2854,6802,1,0,1,1,6,4,4,7,4,3,3,9,7,5,5,7,4,8,36944,79,664,0,0,0,0,4,0
2021-01-25T23:59:59+01:00,2,1,240,301,742,1385,920,2308,1182,3679,1662,3146,1132,1378,3203,4812,2537,6326,1,0,1,1,6,3,2,7,2,2,3,9,7,5,5,7,4,8,34890,73,63,0,0,0,0,3,0
2021-01-24T23:59:59+01:00,2,1,237,301,736,1381,909,2292,1177,3663,1634,3116,1126,1375,3176,4776,2520,6304,1,0,1,1,4,3,2,7,2,2,3,9,7,5,5,7,4,8,34715,71,9,0,0,0,0,2,0
2021-01-23T23:59:59+01:00,2,1,236,300,735,1380,909,2288,1176,3661,1631,3114,1125,1375,3070,4650,2453,6202,1,0,1,1,4,3,2,7,2,2,3,9,7,5,5,7,4,8,34298,71,8,0,0,0,0,2,0
2021-01-22T23:59:59+01:00,2,1,235,297,732,1364,907,2275,1170,3645,1627,3110,1123,1374,2908,4455,2350,6057,1,0,1,1,4,3,2,7,2,2,3,9,7,5,5,7,4,8,33622,71,8,0,0,0,0,2,0
2021-01-21T23:59:59+01:00,2,1,230,269,668,1208,840,2063,1089,3361,1531,2907,1080,1331,2560,3992,2055,5615,1,0,1,0,3,2,2,7,2,2,3,9,7,4,5,7,4,8,30794,67,8,0,0,0,0,0,0
2021-01-20T23:59:59+01:00,2,1,206,206,508,856,665,1572,889,2661,1294,2440,982,1197,2019,3239,1632,4804,1,0,1,0,3,2,2,7,2,2,3,7,6,4,5,7,4,8,25165,64,8,0,0,0,0,0,0
2021-01-19T23:59:59+01:00,2,1,181,189,460,746,611,1417,803,2364,1119,2133,815,939,1365,2297,1146,3668,0,0,0,0,2,1,0,0,0,0,2,1,1,0,0,0,0,0,20252,7,4,0,0,0,0,0,0
2021-01-18T23:59:59+01:00,1,1,137,134,384,622,489,1060,647,1822,927,1641,605,729,692,1348,601,2240,0,0,0,0,1,0,0,0,0,0,1,0,0,0,0,0,0,0,14077,2,3,0,0,0,0,0,0
2021-01-17T23:59:59+01:00,1,1,126,119,369,587,474,995,618,1705,868,1542,556,688,641,1245,555,2075,0,0,0,0,0,0,0,0,0,0,0,0,0,0,0,0,0,0,13164,0,1,0,0,0,0,0,0
2021-01-16T23:59:59+01:00,1,1,119,115,366,583,472,983,612,1692,862,1535,555,687,640,1239,550,2061,0,0,0,0,0,0,0,0,0,0,0,0,0,0,0,0,0,0,13072,0,1,0,0,0,0,0,0
2021-01-15T23:59:59+01:00,1,1,117,108,363,577,464,967,608,1681,848,1511,549,674,632,1222,542,2036,0,0,0,0,0,0,0,0,0,0,0,0,0,0,0,0,0,0,12901,0,0,0,0,0,0,0,0
2021-01-14T23:59:59+01:00,1,1,97,87,280,468,392,788,504,1410,692,1222,431,541,549,1023,479,1836,0,0,0,0,0,0,0,0,0,0,0,0,0,0,0,0,0,0,10801,0,0,0,0,0,0,0,0
2021-01-13T23:59:59+01:00,1,1,67,47,168,285,257,521,353,922,472,786,264,328,333,673,308,1166,0,0,0,0,0,0,0,0,0,0,0,0,0,0,0,0,0,0,6952,0,0,0,0,0,0,0,0
2021-01-12T23:59:59+01:00,1,1,31,20,54,104,115,215,151,383,195,335,137,180,174,372,177,647,0,0,0,0,0,0,0,0,0,0,0,0,0,0,0,0,0,0,3292,0,0,0,0,0,0,0,0
2021-01-11T23:59:59+01:00,1,0,17,10,38,66,63,114,78,171,89,126,40,67,66,130,55,200,0,0,0,0,0,0,0,0,0,0,0,0,0,0,0,0,0,0,1331,0,0,0,0,0,0,0,0
2021-01-10T23:59:59+01:00,1,0,14,7,31,55,56,102,68,156,73,112,34,57,56,119,50,190,0,0,0,0,0,0,0,0,0,0,0,0,0,0,0,0,0,0,1181,0,0,0,0,0,0,0,0
2021-01-09T23:59:59+01:00,1,0,13,7,30,53,55,101,65,155,73,110,34,57,56,119,50,190,0,0,0,0,0,0,0,0,0,0,0,0,0,0,0,0,0,0,1169,0,0,0,0,0,0,0,0
2021-01-08T23:59:59+01:00,1,0,10,7,28,50,50,96,60,142,67,106,32,52,55,119,50,190,0,0,0,0,0,0,0,0,0,0,0,0,0,0,0,0,0,0,1115,0,0,0,0,0,0,0,0
2021-01-07T23:59:59+01:00,1,0,7,4,10,20,22,43,23,57,36,66,19,35,40,79,39,126,0,0,0,0,0,0,0,0,0,0,0,0,0,0,0,0,0,0,627,0,0,0,0,0,0,0,0
2021-01-06T23:59:59+01:00,1,0,7,4,10,16,14,30,15,40,25,54,16,25,33,69,37,110,0,0,0,0,0,0,0,0,0,0,0,0,0,0,0,0,0,0,506,0,0,0,0,0,0,0,0
2021-01-05T23:59:59+01:00,1,0,7,4,10,16,14,30,15,40,25,54,16,25,32,69,37,110,0,0,0,0,0,0,0,0,0,0,0,0,0,0,0,0,0,0,505,0,0,0,0,0,0,0,0
2021-01-04T23:59:59+01:00,1,0,2,4,9,6,4,14,4,8,6,17,7,5,9,16,5,15,0,0,0,0,0,0,0,0,0,0,0,0,0,0,0,0,0,0,132,0,0,0,0,0,0,0,0
2021-01-03T23:59:59+01:00,1,0,1,1,4,3,2,7,3,3,3,10,5,4,6,8,4,9,0,0,0,0,0,0,0,0,0,0,0,0,0,0,0,0,0,0,74,0,0,0,0,0,0,0,0
2021-01-02T23:59:59+01:00,1,0,1,1,4,3,2,7,3,3,3,10,5,4,6,8,4,9,0,0,0,0,0,0,0,0,0,0,0,0,0,0,0,0,0,0,74,0,0,0,0,0,0,0,0
2021-01-01T23:59:59+01:00,1,0,1,1,4,3,2,7,2,3,3,10,5,4,6,8,4,9,0,0,0,0,0,0,0,0,0,0,0,0,0,0,0,0,0,0,73,0,0,0,0,0,0,0,0
2020-12-31T23:59:59+01:00,1,0,1,1,4,2,2,7,2,2,3,9,5,4,6,8,4,9,0,0,0,0,0,0,0,0,0,0,0,0,0,0,0,0,0,0,70,0,0,0,0,0,0,0,0
2020-12-30T23:59:59+01:00,1,0,1,1,4,2,2,7,2,2,3,7,5,4,6,8,4,9,0,0,0,0,0,0,0,0,0,0,0,0,0,0,0,0,0,0,68,0,0,0,0,0,0,0,0
2020-12-29T23:59:59+01:00,1,0,1,1,3,1,2,6,2,2,3,6,3,2,5,8,3,8,0,0,0,0,0,0,0,0,0,0,0,0,0,0,0,0,0,0,57,0,0,0,0,0,0,0,0
2020-12-28T23:59:59+01:00,1,0,0,0,3,1,0,2,1,0,1,3,0,1,0,1,1,5,0,0,0,0,0,0,0,0,0,0,0,0,0,0,0,0,0,0,20,0,0,0,0,0,0,0,0
2020-12-27T23:59:59+01:00,0,0,0,0,0,0,0,1,1,0,1,2,0,1,0,1,1,5,0,0,0,0,0,0,0,0,0,0,0,0,0,0,0,0,0,0,13,0,0,0,0,0,0,0,0
