Datum,<15_m,<15_w,15-24_1_m,15-24_1_w,25-34_1_m,25-34_1_w,35-44_1_m,35-44_1_w,45-54_1_m,45-54_1_w,55-64_1_m,55-64_1_w,65-74_1_m,65-74_1_w,75-84_1_m,75-84_1_w,>84_1_m,>84_1_w,<24_2_m,<24_2_w,25-34_2_m,25-34_2_w,35-44_2_m,35-44_2_w,45-54_2_m,45-54_2_w,55-64_2_m,55-64_2_w,65-74_2_m,65-74_2_w,75-84_2_m,75-84_2_w,>84_2_m,>84_2_w,bp_1,bp_2,mo_1,mo_2,az_1,az_2,ja,unb_1,unb_2
2021-09-06T23:59:59+02:00,4338,4057,39977,38340,53902,46545,58591,55000,70822,69318,85785,84081,59708,63808,38936,50151,12018,21487,36085,34712,50433,42885,55438,51283,67182,65039,81922,80096,57608,61408,37668,48408,11637,20730,634955,596551,79007,75596,109591,103595,33269,42,49
2021-09-05T23:59:59+02:00,4325,4041,39943,38311,53880,46515,58556,54972,70795,69298,85762,84059,59705,63806,38933,50148,12018,21486,36059,34690,50404,42863,55409,51262,67163,65024,81904,80081,57601,61403,37665,48403,11636,20728,634746,596407,79006,75591,109591,103595,33168,42,49
2021-09-04T23:59:59+02:00,4325,4039,39934,38309,53876,46508,58555,54970,70793,69294,85758,84052,59705,63804,38933,50148,12018,21486,36048,34687,50401,42857,55406,51261,67161,65020,81901,80077,57600,61401,37665,48403,11636,20728,634728,596393,79006,75590,109591,103595,33140,42,49
2021-09-03T23:59:59+02:00,4288,4010,39824,38196,53779,46441,58480,54891,70725,69234,85693,84023,59688,63789,38927,50143,12015,21483,35974,34617,50321,42818,55348,51211,67105,64979,81857,80046,57587,61387,37658,48399,11630,20727,634171,596107,79006,75585,109591,103595,32819,42,49
2021-09-02T23:59:59+02:00,4251,3969,39650,38039,53644,46287,58348,54767,70606,69119,85616,83959,59642,63752,38904,50117,12013,21473,35855,34537,50215,42737,55254,51124,67008,64901,81786,79986,57541,61357,37642,48377,11625,20720,633201,595587,79006,75584,109591,103591,32316,42,49
2021-09-01T23:59:59+02:00,4191,3901,39460,37870,53485,46143,58236,54657,70515,69033,85555,83885,59599,63721,38888,50104,12011,21462,35525,34195,49991,42485,55062,50934,66850,64735,81655,79883,57496,61302,37614,48351,11622,20714,632104,593425,78995,75573,109590,103590,31985,42,49
2021-08-31T23:59:59+02:00,4143,3854,39326,37720,53358,46033,58136,54550,70430,68959,85479,83830,59569,63693,38871,50076,12009,21459,35405,34094,49850,42388,54955,50850,66757,64669,81576,79831,57458,61268,37600,48331,11617,20711,631189,592866,78993,75572,109588,103362,31683,42,49
2021-08-30T23:59:59+02:00,4092,3810,39222,37597,53258,45947,58053,54475,70369,68881,85418,83782,59552,63668,38859,50065,12007,21453,35333,34023,49776,42325,54880,50779,66697,64608,81525,79774,57435,61241,37587,48312,11617,20702,630371,592302,78990,75537,109588,103350,31517,42,49
2021-08-29T23:59:59+02:00,4082,3800,39204,37579,53239,45932,58039,54456,70362,68871,85401,83765,59550,63666,38856,50061,12006,21452,35302,33999,49745,42308,54867,50753,66675,64580,81503,79760,57425,61225,37582,48309,11615,20701,630254,592108,78987,75520,109588,103350,31450,42,49
2021-08-28T23:59:59+02:00,4082,3800,39203,37579,53238,45930,58039,54456,70361,68869,85401,83765,59550,63666,38856,50061,12006,21452,35302,33998,49745,42308,54865,50753,66673,64579,81503,79760,57425,61225,37582,48309,11615,20701,630249,592105,78987,75519,109588,103350,31448,42,49
2021-08-27T23:59:59+02:00,4047,3759,39082,37480,53142,45828,57958,54364,70274,68792,85341,83709,59524,63643,38844,50052,12006,21450,35200,33940,49645,42248,54792,50680,66585,64518,81450,79724,57400,61206,37572,48302,11614,20700,629627,591712,78987,75517,109583,103348,31056,42,49
2021-08-26T23:59:59+02:00,3964,3696,38896,37297,52983,45662,57827,54218,70148,68677,85221,83619,59478,63599,38820,50032,11998,21439,35028,33768,49493,42087,54636,50523,66460,64390,81311,79613,57353,61148,37544,48278,11610,20692,628463,590573,78985,75505,109577,103343,30507,42,49
2021-08-25T23:59:59+02:00,3872,3630,38729,37101,52831,45476,57715,54079,70048,68577,85127,83527,59442,63559,38802,50013,11996,21432,34642,33356,49224,41774,54402,50260,66267,64189,81131,79445,57268,61068,37522,48241,11598,20681,627238,587852,78984,75502,109577,103343,30115,42,49
2021-08-24T23:59:59+02:00,3854,3615,38641,37027,52752,45407,57660,54026,69994,68530,85082,83487,59410,63533,38794,49996,11993,21422,34494,33235,49105,41686,54315,50178,66166,64097,81042,79369,57222,61025,37514,48225,11594,20672,626801,586949,78981,75498,109575,103338,29824,42,49
2021-08-23T23:59:59+02:00,3828,3581,38547,36933,52671,45342,57604,53959,69937,68479,85029,83449,59392,63507,38784,49982,11991,21414,34356,33097,48982,41609,54218,50093,66074,64002,80957,79307,57187,60976,37494,48206,11593,20661,626274,586081,78979,75466,109572,103325,29562,42,49
2021-08-22T23:59:59+02:00,3821,3581,38518,36922,52656,45323,57585,53947,69912,68462,85012,83436,59383,63496,38782,49973,11986,21412,34309,33058,48957,41571,54183,50066,66033,63978,80921,79282,57172,60961,37491,48197,11588,20658,626175,585798,78977,75456,109570,103324,29443,42,49
2021-08-21T23:59:59+02:00,3819,3578,38499,36915,52648,45312,57572,53941,69898,68451,85007,83427,59377,63494,38781,49973,11986,21412,34295,33052,48948,41562,54170,50061,66021,63967,80916,79276,57168,60960,37491,48197,11588,20658,626138,585782,78976,75455,109569,103324,29365,42,49
2021-08-20T23:59:59+02:00,3798,3546,38427,36845,52564,45241,57497,53879,69824,68398,84946,83380,59361,63475,38778,49969,11986,21406,34194,32947,48835,41494,54083,49988,65928,63901,80847,79223,57149,60937,37485,48192,11587,20654,625770,585271,78974,75452,109569,103321,28965,42,49
2021-08-19T23:59:59+02:00,3770,3513,38261,36703,52404,45105,57377,53780,69697,68281,84848,83303,59332,63432,38763,49953,11982,21394,33845,32690,48550,41253,53867,49795,65721,63719,80673,79089,57094,60864,37440,48157,11582,20643,624895,583374,78972,75357,109568,103308,28421,42,49
2021-08-18T23:59:59+02:00,3719,3463,38075,36547,52286,44985,57282,53674,69588,68187,84773,83241,59293,63389,38748,49933,11980,21387,33463,32278,48251,40997,53615,49518,65504,63512,80492,78929,57012,60778,37404,48115,11579,20633,623907,580820,78969,75230,109566,103301,28066,42,49
2021-08-17T23:59:59+02:00,3660,3415,37916,36392,52173,44864,57202,53578,69494,68102,84701,83179,59258,63358,38735,49910,11976,21379,33071,31836,47928,40689,53323,49229,65255,63273,80293,78722,56905,60668,37363,48066,11567,20622,622970,577726,78969,75214,109561,103280,27750,42,49
2021-08-16T23:59:59+02:00,3606,3365,37771,36247,52080,44767,57128,53508,69426,68035,84650,83133,59236,63329,38721,49894,11970,21371,32509,31277,47535,40274,52938,48847,64950,63010,80076,78528,56829,60555,37331,48013,11559,20601,622076,573721,78965,75179,109561,103260,27593,42,49
2021-08-15T23:59:59+02:00,3596,3356,37739,36222,52048,44748,57102,53475,69409,68019,84639,83122,59225,63325,38718,49885,11970,21369,32432,31179,47466,40210,52875,48787,64906,62969,80034,78501,56811,60535,37323,48000,11558,20597,621889,573168,78965,75148,109560,103249,27511,42,49
2021-08-14T23:59:59+02:00,3591,3352,37731,36215,52043,44744,57095,53469,69405,68016,84632,83118,59218,63320,38717,49883,11970,21369,32424,31173,47460,40207,52866,48780,64903,62967,80028,78499,56806,60530,37322,47998,11558,20597,621857,573145,78962,75148,109560,103249,27467,42,49
2021-08-13T23:59:59+02:00,3574,3339,37663,36174,51984,44695,57031,53420,69335,67975,84568,83082,59196,63308,38706,49869,11967,21363,32286,31060,47332,40108,52748,48680,64801,62887,79939,78449,56783,60509,37309,47988,11556,20592,621557,572344,78962,75146,109560,103249,27128,42,49
2021-08-12T23:59:59+02:00,3535,3312,37537,36053,51893,44605,56963,53336,69238,67902,84495,83017,59168,63284,38692,49857,11967,21360,31760,30574,46945,39761,52365,48334,64475,62657,79725,78241,56694,60422,37265,47946,11551,20575,620839,568891,78962,75117,109558,103142,26813,42,49
2021-08-11T23:59:59+02:00,3493,3270,37389,35910,51784,44500,56847,53218,69142,67813,84412,82939,59128,63246,38671,49841,11963,21356,31121,29958,46437,39373,51938,47898,64172,62379,79514,78038,56600,60316,37229,47874,11538,20557,619960,564862,78957,75093,109556,103054,26407,42,49
2021-08-10T23:59:59+02:00,3446,3224,37231,35761,51670,44379,56744,53109,69077,67743,84348,82882,59104,63209,38653,49828,11956,21351,30230,28980,45708,38672,51278,47294,63786,62019,79267,77797,56495,60212,37184,47805,11530,20545,619021,558674,78955,75091,109553,103051,26145,41,49
2021-08-09T23:59:59+02:00,3410,3195,37137,35653,51596,44310,56686,53068,69046,67700,84318,82851,59088,63195,38641,49809,11955,21349,29522,28236,45044,38097,50706,46717,63415,61663,78988,77550,56375,60116,37141,47750,11523,20531,618438,554587,78953,73642,109553,103026,26022,41,49
2021-08-08T23:59:59+02:00,3401,3182,37111,35637,51572,44286,56668,53058,69028,67682,84298,82836,59085,63190,38636,49802,11954,21348,29394,28094,44897,38001,50611,46636,63359,61606,78940,77511,56340,60098,37131,47739,11523,20528,618267,553662,78952,73634,109552,102994,25962,41,49
2021-08-07T23:59:59+02:00,3401,3182,37107,35631,51562,44285,56666,53058,69024,67679,84297,82834,59084,63190,38636,49802,11954,21348,29383,28088,44885,37995,50610,46632,63356,61601,78937,77508,56339,60097,37131,47739,11523,20528,618257,553632,78951,73630,109552,102994,25939,41,49
2021-08-06T23:59:59+02:00,3390,3168,37042,35575,51486,44223,56602,53016,68982,67648,84265,82805,59071,63171,38625,49796,11951,21346,29145,27861,44681,37810,50429,46491,63221,61487,78839,77440,56314,60072,37116,47729,11520,20525,617985,552189,78948,73624,109552,102993,25636,41,49
2021-08-05T23:59:59+02:00,3357,3128,36890,35441,51371,44092,56486,52899,68868,67535,84140,82732,59029,63118,38602,49776,11942,21336,28449,27244,44098,37329,49876,46038,62863,61191,78546,77220,56205,59977,37078,47677,11512,20510,617197,547890,78946,73614,109552,102815,25006,41,49
2021-08-04T23:59:59+02:00,3298,3065,36692,35272,51224,43947,56346,52786,68747,67412,84026,82623,58963,63060,38585,49747,11938,21326,27303,26121,43137,36453,48913,45134,62273,60587,78052,76783,55995,59798,37020,47588,11499,20490,616131,539548,78936,73574,109552,102761,24397,41,49
2021-08-03T23:59:59+02:00,3224,3007,36475,35074,51076,43811,56225,52666,68619,67298,83938,82552,58921,63017,38566,49717,11930,21311,26225,25008,42212,35561,48014,44251,61737,60058,77605,76377,55829,59611,36961,47502,11481,20459,614794,531242,78928,73527,109550,102735,24114,41,49
2021-08-02T23:59:59+02:00,3180,2953,36331,34925,50969,43703,56133,52569,68534,67210,83855,82478,58883,62969,38551,49698,11922,21299,25326,24006,41371,34824,47284,43514,61255,59592,77223,76033,55667,59463,36911,47425,11464,20438,613837,524296,78927,73472,109549,102593,23808,41,49
2021-08-01T23:59:59+02:00,3175,2948,36316,34903,50944,43685,56115,52545,68505,67197,83841,82466,58877,62964,38549,49694,11922,21299,25066,23758,41128,34624,47054,43318,61114,59456,77107,75937,55631,59434,36896,47412,11460,20434,613701,522437,78923,73431,109548,102528,23732,41,49
2021-07-31T23:59:59+02:00,3174,2947,36310,34902,50943,43684,56113,52544,68503,67196,83841,82465,58877,62964,38549,49694,11922,21299,25059,23745,41118,34617,47048,43312,61105,59454,77105,75936,55631,59431,36896,47412,11460,20433,613687,522371,78922,73430,109548,102528,23729,41,49
2021-07-30T23:59:59+02:00,3158,2933,36252,34838,50872,43633,56054,52486,68448,67155,83803,82425,58865,62950,38545,49687,11919,21296,24741,23434,40843,34404,46793,43117,60920,59324,76957,75822,55600,59392,36882,47400,11460,20433,613399,520443,78918,73428,109545,102420,23416,41,49
2021-07-29T23:59:59+02:00,3135,2905,36114,34716,50745,43510,55963,52387,68378,67091,83732,82374,58839,62932,38534,49678,11919,21295,23786,22445,39968,33659,45896,42336,60377,58886,76599,75521,55480,59254,36843,47346,11453,20422,612533,513408,78898,73303,109545,102253,23230,41,49
2021-07-28T23:59:59+02:00,3085,2850,35876,34481,50526,43340,55770,52240,68240,66953,83617,82276,58786,62885,38512,49642,11909,21287,22572,21196,38647,32561,44588,41166,59583,58227,76095,75065,55286,59067,36775,47243,11439,20397,611175,503624,78894,73137,109545,102096,22620,41,49
2021-07-27T23:59:59+02:00,3060,2831,35769,34365,50445,43258,55695,52188,68178,66885,83556,82205,58746,62842,38500,49627,11908,21278,21333,19801,37222,31225,43218,39867,58959,57635,75675,74656,55123,58891,36717,47189,11427,20374,610457,493210,78879,72961,109545,101983,22414,41,49
2021-07-26T23:59:59+02:00,3041,2812,35707,34272,50389,43205,55654,52140,68133,66848,83521,82180,58732,62826,38488,49615,11907,21276,20311,18698,35970,30110,41952,38718,58461,57236,75391,74405,55026,58791,36696,47154,11421,20360,609940,484969,78874,72632,109545,101822,22346,41,49
2021-07-25T23:59:59+02:00,3030,2807,35655,34230,50348,43160,55627,52117,68110,66823,83491,82157,58717,62819,38485,49612,11904,21270,19909,18332,35552,29780,41545,38413,58268,57082,75234,74302,54983,58753,36675,47134,11417,20356,609645,482238,78869,72370,109545,101794,22262,41,49
2021-07-24T23:59:59+02:00,3030,2807,35651,34226,50346,43157,55625,52116,68108,66823,83489,82156,58717,62819,38484,49612,11904,21270,19904,18322,35544,29771,41539,38412,58265,57080,75230,74300,54983,58753,36674,47134,11417,20356,609636,482201,78868,72370,109545,101792,22250,41,49
2021-07-23T23:59:59+02:00,3005,2782,35500,34110,50199,43057,55509,52012,68012,66731,83399,82105,58686,62790,38474,49607,11899,21267,19667,18102,35283,29596,41268,38231,58100,56952,75094,74224,54944,58730,36662,47124,11411,20350,609015,481083,78868,72077,109545,101790,21675,41,49
2021-07-22T23:59:59+02:00,2954,2697,35065,33742,49891,42819,55248,51787,67785,66551,83224,81954,58601,62697,38439,49561,11888,21249,18879,17440,34187,28864,40147,37402,57366,56486,74542,73854,54767,58552,36598,47040,11390,20324,606877,475570,78853,70650,109541,101572,20840,41,49
2021-07-21T23:59:59+02:00,2899,2639,34756,33413,49651,42609,55060,51602,67595,66368,83097,81829,58536,62645,38408,49522,11877,21239,18054,16608,32878,27872,38885,36443,56677,55925,74096,73492,54621,58377,36533,46956,11378,20291,605063,469676,78802,68465,109540,101359,20299,41,49
2021-07-20T23:59:59+02:00,2823,2576,34400,33033,49372,42377,54889,51408,67416,66213,82960,81711,58474,62592,38380,49477,11876,21224,16904,15485,31167,26470,37159,34990,55879,55280,73555,73048,54455,58188,36483,46872,11361,20253,602992,460515,78766,66725,109539,101023,19863,41,49
2021-07-19T23:59:59+02:00,2739,2506,33842,32472,49060,42068,54614,51144,67221,66000,82789,81544,58407,62510,38335,49425,11869,21209,16254,14910,30229,25789,36301,34277,55442,54857,73229,72809,54368,58102,36446,46822,11355,20231,599797,456834,78706,64559,109538,100853,19672,41,49
2021-07-18T23:59:59+02:00,2711,2488,33743,32359,48969,42012,54558,51087,67161,65950,82746,81502,58379,62484,38324,49412,11867,21202,15935,14646,29658,25409,35808,33930,55187,54695,73084,72708,54326,58064,36438,46807,11354,20227,599193,455394,78691,63025,109537,100825,19492,41,49
2021-07-17T23:59:59+02:00,2711,2488,33741,32357,48965,42011,54557,51085,67161,65949,82746,81502,58379,62483,38324,49412,11867,21202,15930,14640,29649,25394,35803,33926,55183,54694,73084,72708,54326,58064,36438,46807,11354,20227,599183,455350,78688,63021,109537,100825,19491,41,49
2021-07-16T23:59:59+02:00,2653,2423,33132,31836,48473,41665,54165,50750,66781,65628,82434,81270,58260,62371,38274,49363,11863,21195,15513,14317,29160,25025,35360,33594,54847,54441,72825,72516,54214,57977,36403,46769,11351,20223,596971,453966,78684,62892,109536,100816,17304,41,49
2021-07-15T23:59:59+02:00,2520,2291,32271,31057,47848,41095,53593,50272,66357,65284,82181,81031,58171,62275,38240,49320,11855,21176,14679,13649,27843,24198,34060,32785,54171,54042,72415,72293,54121,57883,36374,46735,11344,20208,591967,449800,78671,60529,109535,100236,16623,41,49
2021-07-14T23:59:59+02:00,2414,2205,31725,30532,47362,40662,53176,49877,66033,65007,81947,80784,58068,62179,38208,49270,11845,21163,13435,12510,25847,22747,32158,31262,53424,53454,71910,71953,53985,57758,36333,46674,11334,20193,588133,440682,78654,58602,109534,99901,16095,41,48
2021-07-13T23:59:59+02:00,2357,2135,31456,30264,47092,40439,52929,49652,65830,64820,81781,80635,58004,62103,38183,49233,11835,21150,12449,11663,24120,21439,30216,29680,52234,52288,71094,71165,53740,57482,36246,46560,11317,20166,585987,433981,78638,55680,109526,96750,15706,41,47
2021-07-12T23:59:59+02:00,2131,1928,30594,29335,46441,39906,52360,49085,65441,64431,81506,80364,57872,61977,38141,49175,11825,21129,11702,11038,22732,20458,28478,28302,51279,51432,70355,70548,53484,57204,36181,46444,11304,20135,579766,425888,78622,53125,109526,96597,15686,41,47
2021-07-11T23:59:59+02:00,2086,1890,30473,29225,46376,39835,52309,49023,65383,64376,81445,80321,57852,61957,38135,49158,11820,21124,11536,10890,22457,20274,28116,28031,51078,51287,70184,70404,53431,57123,36159,46427,11295,20128,578947,423823,78616,53083,109524,96464,15660,41,46
2021-07-10T23:59:59+02:00,2086,1888,30468,29218,46374,39830,52305,49022,65380,64375,81444,80319,57852,61955,38134,49158,11820,21124,11524,10872,22445,20261,28101,28019,51072,51283,70181,70401,53431,57123,36158,46427,11295,20128,578917,423742,78616,53081,109524,96454,15654,41,46
2021-07-09T23:59:59+02:00,2041,1850,30236,28982,46157,39651,52122,48851,65219,64263,81340,80240,57822,61926,38118,49143,11815,21122,11143,10600,21804,19825,27436,27469,50363,50716,69600,69992,53330,57035,36135,46393,11290,20117,577718,422670,78610,52767,109519,93004,15010,41,46
2021-07-08T23:59:59+02:00,1903,1722,29571,28448,45558,39147,51566,48384,64818,63955,81043,80006,57730,61836,38087,49093,11810,21108,9959,9490,19858,18191,24978,25487,49329,49917,68975,69456,53105,56822,36060,46307,11275,20091,573475,412146,78590,50336,109502,92778,14177,41,46
2021-07-07T23:59:59+02:00,1690,1526,28465,27238,44521,38186,50468,47392,64162,63319,80506,79523,57527,61606,38021,49009,11796,21068,9428,9013,18773,17358,23585,24287,48507,49271,68432,68969,52904,56582,35984,46209,11259,20052,564217,405809,78574,48725,109501,92491,13690,41,46
2021-07-06T23:59:59+02:00,1489,1368,27379,26191,43495,37268,49532,46456,63558,62756,80071,79116,57346,61424,37966,48915,11772,21040,8709,8266,17433,16355,21973,23004,47902,48821,68055,68703,52787,56467,35935,46172,11252,20036,555951,398343,78563,48299,109498,92195,13089,41,46
2021-07-05T23:59:59+02:00,1332,1244,26232,24938,42412,36269,48480,45390,62892,62179,79637,78714,57172,61234,37914,48840,11763,21018,8457,8041,16937,16042,21412,22621,47597,48596,67860,68553,52735,56394,35910,46153,11249,20031,546635,395769,78555,47985,109497,91938,12932,41,44
2021-07-04T23:59:59+02:00,1267,1180,25909,24610,42108,36010,48228,45206,62747,62044,79522,78620,57136,61194,37904,48821,11760,21015,8202,7885,16671,15849,21131,22424,47472,48497,67782,68479,52711,56369,35895,46148,11247,20030,544321,394750,78529,47322,109495,91853,12895,41,44
2021-07-03T23:59:59+02:00,1267,1179,25902,24599,42094,36003,48226,45206,62744,62043,79521,78619,57135,61194,37904,48821,11760,21015,8197,7877,16659,15839,21124,22417,47467,48496,67777,68478,52710,56369,35895,46148,11247,20030,544290,394715,78527,47321,109495,91843,12879,41,44
2021-07-02T23:59:59+02:00,1199,1122,25584,24245,41772,35722,47969,44952,62601,61898,79447,78549,57118,61172,37897,48809,11756,21010,8019,7725,16290,15571,20681,22109,46499,47718,67280,68129,52627,56277,35880,46130,11246,20027,541903,392228,78526,47317,109490,89825,12862,41,44
2021-07-01T23:59:59+02:00,1144,1072,25206,23882,41391,35373,47574,44601,62349,61662,79256,78377,57055,61109,37866,48768,11749,21000,7628,7390,15474,14791,19513,21077,44962,46232,66067,67050,52322,55973,35783,46011,11222,20000,538751,386407,78424,46490,109481,85875,12737,41,44
2021-06-30T23:59:59+02:00,1071,1008,24783,23432,40961,34999,47165,44226,62122,61460,79086,78228,56977,61032,37839,48718,11741,20980,7255,7030,14529,13985,18081,19870,41752,43501,64369,65607,51857,55475,35634,45818,11195,19951,535312,374387,78391,45797,109479,83121,12605,41,43
2021-06-29T23:59:59+02:00,979,900,24279,22897,40445,34581,46733,43811,61859,61181,78873,78049,56900,60968,37811,48675,11735,20961,6977,6721,13865,13492,16919,18949,37430,39810,63016,64354,51371,54975,35502,45640,11164,19908,531238,359087,78382,45587,109479,82912,12497,41,43
2021-06-28T23:59:59+02:00,950,867,23940,22504,39986,34198,46311,43442,61622,60926,78684,77894,56829,60900,37782,48645,11732,20946,6667,6401,13205,12990,15907,18113,33780,36763,61893,63322,51017,54581,35407,45491,11140,19870,529484,350410,76692,40894,109479,82761,12462,41,43
2021-06-27T23:59:59+02:00,936,854,23847,22412,39913,34135,46253,43383,61591,60889,78650,77864,56814,60888,37776,48638,11731,20941,6577,6326,12972,12848,15483,17875,32947,36117,61637,63123,50927,54511,35389,45469,11138,19866,528872,347509,76688,40629,109473,82604,12441,41,43
2021-06-26T23:59:59+02:00,935,854,23841,22406,39906,34132,46252,43382,61590,60888,78650,77864,56814,60888,37776,48638,11731,20941,6574,6319,12966,12835,15475,17868,32943,36116,61630,63121,50925,54505,35389,45469,11138,19865,528845,347444,76688,40628,109473,82603,12441,41,43
2021-06-25T23:59:59+02:00,912,828,23726,22292,39820,34046,46169,43311,61546,60841,78602,77843,56803,60874,37773,48635,11730,20939,6476,6206,12856,12701,15337,17707,32224,35456,61242,62798,50847,54421,35381,45448,11135,19864,528051,344432,76688,40616,109470,82587,12440,41,43
2021-06-24T23:59:59+02:00,845,770,23336,21867,39469,33736,45817,43008,61342,60646,78442,77705,56749,60819,37751,48605,11726,20929,6137,5906,12292,12237,14631,17023,28922,32739,58959,60946,50262,53823,35247,45240,11117,19816,525091,330621,76639,40352,109468,81973,12323,41,43
2021-06-23T23:59:59+02:00,740,676,22695,21205,38892,33147,45165,42300,60976,60256,78194,77455,56646,60686,37706,48553,11716,20910,5982,5714,11923,11891,14125,16494,25554,29979,57317,59421,49738,53286,35128,45066,11096,19773,519514,321193,76585,37413,109466,81539,12312,41,43
2021-06-22T23:59:59+02:00,679,612,22270,20762,38489,32731,44731,41835,60704,59971,77991,77216,56550,60577,37669,48481,11703,20888,5791,5578,11600,11630,13701,16119,21216,26451,55243,57722,49140,52683,34951,44851,11076,19729,515720,306843,76458,37359,109461,81067,12179,41,43
2021-06-21T23:59:59+02:00,642,571,22018,20525,38239,32501,44487,41560,60517,59762,77860,77076,56498,60496,37645,48441,11694,20872,5660,5468,11292,11434,13363,15859,19666,25221,54325,56954,46914,50228,34352,44131,11053,19670,513686,301526,76254,37292,109447,74761,11976,41,43
2021-06-20T23:59:59+02:00,613,551,21728,20229,37943,32226,44203,41305,60365,59593,77723,76930,56449,60453,37625,48424,11691,20865,5604,5423,11160,11347,13210,15732,19273,24897,54058,56773,45256,48244,33785,43496,11033,19650,511293,300907,76176,36540,109436,69491,11970,41,41
2021-06-19T23:59:59+02:00,611,551,21723,20217,37927,32222,44200,41301,60359,59589,77721,76927,56446,60452,37625,48423,11691,20865,5598,5414,11155,11344,13201,15726,19265,24889,54044,56761,45247,48234,33784,43496,11033,19650,511232,300823,76171,36537,109436,69478,11970,41,41
2021-06-18T23:59:59+02:00,597,537,21626,20106,37860,32168,44126,41216,60304,59543,77677,76885,56423,60431,37620,48410,11690,20864,5503,5248,10858,10808,12829,15144,18724,23872,53190,55458,45043,48071,33756,43448,11027,19638,510477,299252,76165,36536,109431,64827,11969,41,41
2021-06-17T23:59:59+02:00,511,445,20908,19386,37102,31533,43331,40461,59897,59178,77381,76632,56310,60304,37572,48342,11677,20840,5309,5035,10473,10253,12305,14371,17794,22512,51617,53515,43891,46721,33438,43052,10980,19555,504486,291933,76073,36408,109425,60662,11785,41,41
2021-06-16T23:59:59+02:00,404,367,20106,18429,36110,30599,42317,39490,59356,58697,76993,76320,56169,60153,37515,48255,11667,20817,5119,4880,9964,9932,11570,13875,16246,21212,47741,49969,42136,44714,32974,42482,10917,19429,497118,275778,75531,36208,109410,59478,11664,41,40
2021-06-15T23:59:59+02:00,294,264,19291,17572,35187,29742,41388,38604,58917,58257,76660,75997,56027,59988,37460,48186,11652,20784,4915,4755,9439,9672,10865,13404,14735,20023,43475,45885,40584,42871,32494,41861,10850,19301,489906,258610,75415,36173,109403,58809,11505,41,39
2021-06-14T23:59:59+02:00,190,173,18171,16331,33934,28467,39923,37194,58329,57694,76267,75657,55900,59847,37415,48116,11643,20769,4788,4661,9093,9463,10387,13086,13562,19015,40838,43334,39509,41721,32201,41460,10818,19216,480148,247443,74977,36147,109400,58075,11455,40,39
2021-06-13T23:59:59+02:00,149,134,17665,15926,33452,28062,39431,36810,58114,57511,76120,75556,55873,59808,37393,48094,11640,20760,4702,4612,8947,9390,10224,13018,12956,18561,40368,42940,39272,41499,32140,41375,10812,19202,477064,246478,74675,34723,109393,57459,11326,40,39
2021-06-12T23:59:59+02:00,149,134,17661,15908,33440,28053,39424,36806,58109,57508,76116,75554,55872,59806,37392,48094,11640,20760,4695,4607,8936,9385,10212,13011,12944,18548,40185,42793,39249,41484,32136,41373,10812,19201,476997,246043,74671,34723,109393,57448,11325,40,39
2021-06-11T23:59:59+02:00,147,134,17577,15849,33294,27984,39250,36752,57989,57471,76046,75529,55860,59801,37390,48092,11640,20759,4611,4415,8775,8822,10018,12291,12708,17474,39696,41493,39094,41353,32118,41338,10810,19200,476663,245551,74258,34721,109287,52596,11316,40,39
2021-06-10T23:59:59+02:00,133,114,16731,15130,31874,27068,38005,35838,57308,57013,75638,75259,55770,59709,37351,48048,11629,20741,4356,4221,8218,8327,9337,11533,11972,16409,36849,38455,38293,40552,31952,41156,10794,19170,472774,238497,71283,34590,109006,48219,10256,40,39
2021-06-09T23:59:59+02:00,111,88,15951,14423,30594,26164,36785,34952,56733,56625,75297,75032,55689,59604,37324,48004,11616,20720,4174,4068,7858,8138,8873,11314,11354,16031,31769,33598,36798,39025,31707,40887,10773,19121,468117,224604,68838,34466,108964,46634,9753,40,38
2021-06-08T23:59:59+02:00,84,70,15029,13549,29214,25071,35414,33940,56117,56220,75002,74822,55616,59532,37302,47974,11612,20710,4094,4004,7703,8022,8720,11200,11062,15825,28954,30788,35845,38093,31547,40691,10749,19088,463535,217148,65390,34409,108924,45408,9389,40,38
2021-06-07T23:59:59+02:00,76,57,14395,12959,27841,24259,34259,33160,55642,55964,74760,74718,55580,59494,37286,47964,11612,20706,4002,3931,7509,7897,8418,11067,10695,15581,24628,26413,34382,36561,31325,40424,10721,19060,460405,205384,62359,34344,108893,43821,9035,40,37
2021-06-06T23:59:59+02:00,75,54,14073,12768,27057,23839,33608,32741,55334,55801,74605,74654,55561,59471,37272,47955,11610,20705,3935,3895,7358,7853,8263,10983,10376,15380,21814,23550,33383,35491,31185,40270,10714,19045,459269,202598,60309,29137,108868,43034,8697,40,36
2021-06-05T23:59:59+02:00,75,52,14044,12741,27015,23797,33580,32722,55329,55791,74600,74649,55557,59466,37267,47953,11610,20705,3913,3880,7322,7832,8216,10966,10314,15338,20387,21998,32590,34614,31115,40188,10710,19038,459151,197631,60203,29134,108863,42931,8696,40,36
2021-06-04T23:59:59+02:00,69,48,13814,12478,26705,23482,33243,32411,55269,55710,74561,74629,55548,59461,37266,47951,11610,20704,3882,3851,7244,7753,8159,10887,10234,15215,20280,21880,32517,34559,31083,40151,10707,19035,457252,197548,60141,29122,108830,42042,8696,40,36
2021-06-03T23:59:59+02:00,51,43,13247,11989,25668,22795,32107,31660,54778,55378,74246,74436,55477,59384,37232,47921,11604,20688,3754,3759,6971,7583,7878,10715,9907,14977,18398,20022,30543,32257,30810,39820,10684,18987,452920,188971,58641,29103,108817,40679,8286,40,33
2021-06-02T23:59:59+02:00,37,31,12557,11234,24670,21893,30966,30704,54514,55113,74054,74297,55426,59306,37216,47900,11596,20681,3719,3739,6914,7528,7821,10667,9823,14885,17879,19474,28614,30087,30711,39676,10677,18976,446601,183442,58463,29102,108816,40344,8276,39,33
2021-06-01T23:59:59+02:00,23,16,11427,10346,22534,20455,28429,28810,53102,54049,73051,73517,55125,58989,37095,47731,11562,20622,3490,3565,6415,7221,7217,10244,8969,14284,15933,17658,24837,25840,30030,38794,10600,18822,437102,169455,53990,28965,108779,38502,6973,39,31
2021-05-31T23:59:59+02:00,18,12,10562,9679,20697,19284,26379,27303,51994,53200,72348,72970,54910,58731,37022,47631,11548,20586,3348,3413,6081,6976,6816,9945,8428,13928,14870,16680,23648,24469,29643,38307,10540,18728,430312,163716,49617,28928,108762,37009,6144,39,30
2021-05-30T23:59:59+02:00,16,9,10210,9331,19974,18786,25672,26722,51654,52918,72115,72773,54834,58652,36997,47604,11540,20578,3165,3221,5731,6709,6527,9702,8211,13723,14610,16409,23355,24152,29533,38200,10525,18700,427725,162891,49209,28871,108729,36005,4683,39,30
2021-05-29T23:59:59+02:00,16,9,10194,9319,19956,18759,25654,26696,51642,52914,72110,72763,54832,58647,36996,47604,11539,20578,3163,3213,5728,6705,6522,9700,8203,13715,14600,16404,23344,24144,29529,38195,10524,18699,427568,162821,49209,28869,108729,35992,4683,39,30
2021-05-28T23:59:59+02:00,16,9,10129,9223,19818,18590,25392,26466,51483,52738,71964,72633,54795,58597,36983,47584,11536,20565,3116,3137,5636,6564,6420,9499,8090,13440,14407,16127,23192,23989,29476,38132,10517,18690,425918,162436,49172,28868,108711,34424,4682,38,29
2021-05-27T23:59:59+02:00,16,9,8864,8019,17410,16773,22608,24314,50391,51924,71298,72142,54599,58381,36892,47490,11523,20537,2817,2804,4791,5941,5527,8717,7296,12454,13281,14935,22203,22954,29092,37679,10462,18603,413984,158619,48217,28604,108576,29936,2375,38,29
2021-05-26T23:59:59+02:00,15,9,8462,7601,16532,15969,21418,23302,49786,51378,70884,71758,54448,58218,36826,47415,11512,20507,2630,2631,4423,5605,5050,8210,6819,11805,12310,13954,21303,21923,28781,37236,10416,18518,408387,154771,47485,28516,108504,26679,1627,37,28
2021-05-25T23:59:59+02:00,15,9,7887,6999,15288,15084,19968,22128,49308,50978,70638,71575,54380,58136,36805,47390,11508,20498,2551,2528,4233,5475,4804,7983,6542,11496,11752,13423,19157,19765,28410,36702,10381,18469,401618,149108,47244,28503,108461,24805,1234,37,28
2021-05-24T23:59:59+02:00,15,9,7801,6898,15065,14957,19682,21948,49207,50859,70595,71536,54379,58131,36804,47389,11506,20495,2507,2466,4149,5309,4710,7739,6418,11212,11611,13182,19043,19652,28359,36655,10374,18458,400479,148957,47165,28460,108376,23188,1219,37,27
2021-05-23T23:59:59+02:00,14,9,7785,6885,15029,14941,19628,21920,49198,50857,70591,71530,54378,58129,36804,47388,11506,20495,2505,2462,4142,5304,4700,7735,6414,11199,11590,13159,18901,19454,28328,36616,10372,18456,400296,148468,47165,28458,108376,23179,1213,37,26
2021-05-22T23:59:59+02:00,14,9,7782,6877,15019,14929,19617,21913,49198,50855,70588,71530,54378,58128,36804,47388,11506,20495,2503,2455,4135,5298,4698,7735,6411,11196,11581,13156,18888,19448,28327,36616,10372,18456,400241,148431,47165,28458,108376,23155,1211,37,26
2021-05-21T23:59:59+02:00,14,8,7708,6780,14889,14794,19412,21753,48957,50621,70446,71424,54351,58102,36797,47381,11501,20489,2432,2370,4049,5157,4595,7521,6288,10899,11410,12867,18822,19383,28311,36586,10369,18454,398670,148181,47162,28458,108351,21646,1208,36,26
2021-05-20T23:59:59+02:00,14,8,7434,6485,14305,14271,18474,20881,46272,48269,69294,70451,53998,57741,36689,47241,11470,20460,2170,2207,3686,4791,4151,6969,5734,10067,10321,11766,17546,18090,27806,35987,10296,18307,387688,142931,47000,28169,108046,17783,991,32,26
2021-05-19T23:59:59+02:00,13,7,7194,6261,13642,13788,17204,19880,42286,44779,67805,69147,53544,57220,36526,47016,11434,20408,2094,2008,3521,4450,3903,6445,5288,9381,9329,10650,16070,16440,27113,35072,10170,18098,372906,135765,46428,28026,107816,15259,972,32,16
2021-05-18T23:59:59+02:00,13,5,6995,6083,13096,13358,16106,19020,37564,40756,66354,67824,52990,56681,36379,46794,11392,20351,2047,1879,3383,4261,3717,6130,4954,8898,8464,9779,14485,14706,26404,34221,10080,17926,356799,129135,46365,27463,107658,13819,907,32,16
2021-05-17T23:59:59+02:00,13,5,6860,5988,12773,13108,15610,18628,35381,38888,65516,67042,52719,56367,36299,46686,11378,20314,1977,1817,3195,4080,3497,5902,4631,8527,7685,9079,11228,10691,25493,33072,9997,17757,353068,123922,42094,21378,107577,12514,804,32,16
2021-05-16T23:59:59+02:00,13,5,6797,5904,12648,12954,15437,18459,34892,38418,65331,66874,52663,56307,36289,46661,11373,20309,1919,1720,3091,3957,3417,5800,4525,8382,7503,8891,9035,8093,25012,32390,9963,17700,351597,122783,41590,16027,107541,12003,575,31,16
2021-05-15T23:59:59+02:00,13,5,6792,5895,12642,12948,15433,18455,34887,38415,65329,66872,52663,56306,36289,46661,11373,20309,1918,1719,3088,3951,3412,5797,4520,8379,7501,8888,9033,8091,25011,32390,9963,17700,351555,122752,41590,16027,107539,12000,572,31,16
2021-05-14T23:59:59+02:00,13,5,6595,5797,12399,12886,15201,18363,33912,37623,64792,66463,52567,56219,36272,46628,11371,20304,1802,1631,2977,3881,3355,5689,4470,8232,7454,8760,9026,8085,25010,32390,9963,17699,348183,122696,41558,16023,107078,11135,561,30,15
2021-05-13T23:59:59+02:00,13,5,6345,5609,11989,12631,14634,17913,30380,34835,62316,64385,51937,55544,36135,46408,11359,20256,1759,1593,2920,3804,3323,5597,4427,8128,7372,8641,8988,8026,24990,32348,9958,17695,334184,122447,41334,15999,106648,10615,498,30,15
2021-05-12T23:59:59+02:00,13,5,6328,5585,11916,12568,14525,17805,29744,34259,61810,63933,51765,55371,36099,46363,11352,20243,1759,1590,2919,3803,3318,5597,4425,8127,7370,8635,8981,8023,24990,32346,9958,17694,331192,122425,41322,15988,106643,10614,498,29,15
2021-05-11T23:59:59+02:00,12,5,6003,5450,11471,12290,13978,17422,25480,30768,59426,61927,51104,54690,35910,46117,11331,20180,1717,1474,2816,3541,3196,5221,4286,7683,7216,8309,8897,7940,24961,32306,9955,17683,316242,122184,41269,15799,105654,8836,373,26,14
2021-05-10T23:59:59+02:00,12,5,5876,5377,11305,12175,13758,17254,22009,28009,58179,60811,50741,54337,35818,45994,11316,20149,1679,1378,2730,3311,3094,4889,4175,7193,7094,7871,8856,7880,24949,32285,9953,17679,306321,122038,41108,15650,105362,7011,308,26,14
2021-05-09T23:59:59+02:00,12,5,5799,5345,11217,12111,13658,17173,20406,26827,57714,60426,50639,54239,35792,45953,11309,20144,1662,1356,2672,3186,3043,4748,4130,7073,7039,7777,8844,7867,24942,32279,9952,17679,305755,121987,37534,15605,105159,6353,295,26,14
2021-05-08T23:59:59+02:00,12,5,5796,5342,11205,12107,13648,17164,20398,26821,57705,60420,50636,54231,35788,45950,11307,20141,1661,1356,2672,3184,3043,4748,4127,7070,7038,7776,8843,7867,24941,32277,9952,17679,305664,121972,37533,15605,105158,6353,295,26,14
2021-05-07T23:59:59+02:00,12,5,5756,5307,11139,12058,13541,17086,19942,26463,56706,59610,50506,54100,35758,45920,11304,20127,1557,1312,2592,3139,3002,4720,4093,7046,7015,7744,8835,7859,24939,32276,9952,17678,302496,121939,37516,15597,105013,5924,290,25,14
2021-05-06T23:59:59+02:00,12,5,5500,5194,10624,11749,12834,16632,18642,25474,52441,55949,49309,52720,35427,45519,11252,20024,1332,1180,2355,2967,2832,4554,3941,6846,6863,7593,8760,7780,24918,32240,9949,17671,287340,121668,37330,15458,104455,4485,161,21,14
2021-05-05T23:59:59+02:00,12,5,5240,5095,10131,11514,12078,16180,17309,24493,48071,51805,47639,50799,34990,44949,11177,19904,1286,1085,2293,2839,2748,4375,3847,6607,6755,7394,8645,7686,24857,32166,9943,17655,270152,121188,37104,15413,104067,3524,47,21,14
2021-05-04T23:59:59+02:00,12,5,5156,5010,9814,11301,11625,15790,16332,23625,46198,49770,46570,49491,34617,44461,11111,19795,1274,1066,2264,2798,2707,4289,3795,6499,6683,7318,8602,7646,24837,32150,9942,17650,259772,120969,37080,15352,103786,3166,24,21,14
2021-05-03T23:59:59+02:00,12,5,5053,4923,9465,11133,11162,15526,15269,22760,44625,48149,45689,48536,34398,44123,11083,19706,1259,1040,2232,2767,2665,4225,3747,6445,6608,7264,8032,6956,23093,29822,9804,17413,250749,115152,37071,15270,103760,2925,16,21,14
2021-05-02T23:59:59+02:00,12,5,4991,4904,9351,11097,11017,15465,14657,22271,44105,47739,45548,48370,34351,44062,11077,19695,1255,1035,2214,2764,2652,4217,3719,6432,6588,7250,7843,6712,21122,27413,9757,17325,249540,115132,35439,10264,103706,2882,11,21,14
2021-05-01T23:59:59+02:00,12,5,4991,4902,9346,11093,11014,15462,14653,22267,44103,47735,45547,48370,34351,44062,11077,19695,1254,1035,2214,2764,2652,4217,3718,6432,6586,7250,7843,6711,21122,27413,9757,17325,249510,115128,35439,10264,103704,2881,11,21,14
2021-04-30T23:59:59+02:00,12,5,4944,4879,9279,11078,10959,15437,14578,22241,42618,46320,45212,48038,34314,44010,11072,19685,1045,940,2016,2674,2552,4156,3632,6372,6523,7191,7836,6694,21121,27411,9757,17325,245518,115119,35439,10261,103692,1847,11,21,12
2021-04-29T23:59:59+02:00,12,4,4701,4797,8808,10927,10353,15266,13893,22033,37681,42002,44201,47009,34193,43892,11068,19655,863,861,1843,2595,2465,4090,3524,6301,6449,7142,7814,6675,21116,27405,9757,17325,231775,115080,35336,10157,103352,970,11,21,12
2021-04-28T23:59:59+02:00,12,4,4525,4762,8558,10842,10001,15176,13536,21879,33039,37496,42955,45754,34067,43744,11054,19637,821,831,1805,2549,2432,4014,3488,6192,6399,7051,7794,6656,21104,27392,9752,17318,218552,114995,35318,10109,103142,478,10,19,11
2021-04-27T23:59:59+02:00,11,3,4294,4547,8212,10394,9616,14593,13068,21230,31908,36368,42676,45471,34051,43716,11050,19634,793,817,1771,2525,2414,3995,3470,6173,6364,7024,7783,6648,21099,27387,9749,17312,215824,114937,35308,10078,99681,293,10,19,11
2021-04-26T23:59:59+02:00,11,3,4272,4519,8137,10357,9508,14538,12919,21171,27498,31979,41459,44248,33971,43616,11037,19624,760,806,1741,2506,2385,3974,3446,6152,6311,6977,7735,6599,21069,27356,9749,17305,203941,114733,35299,10034,99599,88,10,18,11
2021-04-25T23:59:59+02:00,11,3,4249,4506,8105,10330,9445,14506,12826,21125,25529,29935,40757,43487,33924,43558,11033,19619,748,798,1729,2492,2367,3959,3420,6130,6279,6948,7713,6579,21052,27335,9748,17301,203273,114707,30184,9792,99464,84,9,18,11
2021-04-24T23:59:59+02:00,11,3,4230,4495,8075,10301,9404,14490,12775,21103,24026,28270,39999,42648,33859,43482,11030,19613,747,797,1726,2490,2366,3955,3420,6126,6279,6945,7711,6577,21051,27335,9748,17301,198208,114687,30184,9791,99395,81,9,18,11
2021-04-23T23:59:59+02:00,10,3,3965,4343,7604,10004,8974,14134,12213,20700,23544,27970,39913,42586,33838,43448,11024,19606,733,787,1709,2477,2346,3939,3397,6104,6257,6926,7697,6559,21046,27324,9748,17300,197859,114672,30169,9593,95826,69,9,16,11
2021-04-22T23:59:59+02:00,10,3,3872,4286,7413,9887,8696,13940,11769,20372,21218,25612,37159,39338,33311,42779,10953,19485,720,778,1681,2447,2288,3882,3325,6032,6148,6830,7618,6473,20993,27280,9745,17285,184832,114551,29980,8893,95266,67,9,16,10
2021-04-21T23:59:59+02:00,10,3,3844,4254,7286,9809,8514,13769,11435,20083,19954,24409,33949,35623,32827,42076,10891,19359,696,760,1647,2419,2244,3857,3292,5999,6106,6790,7589,6446,20974,27256,9742,17281,173076,114441,29806,8580,95188,63,9,16,10
2021-04-20T23:59:59+02:00,10,3,3810,4227,7181,9740,8300,13612,11068,19785,18859,23259,30637,31971,32354,41477,10832,19250,688,750,1632,2407,2211,3835,3249,5954,6065,6748,7549,6400,20949,27232,9736,17278,161438,114284,29784,8324,95128,61,9,16,10
2021-04-19T23:59:59+02:00,10,3,3791,4210,7107,9702,8182,13502,10812,19599,18194,22595,29764,30841,32062,41111,10790,19175,680,745,1610,2393,2187,3805,3214,5921,6031,6717,7504,6367,20918,27204,9734,17274,156596,114151,29767,8080,95062,59,9,16,10
2021-04-18T23:59:59+02:00,10,3,3788,4204,7091,9688,8167,13484,10777,19574,18106,22513,29642,30716,32034,41089,10787,19167,678,741,1595,2381,2170,3790,3189,5895,6002,6694,7482,6354,20899,27182,9731,17271,156104,114092,29700,7890,95012,58,9,15,10
2021-04-17T23:59:59+02:00,10,3,3787,4202,7089,9686,8164,13484,10771,19567,18093,22502,29619,30703,32032,41087,10787,19167,677,741,1594,2380,2168,3789,3186,5894,6000,6692,7482,6354,20899,27182,9731,17271,156024,114079,29699,7890,95006,57,9,15,10
2021-04-16T23:59:59+02:00,10,3,3620,4164,6744,9557,7796,13297,10373,19321,17640,22227,29418,30544,31950,40998,10772,19148,665,723,1582,2365,2141,3774,3132,5857,5958,6642,7389,6265,20487,26617,9701,17210,155273,112756,29691,7684,92594,54,9,15,10
2021-04-15T23:59:59+02:00,10,3,3519,4085,6391,9184,7218,12796,9596,18485,16314,20996,28220,29248,31430,40356,10692,18973,635,700,1530,2327,2060,3687,3023,5737,5630,6404,6891,5879,19753,25704,9605,17042,149522,109401,29398,7143,88572,49,9,15,10
2021-04-14T23:59:59+02:00,9,3,3465,4035,6155,8945,6887,12419,8974,17934,15196,19963,26809,27741,30799,39479,10584,18778,601,674,1484,2289,1985,3609,2880,5614,5320,6168,6349,5368,18740,24419,9520,16869,142715,105146,29198,6686,86239,43,9,14,10
2021-04-13T23:59:59+02:00,9,3,3433,4003,6063,8868,6738,12290,8671,17687,14394,19270,23456,24181,29866,38298,10480,18606,596,665,1471,2267,1957,3575,2784,5543,5104,5985,5988,5029,18441,24075,9481,16803,131076,103053,29187,6656,86030,42,9,14,9
2021-04-12T23:59:59+02:00,9,3,3411,3982,6013,8811,6650,12206,8453,17492,13777,18740,22454,23029,29441,37740,10411,18484,586,657,1461,2259,1934,3554,2728,5492,4956,5880,5670,4748,18148,23773,9443,16743,125995,101467,29168,6510,85920,42,9,14,9
2021-04-11T23:59:59+02:00,9,3,3405,3976,5995,8787,6622,12189,8413,17469,13688,18679,22324,22880,29390,37675,10402,18459,583,652,1448,2249,1921,3546,2711,5476,4918,5843,5610,4690,17975,23539,9422,16714,125453,100804,29101,6438,85788,42,9,14,9
2021-04-10T23:59:59+02:00,9,3,3397,3975,5972,8786,6600,12188,8391,17468,13663,18677,22319,22877,29386,37674,10402,18459,582,650,1442,2242,1916,3543,2705,5468,4902,5833,5598,4673,17812,23286,9408,16690,125431,100291,29010,6405,85783,42,8,14,9
2021-04-09T23:59:59+02:00,8,3,3359,3963,5924,8774,6541,12171,8352,17441,13612,18631,20365,20469,28905,37059,10372,18410,569,637,1416,2220,1889,3519,2663,5432,4831,5771,5482,4569,17235,22553,9370,16619,124740,98524,23898,6206,85702,34,7,12,9
2021-04-08T23:59:59+02:00,8,3,3335,3944,5854,8742,6466,12132,8262,17377,13468,18512,17772,17404,28381,36395,10335,18360,527,607,1327,2138,1795,3422,2483,5246,4335,5407,4676,3961,15456,20324,9184,16318,123872,91537,18035,5635,84825,24,6,12,9
2021-04-07T23:59:59+02:00,6,3,3256,3916,5644,8692,6259,12072,8053,17302,13207,18417,15106,14336,27704,35597,10305,18307,504,579,1274,2083,1701,3342,2331,5105,3922,5075,3959,3396,14602,19461,9072,16137,123666,87225,16500,5288,77999,21,5,12,9
2021-04-06T23:59:59+02:00,5,3,3228,3906,5598,8674,6189,12049,7966,17265,13133,18346,13117,11973,27072,34882,10292,18277,473,556,1205,2028,1616,3260,2169,4985,3549,4797,3433,2985,13761,18461,8997,16021,123537,83584,16298,4688,72123,17,5,12,7
2021-04-05T23:59:59+02:00,5,3,3226,3903,5562,8660,6152,12037,7921,17249,13061,18310,13071,11927,27061,34866,10291,18274,441,526,1153,1991,1564,3219,2101,4931,3461,4721,3376,2933,13618,18291,8988,16003,123513,83093,16090,4201,71960,17,4,12,7
2021-04-04T23:59:59+02:00,5,3,3225,3901,5562,8658,6150,12036,7920,17246,13061,18310,13068,11927,27060,34866,10291,18274,440,525,1152,1991,1564,3219,2100,4931,3461,4721,3376,2933,13617,18291,8988,16003,123502,83088,16090,4201,71955,17,4,12,7
2021-04-03T23:59:59+02:00,5,3,3224,3901,5562,8657,6150,12036,7920,17246,13061,18310,13068,11926,27059,34863,10291,18274,440,523,1152,1991,1563,3219,2100,4930,3455,4718,3370,2922,13530,18155,8979,15987,123497,82810,16090,4201,71953,17,4,12,7
2021-04-02T23:59:59+02:00,5,3,3224,3898,5559,8652,6146,12027,7911,17234,13036,18279,13021,11874,27031,34845,10288,18270,437,516,1150,1987,1551,3210,2090,4908,3425,4685,3339,2893,12601,16910,8914,15879,123331,80354,16087,4120,71869,17,4,12,5
2021-04-01T23:59:59+02:00,5,3,3209,3884,5520,8632,6079,11994,7840,17199,12924,18208,12906,11748,26973,34769,10279,18255,390,472,1053,1920,1452,3122,1940,4795,3224,4552,3108,2694,10575,14320,8804,15704,123017,74774,15964,3331,71431,17,3,12,5
2021-03-31T23:59:59+02:00,5,3,3208,3871,5503,8598,6046,11958,7798,17154,12844,18139,12791,11623,26922,34709,10271,18246,352,450,1017,1878,1381,3082,1836,4692,2968,4358,2696,2378,8006,11090,8629,15466,122708,67268,15925,2991,71042,16,3,11,5
2021-03-30T23:59:59+02:00,5,3,3200,3860,5478,8570,6014,11927,7759,17114,12767,18073,12704,11484,26885,34662,10266,18236,331,431,994,1846,1321,3047,1712,4612,2721,4186,2327,2130,7124,10003,8563,15339,122576,63954,15893,2715,70525,15,2,11,5
2021-03-29T23:59:59+02:00,5,3,3188,3856,5449,8551,5979,11894,7715,17081,12693,17995,12059,10726,25018,32167,10118,17980,325,428,987,1831,1300,3022,1677,4572,2575,4100,2041,1981,6474,9293,8519,15261,116582,61658,15723,2712,70159,13,2,11,5
2021-03-28T23:59:59+02:00,5,3,3158,3840,5402,8513,5929,11852,7634,17026,12583,17926,11795,10423,23033,29703,10063,17881,324,426,984,1830,1292,3018,1673,4570,2563,4092,2016,1961,6451,9278,8517,15256,116526,61527,10538,2710,69692,13,2,11,3
2021-03-27T23:59:59+01:00,5,3,3146,3836,5363,8502,5893,11837,7587,17011,12537,17879,11761,10380,23029,29695,10063,17881,324,426,984,1830,1292,3018,1672,4568,2561,4090,2014,1959,6402,9203,8484,15207,116458,61310,10537,2710,69400,13,2,11,3
2021-03-26T23:59:59+01:00,5,3,3010,3511,4912,7344,5398,10517,6974,14963,11726,15602,11541,10199,22546,28969,10018,17810,323,422,980,1827,1286,3013,1669,4566,2556,4083,2006,1953,6272,9015,8341,15022,114913,60632,10283,2698,59839,3,2,11,3
2021-03-25T23:59:59+01:00,5,3,2884,3243,4752,6576,5172,9366,6650,13242,11001,13800,10684,9394,21830,28129,9945,17655,318,413,974,1817,1271,2994,1649,4531,2519,4034,1940,1894,5982,8587,8068,14575,112011,58869,9596,2694,52711,2,2,11,3
2021-03-24T23:59:59+01:00,5,3,2836,3199,4676,6515,5038,9260,6444,13071,10490,13395,9852,8573,20819,26874,9849,17474,316,408,966,1811,1254,2983,1634,4507,2472,3977,1871,1818,5619,8115,7657,13909,108008,56636,9249,2680,51106,2,0,10,3
2021-03-23T23:59:59+01:00,5,3,2807,3166,4608,6449,4927,9166,6233,12910,10033,12973,9140,7906,20308,26271,9797,17369,304,395,948,1802,1239,2962,1606,4485,2418,3928,1791,1753,5342,7737,7269,13294,105634,54593,8917,2679,49511,2,0,9,3
2021-03-22T23:59:59+01:00,5,3,2789,3127,4548,6411,4851,9098,6094,12773,9672,12699,8535,7340,19890,25834,9737,17275,302,391,936,1796,1224,2947,1593,4471,2392,3902,1765,1732,5205,7562,6827,12480,104158,52849,8658,2674,47856,2,0,9,2
2021-03-21T23:59:59+01:00,5,3,2782,3112,4503,6389,4800,9061,6002,12705,9484,12511,8229,7082,19722,25667,9725,17250,302,391,935,1796,1222,2947,1592,4470,2389,3902,1758,1726,5196,7557,6797,12423,103958,52744,8428,2657,46637,2,0,9,2
2021-03-20T23:59:59+01:00,5,3,2782,3107,4495,6384,4793,9058,5998,12697,9464,12497,8196,7051,19548,25390,9709,17224,302,391,935,1795,1221,2947,1591,4469,2385,3894,1746,1713,5183,7508,6621,12187,103401,52253,8416,2633,46575,2,0,9,2
2021-03-19T23:59:59+01:00,5,3,2747,3084,4421,6340,4684,9008,5858,12639,9198,12309,7891,6826,19064,24798,9677,17165,302,391,934,1794,1221,2944,1588,4468,2379,3889,1730,1704,5147,7465,6219,11571,102099,51131,8174,2613,45435,2,0,9,2
2021-03-18T23:59:59+01:00,5,3,2681,3011,4258,6204,4435,8802,5500,12330,8292,11638,6626,5812,17814,23438,9529,16940,299,387,929,1784,1207,2931,1549,4452,2312,3842,1652,1662,5075,7358,5489,10463,97208,48820,7631,2571,42470,1,0,9,1
2021-03-17T23:59:59+01:00,5,3,2643,2972,4178,6106,4298,8694,5245,12055,7616,11069,5639,4916,16468,21906,9364,16686,295,386,925,1775,1203,2923,1532,4430,2245,3816,1586,1617,5030,7294,4917,9585,91801,47043,7128,2516,40925,1,0,9,1
2021-03-16T23:59:59+01:00,5,3,2623,2943,4115,6039,4206,8597,5069,11899,7166,10680,4877,4297,15617,20929,9262,16518,291,384,922,1770,1200,2916,1524,4420,2223,3797,1556,1600,4993,7251,4415,8780,88172,45605,7092,2437,39573,1,0,8,1
2021-03-15T23:59:59+01:00,5,3,2620,2932,4099,6021,4175,8571,5019,11852,7049,10566,4731,4136,15299,20519,9233,16459,289,380,921,1764,1193,2909,1510,4411,2201,3774,1516,1583,4933,7177,3838,7920,87406,44021,6996,2298,38879,1,0,8,1
2021-03-14T23:59:59+01:00,5,2,2615,2923,4078,6002,4145,8552,4977,11819,6955,10477,4627,4024,15168,20349,9217,16423,287,379,921,1762,1187,2902,1505,4400,2190,3767,1506,1576,4925,7169,3833,7907,87101,43960,6978,2256,38272,1,0,7,1
2021-03-13T23:59:59+01:00,5,2,2611,2915,4073,5990,4137,8546,4969,11810,6935,10463,4605,3998,14852,19912,9197,16387,287,379,921,1762,1187,2902,1505,4400,2190,3767,1506,1576,4925,7168,3833,7907,86217,43959,6955,2256,38228,1,0,7,1
2021-03-12T23:59:59+01:00,5,2,2548,2839,3962,5820,4018,8324,4831,11510,6757,10193,4452,3860,13930,18656,9136,16285,287,378,919,1759,1187,2899,1503,4395,2189,3760,1498,1574,4917,7149,3831,7892,83754,43882,6893,2255,36476,1,0,5,1
2021-03-11T23:59:59+01:00,4,2,2423,2613,3736,5490,3762,7886,4506,10745,6129,9379,3932,3357,12329,16665,9038,16138,287,377,915,1755,1184,2885,1494,4383,2177,3733,1456,1545,4876,7114,3819,7865,79433,43733,6731,2132,31965,1,0,5,1
2021-03-10T23:59:59+01:00,4,2,2300,2480,3584,5256,3568,7563,4238,10257,5573,8810,3360,2913,10061,13949,8893,15911,284,373,911,1746,1177,2874,1489,4367,2155,3717,1427,1537,4846,7099,3810,7857,73135,43667,6560,2003,29022,0,0,5,1
2021-03-09T23:59:59+01:00,4,2,2273,2427,3518,5170,3454,7474,4067,10062,5181,8459,2881,2556,8552,11933,8791,15762,283,372,911,1740,1170,2865,1485,4359,2147,3706,1413,1532,4838,7094,3807,7855,68277,43626,6410,1952,27874,0,0,5,1
2021-03-08T23:59:59+01:00,4,2,2249,2355,3460,5103,3380,7389,3943,9950,4889,8269,2434,2295,6632,9533,8672,15588,283,369,910,1730,1164,2849,1479,4348,2143,3699,1402,1525,4822,7074,3800,7846,62593,43518,6075,1926,27474,0,0,5,1
2021-03-07T23:59:59+01:00,4,2,2186,2299,3363,4995,3284,7300,3846,9863,4754,8174,2383,2244,6610,9512,8672,15580,283,368,909,1730,1164,2849,1478,4348,2143,3699,1402,1525,4822,7074,3800,7846,62465,43516,5394,1926,27207,0,0,5,0
2021-03-06T23:59:59+01:00,4,2,2178,2286,3351,4986,3280,7295,3837,9854,4743,8171,2381,2242,6564,9442,8640,15531,283,368,908,1726,1163,2848,1478,4345,2139,3694,1401,1520,4816,7069,3798,7837,62256,43469,5334,1926,27192,0,0,5,0
2021-03-05T23:59:59+01:00,4,2,2047,2201,3127,4797,3041,6984,3560,9458,4413,7834,2294,2181,6357,9124,8449,15270,283,366,906,1723,1163,2847,1477,4339,2136,3688,1395,1518,4810,7062,3797,7831,61278,43417,4495,1926,25365,0,0,5,0
2021-03-04T23:59:59+01:00,4,2,1793,1981,2717,4363,2583,6344,2994,8554,3728,7020,2079,2021,6066,8758,8175,14816,280,365,905,1715,1161,2830,1476,4323,2127,3676,1384,1516,4798,7048,3790,7820,59640,43293,3222,1923,21131,0,0,5,0
2021-03-03T23:59:59+01:00,4,2,1721,1893,2610,4179,2450,6116,2854,8266,3542,6755,1997,1944,5728,8285,7822,14237,279,361,905,1705,1159,2807,1472,4299,2122,3661,1360,1505,4793,7042,3786,7813,57639,43148,3079,1923,19682,0,0,5,0
2021-03-02T23:59:59+01:00,4,2,1685,1812,2542,4061,2369,5966,2749,8085,3427,6603,1925,1877,5420,7848,7423,13569,277,356,902,1686,1156,2786,1469,4280,2121,3650,1335,1499,4783,7026,3780,7806,55556,42991,2837,1923,18969,0,0,5,0
2021-03-01T23:59:59+01:00,2,2,1676,1785,2503,3953,2321,5851,2712,7983,3374,6525,1885,1857,5281,7683,6952,12704,276,354,898,1680,1154,2774,1467,4267,2119,3635,1330,1494,4780,7024,3779,7800,53699,42910,2825,1923,18520,0,0,5,0
2021-02-28T23:59:59+01:00,2,2,1659,1748,2468,3882,2291,5796,2669,7903,3347,6477,1879,1853,5273,7678,6917,12645,276,354,897,1680,1154,2774,1467,4266,2119,3634,1330,1494,4780,7023,3779,7800,53577,42907,2823,1922,18084,0,0,5,0
2021-02-27T23:59:59+01:00,2,2,1657,1742,2464,3874,2287,5796,2668,7902,3344,6474,1873,1843,5264,7634,6747,12426,276,354,887,1675,1144,2767,1457,4257,2102,3625,1329,1491,4780,7022,3779,7800,53114,42903,2823,1844,18057,0,0,5,0
2021-02-26T23:59:59+01:00,2,1,1467,1586,2339,3631,2209,5390,2576,7396,3257,6016,1858,1818,5239,7601,6488,12037,275,352,880,1668,1136,2747,1451,4235,2092,3612,1322,1482,4772,7010,3775,7788,52371,42824,2802,1775,15733,0,0,5,0
2021-02-25T23:59:59+01:00,2,1,1250,1309,2119,3196,2035,4633,2379,6450,3016,5116,1769,1747,5188,7522,5919,11197,273,344,874,1608,1102,2652,1418,4124,2036,3537,1285,1461,4732,6969,3757,7736,50503,42362,2789,1548,11552,0,0,4,0
2021-02-24T23:59:59+01:00,2,1,1197,1099,2011,2927,1930,4294,2247,6043,2845,4847,1694,1692,5130,7431,5164,10020,271,338,836,1561,1052,2561,1357,4008,1947,3408,1245,1434,4717,6943,3747,7719,48175,42105,2777,1041,9618,0,0,4,0
2021-02-23T23:59:59+01:00,2,1,1182,1049,1977,2863,1904,4196,2221,5958,2812,4786,1686,1677,5095,7382,4534,8998,271,337,809,1533,1004,2509,1304,3930,1840,3333,1193,1409,4694,6918,3736,7685,46404,41907,2751,600,9164,0,0,4,0
2021-02-22T23:59:59+01:00,2,1,1174,1007,1926,2720,1860,4050,2166,5762,2758,4681,1674,1666,5061,7334,3931,8114,269,327,766,1494,950,2426,1216,3823,1699,3237,1104,1352,4653,6848,3710,7582,44797,41449,2732,9,8355,0,0,3,0
2021-02-21T23:59:59+01:00,2,1,1172,993,1895,2658,1834,3953,2139,5658,2738,4618,1666,1660,5058,7325,3931,8110,267,325,761,1488,942,2394,1214,3787,1686,3197,1095,1337,4637,6823,3688,7541,44744,41175,2721,9,7943,0,0,3,0
2021-02-20T23:59:59+01:00,2,1,1172,993,1895,2657,1833,3953,2139,5658,2736,4613,1657,1651,5054,7319,3929,8107,267,325,761,1487,941,2390,1213,3783,1685,3195,1095,1337,4584,6762,3642,7482,44729,40943,2696,8,7941,0,0,3,0
2021-02-19T23:59:59+01:00,2,1,1172,990,1892,2652,1832,3944,2138,5649,2733,4610,1638,1643,5041,7302,3926,8101,266,324,757,1478,932,2366,1206,3741,1658,3142,1068,1299,4394,6509,3465,7191,44649,39790,2677,8,7937,0,0,3,0
2021-02-18T23:59:59+01:00,2,1,1140,907,1853,2533,1793,3806,2085,5443,2672,4436,1622,1627,5025,7268,3921,8075,238,295,712,1354,883,2161,1119,3403,1541,2847,959,1112,3911,5737,3073,6342,44495,35681,2644,8,7067,0,0,3,0
2021-02-17T23:59:59+01:00,2,1,1091,778,1772,2300,1716,3508,1976,5083,2597,4187,1598,1618,5004,7254,3913,8072,233,292,702,1336,874,2139,1107,3368,1522,2826,953,1109,3531,5214,2781,5920,44454,33901,2588,8,5425,0,0,3,0
2021-02-16T23:59:59+01:00,2,1,1050,742,1714,2197,1648,3336,1905,4876,2519,4081,1563,1604,4977,7233,3904,8060,227,286,688,1302,853,2085,1076,3251,1483,2741,930,1086,3179,4667,2442,5431,44402,31724,2426,5,4581,0,0,3,0
2021-02-15T23:59:59+01:00,2,1,1043,723,1694,2120,1629,3236,1886,4767,2505,4003,1535,1590,4948,7216,3872,8004,215,276,673,1267,834,2035,1056,3185,1441,2676,899,1055,2760,4116,2116,4869,44273,29471,2343,4,4155,0,0,3,0
2021-02-14T23:59:59+01:00,2,1,947,689,1616,2086,1567,3217,1842,4745,2470,3990,1528,1587,4939,7204,3869,7999,208,264,664,1249,815,1995,1040,3119,1411,2608,869,1010,2671,3976,2044,4686,44231,28628,2307,3,3759,0,0,1,0
2021-02-13T23:59:59+01:00,2,1,894,665,1586,2063,1552,3208,1826,4738,2462,3989,1527,1586,4939,7204,3868,7998,206,263,662,1249,815,1991,1040,3117,1410,2606,868,1010,2569,3850,1980,4586,44225,28221,2307,3,3575,0,0,1,0
2021-02-12T23:59:59+01:00,2,1,559,517,1236,1946,1380,3105,1686,4656,2355,3919,1508,1577,4930,7193,3862,7992,194,257,649,1223,801,1947,1014,3032,1354,2507,806,936,2346,3539,1838,4284,44112,26727,2307,2,2004,0,0,1,0
2021-02-11T23:59:59+01:00,2,1,393,440,1046,1833,1278,2986,1587,4542,2267,3830,1401,1533,4868,7144,3841,7945,156,193,549,979,665,1501,813,2361,1074,1916,567,687,1747,2665,1357,3097,43760,20328,2109,1,1067,0,0,1,0
2021-02-10T23:59:59+01:00,2,1,280,368,920,1728,1178,2863,1492,4357,2154,3707,1364,1520,4849,7133,3836,7943,134,131,378,618,492,1012,643,1749,906,1582,546,672,1340,2104,1042,2601,43684,15952,2005,0,5,0,0,1,0
2021-02-09T23:59:59+01:00,2,1,280,367,919,1722,1175,2854,1492,4351,2153,3702,1357,1517,4847,7131,3835,7941,131,129,369,588,473,985,622,1720,881,1551,544,669,960,1639,764,2197,43659,14224,1982,0,4,0,0,1,0
2021-02-08T23:59:59+01:00,2,1,280,365,918,1720,1172,2844,1485,4346,2151,3698,1352,1513,4845,7131,3834,7938,126,123,358,577,465,968,611,1687,863,1525,536,664,566,1152,461,1772,43631,12456,1959,0,4,0,0,1,0
2021-02-07T23:59:59+01:00,2,1,280,365,916,1720,1171,2844,1483,4344,2151,3698,1352,1513,4845,7130,3833,7938,122,120,354,571,464,961,608,1675,853,1509,528,660,565,1142,456,1757,43627,12347,1958,0,0,0,0,1,0
2021-02-06T23:59:59+01:00,2,1,280,365,916,1720,1171,2844,1483,4344,2151,3698,1352,1513,4845,7130,3833,7938,119,117,352,567,463,960,608,1673,853,1508,527,659,565,1142,456,1757,43627,12328,1958,0,0,0,0,1,0
2021-02-05T23:59:59+01:00,2,1,280,364,915,1720,1171,2843,1481,4343,2150,3698,1352,1513,4844,7128,3833,7935,118,109,349,563,455,947,604,1663,839,1485,522,649,559,1126,446,1735,43614,12171,1958,0,0,0,0,1,0
2021-02-04T23:59:59+01:00,2,1,276,359,908,1682,1164,2797,1480,4291,2137,3655,1344,1506,4816,7097,3822,7905,89,72,232,390,331,688,475,1272,628,1115,392,516,469,918,389,1493,43284,9470,1957,0,0,0,0,1,0
2021-02-03T23:59:59+01:00,2,1,274,350,903,1657,1160,2762,1469,4241,2128,3619,1336,1490,4794,7068,3810,7879,55,34,80,166,152,342,232,598,303,544,211,279,272,576,227,944,42985,5016,1957,0,0,0,0,1,0
2021-02-02T23:59:59+01:00,2,1,273,348,902,1645,1156,2743,1466,4209,2121,3593,1328,1484,4787,7055,3803,7857,16,10,25,49,60,97,73,164,97,122,45,75,66,127,51,193,42815,1271,1957,0,0,0,0,1,0
2021-02-01T23:59:59+01:00,2,1,273,343,902,1643,1155,2742,1465,4205,2120,3587,1327,1483,4785,7054,3803,7857,14,9,21,43,51,88,60,136,74,103,39,66,56,117,50,180,42789,1108,1957,0,0,0,0,1,0
2021-01-31T23:59:59+01:00,2,1,273,342,902,1639,1154,2738,1465,4200,2120,3584,1326,1483,4785,7053,3803,7857,13,8,20,38,44,80,54,125,64,97,34,55,47,108,47,174,42769,1009,1957,0,0,0,0,1,0
2021-01-30T23:59:59+01:00,2,1,273,342,897,1636,1146,2730,1457,4194,2116,3581,1326,1483,4732,6993,3757,7798,13,8,20,37,44,80,53,124,64,97,34,55,47,108,47,174,42540,1006,1923,0,0,0,0,1,0
2021-01-29T23:59:59+01:00,2,1,272,341,882,1628,1134,2709,1445,4164,2093,3554,1317,1477,4569,6790,3593,7594,11,8,20,37,41,80,52,122,61,96,32,50,46,108,47,174,41753,986,1811,0,0,0,0,1,0
2021-01-28T23:59:59+01:00,2,1,268,328,863,1541,1094,2599,1408,4063,2023,3479,1290,1464,4235,6320,3330,7241,7,4,9,17,22,39,21,56,36,63,20,32,31,70,37,117,39983,582,1565,0,0,0,0,1,0
2021-01-27T23:59:59+01:00,2,1,262,325,821,1486,1047,2505,1344,3965,1949,3372,1251,1437,3824,5754,3013,6781,3,4,9,8,12,21,8,22,14,29,11,14,15,39,15,56,38026,281,1112,0,0,0,0,1,0
2021-01-26T23:59:59+01:00,2,1,256,316,787,1440,982,2420,1283,3838,1832,3265,1193,1386,3480,5199,2665,6271,1,1,5,3,5,7,4,2,3,8,6,5,3,7,3,8,35951,72,664,0,0,0,0,1,0
2021-01-25T23:59:59+01:00,2,1,246,307,735,1379,921,2301,1182,3693,1672,3145,1114,1356,3087,4687,2356,5805,1,1,5,2,3,7,2,2,3,8,6,5,3,7,3,8,33928,67,61,0,0,0,0,0,0
2021-01-24T23:59:59+01:00,2,1,243,307,729,1375,910,2285,1177,3677,1644,3115,1108,1354,3061,4651,2339,5783,1,1,3,2,3,7,2,2,3,8,6,5,3,7,3,8,33754,65,7,0,0,0,0,0,0
2021-01-23T23:59:59+01:00,2,1,242,306,728,1375,910,2281,1176,3675,1641,3113,1107,1354,2956,4524,2273,5682,1,1,3,2,2,7,2,2,3,8,6,5,3,7,3,8,33340,64,6,0,0,0,0,0,0
2021-01-22T23:59:59+01:00,2,1,241,303,726,1359,908,2268,1170,3661,1637,3109,1105,1353,2797,4330,2171,5540,1,1,3,2,2,7,2,2,3,8,6,5,3,7,3,8,32675,64,6,0,0,0,0,0,0
2021-01-21T23:59:59+01:00,2,1,237,274,663,1203,840,2056,1089,3375,1540,2902,1062,1311,2454,3864,1882,5105,1,0,3,1,2,7,2,2,3,8,6,4,3,7,3,8,29854,61,6,0,0,0,0,0,0
2021-01-20T23:59:59+01:00,2,1,213,210,502,851,664,1566,889,2674,1303,2434,967,1177,1923,3118,1473,4341,1,0,3,1,2,7,2,2,3,6,5,4,3,7,3,8,24302,58,6,0,0,0,0,0,0
2021-01-19T23:59:59+01:00,2,1,186,191,455,744,610,1410,802,2374,1129,2127,799,920,1280,2192,1015,3277,0,0,2,1,0,0,0,0,2,1,1,0,0,0,0,0,19511,7,3,0,0,0,0,0,0
2021-01-18T23:59:59+01:00,1,1,138,136,378,619,487,1056,647,1829,937,1637,592,711,637,1272,513,1971,0,0,1,0,0,0,0,0,1,0,0,0,0,0,0,0,13560,2,2,0,0,0,0,0,0
2021-01-17T23:59:59+01:00,1,1,127,122,364,582,472,991,618,1712,878,1538,543,671,590,1175,471,1828,0,0,0,0,0,0,0,0,0,0,0,0,0,0,0,0,12684,0,0,0,0,0,0,0,0
2021-01-16T23:59:59+01:00,1,1,120,118,361,578,470,980,612,1699,872,1531,542,670,589,1170,467,1816,0,0,0,0,0,0,0,0,0,0,0,0,0,0,0,0,12597,0,0,0,0,0,0,0,0
2021-01-15T23:59:59+01:00,1,1,118,111,358,573,462,964,608,1688,857,1507,536,658,582,1154,459,1794,0,0,0,0,0,0,0,0,0,0,0,0,0,0,0,0,12431,0,0,0,0,0,0,0,0
2021-01-14T23:59:59+01:00,1,1,97,89,275,464,391,785,505,1417,700,1216,418,529,502,960,403,1609,0,0,0,0,0,0,0,0,0,0,0,0,0,0,0,0,10362,0,0,0,0,0,0,0,0
2021-01-13T23:59:59+01:00,1,1,67,49,163,282,255,520,353,924,478,782,258,324,311,635,258,1030,0,0,0,0,0,0,0,0,0,0,0,0,0,0,0,0,6691,0,0,0,0,0,0,0,0
2021-01-12T23:59:59+01:00,1,1,31,21,49,101,113,212,151,383,200,334,135,175,162,352,146,566,0,0,0,0,0,0,0,0,0,0,0,0,0,0,0,0,3133,0,0,0,0,0,0,0,0
2021-01-11T23:59:59+01:00,1,0,18,11,33,64,60,110,77,168,92,125,39,65,60,122,50,181,0,0,0,0,0,0,0,0,0,0,0,0,0,0,0,0,1276,0,0,0,0,0,0,0,0
2021-01-10T23:59:59+01:00,1,0,15,7,27,53,53,98,67,153,76,111,33,55,50,112,46,172,0,0,0,0,0,0,0,0,0,0,0,0,0,0,0,0,1129,0,0,0,0,0,0,0,0
2021-01-09T23:59:59+01:00,1,0,14,7,26,51,52,97,64,152,76,109,33,55,50,112,46,172,0,0,0,0,0,0,0,0,0,0,0,0,0,0,0,0,1117,0,0,0,0,0,0,0,0
2021-01-08T23:59:59+01:00,1,0,11,7,24,48,47,92,60,139,70,105,31,50,49,112,46,172,0,0,0,0,0,0,0,0,0,0,0,0,0,0,0,0,1064,0,0,0,0,0,0,0,0
2021-01-07T23:59:59+01:00,1,0,7,4,9,18,21,40,23,56,38,65,19,33,36,75,36,116,0,0,0,0,0,0,0,0,0,0,0,0,0,0,0,0,597,0,0,0,0,0,0,0,0
2021-01-06T23:59:59+01:00,1,0,7,4,9,15,14,30,15,39,25,53,15,25,30,67,34,101,0,0,0,0,0,0,0,0,0,0,0,0,0,0,0,0,484,0,0,0,0,0,0,0,0
2021-01-05T23:59:59+01:00,1,0,7,4,9,15,14,30,15,39,25,53,15,25,29,67,34,101,0,0,0,0,0,0,0,0,0,0,0,0,0,0,0,0,483,0,0,0,0,0,0,0,0
2021-01-04T23:59:59+01:00,1,0,2,4,8,5,4,14,4,7,6,16,6,5,6,16,4,13,0,0,0,0,0,0,0,0,0,0,0,0,0,0,0,0,121,0,0,0,0,0,0,0,0
2021-01-03T23:59:59+01:00,1,0,1,1,3,2,2,7,3,3,3,9,4,4,3,8,3,8,0,0,0,0,0,0,0,0,0,0,0,0,0,0,0,0,65,0,0,0,0,0,0,0,0
2021-01-02T23:59:59+01:00,1,0,1,1,3,2,2,7,3,3,3,9,4,4,3,8,3,8,0,0,0,0,0,0,0,0,0,0,0,0,0,0,0,0,65,0,0,0,0,0,0,0,0
2021-01-01T23:59:59+01:00,1,0,1,1,3,2,2,7,2,3,3,9,4,4,3,8,3,8,0,0,0,0,0,0,0,0,0,0,0,0,0,0,0,0,64,0,0,0,0,0,0,0,0
2020-12-31T23:59:59+01:00,1,0,1,1,3,1,2,7,2,2,3,8,4,4,3,8,3,8,0,0,0,0,0,0,0,0,0,0,0,0,0,0,0,0,61,0,0,0,0,0,0,0,0
2020-12-30T23:59:59+01:00,1,0,1,1,3,1,2,7,2,2,3,6,4,4,3,8,3,8,0,0,0,0,0,0,0,0,0,0,0,0,0,0,0,0,59,0,0,0,0,0,0,0,0
2020-12-29T23:59:59+01:00,1,0,1,1,2,1,2,6,2,2,3,6,2,2,2,8,2,7,0,0,0,0,0,0,0,0,0,0,0,0,0,0,0,0,50,0,0,0,0,0,0,0,0
2020-12-28T23:59:59+01:00,1,0,0,0,2,1,0,2,1,0,1,3,0,1,0,1,1,4,0,0,0,0,0,0,0,0,0,0,0,0,0,0,0,0,18,0,0,0,0,0,0,0,0
2020-12-27T23:59:59+01:00,0,0,0,0,0,0,0,1,1,0,1,2,0,1,0,1,1,4,0,0,0,0,0,0,0,0,0,0,0,0,0,0,0,0,12,0,0,0,0,0,0,0,0
