Datum,<15_m,<15_w,15-24_1_m,15-24_1_w,25-34_1_m,25-34_1_w,35-44_1_m,35-44_1_w,45-54_1_m,45-54_1_w,55-64_1_m,55-64_1_w,65-74_1_m,65-74_1_w,75-84_1_m,75-84_1_w,>84_1_m,>84_1_w,<24_2_m,<24_2_w,25-34_2_m,25-34_2_w,35-44_2_m,35-44_2_w,45-54_2_m,45-54_2_w,55-64_2_m,55-64_2_w,65-74_2_m,65-74_2_w,75-84_2_m,75-84_2_w,>84_2_m,>84_2_w,bp_1,bp_2,mo_1,mo_2,az_1,az_2,ja,unb_1,unb_2
2021-09-21T23:59:59+02:00,5008,4699,42101,40445,55891,48539,60386,56930,72360,70819,87043,85237,60335,64459,39258,50564,12142,21670,37879,36326,52084,44408,56862,52681,68462,66205,83046,81098,58175,61921,37958,48785,11740,20893,650114,607634,79254,75996,110038,103909,38438,53,59
2021-09-20T23:59:59+02:00,4992,4680,42012,40388,55786,48471,60308,56860,72296,70767,86994,85189,60312,64443,39247,50547,12136,21653,37817,36263,51983,44344,56795,52630,68411,66166,83001,81059,58155,61905,37950,48764,11737,20888,649541,607249,79245,75944,110038,103895,38215,53,59
2021-09-19T23:59:59+02:00,4987,4676,41966,40362,55711,48426,60261,56819,72254,70754,86968,85174,60305,64434,39246,50539,12136,21651,37784,36239,51935,44328,56762,52619,68376,66149,82980,81042,58147,61899,37947,48760,11737,20886,649286,607114,79243,75942,110036,103894,38062,53,59
2021-09-18T23:59:59+02:00,4985,4674,41955,40356,55693,48412,60243,56809,72243,70741,86958,85170,60300,64431,39245,50539,12136,21650,37781,36235,51919,44323,56749,52609,68367,66140,82970,81038,58142,61896,37945,48758,11737,20886,649234,607097,79242,75942,110036,103894,37984,53,59
2021-09-17T23:59:59+02:00,4931,4624,41808,40230,55571,48264,60098,56685,72105,70623,86887,85095,60264,64409,39236,50532,12132,21643,37673,36149,51822,44210,56658,52516,68259,66065,82910,80979,58111,61879,37938,48751,11735,20882,648379,606629,79242,75942,110036,103894,37434,53,59
2021-09-16T23:59:59+02:00,4837,4524,41540,39959,55335,47980,59861,56416,71917,70442,86759,84963,60213,64354,39213,50509,12122,21627,37413,35933,51629,43981,56481,52316,68115,65923,82802,80881,58057,61843,37919,48727,11726,20871,646481,605174,79238,75937,110019,103880,36787,53,59
2021-09-15T23:59:59+02:00,4772,4461,41315,39708,55107,47700,59654,56202,71766,70299,86639,84859,60170,64299,39184,50481,12113,21604,37216,35751,51469,43776,56347,52172,68009,65823,82707,80781,58012,61809,37895,48703,11723,20857,644720,603978,79236,75936,110019,103880,36310,53,59
2021-09-14T23:59:59+02:00,4744,4437,41194,39583,54982,47609,59565,56087,71669,70208,86562,84800,60151,64271,39166,50467,12108,21598,37143,35676,51382,43721,56277,52102,67934,65760,82649,80744,57995,61783,37880,48683,11717,20849,643957,603566,79236,75936,110019,103879,35941,53,59
2021-09-13T23:59:59+02:00,4716,4423,41097,39472,54890,47513,59502,55984,71594,70155,86519,84760,60120,64240,39159,50456,12104,21593,37072,35611,51295,43660,56217,52037,67868,65725,82609,80717,57972,61756,37871,48669,11716,20841,643248,603120,79231,75886,110018,103864,35752,53,59
2021-09-12T23:59:59+02:00,4707,4409,41066,39445,54870,47490,59478,55954,71567,70125,86504,84740,60112,64232,39157,50453,12102,21589,37035,35582,51276,43641,56192,52018,67849,65696,82586,80697,57959,61742,37865,48655,11716,20839,643041,602907,79222,75881,110017,103862,35672,53,59
2021-09-11T23:59:59+02:00,4698,4407,41050,39419,54842,47463,59459,55938,71544,70114,86493,84732,60111,64229,39156,50452,12102,21587,37017,35571,51255,43621,56179,52006,67827,65686,82573,80693,57957,61741,37863,48655,11716,20838,642944,602860,79222,75880,110017,103862,35565,53,59
2021-09-10T23:59:59+02:00,4653,4368,40877,39246,54690,47330,59345,55787,71419,70012,86404,84651,60083,64201,39145,50439,12098,21580,36896,35483,51151,43532,56092,51915,67736,65621,82501,80639,57938,61720,37854,48641,11709,20832,642036,602445,79221,75880,110017,103862,35004,53,59
2021-09-09T23:59:59+02:00,4579,4282,40642,39030,54496,47109,59173,55569,71272,69849,86299,84558,60058,64155,39122,50410,12089,21574,36690,35307,50977,43383,55946,51754,67594,65500,82390,80558,57896,61673,37835,48619,11703,20823,640562,601304,79220,75878,110017,103862,34416,53,58
2021-09-08T23:59:59+02:00,4480,4188,40425,38771,54309,46927,59003,55400,71162,69730,86206,84482,60022,64116,39114,50377,12083,21567,36413,35035,50754,43172,55754,51570,67459,65372,82277,80454,57863,61616,37812,48580,11692,20809,639151,599572,79215,75870,110017,103862,33927,53,58
2021-09-07T23:59:59+02:00,4409,4130,40224,38600,54182,46811,58898,55293,71086,69644,86144,84417,59998,64088,39104,50360,12080,21564,36287,34925,50653,43094,55675,51506,67390,65305,82210,80397,57827,61585,37800,48557,11685,20801,638150,598914,79207,75857,110013,103861,33610,53,58
2021-09-06T23:59:59+02:00,4368,4082,40121,38498,54106,46739,58829,55219,71040,69587,86098,84380,59978,64072,39101,50355,12078,21560,36173,34807,50561,43024,55592,51422,67331,65234,82155,80335,57799,61554,37787,48544,11684,20799,637472,598155,79207,75819,110012,103850,33468,53,58
2021-09-05T23:59:59+02:00,4355,4065,40087,38469,54083,46708,58793,55191,71012,69564,86074,84357,59975,64070,39098,50350,12077,21556,36147,34785,50531,43002,55562,51401,67312,65217,82137,80319,57791,61549,37784,48538,11682,20796,637252,598006,79206,75814,110011,103850,33363,53,58
2021-09-04T23:59:59+02:00,4355,4063,40078,38467,54079,46701,58792,55189,71010,69560,86070,84350,59975,64068,39098,50350,12077,21556,36136,34782,50527,42995,55558,51400,67310,65213,82134,80315,57790,61547,37784,48538,11682,20796,637234,597991,79206,75813,110011,103848,33335,53,58
2021-09-03T23:59:59+02:00,4316,4033,39966,38353,53981,46634,58715,55107,70942,69500,86005,84319,59957,64052,39092,50345,12074,21553,36057,34712,50444,42952,55497,51348,67253,65171,82088,80283,57775,61533,37776,48532,11676,20795,636661,597675,79206,75808,110011,103848,33014,53,58
2021-09-02T23:59:59+02:00,4276,3991,39791,38192,53844,46472,58582,54980,70817,69381,85927,84254,59910,64015,39069,50318,12072,21543,35935,34631,50337,42867,55400,51260,67153,65088,82014,80220,57727,61500,37759,48508,11670,20788,635660,597120,79206,75807,110011,103844,32505,53,58
2021-09-01T23:59:59+02:00,4216,3921,39600,38021,53683,46326,58467,54867,70724,69293,85866,84178,59866,63983,39053,50305,12070,21532,35606,34286,50111,42610,55206,51068,66994,64919,81881,80110,57679,61443,37727,48479,11664,20782,634541,594916,79195,75795,110010,103843,32173,53,58
2021-08-31T23:59:59+02:00,4165,3874,39465,37870,53555,46215,58367,54758,70638,69219,85790,84123,59835,63954,39035,50276,12068,21529,35486,34182,49970,42510,55099,50982,66901,64852,81801,80056,57638,61408,37713,48459,11658,20779,633614,594341,79193,75794,110008,103615,31870,52,58
2021-08-30T23:59:59+02:00,4114,3830,39356,37746,53453,46130,58283,54683,70577,69140,85729,84076,59818,63929,39023,50265,12066,21523,35412,34109,49895,42446,55023,50910,66841,64790,81747,79999,57610,61380,37698,48436,11657,20768,632789,593751,79190,75759,110008,103603,31703,52,58
2021-08-29T23:59:59+02:00,4104,3820,39338,37727,53434,46115,58269,54664,70570,69130,85712,84059,59816,63927,39020,50261,12065,21522,35381,34084,49864,42429,55010,50884,66819,64762,81724,79984,57600,61364,37693,48430,11654,20767,632671,593550,79187,75742,110008,103603,31636,52,58
2021-08-28T23:59:59+02:00,4104,3820,39337,37727,53433,46113,58269,54664,70569,69128,85712,84059,59816,63927,39020,50261,12065,21522,35381,34083,49864,42429,55008,50884,66817,64761,81724,79984,57600,61364,37693,48430,11654,20767,632666,593547,79187,75741,110008,103603,31634,52,58
2021-08-27T23:59:59+02:00,4068,3778,39215,37627,53335,46008,58188,54570,70479,69050,85651,83999,59790,63903,39008,50251,12065,21520,35279,34023,49762,42368,54933,50809,66728,64699,81669,79945,57573,61344,37682,48419,11653,20766,632025,593133,79187,75739,110003,103601,31239,52,58
2021-08-26T23:59:59+02:00,3985,3715,39023,37443,53175,45841,58057,54421,70351,68934,85526,83907,59743,63856,38984,50231,12057,21509,35107,33851,49609,42206,54776,50650,66600,64570,81522,79831,57526,61285,37653,48393,11648,20758,630841,591975,79185,75727,109998,103596,30683,52,58
2021-08-25T23:59:59+02:00,3891,3648,38856,37245,53022,45653,57943,54282,70251,68833,85432,83815,59707,63814,38965,50212,12055,21502,34720,33438,49339,41890,54540,50386,66407,64367,81341,79660,57435,61204,37631,48355,11636,20746,629604,589230,79184,75725,109998,103596,30289,52,58
2021-08-24T23:59:59+02:00,3870,3632,38767,37171,52941,45583,57888,54229,70197,68786,85387,83775,59675,63787,38956,50195,12052,21492,34571,33315,49219,41800,54453,50302,66303,64274,81251,79581,57387,61160,37623,48339,11631,20737,629157,588309,79181,75720,109996,103591,29998,52,58
2021-08-23T23:59:59+02:00,3843,3597,38673,37076,52859,45516,57832,54161,70139,68734,85333,83736,59657,63761,38946,50181,12050,21484,34431,33175,49096,41722,54355,50217,66210,64178,81163,79518,57351,61111,37602,48319,11630,20726,628623,587433,79179,75685,109993,103578,29732,52,58
2021-08-22T23:59:59+02:00,3836,3597,38644,37065,52843,45497,57813,54148,70114,68716,85315,83723,59648,63750,38944,50172,12045,21482,34383,33136,49070,41684,54318,50188,66168,64153,81127,79491,57336,61096,37599,48310,11625,20722,628523,587141,79177,75675,109992,103577,29609,52,58
2021-08-21T23:59:59+02:00,3834,3594,38625,37058,52835,45486,57799,54142,70100,68704,85309,83714,59641,63748,38943,50172,12045,21482,34369,33130,49061,41675,54305,50183,66156,64142,81121,79484,57332,61095,37599,48310,11625,20722,628483,587124,79176,75674,109991,103577,29530,52,58
2021-08-20T23:59:59+02:00,3813,3562,38553,36988,52750,45415,57723,54079,70026,68650,85247,83666,59624,63729,38940,50168,12045,21476,34268,33025,48947,41607,54216,50110,66061,64075,81051,79429,57312,61072,37593,48305,11624,20718,628111,586606,79174,75671,109991,103574,29127,52,58
2021-08-19T23:59:59+02:00,3785,3529,38384,36845,52589,45277,57600,53975,69895,68529,85149,83589,59594,63685,38925,50151,12041,21464,33916,32768,48660,41364,53998,49915,65852,63890,80875,79295,57255,60999,37547,48267,11618,20707,627222,584688,79172,75576,109982,103561,28579,52,58
2021-08-18T23:59:59+02:00,3734,3478,38197,36689,52471,45156,57503,53869,69784,68433,85074,83525,59554,63641,38909,50131,12039,21456,33533,32355,48360,41107,53744,49636,65635,63680,80691,79134,57172,60913,37511,48225,11614,20695,626222,582118,79169,75448,109979,103554,28222,52,58
2021-08-17T23:59:59+02:00,3672,3430,38038,36531,52357,45034,57421,53773,69689,68347,85002,83462,59519,63608,38896,50108,12034,21447,33141,31911,48036,40797,53452,49345,65386,63435,80492,78927,57061,60801,37469,48176,11602,20684,625269,579006,79169,75432,109974,103533,27905,52,58
2021-08-16T23:59:59+02:00,3617,3376,37889,36383,52260,44935,57344,53699,69619,68279,84946,83415,59496,63576,38881,50092,12028,21439,32578,31351,47639,40380,53062,48962,65079,63171,80270,78732,56984,60685,37437,48122,11593,20662,624339,574977,79165,75395,109974,103512,27745,52,58
2021-08-15T23:59:59+02:00,3607,3367,37857,36358,52227,44916,57318,53666,69602,68262,84935,83404,59484,63572,38878,50083,12028,21437,32501,31253,47568,40316,52999,48901,65034,63130,80227,78704,56966,60665,37429,48109,11592,20658,624149,574418,79165,75364,109973,103501,27663,52,58
2021-08-14T23:59:59+02:00,3602,3363,37849,36351,52222,44912,57311,53660,69598,68259,84927,83400,59477,63567,38877,50081,12028,21437,32493,31247,47559,40313,52990,48894,65031,63127,80219,78702,56961,60659,37428,48107,11592,20658,624117,574388,79162,75364,109973,103501,27618,52,58
2021-08-13T23:59:59+02:00,3585,3350,37780,36309,52163,44862,57245,53610,69528,68218,84862,83364,59455,63555,38866,50067,12025,21431,32356,31134,47431,40214,52872,48795,64929,63047,80129,78652,56938,60638,37415,48097,11590,20653,623811,573589,79162,75362,109973,103501,27278,52,58
2021-08-12T23:59:59+02:00,3545,3322,37652,36187,52072,44772,57176,53523,69431,68143,84787,83298,59427,63531,38852,50055,12025,21428,31830,30645,47043,39864,52486,48448,64603,62816,79911,78443,56846,60550,37370,48054,11585,20636,623083,570117,79162,75333,109971,103394,26959,52,58
2021-08-11T23:59:59+02:00,3502,3280,37498,36040,51961,44666,57056,53403,69334,68051,84704,83217,59387,63493,38831,50039,12021,21424,31189,30028,46533,39475,52059,48010,64300,62537,79700,78239,56749,60442,37334,47980,11572,20618,622181,566074,79157,75309,109969,103306,26549,52,58
2021-08-10T23:59:59+02:00,3454,3233,37339,35889,51846,44545,56950,53294,69267,67980,84636,83160,59363,63455,38813,50025,12014,21419,30296,29048,45802,38773,51396,47406,63913,62174,79452,77995,56643,60337,37289,47911,11564,20606,621224,559865,79155,75307,109966,103303,26286,52,58
2021-08-09T23:59:59+02:00,3418,3203,37244,35781,51771,44475,56891,53252,69236,67937,84606,83127,59345,63440,38801,50006,12013,21417,29586,28303,45136,38195,50821,46829,63539,61817,79173,77746,56518,60239,37245,47856,11557,20592,620632,555762,79153,73850,109965,103277,26162,52,58
2021-08-08T23:59:59+02:00,3409,3189,37218,35765,51746,44450,56872,53242,69218,67919,84586,83112,59342,63435,38796,49999,12012,21416,29458,28161,44988,38099,50725,46744,63483,61760,79125,77706,56483,60221,37235,47845,11557,20589,620458,554831,79152,73842,109964,103245,26101,52,58
2021-08-07T23:59:59+02:00,3409,3189,37214,35759,51736,44449,56870,53242,69214,67916,84585,83110,59341,63435,38796,49999,12012,21416,29447,28155,44976,38093,50724,46740,63480,61754,79122,77702,56481,60220,37234,47844,11557,20588,620448,554795,79151,73838,109964,103245,26078,52,58
2021-08-06T23:59:59+02:00,3398,3175,37146,35703,51657,44386,56804,53198,69171,67884,84553,83081,59328,63415,38785,49993,12009,21414,29210,27928,44771,37908,50542,46598,63343,61637,79022,77634,56456,60195,37219,47834,11554,20585,620164,553345,79148,73832,109964,103244,25773,52,58
2021-08-05T23:59:59+02:00,3365,3134,36994,35568,51540,44252,56685,53080,69056,67770,84426,83007,59285,63361,38762,49972,12000,21404,28509,27310,44187,37428,49989,46141,62985,61340,78728,77411,56347,60098,37179,47782,11546,20569,619360,549029,79146,73822,109964,103065,25140,52,58
2021-08-04T23:59:59+02:00,3306,3071,36791,35398,51391,44106,56544,52964,68933,67643,84312,82894,59217,63302,38744,49943,11995,21394,27359,26186,43225,36550,49025,45237,62394,60733,78232,76971,56137,59918,37120,47691,11533,20549,618275,540672,79134,73782,109964,103011,24524,52,58
2021-08-03T23:59:59+02:00,3232,3013,36572,35195,51236,43963,56418,52838,68800,67527,84224,82821,59175,63257,38723,49912,11986,21379,26280,25070,42299,35655,48123,44353,61855,60201,77779,76563,55968,59730,37060,47604,11513,20518,616895,532334,79126,73735,109960,102985,24239,52,58
2021-08-02T23:59:59+02:00,3188,2959,36426,35044,51126,43853,56326,52738,68714,67436,84137,82745,59136,63209,38708,49893,11978,21367,25380,24068,41458,34917,47390,43613,61372,59732,77396,76218,55805,59582,37010,47527,11496,20497,615917,525375,79125,73680,109959,102843,23931,52,58
2021-08-01T23:59:59+02:00,3183,2953,36409,35022,51100,43835,56306,52713,68685,67423,84123,82732,59130,63204,38706,49889,11978,21367,25119,23820,41215,34717,47159,43416,61231,59596,77280,76122,55769,59552,36995,47514,11492,20493,615774,523513,79121,73639,109958,102778,23854,52,58
2021-07-31T23:59:59+02:00,3182,2952,36403,35021,51099,43834,56304,52712,68683,67422,84123,82731,59130,63204,38706,49889,11978,21366,25112,23806,41205,34710,47153,43410,61222,59594,77278,76121,55769,59549,36995,47514,11492,20492,615759,523446,79120,73638,109958,102778,23851,52,58
2021-07-30T23:59:59+02:00,3166,2938,36344,34957,51028,43783,56245,52653,68628,67381,84084,82691,59118,63190,38702,49882,11975,21363,24793,23495,40930,34495,46895,43213,61037,59464,77128,76004,55738,59509,36981,47502,11492,20491,615471,521506,79116,73636,109955,102670,23535,52,58
2021-07-29T23:59:59+02:00,3143,2910,36205,34834,50898,43655,56152,52551,68558,67317,84013,82640,59091,63172,38690,49873,11975,21362,23836,22503,40054,33747,45998,42430,60491,59022,76768,75700,55618,59371,36941,47446,11485,20480,614590,514448,79095,73509,109955,102503,23348,52,58
2021-07-28T23:59:59+02:00,3093,2855,35964,34594,50674,43482,55950,52402,68414,67175,83898,82541,59038,63125,38668,49836,11965,21354,22620,21252,38731,32643,44687,41258,59696,58362,76263,75241,55422,59182,36872,47342,11471,20455,613206,504647,79089,73343,109954,102344,22728,52,58
2021-07-27T23:59:59+02:00,3067,2836,35857,34474,50592,43399,55869,52350,68352,67107,83837,82470,58998,63082,38656,49821,11964,21345,21379,19854,37301,31305,43316,39956,59071,57768,75841,74830,55259,59006,36814,47287,11459,20431,612479,494211,79073,73167,109954,102231,22519,52,58
2021-07-26T23:59:59+02:00,3048,2817,35794,34378,50535,43345,55826,52301,68307,67069,83801,82441,58984,63066,38644,49809,11963,21343,20357,18751,36048,30190,42049,38806,58573,57368,75557,74578,55161,58906,36793,47252,11453,20417,611947,485965,79068,72837,109954,102070,22451,52,58
2021-07-25T23:59:59+02:00,3037,2812,35742,34336,50494,43300,55798,52278,68284,67044,83771,82418,58969,63059,38641,49806,11960,21337,19955,18385,35629,29859,41640,38499,58380,57213,75397,74472,55115,58868,36771,47232,11449,20413,611652,483231,79063,72562,109954,102042,22366,52,58
2021-07-24T23:59:59+02:00,3037,2812,35738,34332,50492,43297,55796,52277,68282,67044,83769,82417,58969,63059,38640,49806,11960,21337,19950,18375,35621,29850,41634,38498,58377,57211,75393,74470,55115,58868,36770,47232,11449,20413,611643,483194,79062,72562,109954,102040,22354,52,58
2021-07-23T23:59:59+02:00,3012,2787,35586,34215,50343,43197,55680,52171,68185,66950,83679,82365,58938,63030,38630,49801,11955,21334,19712,18153,35360,29675,41362,38317,58212,57082,75257,74394,55076,58844,36758,47222,11443,20407,611015,482075,79062,72267,109954,102038,21776,52,58
2021-07-22T23:59:59+02:00,2961,2702,35146,33843,50032,42959,55415,51944,67955,66766,83503,82213,58851,62936,38594,49754,11944,21316,18922,17490,34263,28941,40239,37485,57475,56613,74705,74021,54897,58665,36693,47138,11422,20381,608850,476548,79047,70838,109950,101817,20936,52,58
2021-07-21T23:59:59+02:00,2905,2644,34834,33510,49790,42747,55227,51757,67764,66580,83374,82087,58785,62882,38562,49714,11933,21306,18093,16658,32950,27945,38972,36526,56785,56050,74254,73659,54751,58490,36627,47054,11410,20348,607010,470639,78996,68642,109949,101604,20395,52,58
2021-07-20T23:59:59+02:00,2829,2581,34475,33125,49507,42512,55051,51562,67581,66422,83235,81965,58720,62826,38533,49668,11932,21291,16941,15533,31236,26541,37243,35069,55986,55402,73711,73211,54585,58301,36577,46969,11392,20309,604904,461458,78960,66901,109946,101265,19954,52,58
2021-07-19T23:59:59+02:00,2745,2509,33913,32561,49187,42201,54775,51294,67386,66207,83063,81794,58653,62744,38488,49616,11925,21276,16287,14958,30296,25859,36383,34355,55547,54979,73384,72973,54498,58215,36540,46919,11386,20287,601680,457768,78899,64733,109945,101094,19762,52,58
2021-07-18T23:59:59+02:00,2717,2491,33813,32447,49096,42144,54718,51236,67325,66156,83020,81752,58625,62718,38477,49602,11923,21269,15968,14693,29725,25478,35889,34007,55292,54817,73238,72872,54456,58176,36532,46905,11385,20283,601069,456326,78884,63197,109944,101066,19581,52,58
2021-07-17T23:59:59+02:00,2717,2491,33811,32445,49091,42142,54717,51234,67325,66155,83020,81751,58625,62717,38477,49602,11923,21269,15963,14687,29716,25463,35884,34003,55288,54816,73238,72872,54456,58176,36532,46905,11385,20283,601058,456282,78881,63193,109942,101066,19580,52,58
2021-07-16T23:59:59+02:00,2659,2426,33199,31919,48594,41795,54318,50897,66944,65832,82707,81518,58506,62604,38427,49553,11919,21262,15544,14366,29224,25093,35436,33672,54950,54563,72979,72680,54344,58087,36497,46867,11382,20279,598828,454896,78877,63064,109941,101057,17382,52,58
2021-07-15T23:59:59+02:00,2526,2294,32334,31137,47968,41222,53740,50414,66516,65484,82453,81279,58417,62508,38393,49510,11911,21243,14704,13695,27900,24261,34133,32861,54264,54162,72564,72451,54244,57991,36466,46831,11375,20263,593798,450707,78865,60668,109940,100477,16694,52,58
2021-07-14T23:59:59+02:00,2420,2207,31782,30607,47475,40780,53315,50015,66187,65200,82214,81031,58312,62412,38360,49460,11901,21230,13460,12549,25905,22806,32229,31338,53514,53571,72055,72112,54107,57866,36424,46770,11365,20248,589911,441573,78846,58740,109939,100142,16160,52,57
2021-07-13T23:59:59+02:00,2363,2137,31512,30339,47202,40555,53064,49789,65981,65010,82047,80882,58245,62336,38335,49423,11891,21217,12473,11699,24177,21495,30283,29752,52320,52402,71237,71322,53859,57589,36336,46653,11346,20221,587748,434841,78829,55815,109930,96989,15769,52,57
2021-07-12T23:59:59+02:00,2136,1930,30647,29408,46548,40021,52492,49220,65591,64620,81769,80610,58109,62208,38293,49365,11881,21196,11726,11072,22784,20514,28543,28372,51364,51543,70497,70704,53602,57311,36269,46535,11333,20190,581501,426735,78812,53250,109930,96836,15749,52,57
2021-07-11T23:59:59+02:00,2091,1892,30526,29298,46483,39949,52440,49155,65534,64564,81708,80567,58087,62188,38287,49346,11876,21191,11559,10923,22509,20329,28180,28100,51160,51398,70326,70560,53549,57230,36247,46518,11324,20183,580674,424664,78806,53207,109928,96703,15722,52,56
2021-07-10T23:59:59+02:00,2091,1890,30521,29291,46481,39944,52436,49154,65531,64563,81707,80565,58087,62186,38286,49346,11876,21191,11547,10905,22497,20315,28164,28088,51153,51394,70323,70557,53549,57230,36246,46518,11324,20183,580644,424580,78806,53205,109928,96693,15716,52,56
2021-07-09T23:59:59+02:00,2046,1852,30288,29055,46263,39763,52253,48982,65370,64451,81603,80485,58057,62156,38270,49331,11871,21189,11165,10632,21855,19878,27498,27537,50444,50826,69741,70145,53446,57141,36223,46484,11319,20172,579441,423504,78800,52891,109923,93236,15069,52,56
2021-07-08T23:59:59+02:00,1908,1724,29622,28519,45660,39258,51691,48513,64967,64143,81304,80250,57965,62066,38238,49279,11866,21175,9980,9522,19909,18242,25034,25552,49409,50027,69110,69606,53221,56927,36147,46398,11304,20146,575174,412964,78780,50452,109906,93010,14236,52,56
2021-07-07T23:59:59+02:00,1695,1528,28511,27303,44616,38291,50585,47516,64306,63502,80764,79767,57761,61833,38171,49195,11852,21134,9448,9042,18821,17406,23636,24345,48584,49381,68563,69117,53020,56684,36070,46300,11288,20106,565878,406614,78763,48838,109905,92720,13732,52,56
2021-07-06T23:59:59+02:00,1494,1370,27422,26254,43588,37369,49646,46578,63701,62937,80327,79358,57580,61649,38114,49101,11828,21106,8727,8295,17480,16399,22021,23061,47978,48929,68187,68849,52902,56569,36020,46263,11281,20090,557593,399138,78751,48412,109902,92424,13124,52,56
2021-07-05T23:59:59+02:00,1337,1246,26274,24998,42501,36366,48590,45506,63032,62359,79891,78955,57405,61459,38061,49024,11819,21083,8473,8069,16982,16085,21460,22675,47671,48703,67992,68700,52850,56495,35994,46244,11278,20085,548248,396556,78743,48098,109901,92167,12962,52,54
2021-07-04T23:59:59+02:00,1272,1182,25951,24669,42198,36107,48336,45322,62885,62224,79776,78859,57368,61419,38051,49005,11816,21080,8217,7913,16714,15887,21179,22476,47546,48604,67914,68625,52826,56470,35979,46239,11276,20084,545927,395526,78717,47435,109899,92082,12925,52,54
2021-07-03T23:59:59+02:00,1272,1181,25944,24657,42184,36100,48334,45322,62882,62223,79775,78858,57367,61419,38051,49005,11816,21080,8212,7905,16702,15877,21172,22469,47541,48603,67909,68624,52825,56470,35979,46239,11276,20084,545895,395491,78715,47434,109899,92072,12909,52,54
2021-07-02T23:59:59+02:00,1204,1124,25626,24303,41861,35818,48077,45064,62738,62075,79701,78787,57350,61397,38044,48993,11812,21075,8033,7753,16332,15608,20728,22161,46573,47823,67412,68274,52742,56378,35964,46221,11275,20081,543497,392999,78714,47430,109894,90052,12892,52,54
2021-07-01T23:59:59+02:00,1149,1074,25247,23938,41478,35469,47681,44711,62486,61836,79509,78616,57287,61334,38013,48952,11805,21065,7642,7418,15512,14828,19557,21127,45035,46333,66197,67190,52432,56075,35867,46101,11251,20054,540340,387165,78610,46603,109885,86093,12763,52,54
2021-06-30T23:59:59+02:00,1075,1010,24823,23488,41046,35093,47268,44334,62257,61624,79336,78467,57208,61256,37986,48902,11797,21044,7268,7058,14562,14020,18123,19917,41821,43597,64497,65744,51965,55577,35718,45907,11224,20004,536874,375131,78577,45907,109881,83326,12630,52,53
2021-06-29T23:59:59+02:00,983,901,24318,22952,40526,34674,46833,43916,61993,61345,79122,78288,57129,61190,37958,48858,11791,21025,6989,6747,13897,13526,16959,18996,37490,39901,63140,64489,51477,55077,35585,45729,11193,19961,532779,359802,78568,45696,109881,83117,12522,52,53
2021-06-28T23:59:59+02:00,954,868,23978,22557,40067,34290,46409,43547,61754,61088,78931,78131,57057,61122,37929,48828,11788,21010,6679,6427,13236,13021,15945,18158,33832,36852,62016,63457,51121,54682,35490,45579,11168,19922,531015,351114,76875,40992,109880,82964,12486,52,53
2021-06-27T23:59:59+02:00,940,855,23885,22465,39994,34227,46350,43488,61722,61051,78896,78100,57042,61109,37923,48821,11787,21005,6588,6351,13002,12879,15521,17920,32999,36206,61759,63258,51031,54612,35472,45557,11166,19918,530399,348210,76870,40727,109874,82806,12465,52,53
2021-06-26T23:59:59+02:00,939,855,23879,22459,39987,34224,46349,43487,61721,61050,78896,78100,57042,61109,37923,48820,11787,21005,6585,6344,12996,12866,15513,17913,32995,36205,61752,63256,51029,54606,35472,45557,11166,19917,530371,348145,76870,40726,109874,82805,12465,52,53
2021-06-25T23:59:59+02:00,916,829,23764,22344,39900,34137,46265,43416,61677,61003,78848,78079,57031,61095,37920,48817,11786,21003,6487,6230,12886,12733,15375,17752,32276,35543,61363,62932,50951,54522,35464,45535,11163,19916,529573,345128,76870,40714,109871,82789,12464,52,53
2021-06-24T23:59:59+02:00,849,771,23373,21916,39549,33826,45912,43113,61472,60808,78687,77940,56977,61039,37897,48787,11781,20993,6147,5929,12321,12266,14669,17068,28965,32821,59071,61075,50363,53923,35328,45327,11145,19868,526601,331283,76821,40449,109869,82170,12347,52,53
2021-06-23T23:59:59+02:00,744,677,22731,21253,38971,33235,45255,42401,61106,60416,78438,77688,56874,60901,37851,48734,11771,20973,5992,5737,11952,11920,14162,16539,25595,30058,57429,59547,49838,53385,35209,45153,11124,19825,521000,321848,76766,37507,109865,81735,12336,52,53
2021-06-22T23:59:59+02:00,683,613,22305,20809,38566,32815,44821,41934,60831,60130,78232,77446,56776,60789,37814,48661,11758,20951,5801,5600,11628,11657,13736,16163,21253,26526,55353,57846,49239,52782,35032,44937,11104,19781,517183,307484,76639,37451,109859,81260,12201,52,53
2021-06-21T23:59:59+02:00,646,572,22053,20572,38314,32584,44574,41657,60640,59918,78100,77305,56724,60705,37789,48620,11749,20935,5668,5490,11318,11460,13396,15901,19701,25294,54433,57077,47009,50322,34431,44214,11081,19722,515136,302159,76435,37383,109842,74939,11992,52,53
2021-06-20T23:59:59+02:00,617,552,21763,20276,38018,32308,44290,41402,60487,59750,77960,77158,56675,60661,37769,48603,11746,20928,5611,5445,11185,11372,13243,15773,19307,24969,54165,56895,45348,48336,33864,43579,11061,19702,512740,301534,76355,36631,109830,69662,11986,52,51
2021-06-19T23:59:59+02:00,615,552,21758,20264,38001,32303,44287,41398,60481,59746,77958,77155,56672,60660,37769,48602,11746,20928,5605,5436,11180,11369,13234,15767,19299,24961,54151,56883,45339,48326,33863,43579,11061,19702,512677,301450,76350,36628,109830,69649,11986,52,51
2021-06-18T23:59:59+02:00,601,538,21660,20153,37934,32248,44212,41311,60426,59699,77914,77113,56648,60638,37764,48589,11745,20927,5510,5270,10883,10831,12861,15184,18756,23938,53295,55575,45136,48163,33835,43530,11055,19690,511918,299876,76343,36627,109822,64982,11985,52,51
2021-06-17T23:59:59+02:00,515,446,20939,19430,37172,31612,43413,40556,60016,59331,77616,76858,56531,60508,37715,48521,11732,20902,5316,5057,10499,10275,12336,14410,17824,22574,51721,53627,43983,46813,33516,43133,11008,19607,505898,292550,76250,36499,109812,60807,11801,52,51
2021-06-16T23:59:59+02:00,408,368,20137,18471,36180,30670,42396,39578,59471,58844,77214,76539,56384,60349,37656,48433,11722,20879,5126,4900,9988,9952,11600,13911,16274,21269,47840,50077,42228,44805,33051,42561,10945,19481,498474,276375,75706,36299,109794,59620,11673,52,50
2021-06-15T23:59:59+02:00,298,265,19320,17614,35256,29812,41466,38690,59032,58402,76877,76208,56239,60179,37597,48363,11707,20845,4921,4773,9463,9692,10895,13439,14762,20079,43570,45989,40675,42960,32569,41939,10878,19353,491230,259187,75590,36264,109784,58951,11514,52,49
2021-06-14T23:59:59+02:00,194,174,18200,16373,34001,28535,39998,37280,58439,57837,76481,75865,56110,60033,37552,48292,11698,20830,4794,4679,9115,9481,10416,13121,13589,19070,40925,43428,39597,41806,32276,41536,10846,19267,481447,247987,75151,36238,109779,58216,11464,51,49
2021-06-13T23:59:59+02:00,153,135,17693,15968,33519,28130,39506,36896,58224,57653,76332,75764,56083,59992,37530,48270,11695,20821,4708,4629,8968,9408,10253,13052,12982,18613,40452,43034,39359,41584,32215,41451,10840,19253,478358,247013,74849,34813,109771,57599,11335,51,49
2021-06-12T23:59:59+02:00,153,135,17689,15949,33506,28121,39499,36892,58219,57650,76328,75762,56082,59990,37529,48270,11695,20821,4701,4624,8957,9403,10241,13045,12970,18600,40268,42887,39332,41569,32211,41449,10840,19252,478289,246573,74845,34813,109771,57588,11334,51,49
2021-06-11T23:59:59+02:00,151,135,17605,15890,33360,28052,39324,36837,58098,57612,76257,75735,56068,59985,37527,48267,11695,20820,4617,4432,8796,8837,10047,12323,12734,17523,39778,41584,39177,41438,32193,41413,10838,19251,477951,246081,74432,34811,109659,52723,11325,51,49
2021-06-10T23:59:59+02:00,136,115,16758,15170,31938,27133,38078,35923,57414,57152,75846,75464,55977,59893,37488,48222,11684,20802,4362,4238,8236,8339,9363,11565,11998,16454,36926,38539,38372,40635,32027,41231,10822,19221,474051,239014,71449,34678,109378,48331,10264,51,49
2021-06-09T23:59:59+02:00,114,89,15978,14462,30657,26228,36856,35036,56835,56764,75501,75237,55892,59785,37461,48177,11671,20781,4180,4085,7876,8150,8897,11346,11377,16074,31839,33673,36872,39103,31782,40962,10801,19172,469379,225092,69002,34554,109331,46744,9761,51,46
2021-06-08T23:59:59+02:00,87,71,15054,13587,29274,25135,35483,34024,56217,56359,75199,75016,55816,59705,37438,48145,11667,20771,4100,4021,7721,8034,8744,11231,11085,15868,29020,30860,35917,38169,31622,40766,10777,19139,464766,217627,65550,34497,109284,45515,9397,51,46
2021-06-07T23:59:59+02:00,79,58,14419,12996,27898,24321,34324,33244,55739,56100,74952,74904,55779,59665,37422,48134,11667,20767,4007,3947,7527,7909,8442,11098,10717,15621,24687,26479,34452,36635,31400,40499,10749,19111,461616,205843,62513,34432,109246,43926,9042,51,45
2021-06-06T23:59:59+02:00,78,55,14095,12804,27114,23901,33673,32825,55429,55935,74793,74833,55757,59641,37408,48125,11665,20766,3940,3911,7376,7865,8286,11014,10396,15420,21862,23601,33449,35554,31260,40345,10742,19096,460467,203052,60457,29186,109218,43139,8704,51,44
2021-06-05T23:59:59+02:00,78,53,14066,12776,27072,23859,33644,32806,55424,55925,74787,74826,55752,59636,37403,48123,11665,20766,3918,3897,7340,7844,8239,10997,10333,15378,20434,22049,32654,34675,31190,40263,10738,19089,460345,198079,60351,29183,109211,43037,8703,51,44
2021-06-04T23:59:59+02:00,72,49,13836,12513,26762,23544,33307,32495,55364,55844,74748,74806,55742,59631,37402,48121,11665,20765,3887,3868,7261,7765,8182,10918,10253,15254,20326,21931,32581,34620,31158,40226,10735,19086,458446,197996,60289,29171,109177,42145,8703,51,44
2021-06-03T23:59:59+02:00,54,44,13267,12022,25723,22856,32170,31744,54871,55511,74433,74613,55669,59550,37367,48089,11658,20748,3759,3776,6988,7595,7901,10746,9926,15017,18439,20069,30600,32315,30885,39895,10712,19038,454096,189402,58788,29151,109161,40782,8293,51,41
2021-06-02T23:59:59+02:00,39,32,12575,11266,24724,21953,31029,30787,54606,55246,74239,74472,55617,59468,37350,48067,11650,20741,3724,3756,6931,7540,7844,10698,9841,14925,17919,19521,28670,30140,30786,39751,10705,19027,447760,183865,58609,29150,109159,40447,8283,50,41
2021-06-01T23:59:59+02:00,25,17,11444,10376,22586,20515,28486,28884,53193,54181,73233,73688,55310,59139,37226,47892,11613,20679,3495,3582,6432,7233,7240,10275,8985,14323,15972,17701,24887,25888,30102,38869,10629,18873,438209,169861,54128,29013,109120,38601,6980,50,39
2021-05-31T23:59:59+02:00,20,13,10578,9708,20745,19343,26435,27375,52083,53330,72528,73139,55091,58876,37151,47786,11599,20643,3353,3430,6096,6988,6840,9975,8444,13967,14907,16723,23693,24515,29714,38382,10569,18779,431393,164118,49749,28976,109100,37100,6151,50,38
2021-05-30T23:59:59+02:00,18,10,10226,9360,20021,18842,25727,26794,51743,53048,72294,72942,55014,58797,37126,47758,11591,20634,3170,3238,5746,6721,6551,9732,8227,13761,14646,16452,23399,24198,29604,38273,10554,18751,428798,163291,49340,28919,109067,36093,4690,50,38
2021-05-29T23:59:59+02:00,18,10,10210,9348,20003,18815,25708,26768,51731,53044,72289,72932,55012,58792,37125,47758,11590,20634,3168,3230,5743,6717,6546,9730,8219,13753,14636,16447,23388,24189,29600,38268,10553,18750,428640,163220,49340,28917,109067,36080,4690,50,38
2021-05-28T23:59:59+02:00,18,10,10145,9252,19864,18646,25446,26538,51572,52869,72142,72800,54973,58742,37111,47738,11587,20621,3121,3154,5651,6576,6443,9528,8105,13475,14443,16170,23236,24034,29547,38205,10546,18741,426987,162831,49302,28916,109047,34510,4689,49,37
2021-05-27T23:59:59+02:00,18,10,8879,8047,17452,16826,22661,24382,50477,52053,71472,72309,54774,58518,37013,47643,11573,20591,2822,2819,4806,5953,5549,8743,7311,12487,13315,14977,22244,22998,29162,37752,10491,18654,415025,159008,48342,28652,108901,30013,2381,49,37
2021-05-26T23:59:59+02:00,17,10,8477,7629,16574,16021,21470,23370,49871,51505,71053,71921,54622,58353,36945,47565,11562,20561,2635,2645,4436,5615,5070,8236,6833,11837,12341,13993,21344,21963,28849,37309,10445,18569,409416,155149,47609,28564,108820,26746,1633,48,36
2021-05-25T23:59:59+02:00,17,10,7902,7024,15327,15135,20019,22195,49393,51104,70805,71735,54536,58260,36920,47536,11558,20551,2556,2542,4246,5485,4824,8009,6553,11527,11783,13462,19196,19796,28476,36774,10410,18520,402598,149469,47366,28551,108775,24871,1240,48,36
2021-05-24T23:59:59+02:00,17,10,7814,6923,15103,15008,19733,22015,49292,50985,70761,71695,54532,58254,36917,47533,11556,20548,2513,2479,4162,5319,4730,7764,6428,11243,11643,13221,19082,19682,28425,36727,10403,18509,401459,149317,47286,28508,108678,23253,1225,48,35
2021-05-23T23:59:59+02:00,16,10,7798,6910,15067,14991,19679,21987,49282,50983,70757,71689,54530,58250,36917,47531,11556,20548,2511,2475,4155,5314,4720,7760,6423,11230,11622,13198,18941,19484,28394,36688,10401,18507,401271,148829,47286,28506,108678,23244,1218,48,34
2021-05-22T23:59:59+02:00,16,10,7795,6902,15057,14979,19668,21980,49282,50981,70754,71689,54530,58249,36917,47531,11556,20548,2509,2468,4148,5308,4718,7760,6420,11227,11613,13195,18928,19478,28393,36688,10401,18507,401216,148792,47286,28506,108678,23220,1216,48,34
2021-05-21T23:59:59+02:00,16,9,7721,6805,14927,14843,19463,21820,49040,50747,70612,71583,54503,58222,36910,47524,11550,20542,2437,2383,4061,5167,4615,7545,6297,10928,11441,12905,18862,19412,28377,36658,10398,18505,399641,148538,47283,28505,108653,21708,1213,47,34
2021-05-20T23:59:59+02:00,16,9,7447,6509,14340,14317,18521,20945,46353,48388,69454,70604,54144,57853,36802,47382,11519,20511,2175,2220,3696,4800,4172,6993,5742,10093,10351,11805,17584,18118,27870,36059,10323,18358,388617,143283,47117,28214,108342,17840,995,43,34
2021-05-19T23:59:59+02:00,15,8,7207,6285,13676,13834,17250,19943,42361,44898,67961,69294,53687,57327,36638,47154,11482,20459,2099,2020,3531,4459,3924,6467,5294,9407,9356,10687,16107,16467,27176,35142,10197,18149,373812,136109,46544,28071,108105,15310,975,43,24
2021-05-18T23:59:59+02:00,15,6,7008,6106,13129,13404,16151,19082,37637,40868,66506,67969,53130,56786,36487,46929,11440,20402,2052,1890,3393,4268,3738,6151,4960,8923,8487,9815,14522,14731,26467,34289,10107,17977,357676,129469,46480,27508,107946,13866,910,43,24
2021-05-17T23:59:59+02:00,15,6,6873,6011,12806,13154,15654,18691,35452,38998,65666,67187,52857,56470,36404,46820,11426,20365,1981,1828,3205,4087,3517,5921,4637,8551,7708,9115,11259,10709,25556,33138,10023,17808,353941,124248,42200,21416,107866,12557,805,43,24
2021-05-16T23:59:59+02:00,15,6,6810,5927,12680,13000,15481,18522,34961,38528,65480,67017,52800,56407,36391,46792,11421,20360,1923,1730,3101,3964,3436,5819,4531,8405,7525,8926,9063,8107,25073,32454,9989,17751,352459,123106,41691,16055,107830,12043,576,42,24
2021-05-15T23:59:59+02:00,15,6,6805,5918,12674,12994,15477,18517,34956,38525,65478,67015,52800,56406,36391,46792,11421,20360,1922,1729,3098,3958,3431,5816,4526,8402,7523,8923,9061,8105,25072,32454,9989,17751,352416,123075,41691,16055,107828,12040,573,42,24
2021-05-14T23:59:59+02:00,15,6,6607,5820,12430,12932,15244,18425,33981,37731,64940,66605,52704,56319,36374,46758,11419,20355,1806,1641,2987,3888,3374,5708,4476,8255,7475,8794,9054,8099,25071,32454,9989,17750,349038,123017,41659,16051,107365,11175,562,41,23
2021-05-13T23:59:59+02:00,15,6,6356,5632,12019,12676,14676,17975,30443,34937,62457,64522,52072,55643,36236,46537,11407,20307,1763,1601,2930,3811,3342,5615,4433,8151,7392,8675,9015,8040,25051,32412,9984,17746,335008,122765,41434,16027,106934,10653,499,41,23
2021-05-12T23:59:59+02:00,15,6,6339,5608,11946,12613,14566,17866,29806,34361,61950,64069,51899,55470,36200,46492,11400,20294,1763,1598,2929,3810,3337,5615,4431,8150,7390,8669,9008,8037,25051,32410,9984,17745,332011,122743,41422,16016,106929,10652,499,39,23
2021-05-11T23:59:59+02:00,14,6,6014,5473,11501,12335,14019,17483,25540,30866,59566,62063,51237,54789,36011,46246,11379,20231,1721,1482,2826,3548,3214,5238,4292,7706,7236,8343,8924,7954,25022,32370,9981,17734,317054,122501,41369,15827,105940,8874,374,36,21
2021-05-10T23:59:59+02:00,14,6,5886,5400,11335,12220,13799,17314,22067,28104,58313,60947,50874,54436,35919,46123,11364,20200,1683,1386,2740,3318,3111,4906,4181,7216,7114,7905,8883,7894,25010,32349,9979,17730,307122,122355,41208,15678,105646,7048,309,36,21
2021-05-09T23:59:59+02:00,14,6,5809,5368,11246,12155,13699,17233,20463,26921,57848,60561,50771,54337,35893,46082,11357,20195,1666,1364,2681,3193,3057,4765,4136,7096,7059,7809,8871,7881,25003,32343,9978,17730,306553,122304,37632,15631,105442,6386,296,35,21
2021-05-08T23:59:59+02:00,14,6,5806,5365,11234,12151,13689,17224,20455,26915,57839,60555,50768,54329,35889,46079,11355,20192,1665,1364,2681,3191,3057,4765,4133,7093,7058,7808,8870,7881,25002,32341,9978,17730,306462,122289,37631,15631,105441,6386,296,35,21
2021-05-07T23:59:59+02:00,14,6,5766,5330,11168,12102,13581,17145,19999,26555,56839,59745,50638,54198,35859,46048,11352,20178,1561,1320,2601,3146,3015,4735,4099,7069,7035,7775,8862,7873,25000,32340,9978,17729,303288,122255,37614,15623,105296,5954,291,34,21
2021-05-06T23:59:59+02:00,14,6,5510,5217,10650,11793,12874,16691,18697,25566,52568,56083,49439,52817,35528,45647,11300,20075,1335,1185,2362,2972,2839,4568,3946,6868,6883,7622,8788,7794,24979,32304,9975,17722,288117,121986,37428,15484,104738,4495,162,30,21
2021-05-05T23:59:59+02:00,14,6,5250,5118,10155,11557,12117,16238,17362,24584,48195,51939,47769,50892,35090,45076,11225,19955,1289,1090,2299,2844,2755,4389,3852,6629,6775,7423,8673,7700,24917,32229,9969,17706,270914,121506,37202,15439,104349,3532,47,30,21
2021-05-04T23:59:59+02:00,14,6,5166,5032,9837,11344,11664,15848,16383,23715,46322,49904,46699,49584,34715,44588,11159,19846,1277,1071,2270,2803,2714,4303,3799,6521,6703,7347,8630,7660,24897,32212,9968,17701,260526,121287,37178,15377,104068,3173,24,30,21
2021-05-03T23:59:59+02:00,14,6,5063,4945,9486,11173,11201,15584,15319,22848,44744,48277,45817,48626,34493,44241,11131,19756,1262,1045,2238,2771,2672,4239,3751,6467,6628,7293,8060,6970,23153,29879,9830,17464,251469,115464,37169,15295,104040,2932,16,30,21
2021-05-02T23:59:59+02:00,14,6,5001,4925,9371,11137,11055,15522,14705,22357,44220,47867,45674,48458,34443,44176,11125,19744,1258,1040,2220,2768,2659,4231,3722,6453,6608,7279,7871,6726,21180,27464,9783,17376,250243,115441,35530,10281,103986,2889,11,30,21
2021-05-01T23:59:59+02:00,14,6,5001,4923,9366,11133,11051,15519,14701,22353,44218,47863,45673,48458,34443,44176,11125,19744,1257,1040,2220,2768,2659,4231,3721,6453,6605,7279,7871,6725,21180,27464,9783,17376,250212,115436,35530,10281,103984,2888,11,30,21
2021-04-30T23:59:59+02:00,14,6,4954,4900,9299,11118,10996,15494,14625,22327,42732,46447,45338,48126,34406,44124,11120,19734,1048,945,2021,2678,2558,4170,3635,6393,6542,7220,7864,6708,21179,27462,9783,17376,246217,115427,35530,10278,103972,1853,11,30,18
2021-04-29T23:59:59+02:00,14,5,4711,4818,8828,10966,10390,15322,13938,22119,37793,42123,44325,47095,34285,44006,11116,19704,866,866,1847,2599,2471,4103,3525,6322,6468,7172,7842,6689,21174,27456,9783,17376,232459,115389,35427,10174,103631,972,11,30,18
2021-04-28T23:59:59+02:00,14,5,4534,4783,8577,10880,10037,15232,13580,21964,33146,37615,43079,45839,34159,43858,11102,19686,824,836,1809,2553,2438,4027,3489,6213,6418,7081,7822,6670,21162,27443,9778,17369,219224,115304,35409,10126,103419,480,10,28,17
2021-04-27T23:59:59+02:00,13,4,4303,4568,8231,10431,9652,14647,13111,21315,32015,36487,42800,45556,34143,43830,11098,19683,796,822,1775,2529,2420,4005,3471,6194,6383,7054,7811,6662,21157,27438,9775,17363,216496,115246,35399,10095,99954,292,10,28,17
2021-04-26T23:59:59+02:00,13,4,4281,4540,8156,10393,9543,14592,12962,21256,27599,32093,41581,44333,34063,43730,11085,19672,763,811,1745,2510,2391,3984,3447,6173,6330,7008,7763,6613,21126,27407,9775,17356,204598,115042,35390,10051,99871,87,10,27,17
2021-04-25T23:59:59+02:00,13,4,4258,4526,8124,10366,9480,14560,12869,21210,25628,30049,40879,43571,34016,43672,11081,19667,751,803,1733,2496,2373,3969,3423,6152,6298,6979,7743,6596,21109,27386,9774,17352,203929,115016,30272,9817,99736,83,9,27,17
2021-04-24T23:59:59+02:00,13,4,4239,4515,8094,10337,9439,14544,12817,21188,24125,28384,40120,42731,33951,43596,11078,19661,750,802,1730,2494,2372,3965,3423,6148,6298,6976,7741,6594,21108,27386,9774,17352,198861,114996,30272,9816,99667,80,9,27,17
2021-04-23T23:59:59+02:00,12,4,3974,4363,7623,10040,9009,14188,12254,20785,23643,28082,40032,42669,33930,43562,11072,19654,736,792,1713,2481,2352,3949,3400,6125,6276,6957,7727,6576,21103,27375,9774,17351,198511,114981,30257,9617,96094,68,9,25,17
2021-04-22T23:59:59+02:00,12,4,3881,4305,7432,9923,8731,13993,11810,20457,21315,25722,37273,39417,33403,42893,11001,19533,723,783,1686,2451,2294,3892,3329,6053,6167,6858,7647,6489,21050,27331,9771,17336,185471,114861,30067,8914,95533,66,9,25,15
2021-04-21T23:59:59+02:00,12,4,3853,4273,7304,9845,8548,13822,11476,20167,20050,24517,34061,35697,32919,42190,10939,19407,699,765,1652,2423,2250,3867,3295,6020,6125,6818,7618,6462,21031,27307,9768,17332,173704,114750,29892,8601,95454,62,9,25,15
2021-04-20T23:59:59+02:00,12,4,3819,4246,7198,9776,8334,13665,11109,19869,18954,23366,30749,32044,32445,41591,10880,19298,691,755,1637,2411,2217,3845,3252,5975,6084,6777,7578,6416,21006,27283,9762,17329,162062,114594,29869,8345,95394,60,9,25,15
2021-04-19T23:59:59+02:00,12,4,3800,4229,7124,9738,8216,13555,10852,19683,18289,22702,29877,30914,32153,41225,10838,19223,683,750,1615,2397,2193,3815,3217,5942,6050,6746,7533,6383,20975,27255,9760,17325,157221,114461,29852,8101,95327,58,9,25,15
2021-04-18T23:59:59+02:00,12,4,3797,4223,7108,9724,8201,13537,10817,19658,18201,22620,29755,30789,32125,41203,10835,19215,681,746,1600,2385,2176,3800,3192,5916,6021,6723,7511,6370,20956,27233,9757,17322,156729,114402,29785,7911,95277,57,9,24,15
2021-04-17T23:59:59+02:00,12,4,3796,4221,7106,9722,8198,13537,10811,19651,18188,22609,29732,30776,32123,41201,10835,19215,680,746,1599,2384,2174,3799,3189,5915,6019,6721,7511,6370,20956,27233,9757,17322,156649,114389,29784,7911,95271,56,9,24,15
2021-04-16T23:59:59+02:00,12,4,3629,4183,6760,9593,7829,13350,10413,19405,17734,22334,29529,30616,32041,41112,10820,19196,668,728,1587,2369,2147,3784,3135,5878,5977,6671,7418,6281,20543,26667,9727,17261,155896,113064,29776,7705,92855,53,9,24,15
2021-04-15T23:59:59+02:00,12,4,3528,4104,6404,9220,7251,12847,9635,18569,16408,21095,28328,29320,31519,40470,10740,19021,638,705,1535,2331,2066,3697,3025,5758,5649,6433,6920,5892,19807,25750,9631,17093,150137,109703,29480,7160,88825,48,9,24,15
2021-04-14T23:59:59+02:00,11,4,3474,4054,6168,8979,6918,12464,9012,18014,15285,20061,26917,27810,30888,39591,10632,18826,604,679,1489,2293,1990,3619,2882,5635,5339,6197,6376,5380,18793,24463,9546,16920,143322,105443,29280,6701,86474,42,9,23,15
2021-04-13T23:59:59+02:00,11,4,3442,4022,6076,8901,6769,12334,8707,17767,14481,19367,23557,24244,29953,38407,10528,18654,599,670,1476,2271,1961,3585,2786,5564,5122,6013,6013,5040,18494,24119,9507,16854,131658,103345,29269,6670,86265,41,9,23,14
2021-04-12T23:59:59+02:00,11,4,3420,4001,6026,8842,6681,12250,8488,17572,13864,18837,22554,23090,29528,37849,10459,18532,589,662,1466,2263,1938,3564,2730,5513,4974,5908,5693,4759,18199,23814,9469,16794,126571,101752,29250,6524,86155,41,9,23,14
2021-04-11T23:59:59+02:00,11,4,3414,3995,6008,8818,6653,12233,8448,17549,13775,18776,22423,22941,29477,37784,10450,18507,586,657,1453,2253,1925,3556,2713,5496,4936,5871,5633,4700,18026,23580,9448,16765,126029,101087,29183,6452,86022,41,9,23,14
2021-04-10T23:59:59+02:00,11,4,3406,3994,5985,8817,6631,12232,8425,17548,13749,18774,22418,22938,29473,37783,10450,18507,585,655,1447,2246,1920,3553,2707,5488,4920,5860,5621,4683,17863,23327,9434,16741,126006,100574,29091,6418,86017,41,8,23,14
2021-04-09T23:59:59+02:00,10,4,3368,3982,5937,8805,6571,12214,8386,17521,13697,18728,20461,20526,28992,37167,10420,18457,572,642,1421,2224,1893,3529,2665,5452,4849,5798,5504,4579,17284,22593,9396,16670,125313,98803,23971,6219,85935,33,7,20,14
2021-04-08T23:59:59+02:00,10,4,3344,3963,5867,8773,6495,12175,8295,17455,13552,18609,17863,17456,28467,36500,10380,18407,530,612,1332,2142,1799,3432,2485,5265,4352,5434,4697,3969,15502,20360,9209,16368,124442,91802,18095,5648,85052,23,6,20,14
2021-04-07T23:59:59+02:00,8,4,3265,3935,5656,8723,6288,12115,8086,17380,13290,18513,15192,14382,27789,35700,10350,18354,507,584,1278,2087,1704,3352,2332,5124,3939,5101,3979,3403,14647,19494,9097,16187,124233,87480,16560,5301,78212,20,5,20,14
2021-04-06T23:59:59+02:00,7,4,3235,3925,5610,8705,6218,12092,7999,17343,13216,18442,13201,12016,27156,34984,10337,18324,476,561,1208,2032,1619,3270,2170,5004,3566,4823,3451,2992,13806,18492,9022,16071,124104,83835,16358,4700,72327,16,5,20,12
2021-04-05T23:59:59+02:00,7,4,3233,3922,5574,8691,6181,12080,7954,17327,13144,18406,13155,11969,27145,34968,10336,18321,444,531,1156,1995,1567,3229,2102,4950,3478,4747,3394,2940,13663,18321,9013,16053,124080,83343,16149,4213,72164,16,4,20,12
2021-04-04T23:59:59+02:00,7,4,3232,3920,5574,8689,6179,12079,7953,17324,13144,18406,13152,11969,27144,34968,10336,18321,443,530,1155,1995,1567,3229,2101,4950,3478,4747,3394,2940,13662,18321,9013,16053,124069,83338,16149,4213,72159,16,4,20,12
2021-04-03T23:59:59+02:00,7,4,3231,3920,5574,8688,6179,12079,7953,17324,13144,18406,13152,11968,27143,34965,10336,18321,443,528,1155,1995,1566,3229,2101,4949,3472,4744,3387,2929,13575,18185,9004,16037,124064,83059,16149,4213,72157,16,4,20,12
2021-04-02T23:59:59+02:00,7,4,3231,3917,5571,8683,6175,12070,7944,17312,13118,18375,13105,11916,27115,34946,10333,18317,440,521,1153,1991,1554,3220,2091,4927,3442,4711,3356,2900,12645,16940,8939,15929,123896,80602,16146,4132,72073,16,4,20,10
2021-04-01T23:59:59+02:00,7,4,3216,3903,5532,8663,6108,12038,7873,17276,13003,18302,12990,11788,27057,34870,10324,18302,393,477,1056,1924,1454,3132,1941,4814,3240,4578,3124,2700,10613,14346,8829,15754,123581,75008,16019,3343,71634,16,3,19,10
2021-03-31T23:59:59+02:00,7,4,3215,3890,5515,8629,6075,12001,7830,17231,12922,18233,12874,11663,27005,34807,10316,18293,355,454,1020,1882,1381,3092,1837,4711,2983,4381,2711,2384,8038,11115,8653,15514,123266,67486,15979,3003,71244,15,3,18,8
2021-03-30T23:59:59+02:00,7,4,3207,3879,5490,8601,6043,11970,7791,17191,12845,18167,12787,11523,26968,34759,10311,18283,334,435,997,1850,1321,3056,1713,4630,2734,4208,2342,2135,7152,10025,8587,15385,123133,64160,15947,2724,70726,14,2,18,8
2021-03-29T23:59:59+02:00,7,4,3195,3875,5461,8582,6007,11936,7747,17158,12771,18089,12142,10765,25099,32260,10162,18027,328,432,990,1835,1300,3031,1678,4589,2588,4122,2056,1985,6502,9315,8543,15307,117130,61862,15777,2721,70360,12,2,18,8
2021-03-28T23:59:59+02:00,7,4,3165,3859,5413,8543,5957,11893,7666,17103,12661,18019,11878,10462,23112,29791,10107,17928,327,430,988,1834,1292,3027,1674,4587,2576,4114,2031,1965,6479,9300,8541,15302,117071,61732,10586,2719,69891,12,2,18,6
2021-03-27T23:59:59+01:00,7,4,3153,3855,5374,8532,5920,11878,7619,17088,12615,17972,11844,10419,23108,29782,10107,17928,327,430,988,1834,1292,3027,1673,4585,2574,4112,2029,1963,6430,9225,8508,15253,117001,61515,10585,2719,69599,12,2,18,6
2021-03-26T23:59:59+01:00,7,4,3017,3530,4923,7370,5424,10556,7004,15029,11804,15684,11624,10238,22625,29055,10062,17857,326,426,984,1831,1286,3022,1670,4583,2569,4105,2021,1957,6300,9037,8365,15068,115455,60837,10331,2707,60007,2,2,18,6
2021-03-25T23:59:59+01:00,7,3,2891,3262,4763,6597,5198,9404,6678,13302,11075,13875,10764,9432,21908,28212,9989,17702,321,416,978,1821,1271,3003,1650,4547,2532,4056,1954,1898,6009,8609,8092,14621,112542,59071,9643,2702,52857,1,2,18,6
2021-03-24T23:59:59+01:00,7,3,2843,3218,4687,6536,5064,9298,6472,13131,10563,13468,9930,8610,20896,26953,9892,17521,319,411,970,1815,1254,2992,1635,4523,2485,3999,1884,1822,5646,8137,7680,13955,108529,56836,9294,2688,51252,1,0,17,6
2021-03-23T23:59:59+01:00,7,3,2814,3185,4619,6470,4952,9204,6261,12969,10104,13046,9215,7943,20385,26349,9840,17416,307,398,952,1805,1239,2971,1607,4501,2431,3950,1804,1757,5368,7757,7291,13340,106151,54788,8962,2687,49654,1,0,15,6
2021-03-22T23:59:59+01:00,7,3,2796,3146,4559,6432,4876,9136,6122,12831,9743,12770,8608,7374,19966,25911,9780,17322,305,394,940,1799,1224,2956,1594,4487,2404,3924,1778,1736,5231,7583,6849,12525,104671,53043,8702,2682,47994,1,0,15,5
2021-03-21T23:59:59+01:00,7,3,2789,3131,4514,6410,4824,9098,6030,12763,9555,12582,8301,7114,19795,25744,9768,17297,305,394,939,1799,1222,2956,1593,4486,2401,3924,1770,1730,5222,7578,6819,12468,104470,52938,8467,2664,46773,1,0,15,5
2021-03-20T23:59:59+01:00,7,3,2789,3126,4506,6405,4817,9095,6026,12755,9535,12568,8268,7083,19621,25467,9752,17271,305,394,939,1798,1221,2956,1592,4485,2397,3916,1758,1717,5209,7529,6643,12232,103913,52447,8455,2640,46711,1,0,15,5
2021-03-19T23:59:59+01:00,7,3,2754,3102,4432,6361,4708,9045,5886,12697,9269,12379,7960,6858,19136,24874,9720,17212,305,394,938,1797,1221,2953,1589,4484,2391,3911,1742,1708,5173,7486,6240,11616,102606,51324,8211,2620,45571,1,0,15,5
2021-03-18T23:59:59+01:00,7,3,2688,3028,4269,6225,4459,8839,5526,12385,8360,11706,6691,5840,17884,23512,9571,16987,302,389,933,1787,1207,2940,1550,4468,2323,3864,1664,1666,5100,7379,5510,10507,97703,49009,7668,2578,42594,0,0,15,4
2021-03-17T23:59:59+01:00,7,3,2650,2989,4189,6127,4321,8731,5271,12107,7678,11134,5700,4942,16535,21977,9405,16733,298,387,929,1777,1203,2932,1533,4446,2256,3838,1598,1621,5055,7315,4938,9628,92275,47229,7164,2523,41045,0,0,15,4
2021-03-16T23:59:59+01:00,7,3,2630,2960,4126,6060,4228,8634,5095,11950,7225,10743,4932,4322,15682,20996,9302,16564,294,385,926,1772,1200,2925,1525,4436,2234,3819,1568,1604,5018,7272,4435,8823,88627,45790,7128,2444,39690,0,0,14,4
2021-03-15T23:59:59+01:00,7,3,2627,2949,4110,6042,4197,8608,5045,11903,7107,10629,4786,4161,15363,20584,9273,16505,292,381,925,1766,1193,2918,1511,4427,2212,3795,1527,1587,4958,7198,3858,7961,87858,44203,7031,2304,38996,0,0,14,4
2021-03-14T23:59:59+01:00,7,2,2622,2940,4089,6022,4167,8589,5003,11870,7011,10540,4681,4047,15232,20414,9257,16469,290,380,925,1764,1187,2911,1506,4416,2201,3788,1517,1579,4950,7190,3853,7948,87552,44142,7013,2261,38384,0,0,13,4
2021-03-13T23:59:59+01:00,7,2,2618,2932,4084,6010,4159,8583,4995,11861,6991,10524,4658,4021,14915,19976,9237,16433,290,380,925,1764,1187,2911,1506,4416,2201,3788,1517,1579,4950,7189,3853,7948,86665,44141,6989,2261,38339,0,0,13,4
2021-03-12T23:59:59+01:00,7,2,2555,2856,3973,5840,4040,8361,4856,11557,6813,10254,4504,3883,13988,18719,9176,16331,290,379,923,1761,1187,2908,1504,4411,2200,3781,1509,1577,4942,7170,3851,7933,84195,44064,6927,2260,36582,0,0,11,4
2021-03-11T23:59:59+01:00,6,2,2430,2630,3747,5510,3784,7923,4530,10792,6185,9438,3983,3378,12383,16721,9078,16184,290,378,919,1757,1184,2894,1495,4399,2188,3754,1465,1548,4901,7135,3839,7906,79863,43913,6765,2137,32066,0,0,10,4
2021-03-10T23:59:59+01:00,6,2,2307,2496,3595,5275,3589,7599,4260,10303,5627,8867,3410,2932,10114,14001,8932,15957,287,374,915,1748,1177,2883,1491,4383,2166,3738,1436,1540,4871,7120,3830,7898,73557,43847,6594,2008,29112,0,0,9,4
2021-03-09T23:59:59+01:00,6,2,2280,2443,3529,5189,3475,7510,4089,10106,5234,8514,2927,2574,8600,11981,8830,15806,286,373,915,1742,1170,2874,1487,4375,2157,3726,1422,1535,4863,7114,3827,7895,68680,43802,6444,1957,27962,0,0,9,4
2021-03-08T23:59:59+01:00,6,2,2256,2370,3471,5122,3400,7425,3965,9992,4939,8321,2477,2311,6674,9577,8710,15630,286,370,914,1732,1164,2858,1481,4364,2153,3719,1411,1528,4847,7094,3820,7886,62982,43694,6109,1931,27548,0,0,9,4
2021-03-07T23:59:59+01:00,6,2,2193,2314,3374,5014,3304,7335,3868,9905,4804,8226,2426,2260,6652,9556,8710,15622,286,369,913,1732,1164,2857,1479,4364,2153,3719,1411,1528,4846,7094,3820,7886,62854,43692,5428,1929,27280,0,0,9,2
2021-03-06T23:59:59+01:00,6,2,2185,2301,3362,5005,3300,7330,3859,9896,4793,8223,2424,2258,6606,9486,8678,15573,286,369,912,1728,1163,2856,1479,4361,2149,3714,1410,1523,4840,7089,3818,7877,62645,43645,5368,1929,27265,0,0,9,2
2021-03-05T23:59:59+01:00,6,2,2054,2216,3138,4815,3060,7018,3582,9500,4463,7886,2337,2197,6398,9168,8486,15312,286,367,910,1725,1163,2855,1478,4355,2146,3708,1404,1521,4834,7082,3817,7871,61665,43593,4529,1929,25435,0,0,9,2
2021-03-04T23:59:59+01:00,6,2,1800,1995,2728,4379,2601,6375,3014,8596,3774,7068,2122,2037,6107,8802,8210,14858,283,366,909,1717,1161,2838,1477,4339,2137,3696,1393,1519,4821,7068,3810,7860,60016,43468,3256,1926,21193,0,0,9,2
2021-03-03T23:59:59+01:00,6,2,1728,1905,2619,4193,2467,6146,2871,8308,3582,6798,2033,1958,5768,8327,7856,14278,282,362,909,1707,1159,2815,1473,4315,2132,3681,1368,1508,4816,7062,3805,7853,57985,43322,3113,1926,19738,0,0,9,1
2021-03-02T23:59:59+01:00,6,2,1692,1823,2551,4074,2385,5995,2765,8125,3463,6643,1954,1890,5459,7888,7456,13610,280,357,906,1688,1156,2794,1470,4296,2131,3670,1343,1502,4806,7046,3799,7846,55886,43165,2862,1926,19024,0,0,9,1
2021-03-01T23:59:59+01:00,2,2,1682,1795,2512,3965,2334,5877,2727,8022,3408,6564,1908,1869,5320,7723,6985,12745,279,355,902,1682,1154,2782,1468,4283,2129,3655,1338,1497,4803,7044,3798,7840,54007,43084,2850,1926,18574,0,0,9,1
2021-02-28T23:59:59+01:00,2,2,1665,1757,2477,3894,2304,5822,2684,7942,3381,6516,1902,1865,5312,7718,6950,12686,279,355,901,1682,1154,2782,1468,4282,2129,3654,1338,1497,4803,7043,3798,7840,53885,43081,2848,1925,18137,0,0,9,1
2021-02-27T23:59:59+01:00,2,2,1663,1751,2473,3886,2300,5822,2683,7941,3378,6513,1896,1855,5303,7674,6780,12467,279,355,891,1677,1144,2775,1458,4273,2112,3645,1337,1494,4803,7042,3798,7840,53422,43077,2848,1847,18110,0,0,9,1
2021-02-26T23:59:59+01:00,2,1,1473,1592,2347,3640,2221,5415,2589,7435,3291,6055,1881,1830,5278,7641,6521,12078,278,353,884,1670,1136,2755,1452,4251,2102,3631,1330,1485,4795,7030,3794,7828,52679,42998,2827,1778,15775,0,0,9,0
2021-02-25T23:59:59+01:00,2,1,1256,1313,2126,3203,2047,4657,2390,6486,3047,5150,1792,1759,5227,7562,5952,11238,276,345,877,1610,1102,2660,1419,4140,2045,3556,1291,1464,4754,6989,3775,7776,50806,42532,2813,1549,11581,0,0,8,0
2021-02-24T23:59:59+01:00,2,1,1203,1102,2017,2931,1942,4318,2257,6078,2875,4876,1716,1704,5168,7470,5197,10060,274,339,839,1563,1052,2569,1358,4024,1956,3427,1251,1437,4739,6963,3765,7759,48465,42275,2801,1042,9643,0,0,8,0
2021-02-23T23:59:59+01:00,2,1,1188,1052,1983,2867,1916,4220,2231,5993,2841,4815,1708,1689,5133,7421,4566,9038,274,338,812,1535,1004,2517,1305,3946,1850,3352,1199,1412,4716,6938,3754,7725,46693,42077,2774,602,9189,0,0,8,0
2021-02-22T23:59:59+01:00,2,1,1180,1010,1932,2724,1871,4074,2176,5797,2787,4708,1696,1678,5098,7371,3962,8152,272,327,769,1496,950,2434,1217,3838,1708,3255,1110,1355,4675,6869,3728,7622,45080,41618,2754,9,8378,0,0,7,0
2021-02-21T23:59:59+01:00,2,1,1178,996,1901,2662,1845,3977,2149,5693,2767,4645,1688,1672,5095,7362,3962,8148,270,325,764,1490,942,2402,1215,3802,1695,3215,1101,1340,4659,6844,3706,7581,45027,41344,2743,9,7966,0,0,7,0
2021-02-20T23:59:59+01:00,2,1,1178,996,1901,2661,1844,3977,2149,5693,2765,4640,1679,1663,5091,7356,3960,8145,270,325,764,1489,941,2398,1214,3798,1694,3213,1101,1340,4606,6783,3658,7521,45012,41109,2718,8,7964,0,0,7,0
2021-02-19T23:59:59+01:00,2,1,1178,993,1898,2656,1843,3968,2148,5684,2762,4637,1659,1655,5077,7339,3957,8139,269,324,760,1479,932,2374,1207,3755,1667,3160,1074,1302,4414,6530,3481,7229,44930,39951,2699,8,7960,0,0,7,0
2021-02-18T23:59:59+01:00,2,1,1146,910,1859,2537,1804,3829,2095,5477,2700,4462,1643,1639,5061,7305,3952,8113,241,295,715,1354,883,2168,1120,3413,1550,2863,965,1115,3930,5757,3087,6376,44775,35826,2666,8,7087,0,0,7,0
2021-02-17T23:59:59+01:00,2,1,1097,779,1778,2304,1727,3530,1986,5117,2625,4213,1618,1630,5041,7291,3944,8110,236,292,705,1336,874,2146,1108,3378,1531,2842,959,1112,3548,5232,2795,5952,44734,34040,2610,8,5442,0,0,7,0
2021-02-16T23:59:59+01:00,2,1,1056,742,1720,2201,1656,3358,1915,4909,2547,4106,1583,1616,5012,7270,3935,8098,230,286,691,1302,853,2092,1077,3261,1492,2756,935,1089,3195,4685,2455,5462,44681,31858,2445,5,4594,0,0,7,0
2021-02-15T23:59:59+01:00,2,1,1049,723,1700,2124,1636,3258,1896,4799,2532,4027,1555,1602,4983,7253,3903,8042,218,276,676,1267,834,2042,1057,3195,1449,2691,904,1058,2775,4134,2129,4900,44552,29603,2359,4,4167,0,0,7,0
2021-02-14T23:59:59+01:00,2,1,953,689,1621,2090,1574,3239,1851,4777,2495,4014,1548,1598,4973,7241,3900,8037,211,264,667,1249,815,2002,1041,3129,1419,2623,874,1013,2686,3994,2057,4717,44510,28760,2321,3,3768,0,0,4,0
2021-02-13T23:59:59+01:00,2,1,900,665,1591,2067,1559,3230,1835,4770,2487,4013,1547,1597,4973,7241,3899,8036,209,263,665,1249,815,1998,1041,3127,1418,2621,873,1013,2583,3865,1992,4616,44504,28347,2321,3,3584,0,0,4,0
2021-02-12T23:59:59+01:00,2,1,564,517,1241,1950,1387,3126,1695,4687,2377,3943,1527,1588,4964,7229,3892,8030,197,257,651,1223,801,1954,1015,3042,1362,2521,811,939,2358,3554,1849,4314,44386,26848,2321,2,2009,0,0,4,0
2021-02-11T23:59:59+01:00,2,1,397,440,1051,1837,1284,3007,1596,4573,2288,3853,1418,1543,4901,7179,3871,7982,156,193,551,979,666,1507,814,2370,1080,1928,571,690,1755,2678,1365,3113,44029,20417,2120,1,1070,0,0,4,0
2021-02-10T23:59:59+01:00,2,1,284,368,925,1732,1184,2881,1501,4388,2175,3729,1380,1531,4882,7168,3866,7980,134,131,380,618,492,1018,644,1758,912,1594,550,674,1345,2115,1050,2616,43954,16033,2015,0,5,0,0,3,0
2021-02-09T23:59:59+01:00,2,1,284,367,924,1726,1181,2872,1501,4382,2174,3724,1373,1528,4880,7166,3865,7978,131,129,371,588,473,991,623,1727,887,1563,548,671,964,1648,772,2212,43929,14300,1992,0,4,0,0,3,0
2021-02-08T23:59:59+01:00,2,1,284,365,923,1724,1178,2862,1494,4376,2172,3720,1368,1524,4878,7166,3864,7975,126,123,360,577,465,974,612,1695,869,1537,540,666,570,1160,467,1785,43900,12528,1969,0,4,0,0,3,0
2021-02-07T23:59:59+01:00,2,1,284,365,921,1724,1177,2862,1492,4374,2172,3720,1368,1524,4878,7165,3863,7975,122,120,356,571,464,967,609,1683,859,1521,532,662,569,1150,462,1770,43896,12419,1968,0,0,0,0,3,0
2021-02-06T23:59:59+01:00,2,1,284,365,921,1724,1177,2862,1492,4374,2172,3720,1368,1524,4878,7165,3863,7975,119,117,354,567,463,966,609,1681,859,1520,531,661,569,1150,462,1770,43896,12400,1968,0,0,0,0,3,0
2021-02-05T23:59:59+01:00,2,1,284,364,920,1724,1177,2861,1490,4373,2171,3720,1368,1524,4877,7163,3863,7972,118,109,351,563,455,953,605,1671,845,1497,526,651,563,1134,452,1748,43883,12243,1968,0,0,0,0,3,0
2021-02-04T23:59:59+01:00,2,1,280,359,913,1686,1170,2815,1489,4320,2158,3676,1359,1517,4849,7132,3852,7942,89,72,233,390,331,694,476,1281,634,1125,395,518,473,926,395,1506,43551,9539,1967,0,0,0,0,2,0
2021-02-03T23:59:59+01:00,2,1,278,350,908,1661,1166,2780,1478,4270,2149,3640,1351,1501,4826,7103,3840,7916,55,34,81,166,152,346,232,603,306,551,212,279,275,581,230,954,43251,5058,1967,0,0,0,0,2,0
2021-02-02T23:59:59+01:00,2,1,277,348,907,1649,1162,2761,1475,4238,2142,3614,1343,1495,4819,7089,3832,7894,16,10,25,49,60,100,73,165,97,122,45,75,66,127,51,193,43079,1275,1967,0,0,0,0,2,0
2021-02-01T23:59:59+01:00,2,1,277,343,907,1647,1161,2760,1474,4234,2141,3608,1342,1494,4817,7088,3832,7894,14,9,21,43,51,91,60,137,74,103,39,66,56,117,50,180,43053,1112,1967,0,0,0,0,2,0
2021-01-31T23:59:59+01:00,2,1,277,342,907,1643,1160,2755,1474,4229,2141,3605,1341,1494,4816,7087,3832,7894,13,8,20,38,44,83,54,126,64,97,34,55,47,108,47,174,43033,1013,1965,0,0,0,0,2,0
2021-01-30T23:59:59+01:00,2,1,277,342,902,1640,1152,2747,1466,4223,2137,3602,1341,1494,4763,7027,3785,7834,13,8,20,37,44,83,53,125,64,97,34,55,47,108,47,174,42802,1010,1931,0,0,0,0,2,0
2021-01-29T23:59:59+01:00,2,1,276,341,887,1631,1140,2724,1454,4189,2114,3574,1332,1488,4599,6824,3621,7629,11,8,20,37,41,83,52,123,61,96,32,50,46,108,47,174,42006,990,1818,0,0,0,0,2,0
2021-01-28T23:59:59+01:00,2,1,272,328,868,1544,1100,2614,1417,4088,2044,3499,1305,1475,4264,6351,3357,7275,7,4,9,17,22,42,21,56,36,63,20,32,31,70,37,117,40230,585,1572,0,0,0,0,2,0
2021-01-27T23:59:59+01:00,2,1,266,325,826,1489,1053,2520,1353,3990,1970,3391,1265,1448,3851,5780,3037,6810,3,4,9,8,12,21,8,22,14,29,11,14,15,39,15,56,38259,281,1116,0,0,0,0,2,0
2021-01-26T23:59:59+01:00,2,1,260,316,792,1442,988,2435,1292,3863,1853,3283,1206,1397,3503,5223,2688,6299,1,1,5,3,5,7,4,2,3,8,6,5,3,7,3,8,36175,72,667,0,0,0,0,1,0
2021-01-25T23:59:59+01:00,2,1,250,307,740,1381,927,2316,1191,3718,1691,3163,1127,1367,3109,4711,2378,5832,1,1,5,2,3,7,2,2,3,8,6,5,3,7,3,8,34149,67,62,0,0,0,0,0,0
2021-01-24T23:59:59+01:00,2,1,247,307,734,1376,916,2300,1186,3702,1663,3133,1121,1365,3083,4675,2361,5810,1,1,3,2,3,7,2,2,3,8,6,5,3,7,3,8,33974,65,8,0,0,0,0,0,0
2021-01-23T23:59:59+01:00,2,1,246,306,733,1376,916,2296,1185,3700,1660,3131,1120,1365,2978,4547,2295,5708,1,1,3,2,2,7,2,2,3,8,6,5,3,7,3,8,33558,64,7,0,0,0,0,0,0
2021-01-22T23:59:59+01:00,2,1,245,303,731,1360,914,2283,1179,3684,1656,3127,1118,1364,2818,4352,2192,5566,1,1,3,2,2,7,2,2,3,8,6,5,3,7,3,8,32888,64,7,0,0,0,0,0,0
2021-01-21T23:59:59+01:00,2,1,241,274,668,1204,845,2070,1098,3396,1558,2919,1074,1322,2470,3883,1897,5120,1,0,3,1,2,7,2,2,3,8,6,4,3,7,3,8,30035,61,7,0,0,0,0,0,0
2021-01-20T23:59:59+01:00,2,1,215,210,507,852,669,1579,896,2691,1319,2450,974,1187,1937,3132,1482,4354,1,0,3,1,2,7,2,2,3,6,5,4,3,7,3,8,24450,58,7,0,0,0,0,0,0
2021-01-19T23:59:59+01:00,2,1,187,191,460,745,614,1423,808,2390,1141,2142,806,930,1294,2202,1024,3288,0,0,2,1,0,0,0,0,2,1,1,0,0,0,0,0,19644,7,4,0,0,0,0,0,0
2021-01-18T23:59:59+01:00,1,1,139,136,382,620,490,1068,653,1843,949,1650,599,719,643,1278,516,1975,0,0,1,0,0,0,0,0,1,0,0,0,0,0,0,0,13659,2,3,0,0,0,0,0,0
2021-01-17T23:59:59+01:00,1,1,128,122,368,583,475,1002,624,1726,890,1551,550,678,595,1180,474,1832,0,0,0,0,0,0,0,0,0,0,0,0,0,0,0,0,12780,0,0,0,0,0,0,0,0
2021-01-16T23:59:59+01:00,1,1,121,118,365,579,473,991,618,1713,884,1544,549,677,594,1175,470,1820,0,0,0,0,0,0,0,0,0,0,0,0,0,0,0,0,12693,0,0,0,0,0,0,0,0
2021-01-15T23:59:59+01:00,1,1,119,111,362,574,465,975,614,1702,869,1520,543,665,587,1159,462,1798,0,0,0,0,0,0,0,0,0,0,0,0,0,0,0,0,12527,0,0,0,0,0,0,0,0
2021-01-14T23:59:59+01:00,1,1,98,89,277,465,394,792,511,1431,710,1227,424,535,507,964,406,1613,0,0,0,0,0,0,0,0,0,0,0,0,0,0,0,0,10445,0,0,0,0,0,0,0,0
2021-01-13T23:59:59+01:00,1,1,68,49,165,283,257,526,358,936,488,793,262,330,316,638,261,1034,0,0,0,0,0,0,0,0,0,0,0,0,0,0,0,0,6766,0,0,0,0,0,0,0,0
2021-01-12T23:59:59+01:00,1,1,32,21,49,101,114,218,154,389,206,336,137,180,166,354,149,569,0,0,0,0,0,0,0,0,0,0,0,0,0,0,0,0,3177,0,0,0,0,0,0,0,0
2021-01-11T23:59:59+01:00,1,0,19,11,33,64,61,114,77,169,95,127,41,66,60,122,50,181,0,0,0,0,0,0,0,0,0,0,0,0,0,0,0,0,1291,0,0,0,0,0,0,0,0
2021-01-10T23:59:59+01:00,1,0,15,7,27,53,54,102,67,154,76,111,34,56,50,112,46,172,0,0,0,0,0,0,0,0,0,0,0,0,0,0,0,0,1137,0,0,0,0,0,0,0,0
2021-01-09T23:59:59+01:00,1,0,14,7,26,51,53,101,64,153,76,109,34,56,50,112,46,172,0,0,0,0,0,0,0,0,0,0,0,0,0,0,0,0,1125,0,0,0,0,0,0,0,0
2021-01-08T23:59:59+01:00,1,0,11,7,24,48,48,96,60,140,70,105,31,50,49,112,46,172,0,0,0,0,0,0,0,0,0,0,0,0,0,0,0,0,1070,0,0,0,0,0,0,0,0
2021-01-07T23:59:59+01:00,1,0,7,4,9,18,22,44,23,56,38,65,19,33,36,75,36,116,0,0,0,0,0,0,0,0,0,0,0,0,0,0,0,0,602,0,0,0,0,0,0,0,0
2021-01-06T23:59:59+01:00,1,0,7,4,9,15,15,32,15,39,25,53,15,25,30,67,34,101,0,0,0,0,0,0,0,0,0,0,0,0,0,0,0,0,487,0,0,0,0,0,0,0,0
2021-01-05T23:59:59+01:00,1,0,7,4,9,15,15,32,15,39,25,53,15,25,29,67,34,101,0,0,0,0,0,0,0,0,0,0,0,0,0,0,0,0,486,0,0,0,0,0,0,0,0
2021-01-04T23:59:59+01:00,1,0,2,4,8,5,4,15,4,7,6,16,6,5,6,16,4,13,0,0,0,0,0,0,0,0,0,0,0,0,0,0,0,0,122,0,0,0,0,0,0,0,0
2021-01-03T23:59:59+01:00,1,0,1,1,3,2,2,7,3,3,3,9,4,4,3,8,3,8,0,0,0,0,0,0,0,0,0,0,0,0,0,0,0,0,65,0,0,0,0,0,0,0,0
2021-01-02T23:59:59+01:00,1,0,1,1,3,2,2,7,3,3,3,9,4,4,3,8,3,8,0,0,0,0,0,0,0,0,0,0,0,0,0,0,0,0,65,0,0,0,0,0,0,0,0
2021-01-01T23:59:59+01:00,1,0,1,1,3,2,2,7,2,3,3,9,4,4,3,8,3,8,0,0,0,0,0,0,0,0,0,0,0,0,0,0,0,0,64,0,0,0,0,0,0,0,0
2020-12-31T23:59:59+01:00,1,0,1,1,3,1,2,7,2,2,3,8,4,4,3,8,3,8,0,0,0,0,0,0,0,0,0,0,0,0,0,0,0,0,61,0,0,0,0,0,0,0,0
2020-12-30T23:59:59+01:00,1,0,1,1,3,1,2,7,2,2,3,6,4,4,3,8,3,8,0,0,0,0,0,0,0,0,0,0,0,0,0,0,0,0,59,0,0,0,0,0,0,0,0
2020-12-29T23:59:59+01:00,1,0,1,1,2,1,2,6,2,2,3,6,2,2,2,8,2,7,0,0,0,0,0,0,0,0,0,0,0,0,0,0,0,0,50,0,0,0,0,0,0,0,0
2020-12-28T23:59:59+01:00,1,0,0,0,2,1,0,2,1,0,1,3,0,1,0,1,1,4,0,0,0,0,0,0,0,0,0,0,0,0,0,0,0,0,18,0,0,0,0,0,0,0,0
2020-12-27T23:59:59+01:00,0,0,0,0,0,0,0,1,1,0,1,2,0,1,0,1,1,4,0,0,0,0,0,0,0,0,0,0,0,0,0,0,0,0,12,0,0,0,0,0,0,0,0
