Datum,<15_1_m,<15_1_w,15-24_1_m,15-24_1_w,25-34_1_m,25-34_1_w,35-44_1_m,35-44_1_w,45-54_1_m,45-54_1_w,55-64_1_m,55-64_1_w,65-74_1_m,65-74_1_w,75-84_1_m,75-84_1_w,>84_1_m,>84_1_w,<15_2_m,<15_2_w,15-24_2_m,15-24_2_w,25-34_2_m,25-34_2_w,35-44_2_m,35-44_2_w,45-54_2_m,45-54_2_w,55-64_2_m,55-64_2_w,65-74_2_m,65-74_2_w,75-84_2_m,75-84_2_w,>84_2_m,>84_2_w,bp_1,bp_2,mo_1,mo_2,az_1,az_2,ja,unb_1,unb_2
2021-11-23T23:59:59+01:00,8826,8525,54475,50839,68756,59752,70233,65538,80238,77748,92219,89673,61889,66372,40233,51831,12723,23021,5919,5761,44455,42339,58723,50471,62095,57862,72820,70548,86532,84248,59717,63754,38984,50078,12249,22002,746128,661857,80978,76732,109803,103925,45975,55,68
2021-11-22T23:59:59+01:00,8718,8427,54323,50700,68601,59575,70087,65402,80135,77616,92120,89576,61834,66291,40201,51775,12717,22999,5891,5727,44332,42232,58568,50349,61950,57755,72707,70443,86423,84164,59684,63702,38964,50049,12241,21982,744385,660496,80945,76717,109803,103925,45957,55,68
2021-11-21T23:59:59+01:00,8638,8337,54176,50606,68442,59403,69969,65291,80041,77515,92050,89487,61799,66228,40176,51747,12716,22986,5880,5715,44291,42197,58494,50305,61885,57709,72656,70389,86366,84116,59662,63669,38946,50026,12237,21979,742930,659879,80924,76707,109803,103925,45943,55,68
2021-11-20T23:59:59+01:00,8587,8287,54094,50558,68354,59301,69878,65219,79990,77451,92015,89449,61792,66209,40172,51741,12716,22983,5876,5701,44273,42178,58464,50288,61866,57688,72629,70369,86356,84101,59660,63662,38945,50023,12237,21979,742194,659672,80852,76690,109803,103925,45940,55,68
2021-11-19T23:59:59+01:00,8469,8178,53909,50372,68191,59138,69742,65071,79877,77343,91928,89363,61758,66175,40163,51725,12711,22976,5862,5688,44180,42118,58362,50217,61788,57631,72533,70293,86295,84061,59640,63642,38939,50015,12236,21978,740594,658911,80761,76655,109803,103922,45922,55,68
2021-11-18T23:59:59+01:00,8151,7864,53507,50035,67840,58707,69454,64753,79648,77105,91754,89169,61675,66084,40132,51669,12709,22944,5753,5585,43881,41890,58082,49988,61574,57430,72338,70084,86125,83920,59570,63574,38903,49970,12225,21963,736775,656349,80719,76625,109803,103921,45892,55,68
2021-11-17T23:59:59+01:00,7929,7650,53165,49709,67530,58369,69161,64514,79430,76917,91601,88991,61605,65998,40099,51634,12704,22918,5686,5510,43657,41671,57766,49759,61358,57227,72140,69898,85971,83779,59519,63497,38886,49922,12220,21942,733594,653974,80660,76588,109802,103921,45857,55,68
2021-11-16T23:59:59+01:00,7788,7514,52712,49372,67158,58024,68889,64241,79185,76695,91432,88802,61533,65910,40062,51583,12694,22887,5665,5489,43524,41579,57611,49651,61252,57123,72021,69797,85873,83684,59470,63427,38851,49883,12217,21931,730331,652714,80540,76548,109802,103921,45797,55,68
2021-11-15T23:59:59+01:00,7685,7419,52404,49103,66781,57697,68621,64007,78978,76504,91281,88639,61461,65819,40045,51534,12688,22871,5645,5475,43437,41515,57496,49568,61175,57046,71953,69733,85816,83621,59431,63389,38835,49849,12211,21919,727502,651856,80483,76531,109802,103920,45739,55,68
2021-11-14T23:59:59+01:00,7624,7367,52145,48931,66490,57437,68421,63832,78831,76360,91164,88530,61413,65775,40029,51507,12685,22864,5641,5467,43360,41468,57418,49500,61121,56979,71887,69684,85767,83572,59394,63355,38825,49831,12206,21914,725481,651218,80447,76519,109802,103920,45664,55,68
2021-11-13T23:59:59+01:00,7505,7268,51715,48517,66071,57047,68105,63547,78558,76166,90998,88417,61386,65735,40013,51486,12682,22859,5622,5459,43313,41416,57365,49452,61080,56945,71839,69628,85719,83537,59381,63340,38814,49819,12203,21910,722171,650679,80434,76518,109801,103919,45658,55,68
2021-11-12T23:59:59+01:00,7344,7107,51095,48065,65517,56594,67680,63175,78244,75855,90799,88247,61349,65658,39982,51447,12678,22845,5598,5433,43171,41327,57257,49359,60979,56858,71743,69536,85636,83473,59346,63305,38806,49804,12195,21903,717883,649633,80392,76515,109800,103918,45595,55,68
2021-11-11T23:59:59+01:00,7143,6888,50270,47443,64855,55950,67157,62710,77805,75469,90544,87996,61276,65565,39951,51399,12668,22825,5524,5363,42986,41140,57078,49155,60818,56682,71609,69384,85505,83358,59294,63248,38772,49762,12185,21886,712310,647802,80307,76478,109799,103914,45487,55,68
2021-11-10T23:59:59+01:00,6942,6752,49481,46796,64033,55254,66525,62172,77325,74993,90236,87703,61188,65449,39916,51340,12661,22806,5489,5311,42780,40963,56859,48942,60640,56515,71455,69205,85378,83213,59230,63187,38731,49714,12178,21869,706230,645905,80196,76434,109796,103913,45339,55,68
2021-11-09T23:59:59+01:00,6832,6625,48822,46233,63364,54711,66062,61761,76914,74601,89963,87440,61112,65358,39886,51299,12656,22791,5462,5290,42630,40861,56728,48823,60538,56404,71359,69087,85287,83120,59179,63125,38708,49675,12170,21859,701452,644759,80022,76410,109788,103912,45156,55,68
2021-11-08T23:59:59+01:00,6730,6518,48177,45767,62732,54207,65593,61339,76517,74268,89724,87209,61035,65296,39859,51261,12651,22776,5438,5269,42524,40739,56601,48725,60453,56319,71269,69006,85224,83047,59134,63080,38696,49653,12164,21838,697108,643860,79781,76370,109788,103911,44970,55,68
2021-11-07T23:59:59+01:00,6687,6470,47904,45549,62445,53957,65360,61163,76312,74098,89610,87106,61000,65255,39851,51244,12649,22770,5426,5247,42464,40688,56526,48667,60394,56268,71214,68954,85189,83013,59113,63063,38685,49642,12162,21832,695049,643360,79739,76365,109787,103911,44843,55,68
2021-11-06T23:59:59+01:00,6674,6452,47870,45511,62386,53912,65326,61139,76287,74072,89592,87094,61000,65255,39851,51244,12649,22769,5423,5247,42460,40681,56512,48658,60388,56262,71210,68950,85183,83010,59113,63063,38685,49642,12162,21832,694713,643301,79734,76364,109787,103911,44837,55,68
2021-11-05T23:59:59+01:00,6608,6382,47613,45279,62091,53653,65081,60941,76091,73898,89473,87013,60992,65237,39850,51237,12649,22763,5399,5223,42395,40631,56439,48581,60333,56197,71146,68898,85151,82979,59103,63051,38678,49636,12160,21829,692647,642807,79728,76361,109781,103911,44682,55,68
2021-11-04T23:59:59+01:00,6455,6244,47058,44805,61538,53163,64620,60559,75746,73594,89274,86874,60960,65179,39829,51217,12642,22755,5327,5136,42215,40428,56266,48387,60179,56047,71025,68770,85041,82894,59066,63012,38663,49590,12155,21822,688592,641255,79676,76340,109781,103910,44450,55,68
2021-11-03T23:59:59+01:00,6371,6154,46606,44424,60947,52760,64228,60221,75419,73334,89062,86717,60929,65134,39818,51195,12637,22740,5286,5077,42034,40274,56038,48207,60049,55910,70903,68649,84957,82816,59029,62976,38643,49561,12150,21806,685034,639825,79621,76317,109781,103908,44247,55,68
2021-11-02T23:59:59+01:00,6319,6099,46339,44212,60580,52524,63937,60052,75213,73199,88943,86636,60912,65104,39807,51174,12632,22731,5262,5053,41926,40192,55942,48123,59958,55847,70831,68580,84905,82766,59005,62947,38628,49544,12143,21782,682932,639054,79593,76311,109781,103908,44093,55,68
2021-11-01T23:59:59+01:00,6263,6043,46120,44028,60327,52355,63701,59881,75042,73086,88856,86580,60900,65088,39797,51168,12630,22728,5236,5026,41859,40124,55849,48043,59859,55799,70758,68532,84854,82733,58997,62931,38621,49528,12138,21768,681389,638538,79582,76309,109775,103907,43833,55,68
2021-10-31T23:59:59+01:00,6258,6043,46116,44025,60322,52351,63697,59878,75041,73083,88854,86578,60900,65088,39797,51168,12630,22728,5234,5024,41859,40122,55849,48042,59858,55798,70756,68532,84854,82733,58997,62931,38621,49527,12138,21767,681355,638526,79581,76309,109775,103907,43832,55,68
2021-10-30T23:59:59+02:00,6258,6043,46116,44024,60320,52347,63697,59878,75039,73082,88853,86578,60900,65088,39797,51168,12630,22728,5234,5024,41859,40122,55848,48037,59857,55797,70756,68532,84854,82733,58997,62931,38620,49525,12138,21767,681345,638518,79581,76307,109775,103907,43831,55,68
2021-10-29T23:59:59+02:00,6232,6013,45989,43906,60105,52194,63505,59764,74900,72968,88760,86542,60894,65084,39790,51162,12630,22724,5214,5011,41801,40067,55768,47969,59773,55750,70697,68483,84824,82716,58991,62925,38618,49522,12137,21765,680261,638208,79565,76302,109775,103907,43547,55,67
2021-10-28T23:59:59+02:00,6160,5946,45722,43674,59774,51993,63243,59572,74679,72828,88638,86458,60864,65065,39782,51151,12629,22720,5186,4962,41685,39963,55615,47864,59656,55670,70603,68403,84753,82666,58973,62904,38602,49505,12131,21752,678281,637333,79531,76290,109775,103906,43297,55,67
2021-10-27T23:59:59+02:00,6089,5879,45487,43477,59501,51783,63068,59408,74526,72704,88544,86383,60848,65045,39780,51139,12625,22715,5146,4916,41504,39807,55458,47712,59554,55551,70507,68320,84700,82591,58949,62879,38581,49480,12126,21742,676553,636125,79512,76277,109774,103906,43148,55,67
2021-10-26T23:59:59+02:00,5985,5785,45184,43217,59151,51554,62846,59217,74336,72552,88447,86296,60831,65013,39774,51127,12619,22709,5070,4837,41305,39593,55277,47534,59429,55435,70425,68208,84618,82520,58919,62841,38560,49451,12123,21729,674391,634666,79497,76267,109773,103906,42968,55,67
2021-10-25T23:59:59+02:00,5979,5779,45156,43200,59112,51532,62823,59206,74311,72539,88432,86281,60830,65011,39772,51127,12619,22709,5066,4837,41293,39590,55257,47527,59414,55433,70417,68199,84613,82512,58919,62838,38559,49451,12123,21729,674216,634621,79496,76267,109773,103903,42919,55,67
2021-10-24T23:59:59+02:00,5951,5754,45062,43134,58992,51443,62731,59138,74223,72486,88386,86251,60822,64999,39769,51120,12617,22706,5056,4826,41236,39543,55187,47472,59365,55392,70383,68168,84588,82490,58906,62825,38553,49445,12122,21728,673537,634288,79489,76257,109773,103903,42770,55,67
2021-10-23T23:59:59+02:00,5951,5754,45062,43134,58992,51442,62731,59137,74223,72486,88386,86251,60822,64999,39769,51120,12617,22706,5056,4826,41236,39543,55186,47472,59365,55392,70383,68168,84588,82490,58906,62825,38553,49445,12122,21728,673535,634287,79489,76257,109773,103903,42770,55,67
2021-10-22T23:59:59+02:00,5927,5722,44968,43066,58885,51354,62620,59058,74148,72421,88336,86223,60822,64995,39767,51118,12615,22706,5038,4807,41167,39489,55130,47419,59304,55347,70352,68133,84550,82478,58899,62820,38548,49438,12121,21728,672881,633942,79478,76255,109773,103901,42603,55,67
2021-10-21T23:59:59+02:00,5866,5680,44818,42941,58720,51217,62463,58939,74027,72329,88248,86170,60803,64981,39756,51100,12611,22699,4990,4769,41043,39356,55018,47304,59203,55222,70264,68061,84490,82431,58877,62786,38531,49420,12116,21719,671657,632928,79460,76242,109773,103901,42462,55,67
2021-10-20T23:59:59+02:00,5829,5628,44680,42810,58544,51063,62338,58842,73925,72254,88200,86124,60794,64963,39738,51083,12606,22683,4940,4697,40892,39197,54852,47144,59081,55080,70174,67963,84417,82367,58840,62749,38513,49398,12113,21707,670513,631569,79437,76221,109771,103901,42366,55,67
2021-10-19T23:59:59+02:00,5801,5589,44553,42702,58410,50960,62266,58770,73881,72186,88159,86094,60772,64946,39720,51069,12599,22671,4876,4640,40689,39013,54684,46979,58978,54937,70089,67867,84351,82306,58800,62706,38497,49377,12111,21685,669630,630108,79428,76210,109771,103898,42302,55,67
2021-10-18T23:59:59+02:00,5780,5576,44495,42639,58349,50904,62232,58729,73851,72151,88136,86081,60754,64931,39717,51060,12597,22666,4861,4626,40633,38964,54630,46917,58945,54886,70053,67825,84316,82277,58782,62691,38490,49360,12108,21675,669195,629637,79426,76200,109771,103896,42239,55,67
2021-10-17T23:59:59+02:00,5768,5557,44459,42618,58316,50875,62201,58706,73833,72131,88114,86065,60747,64927,39711,51051,12595,22657,4843,4603,40593,38935,54608,46881,58921,54858,70035,67807,84296,82258,58772,62682,38488,49356,12107,21670,668911,629343,79419,76194,109771,103896,42213,55,67
2021-10-16T23:59:59+02:00,5766,5555,44459,42618,58316,50873,62201,58706,73833,72131,88114,86065,60747,64927,39711,51051,12595,22657,4843,4602,40592,38933,54608,46879,58921,54858,70035,67806,84296,82258,58772,62682,38488,49356,12107,21670,668905,629338,79419,76192,109771,103896,42213,55,67
2021-10-15T23:59:59+02:00,5751,5535,44401,42567,58259,50825,62155,58677,73796,72092,88083,86040,60734,64924,39706,51046,12592,22654,4821,4581,40536,38882,54565,46846,58881,54816,70001,67776,84268,82240,58767,62677,38479,49353,12106,21666,668505,628977,79417,76192,109769,103896,42129,55,67
2021-10-14T23:59:59+02:00,5705,5504,44324,42478,58184,50732,62085,58607,73733,72029,88022,86004,60721,64906,39694,51028,12585,22640,4774,4522,40430,38745,54501,46768,58800,54722,69927,67698,84230,82200,58733,62655,38472,49336,12103,21657,667770,628120,79408,76175,109769,103894,42017,55,67
2021-10-13T23:59:59+02:00,5664,5441,44221,42362,58075,50631,62006,58519,73677,71961,87973,85962,60703,64879,39686,51017,12582,22631,4686,4452,40246,38509,54351,46537,58674,54551,69841,67570,84143,82123,58703,62617,38453,49295,12098,21643,666848,626417,79395,76153,109769,103894,41961,55,67
2021-10-12T23:59:59+02:00,5625,5411,44093,42238,57956,50511,61921,58435,73591,71897,87911,85917,60679,64848,39680,51000,12578,22618,4634,4386,40004,38280,54139,46340,58524,54400,69747,67458,84063,82051,58669,62573,38433,49265,12090,21630,665851,624691,79390,76151,109768,103894,41883,55,67
2021-10-11T23:59:59+02:00,5607,5397,44047,42185,57904,50451,61882,58392,73551,71864,87879,85893,60663,64835,39674,50986,12572,22606,4616,4371,39957,38233,54084,46290,58478,54354,69717,67421,84040,82017,58648,62549,38421,49238,12082,21608,665375,624173,79383,76146,109768,103893,41845,55,67
2021-10-10T23:59:59+02:00,5593,5384,44021,42156,57869,50426,61849,58364,73531,71844,87864,85881,60655,64830,39673,50982,12571,22603,4607,4361,39925,38209,54045,46256,58444,54332,69693,67404,84026,82005,58643,62542,38415,49232,12080,21606,665134,623926,79378,76141,109768,103892,41799,55,67
2021-10-09T23:59:59+02:00,5592,5383,44020,42151,57869,50426,61847,58364,73531,71844,87864,85881,60655,64830,39673,50982,12571,22603,4606,4361,39923,38207,54044,46256,58442,54332,69693,67404,84026,82005,58642,62542,38415,49232,12080,21606,665126,623921,79378,76141,109768,103890,41797,55,67
2021-10-08T23:59:59+02:00,5565,5362,43969,42105,57814,50369,61797,58329,73483,71816,87840,85869,60647,64821,39667,50973,12569,22599,4594,4339,39887,38165,54015,46222,58406,54289,69658,67383,84009,81992,58638,62530,38412,49228,12079,21604,664718,623641,79377,76138,109768,103890,41714,55,67
2021-10-07T23:59:59+02:00,5500,5284,43820,41968,57688,50241,61706,58243,73405,71741,87786,85830,60634,64797,39657,50963,12566,22591,4503,4245,39695,37938,53873,46028,58279,54126,69553,67274,83954,81930,58609,62486,38391,49212,12072,21596,663657,622066,79361,76124,109768,103890,41617,55,67
2021-10-06T23:59:59+02:00,5474,5243,43678,41853,57573,50153,61626,58150,73337,71673,87727,85785,60619,64772,39644,50938,12563,22574,4441,4191,39531,37759,53739,45874,58177,53990,69462,67164,83889,81856,58574,62446,38376,49186,12071,21578,662724,620699,79343,76120,109767,103889,41529,55,67
2021-10-05T23:59:59+02:00,5434,5206,43548,41710,57459,50017,61508,58071,73266,71608,87674,85726,60600,64752,39633,50920,12560,22556,4394,4143,39399,37610,53621,45746,58079,53866,69361,67085,83829,81796,58549,62414,38357,49161,12065,21574,661676,619534,79337,76111,109767,103888,41449,55,67
2021-10-04T23:59:59+02:00,5405,5193,43470,41639,57388,49941,61461,58029,73214,71562,87640,85701,60581,64733,39628,50912,12556,22544,4375,4124,39324,37558,53553,45684,58042,53818,69325,67032,83800,81769,58523,62394,38347,49151,12063,21571,661119,619054,79332,76088,109767,103884,41360,55,67
2021-10-03T23:59:59+02:00,5395,5177,43439,41602,57333,49903,61425,57992,73183,71535,87616,85677,60570,64723,39618,50904,12553,22535,4367,4114,39293,37526,53522,45665,58016,53788,69305,67012,83779,81751,58512,62380,38342,49150,12062,21568,660780,618830,79330,76087,109767,103884,41284,55,67
2021-10-02T23:59:59+02:00,5395,5177,43438,41601,57330,49902,61425,57991,73183,71535,87616,85677,60570,64723,39618,50904,12553,22535,4367,4114,39293,37526,53522,45665,58016,53788,69305,67012,83779,81751,58512,62380,38342,49150,12062,21568,660775,618830,79328,76087,109767,103884,41284,55,67
2021-10-01T23:59:59+02:00,5382,5156,43363,41535,57262,49836,61363,57956,73132,71497,87578,85646,60555,64712,39613,50896,12553,22535,4350,4102,39238,37472,53474,45635,57976,53750,69270,66986,83755,81728,58505,62379,38339,49148,12062,21567,660294,618536,79327,76086,109767,103883,41164,54,67
2021-09-30T23:59:59+02:00,5309,5076,43185,41344,57100,49666,61241,57811,73037,71387,87506,85598,60531,64673,39595,50876,12549,22527,4231,3973,39004,37202,53312,45444,57835,53579,69168,66866,83678,81655,58488,62342,38323,49122,12056,21564,658980,616878,79314,76085,109767,103880,40932,54,67
2021-09-29T23:59:59+02:00,5273,5039,43040,41194,56954,49532,61145,57710,72952,71299,87447,85549,60506,64650,39580,50859,12546,22518,4146,3914,38815,36978,53169,45294,57742,53452,69075,66757,83612,81570,58444,62316,38311,49105,12053,21554,657947,615512,79292,76080,109767,103879,40769,54,67
2021-09-28T23:59:59+02:00,5231,4995,42831,41036,56807,49393,61040,57603,72870,71210,87386,85480,60476,64627,39566,50838,12539,22497,4087,3861,38620,36791,53026,45157,57642,53339,68992,66671,83536,81499,58416,62285,38295,49085,12051,21547,656749,614270,79284,76079,109766,103876,40608,54,67
2021-09-27T23:59:59+02:00,5199,4973,42738,40957,56712,49309,60953,57523,72807,71156,87337,85440,60453,64600,39544,50816,12531,22465,4073,3845,38534,36732,52943,45106,57568,53284,68954,66628,83493,81464,58393,62263,38285,49070,12048,21536,656094,613876,79277,76048,109766,103870,40358,54,67
2021-09-26T23:59:59+02:00,5186,4947,42692,40923,56681,49274,60935,57499,72783,71135,87323,85418,60445,64593,39540,50811,12530,22464,4063,3838,38512,36715,52908,45076,57544,53267,68932,66605,83474,81450,58386,62255,38280,49066,12048,21536,655847,613698,79271,76043,109766,103870,40277,54,67
2021-09-25T23:59:59+02:00,5186,4946,42688,40921,56681,49273,60935,57498,72782,71133,87323,85418,60445,64593,39540,50811,12530,22464,4063,3838,38509,36712,52907,45076,57544,53266,68932,66603,83474,81450,58385,62254,38280,49066,12048,21536,655841,613690,79269,76043,109766,103870,40273,54,67
2021-09-24T23:59:59+02:00,5167,4935,42601,40839,56615,49207,60869,57442,72720,71073,87284,85378,60433,64584,39535,50807,12529,22462,4058,3830,38450,36661,52858,45031,57493,53224,68886,66547,83440,81425,58374,62248,38277,49063,12047,21534,655490,613529,79265,76040,109766,103870,39940,54,67
2021-09-23T23:59:59+02:00,5094,4834,42329,40568,56386,48997,60699,57241,72565,70936,87152,85286,60380,64543,39517,50770,12524,22434,3980,3743,38212,36481,52666,44866,57342,53087,68754,66437,83341,81339,58336,62210,38264,49040,12042,21520,653898,612376,79252,76029,109765,103868,39320,54,67
2021-09-22T23:59:59+02:00,5055,4779,42175,40384,56208,48815,60551,57085,72455,70800,87060,85206,60345,64494,39497,50733,12521,22419,3939,3693,38073,36334,52506,44729,57213,52961,68675,66338,83250,81256,58302,62175,38247,49019,12039,21510,652594,611335,79238,76025,109764,103866,38966,54,67
2021-09-21T23:59:59+02:00,5019,4724,41974,40137,55981,48590,60385,56935,72361,70679,86971,85124,60306,64450,39480,50693,12512,22405,3892,3658,37909,36186,52352,44588,57089,52863,68604,66258,83174,81192,58273,62150,38223,48997,12033,21497,651016,610292,79237,76025,109764,103865,38689,54,67
2021-09-20T23:59:59+02:00,4993,4702,41866,40053,55849,48494,60282,56851,72283,70614,86913,85069,60281,64430,39467,50673,12506,22386,3884,3645,37826,36112,52236,44512,57006,52803,68542,66207,83123,81149,58250,62133,38213,48970,12030,21492,650307,609844,79224,75973,109764,103852,38397,54,67
2021-09-19T23:59:59+02:00,4988,4698,41821,40025,55774,48446,60232,56810,72242,70601,86886,85055,60274,64421,39466,50665,12506,22384,3874,3642,37794,36088,52191,44494,56972,52792,68506,66191,83100,81130,58242,62127,38210,48966,12030,21490,650047,609706,79222,75971,109761,103851,38244,54,67
2021-09-18T23:59:59+02:00,4986,4696,41809,40020,55756,48432,60213,56800,72230,70589,86876,85051,60269,64418,39465,50665,12506,22383,3873,3642,37790,36085,52175,44489,56959,52782,68497,66183,83090,81126,58237,62124,38208,48965,12030,21490,649994,609689,79221,75971,109761,103851,38167,54,67
2021-09-17T23:59:59+02:00,4931,4645,41660,39900,55640,48285,60071,56676,72093,70474,86807,84978,60234,64396,39456,50659,12503,22377,3841,3615,37683,35998,52079,44372,56869,52689,68389,66105,83030,81068,58205,62107,38201,48957,12028,21486,649162,609214,79220,75971,109761,103851,37619,54,67
2021-09-16T23:59:59+02:00,4834,4544,41377,39627,55384,47998,59836,56404,71901,70295,86678,84846,60182,64339,39433,50636,12492,22362,3736,3512,37405,35779,51873,44136,56686,52486,68243,65957,82920,80969,58152,62072,38183,48934,12019,21475,647239,607731,79213,75965,109755,103836,36938,54,67
2021-09-15T23:59:59+02:00,4769,4479,41142,39373,55143,47715,59621,56185,71744,70152,86559,84741,60140,64284,39408,50611,12488,22345,3676,3464,37200,35592,51699,43925,56547,52341,68135,65857,82824,80867,58105,62038,38160,48909,12017,21461,645468,606512,79211,75962,109755,103836,36440,54,67
2021-09-14T23:59:59+02:00,4741,4449,41018,39245,55014,47623,59531,56067,71644,70056,86481,84682,60121,64257,39394,50599,12485,22341,3662,3451,37126,35519,51606,43869,56475,52271,68059,65794,82766,80830,58087,62012,38145,48889,12011,21453,644695,606099,79211,75962,109755,103835,36062,54,67
2021-09-13T23:59:59+02:00,4713,4435,40914,39141,54924,47527,59467,55967,71572,70001,86438,84641,60091,64225,39388,50588,12481,22336,3641,3433,37051,35449,51519,43809,56416,52207,67994,65757,82726,80803,58063,61985,38136,48878,12010,21447,643987,605653,79210,75911,109754,103820,35873,54,67
2021-09-12T23:59:59+02:00,4704,4421,40882,39114,54903,47504,59440,55936,71543,69969,86424,84621,60083,64216,39386,50585,12480,22332,3632,3429,37014,35418,51500,43790,56391,52189,67973,65729,82705,80784,58052,61972,38131,48867,12010,21445,643771,605447,79201,75906,109753,103818,35793,54,67
2021-09-11T23:59:59+02:00,4695,4419,40867,39088,54876,47477,59421,55919,71520,69957,86413,84613,60082,64213,39385,50584,12480,22330,3629,3427,36997,35407,51479,43771,56378,52176,67950,65718,82692,80780,58050,61971,38129,48867,12010,21444,643676,605401,79201,75905,109753,103818,35684,54,67
2021-09-10T23:59:59+02:00,4649,4379,40687,38917,54718,47341,59303,55767,71394,69854,86325,84531,60054,64185,39375,50572,12476,22323,3611,3408,36871,35318,51369,43678,56285,52084,67856,65652,82619,80724,58031,61950,38120,48853,12003,21438,642768,604977,79199,75905,109753,103818,35103,54,67
2021-09-09T23:59:59+02:00,4575,4291,40444,38699,54523,47118,59125,55546,71247,69687,86223,84436,60029,64142,39356,50547,12468,22318,3553,3344,36658,35144,51193,43527,56133,51918,67713,65533,82509,80645,57991,61904,38103,48831,11998,21430,641292,603836,79198,75904,109753,103818,34503,54,66
2021-09-08T23:59:59+02:00,4476,4196,40217,38441,54322,46936,58948,55378,71136,69570,86131,84357,59993,64102,39348,50514,12462,22311,3443,3239,36373,34875,50957,43312,55932,51732,67576,65402,82395,80541,57957,61848,38080,48792,11987,21416,639868,602081,79193,75896,109752,103818,33996,54,66
2021-09-07T23:59:59+02:00,4402,4134,40015,38271,54191,46816,58845,55270,71058,69481,86069,84290,59969,64074,39337,50499,12459,22308,3414,3213,36244,34768,50852,43231,55849,51668,67506,65334,82330,80484,57925,61816,38068,48769,11981,21408,638851,601419,79186,75884,109747,103817,33674,54,66
2021-09-06T23:59:59+02:00,4361,4086,39913,38169,54111,46744,58778,55194,71013,69426,86025,84252,59949,64057,39334,50494,12457,22304,3381,3189,36129,34653,50756,43160,55766,51583,67446,65263,82276,80422,57899,61785,38058,48757,11980,21406,638173,600659,79186,75847,109745,103805,33532,54,66
2021-09-05T23:59:59+02:00,4348,4069,39878,38139,54089,46712,58740,55167,70985,69403,86001,84229,59945,64054,39331,50489,12456,22300,3377,3183,36103,34632,50727,43137,55733,51562,67427,65246,82258,80406,57891,61780,38055,48751,11978,21403,637947,600507,79185,75843,109744,103805,33428,54,66
2021-09-04T23:59:59+02:00,4348,4067,39869,38136,54086,46704,58739,55165,70983,69399,85997,84222,59945,64052,39331,50489,12456,22300,3376,3182,36091,34629,50724,43129,55729,51561,67425,65242,82255,80402,57890,61778,38055,48751,11978,21403,637927,600488,79185,75842,109744,103803,33401,54,66
2021-09-03T23:59:59+02:00,4310,4037,39756,38024,53986,46634,58660,55084,70913,69340,85932,84191,59927,64036,39325,50484,12453,22297,3363,3167,36012,34561,50637,43082,55666,51506,67366,65200,82209,80370,57875,61764,38047,48745,11972,21402,637356,600166,79185,75836,109744,103803,33073,54,66
2021-09-02T23:59:59+02:00,4269,3994,39578,37866,53843,46474,58519,54956,70787,69221,85855,84126,59879,63999,39302,50456,12451,22287,3346,3152,35885,34475,50524,42998,55564,51416,67265,65119,82135,80306,57828,61732,38030,48721,11967,21395,636341,599597,79184,75835,109744,103798,32562,54,66
2021-09-01T23:59:59+02:00,4208,3924,39384,37693,53679,46332,58399,54842,70694,69134,85794,84048,59835,63968,39286,50443,12449,22276,3212,3031,35550,34130,50288,42736,55365,51220,67104,64953,82003,80200,57781,61676,37998,48694,11962,21389,635218,597381,79173,75825,109743,103797,32223,54,66
2021-08-31T23:59:59+02:00,4159,3876,39247,37540,53546,46219,58294,54736,70605,69060,85716,83992,59806,63940,39268,50414,12447,22273,3191,3014,35429,34026,50144,42636,55251,51136,67009,64885,81921,80146,57742,61639,37984,48674,11956,21386,634278,596792,79171,75824,109741,103569,31918,53,66
2021-08-30T23:59:59+02:00,4108,3831,39136,37415,53442,46134,58209,54657,70543,68982,85655,83946,59788,63915,39257,50403,12445,22267,3178,2995,35355,33952,50066,42576,55175,51065,66948,64822,81868,80089,57716,61612,37970,48653,11955,21375,633436,596200,79168,75789,109741,103557,31758,53,66
2021-08-29T23:59:59+02:00,4097,3822,39117,37397,53423,46117,58194,54637,70535,68972,85639,83929,59786,63913,39253,50399,12444,22266,3172,2988,35326,33926,50035,42557,55163,51039,66924,64795,81844,80075,57706,61596,37965,48648,11952,21374,633316,596001,79164,75772,109741,103557,31689,53,66
2021-08-28T23:59:59+02:00,4097,3822,39116,37397,53422,46116,58194,54637,70534,68970,85639,83929,59786,63913,39253,50399,12444,22266,3172,2988,35326,33925,50035,42557,55161,51039,66923,64794,81844,80075,57706,61596,37965,48648,11952,21374,633312,595998,79164,75772,109741,103557,31687,53,66
2021-08-27T23:59:59+02:00,4061,3780,38995,37299,53321,46010,58111,54542,70444,68892,85575,83870,59760,63889,39241,50389,12444,22264,3166,2972,35223,33866,49931,42493,55089,50966,66831,64731,81789,80035,57681,61576,37954,48638,11951,21373,632671,595587,79164,75772,109736,103555,31286,53,65
2021-08-26T23:59:59+02:00,3976,3717,38803,37116,53149,45842,57974,54393,70314,68777,85447,83778,59713,63843,39217,50369,12437,22254,3139,2934,35044,33692,49777,42325,54928,50805,66700,64601,81643,79922,57632,61515,37926,48612,11946,21365,631483,594418,79161,75761,109733,103550,30712,53,65
2021-08-25T23:59:59+02:00,3880,3649,38635,36917,52992,45648,57857,54251,70213,68676,85353,83686,59676,63801,39199,50350,12435,22247,3022,2799,34662,33277,49499,42005,54687,50540,66506,64398,81462,79751,57544,61433,37904,48574,11934,21353,630233,591666,79160,75759,109732,103550,30310,53,65
2021-08-24T23:59:59+02:00,3859,3633,38548,36843,52914,45578,57801,54198,70159,68630,85308,83646,59645,63775,39190,50333,12432,22237,2979,2769,34514,33149,49377,41916,54598,50455,66403,64304,81371,79674,57495,61388,37896,48558,11929,21344,629796,590738,79156,75755,109731,103545,30016,53,65
2021-08-23T23:59:59+02:00,3831,3597,38452,36747,52831,45514,57744,54133,70100,68579,85254,83607,59627,63748,39180,50320,12430,22229,2961,2738,34373,33013,49251,41839,54497,50370,66309,64208,81281,79611,57459,61338,37876,48538,11928,21333,629261,589855,79152,75721,109729,103531,29751,53,65
2021-08-22T23:59:59+02:00,3823,3596,38422,36733,52816,45495,57727,54120,70074,68560,85237,83593,59617,63738,39178,50311,12425,22227,2953,2719,34324,32974,49222,41802,54461,50343,66266,64183,81245,79584,57444,61324,37873,48529,11923,21330,629154,589565,79150,75709,109728,103530,29630,53,65
2021-08-21T23:59:59+02:00,3820,3593,38402,36727,52806,45484,57713,54114,70059,68548,85231,83584,59610,63736,39177,50311,12425,22227,2953,2719,34312,32970,49210,41792,54448,50338,66254,64172,81239,79577,57440,61323,37873,48529,11923,21330,629111,589550,79149,75707,109727,103530,29550,53,65
2021-08-20T23:59:59+02:00,3800,3561,38332,36656,52723,45412,57636,54050,69985,68495,85168,83536,59593,63716,39174,50307,12425,22221,2935,2705,34213,32864,49094,41723,54355,50261,66159,64104,81169,79523,57420,61299,37867,48524,11922,21326,628741,589022,79147,75704,109727,103527,29145,53,65
2021-08-19T23:59:59+02:00,3772,3527,38161,36515,52561,45270,57514,53946,69855,68374,85069,83460,59563,63672,39159,50290,12421,22209,2901,2652,33860,32615,48804,41476,54137,50064,65951,63916,80993,79389,57365,61227,37820,48486,11917,21315,627848,587107,79145,75606,109718,103513,28597,53,65
2021-08-18T23:59:59+02:00,3722,3477,37972,36359,52431,45147,57417,53841,69746,68279,84993,83396,59524,63629,39144,50270,12419,22201,2831,2579,33478,32203,48501,41220,53880,49785,65729,63703,80809,79227,57283,61139,37784,48444,11913,21303,626843,584527,79142,75477,109716,103506,28236,53,65
2021-08-17T23:59:59+02:00,3661,3429,37809,36199,52308,45021,57337,53744,69651,68192,84919,83334,59489,63596,39131,50247,12414,22192,2731,2502,33085,31758,48173,40903,53587,49494,65483,63460,80607,79017,57174,61028,37743,48395,11901,21292,625878,581408,79142,75463,109711,103485,27912,53,65
2021-08-16T23:59:59+02:00,3605,3374,37663,36057,52212,44925,57264,53673,69581,68123,84866,83289,59467,63567,39117,50230,12408,22184,2598,2394,32524,31199,47780,40489,53194,49105,65177,63191,80384,78821,57098,60912,37710,48340,11892,21270,624970,577364,79138,75428,109711,103465,27756,53,65
2021-08-15T23:59:59+02:00,3596,3365,37629,36033,52179,44907,57237,53638,69564,68107,84855,83278,59455,63563,39114,50221,12408,22182,2581,2383,32443,31103,47708,40424,53130,49043,65133,63149,80340,78793,57080,60892,37702,48327,11891,21266,624778,576796,79138,75398,109710,103454,27675,53,65
2021-08-14T23:59:59+02:00,3591,3360,37621,36026,52173,44903,57231,53631,69560,68104,84847,83274,59448,63559,39113,50219,12408,22182,2580,2381,32435,31095,47697,40420,53121,49034,65130,63146,80333,78791,57075,60888,37701,48325,11891,21266,624745,576763,79135,75397,109710,103454,27630,53,65
2021-08-13T23:59:59+02:00,3574,3346,37549,35983,52111,44851,57165,53580,69491,68063,84781,83238,59426,63547,39102,50204,12405,22176,2557,2353,32293,30979,47569,40321,53000,48933,65028,63066,80244,78741,57052,60867,37688,48315,11889,21261,624430,575955,79135,75395,109710,103454,27287,53,65
2021-08-12T23:59:59+02:00,3535,3318,37420,35860,52021,44761,57092,53495,69397,67990,84707,83172,59397,63523,39090,50191,12405,22173,2478,2263,31763,30492,47185,39967,52606,48578,64701,62834,80023,78529,56960,60780,37644,48272,11884,21244,623707,572460,79134,75363,109708,103347,26968,53,65
2021-08-11T23:59:59+02:00,3493,3278,37267,35716,51909,44652,56969,53372,69298,67899,84622,83090,59357,63485,39069,50175,12401,22169,2358,2183,31115,29870,46675,39579,52178,48141,64397,62555,79811,78325,56863,60674,37608,48199,11871,21227,622800,568412,79128,75339,109706,103257,26556,53,65
2021-08-10T23:59:59+02:00,3445,3233,37109,35569,51796,44529,56863,53267,69233,67828,84556,83033,59332,63448,39051,50161,12394,22164,2191,2034,30228,28888,45937,38876,51508,47534,64010,62191,79560,78084,56758,60569,37563,48130,11863,21215,621856,562187,79126,75338,109703,103254,26295,53,65
2021-08-09T23:59:59+02:00,3409,3204,37013,35461,51715,44461,56803,53224,69202,67785,84526,83001,59314,63434,39039,50142,12393,22162,2055,1914,29517,28143,45265,38290,50936,46948,63639,61832,79279,77835,56637,60472,37519,48075,11856,21201,621266,558064,79124,73891,109702,103228,26165,53,65
2021-08-08T23:59:59+02:00,3400,3190,36985,35443,51690,44433,56786,53213,69184,67766,84505,82985,59310,63429,39034,50135,12392,22161,2021,1889,29390,28001,45120,38194,50836,46863,63583,61775,79230,77794,56600,60453,37509,48064,11856,21198,621086,557132,79123,73883,109701,103196,26100,53,65
2021-08-07T23:59:59+02:00,3400,3190,36983,35437,51680,44432,56784,53213,69180,67763,84504,82983,59309,63429,39034,50135,12392,22161,2021,1889,29381,27993,45105,38191,50835,46858,63580,61770,79226,77791,56597,60452,37508,48064,11856,21197,621078,557096,79122,73881,109701,103195,26077,53,65
2021-08-06T23:59:59+02:00,3389,3175,36917,35382,51599,44366,56719,53173,69139,67730,84472,82956,59297,63410,39023,50129,12389,22159,1983,1846,29141,27760,44893,38006,50653,46711,63442,61650,79127,77723,56572,60426,37493,48054,11852,21194,620803,555624,79118,73873,109701,103193,25771,53,65
2021-08-05T23:59:59+02:00,3356,3137,36764,35249,51485,44231,56599,53058,69022,67616,84346,82880,59254,63357,39000,50109,12380,22149,1863,1715,28443,27140,44306,37518,50093,46255,63084,61351,78834,77504,56462,60331,37455,48000,11844,21178,620005,551296,79117,73863,109700,103013,25139,53,65
2021-08-04T23:59:59+02:00,3297,3074,36563,35079,51336,44084,56461,52944,68898,67487,84230,82766,59187,63299,38982,50080,12376,22139,1662,1538,27297,26022,43345,36640,49132,45348,62493,60743,78336,77063,56251,60149,37396,47910,11830,21158,618920,542945,79107,73821,109700,102960,24522,53,65
2021-08-03T23:59:59+02:00,3223,3016,36344,34882,51181,43946,56337,52822,68767,67373,84141,82693,59144,63257,38962,50050,12367,22124,1460,1333,26215,24905,42403,35739,48232,44460,61947,60211,77889,76658,56081,59963,37334,47822,11811,21126,617578,534589,79099,73772,109690,102934,24229,53,65
2021-08-02T23:59:59+02:00,3178,2962,36201,34732,51072,43834,56245,52724,68679,67282,84056,82618,59104,63208,38947,50030,12359,22112,1271,1168,25313,23915,41552,34994,47504,43717,61463,59735,77502,76314,55917,59813,37284,47743,11794,21105,616603,527611,79098,73717,109689,102791,23920,53,65
2021-08-01T23:59:59+02:00,3173,2956,36184,34710,51045,43815,56225,52697,68649,67269,84042,82606,59098,63203,38945,50026,12359,22112,1226,1137,25053,23666,41303,34792,47270,43518,61322,59598,77386,76217,55881,59784,37269,47730,11790,21101,616457,525740,79095,73675,109688,102722,23841,53,65
2021-07-31T23:59:59+02:00,3172,2955,36179,34709,51045,43814,56223,52696,68648,67268,84042,82604,59098,63203,38945,50026,12359,22111,1223,1136,25046,23650,41295,34783,47265,43512,61313,59596,77384,76214,55881,59780,37269,47730,11790,21100,616444,525669,79095,73674,109688,102721,23838,52,65
2021-07-30T23:59:59+02:00,3155,2942,36117,34646,50975,43765,56159,52633,68592,67227,84004,82564,59086,63190,38941,50019,12356,22108,1166,1081,24722,23342,41023,34569,47004,43315,61124,59465,77234,76098,55849,59741,37255,47718,11790,21100,616149,523729,79091,73671,109685,102610,23522,52,64
2021-07-29T23:59:59+02:00,3132,2914,35977,34524,50845,43638,56065,52533,68521,67162,83933,82512,59061,63172,38928,50010,12356,22107,1022,964,23766,22359,40140,33816,46101,42530,60576,59020,76873,75793,55728,59603,37215,47663,11783,21089,615273,516663,79073,73545,109684,102441,23328,52,64
2021-07-28T23:59:59+02:00,3082,2859,35735,34286,50626,43465,55868,52383,68374,67020,83819,82414,59010,63125,38905,49973,12346,22099,823,808,22544,21124,38815,32708,44780,41347,59768,58357,76365,75332,55533,59415,37146,47558,11769,21064,613902,506835,79068,73374,109684,102282,22701,52,64
2021-07-27T23:59:59+02:00,3057,2840,35627,34168,50540,43383,55789,52332,68312,66951,83758,82342,58969,63082,38893,49958,12345,22090,668,649,21308,19738,37390,31374,43411,40044,59139,57760,75944,74919,55370,59238,37088,47503,11758,21041,613175,496420,79052,73195,109683,102171,22492,52,64
2021-07-26T23:59:59+02:00,3038,2821,35566,34072,50482,43329,55748,52283,68268,66915,83722,82314,58955,63066,38881,49946,12344,22088,566,564,20290,18641,36140,30258,42138,38894,58644,57355,75657,74665,55273,59138,37067,47468,11752,21027,612653,488174,79045,72869,109683,102007,22423,52,64
2021-07-25T23:59:59+02:00,3028,2816,35518,34030,50437,43280,55719,52260,68245,66890,83691,82291,58939,63059,38878,49943,12341,22082,497,493,19891,18277,35721,29927,41727,38587,58447,57199,75498,74554,55226,59099,37045,47449,11749,21023,612355,485440,79039,72593,109683,101976,22336,52,64
2021-07-24T23:59:59+02:00,3028,2816,35512,34027,50435,43276,55717,52259,68244,66890,83689,82290,58939,63059,38877,49943,12341,22082,497,493,19883,18263,35709,29916,41719,38586,58443,57196,75494,74552,55226,59099,37044,47449,11749,21023,612347,485389,79038,72592,109683,101974,22322,52,64
2021-07-23T23:59:59+02:00,3004,2790,35362,33909,50286,43175,55599,52152,68147,66796,83598,82239,58908,63031,38867,49938,12336,22079,471,477,19643,18040,35445,29738,41448,38399,58276,57065,75358,74474,55187,59075,37032,47439,11743,21017,611720,484251,79038,72299,109683,101972,21741,52,64
2021-07-22T23:59:59+02:00,2953,2706,34924,33542,49978,42943,55339,51925,67918,66613,83422,82090,58823,62938,38831,49891,12325,22061,427,428,18852,17379,34349,29003,40320,37566,57536,56596,74804,74098,55005,58895,36966,47355,11722,20991,609586,478719,79024,70864,109679,101750,20896,52,63
2021-07-21T23:59:59+02:00,2898,2648,34612,33219,49737,42731,55151,51737,67726,66428,83293,81965,58758,62885,38800,49853,12314,22051,385,387,18025,16560,33033,28009,39057,36606,56838,56032,74352,73734,54859,58720,36900,47271,11710,20958,607762,472811,78971,68668,109678,101536,20358,52,63
2021-07-20T23:59:59+02:00,2822,2585,34255,32831,49455,42498,54980,51542,67546,66270,83153,81845,58696,62829,38772,49808,12313,22036,329,307,16876,15446,31319,26611,37321,35149,56039,55382,73805,73286,54689,58531,36849,47185,11692,20920,605669,463630,78936,66930,109676,101196,19917,52,63
2021-07-19T23:59:59+02:00,2738,2513,33696,32270,49148,42188,54706,51277,67350,66057,82979,81676,58629,62747,38727,49756,12306,22021,295,259,16217,14880,30368,25931,36454,34433,55599,54960,73476,73047,54602,58445,36812,47133,11686,20898,602470,459920,78875,64765,109675,101022,19726,52,62
2021-07-18T23:59:59+02:00,2710,2495,33597,32152,49055,42134,54650,51216,67290,66008,82936,81634,58602,62721,38716,49743,12304,22014,279,238,15897,14620,29800,25552,35959,34080,55345,54797,73331,72946,54560,58407,36804,47118,11685,20894,601860,458471,78859,63239,109674,100995,19546,52,61
2021-07-17T23:59:59+02:00,2710,2495,33596,32149,49049,42133,54647,51214,67290,66007,82936,81633,58602,62720,38716,49743,12304,22014,279,238,15892,14613,29784,25536,35954,34075,55340,54796,73331,72946,54560,58407,36804,47118,11685,20894,601849,458419,78857,63235,109669,100992,19545,52,61
2021-07-16T23:59:59+02:00,2651,2430,32988,31629,48557,41785,54255,50878,66908,65687,82623,81402,58484,62607,38667,49694,12300,22007,271,227,15476,14291,29290,25161,35504,33743,55002,54542,73071,72754,54449,58318,36770,47080,11682,20890,599630,457011,78853,63106,109668,100985,17358,52,61
2021-07-15T23:59:59+02:00,2519,2299,32128,30845,47938,41211,53682,50396,66481,65339,82368,81159,58394,62510,38633,49651,12292,21989,242,201,14641,13618,27963,24333,34196,32925,54321,54140,72657,72529,54356,58221,36741,47046,11675,20874,594611,452806,78841,60741,109667,100400,16671,52,61
2021-07-14T23:59:59+02:00,2413,2213,31587,30318,47449,40777,53265,50000,66153,65062,82129,80909,58291,62414,38600,49601,12282,21976,195,162,13399,12487,25966,22875,32292,31400,53569,53541,72145,72188,54216,58095,36698,46985,11665,20858,590767,443647,78822,58828,109666,100062,16139,52,60
2021-07-13T23:59:59+02:00,2356,2143,31322,30049,47178,40549,53017,49771,65946,64876,81960,80761,58225,62338,38574,49564,12272,21964,171,140,12408,11645,24232,21564,30347,29808,52373,52366,71323,71393,53967,57818,36611,46870,11647,20830,588611,436903,78808,55907,109659,96901,15742,52,60
2021-07-12T23:59:59+02:00,2130,1936,30462,29120,46524,40013,52446,49202,65555,64487,81682,80490,58089,62212,38532,49507,12262,21943,149,123,11656,11020,22836,20582,28605,28428,51410,51502,70579,70773,53708,57538,36545,46752,11634,20799,582380,428779,78790,53337,109659,96746,15718,52,59
2021-07-11T23:59:59+02:00,2085,1898,30341,29014,46459,39943,52393,49139,65498,64432,81621,80447,58068,62192,38526,49489,12257,21938,146,115,11494,10872,22562,20390,28239,28155,51205,51356,70406,70628,53655,57458,36523,46735,11625,20792,581562,426705,78784,53294,109657,96609,15692,52,56
2021-07-10T23:59:59+02:00,2085,1896,30338,29006,46454,39937,52390,49137,65495,64431,81619,80444,58068,62190,38525,49489,12257,21938,146,115,11481,10854,22546,20373,28223,28142,51198,51351,70402,70625,53655,57458,36522,46735,11625,20792,581531,426614,78782,53292,109657,96597,15684,52,56
2021-07-09T23:59:59+02:00,2041,1858,30103,28775,46238,39756,52206,48966,65333,64318,81514,80363,58038,62160,38510,49474,12253,21936,145,109,11096,10583,21901,19935,27556,27590,50490,50782,69819,70213,53553,57370,36499,46700,11620,20781,580331,425532,78776,52977,109651,93137,15040,51,56
2021-07-08T23:59:59+02:00,1902,1731,29443,28245,45630,39251,51652,48498,64930,64007,81213,80129,57945,62068,38478,49423,12248,21922,107,81,9917,9484,19957,18305,25086,25607,49452,49979,69188,69674,53326,57154,36423,46613,11605,20755,576069,414991,78754,50549,109635,92904,14213,51,56
2021-07-07T23:59:59+02:00,1689,1533,28327,27043,44583,38285,50557,47500,64272,63367,80670,79645,57742,61837,38411,49338,12235,21881,83,70,9381,9010,18865,17466,23685,24404,48626,49330,68641,69183,53126,56913,36347,46514,11589,20715,566792,408641,78738,48932,109633,92611,13708,51,56
2021-07-06T23:59:59+02:00,1487,1375,27251,26005,43564,37362,49620,46567,63672,62805,80236,79236,57559,61654,38355,49243,12211,21854,62,45,8669,8271,17533,16459,22072,23123,48017,48877,68265,68916,53009,56800,36297,46477,11582,20700,558535,401174,78727,48504,109630,92320,13120,51,56
2021-07-05T23:59:59+02:00,1330,1251,26109,24763,42487,36366,48567,45496,63006,62229,79799,78832,57385,61466,38302,49167,12202,21831,50,35,8417,8044,17029,16135,21507,22735,47709,48648,68069,68768,52956,56726,36271,46457,11579,20695,549237,398568,78719,48186,109630,92065,12957,51,54
2021-07-04T23:59:59+02:00,1265,1187,25787,24439,42176,36105,48316,45309,62860,62092,79685,78735,57349,61426,38291,49148,12200,21828,43,34,8161,7885,16755,15937,21223,22537,47585,48548,67986,68689,52932,56702,36256,46452,11577,20694,546920,397524,78689,47523,109629,91980,12915,51,54
2021-07-03T23:59:59+02:00,1265,1186,25779,24424,42163,36099,48314,45309,62856,62091,79684,78734,57348,61426,38291,49148,12200,21828,43,34,8155,7877,16744,15927,21216,22530,47578,48547,67981,68688,52931,56702,36256,46452,11577,20694,546887,397490,78688,47522,109629,91970,12896,51,54
2021-07-02T23:59:59+02:00,1197,1129,25463,24073,41841,35821,48055,45052,62713,61945,79610,78663,57331,61403,38285,49136,12196,21823,42,31,7976,7728,16372,15661,20771,22223,46611,47767,67483,68337,52846,56609,36241,46434,11576,20691,544504,394999,78686,47518,109623,89950,12878,51,54
2021-07-01T23:59:59+02:00,1142,1079,25087,23708,41458,35470,47659,44702,62463,61704,79421,78493,57268,61340,38254,49095,12189,21813,36,27,7584,7389,15557,14874,19598,21186,45069,46282,66266,67259,52537,56306,36144,46314,11552,20664,541358,389158,78584,46691,109613,85996,12745,51,54
2021-06-30T23:59:59+02:00,1069,1013,24664,23265,41029,35100,47247,44320,62233,61496,79250,78344,57187,61261,38226,49044,12181,21792,29,20,7207,7030,14607,14073,18162,19976,41850,43550,64566,65811,52067,55805,35994,46119,11525,20615,537902,377107,78551,45993,109609,83238,12614,51,54
2021-06-29T23:59:59+02:00,978,904,24159,22730,40508,34676,46815,43904,61971,61212,79037,78164,57108,61197,38197,49000,12175,21773,20,18,6930,6720,13939,13572,17000,19048,37516,39859,63208,64550,51578,55305,35860,45940,11494,20571,533812,361762,78542,45780,109609,83032,12500,51,54
2021-06-28T23:59:59+02:00,949,871,23821,22340,40047,34284,46397,43535,61732,60956,78845,78009,57034,61128,38168,48970,12172,21758,18,10,6619,6403,13280,13071,15979,18210,33873,36808,62082,63515,51223,54908,35765,45790,11469,20533,532044,353082,76856,41081,109607,82875,12464,51,54
2021-06-27T23:59:59+02:00,935,858,23726,22249,39971,34222,46338,43475,61699,60918,78808,77979,57019,61117,38162,48963,12171,21753,17,9,6526,6332,13041,12930,15556,17972,33034,36160,61823,63314,51132,54837,35748,45768,11467,20529,531428,350173,76850,40811,109601,82718,12439,51,54
2021-06-26T23:59:59+02:00,935,858,23720,22243,39961,34218,46336,43473,61697,60917,78807,77979,57019,61117,38162,48962,12171,21753,17,9,6523,6324,13032,12916,15548,17965,33030,36159,61816,63311,51130,54831,35748,45768,11467,20528,531396,350102,76849,40810,109599,82717,12439,51,54
2021-06-25T23:59:59+02:00,912,831,23607,22126,39874,34130,46254,43401,61652,60869,78760,77957,57008,61105,38159,48959,12170,21751,16,8,6426,6209,12924,12786,15409,17802,32312,35498,61425,62985,51052,54747,35740,45747,11464,20527,530596,347090,76848,40797,109598,82698,12438,51,54
2021-06-24T23:59:59+02:00,845,773,23219,21708,39519,33818,45903,43096,61447,60674,78600,77819,56954,61051,38137,48929,12165,21740,15,5,6087,5913,12360,12324,14698,17114,29004,32782,59136,61124,50464,54148,35604,45538,11446,20479,527638,333255,76798,40530,109595,82081,12321,51,54
2021-06-23T23:59:59+02:00,741,679,22575,21050,38946,33228,45244,42388,61080,60280,78350,77568,56850,60915,38090,48876,12155,21720,13,4,5931,5717,11991,11969,14188,16582,25644,30023,57491,59592,49940,53606,35483,45364,11425,20435,522048,323795,76741,37597,109592,81643,12309,51,54
2021-06-22T23:59:59+02:00,680,614,22150,20611,38540,32805,44808,41926,60807,59994,78144,77325,56753,60805,38054,48804,12142,21698,11,3,5742,5582,11663,11700,13754,16207,21301,26489,55406,57887,49337,52997,35305,45147,11404,20391,518242,309395,76614,37543,109587,81162,12172,51,54
2021-06-21T23:59:59+02:00,643,573,21897,20373,38287,32571,44562,41651,60618,59781,78012,77185,56699,60719,38029,48764,12133,21682,9,3,5611,5471,11354,11498,13413,15940,19747,25254,54486,57114,47115,50530,34705,44421,11381,20332,516183,304046,76414,37476,109569,74845,11964,50,53
2021-06-20T23:59:59+02:00,614,553,21609,20078,37986,32290,44276,41390,60466,59613,77874,77038,56650,60674,38009,48747,12130,21675,9,3,5552,5426,11220,11407,13257,15811,19348,24929,54217,56930,45454,48547,34137,43785,11361,20311,513779,303405,76331,36721,109556,69569,11958,49,51
2021-06-19T23:59:59+02:00,612,553,21604,20064,37970,32283,44272,41384,60459,59609,77872,77035,56647,60673,38009,48746,12130,21675,9,3,5546,5417,11215,11402,13247,15804,19340,24920,54203,56918,45445,48537,34136,43785,11361,20311,513710,303317,76325,36717,109556,69556,11958,49,51
2021-06-18T23:59:59+02:00,598,539,21504,19954,37901,32226,44196,41297,60403,59563,77827,76993,56625,60651,38004,48733,12129,21674,9,3,5454,5255,10917,10865,12871,15223,18799,23900,53345,55606,45239,48372,34108,43736,11355,20299,512945,301738,76318,36716,109550,64894,11957,48,51
2021-06-17T23:59:59+02:00,512,447,20784,19241,37144,31593,43401,40544,59993,59195,77529,76741,56508,60522,37954,48664,12116,21649,8,3,5264,5042,10534,10313,12346,14449,17863,22535,51767,53660,44086,47020,33790,43337,11308,20215,506952,294400,76225,36586,109541,60731,11772,48,51
2021-06-16T23:59:59+02:00,406,368,19985,18298,36156,30661,42390,39569,59449,58712,77135,76422,56365,60368,37897,48575,12106,21626,8,3,5075,4885,10018,9986,11608,13948,16316,21229,47878,50112,42328,45001,33322,42765,11245,20088,499577,278190,75687,36384,109526,59540,11651,48,50
2021-06-15T23:59:59+02:00,296,265,19177,17451,35234,29804,41461,38677,59011,58269,76802,76091,56223,60201,37839,48505,12091,21592,7,3,4875,4761,9494,9721,10898,13474,14800,20040,43597,46014,40775,43149,32838,42142,11180,19960,492363,260971,75568,36348,109515,58864,11496,48,49
2021-06-14T23:59:59+02:00,192,173,18062,16219,33980,28529,39991,37266,58422,57700,76409,75749,56094,60055,37796,48435,12082,21577,7,3,4752,4669,9147,9512,10416,13154,13626,19036,40949,43455,39700,41999,32545,41740,11148,19874,482593,249781,75133,36321,109510,58133,11448,48,49
2021-06-13T23:59:59+02:00,151,134,17556,15816,33499,28126,39498,36882,58209,57516,76259,75646,56067,60014,37774,48414,12079,21568,7,3,4663,4619,8997,9440,10252,13084,13021,18581,40478,43061,39463,41776,32485,41655,11141,19860,479508,248811,74831,34894,109503,57513,11319,48,49
2021-06-12T23:59:59+02:00,151,134,17548,15795,33482,28115,39491,36877,58202,57512,76255,75644,56066,60012,37773,48414,12079,21568,7,3,4656,4613,8987,9435,10240,13075,13009,18568,40294,42914,39441,41761,32481,41653,11141,19859,479424,248377,74827,34893,109503,57501,11317,48,49
2021-06-11T23:59:59+02:00,149,134,17463,15736,33334,28041,39317,36821,58082,57476,76184,75619,56052,60007,37771,48411,12079,21567,7,3,4577,4421,8828,8874,10048,12355,12774,17497,39805,41613,39286,41631,32463,41617,11139,19858,479079,247888,74414,34891,109395,52660,11308,48,49
2021-06-10T23:59:59+02:00,134,114,16621,15021,31923,27131,38075,35903,57397,57017,75774,75347,55963,59915,37732,48366,12068,21549,7,3,4327,4226,8272,8371,9366,11590,12036,16427,36946,38570,38482,40826,32297,41435,11123,19828,475187,240799,71442,34758,109121,48273,10253,48,49
2021-06-09T23:59:59+02:00,112,89,15842,14323,30639,26232,36857,35015,56817,56628,75429,75119,55878,59809,37705,48321,12055,21529,7,3,4142,4075,7911,8182,8898,11368,11415,16046,31854,33691,36981,39286,32052,41166,11101,19778,470517,226841,69010,34632,109076,46685,9751,46,47
2021-06-08T23:59:59+02:00,85,71,14927,13465,29257,25142,35490,34006,56198,56219,75134,74904,55802,59735,37682,48289,12051,21519,7,3,4060,4013,7752,8059,8745,11250,11120,15839,29018,30871,36022,38339,31891,40971,11077,19745,465935,219328,65581,34571,109030,45450,9386,45,47
2021-06-07T23:59:59+02:00,77,58,14289,12891,27892,24326,34329,33224,55720,55959,74891,74796,55767,59695,37666,48278,12051,21515,7,3,3967,3941,7556,7930,8444,11118,10753,15593,24674,26485,34552,36796,31669,40703,11049,19715,462804,207515,62543,34503,108999,43857,9033,45,47
2021-06-06T23:59:59+02:00,76,55,13968,12698,27104,23911,33675,32805,55411,55793,74735,74731,55746,59671,37652,48269,12049,21514,7,3,3901,3905,7403,7887,8285,11032,10430,15390,21846,23603,33550,35713,31529,40548,11042,19700,461660,204719,60493,29253,108972,43063,8693,45,46
2021-06-05T23:59:59+02:00,76,53,13938,12669,27055,23870,33646,32785,55406,55783,74729,74725,55742,59666,37647,48267,12049,21514,7,3,3879,3888,7368,7864,8238,11013,10367,15348,20419,22048,32751,34831,31459,40467,11038,19693,461528,199739,60388,29249,108967,42955,8692,45,46
2021-06-04T23:59:59+02:00,70,49,13707,12409,26742,23550,33307,32474,55345,55703,74690,74705,55732,59661,37646,48265,12049,21513,7,3,3850,3860,7289,7785,8182,10932,10287,15226,20312,21930,32676,34776,31427,40430,11035,19690,459623,199656,60325,29236,108933,42068,8691,45,46
2021-06-03T23:59:59+02:00,52,43,13140,11925,25704,22865,32172,31723,54848,55370,74373,74511,55661,59581,37611,48234,12042,21496,7,3,3721,3769,7014,7616,7899,10759,9959,14989,18424,20069,30696,32464,31153,40095,11012,19641,455285,191047,58822,29215,108918,40704,8281,45,43
2021-06-02T23:59:59+02:00,38,31,12454,11183,24707,21962,31036,30766,54581,55105,74181,74370,55608,59500,37594,48212,12034,21489,7,3,3687,3748,6955,7559,7842,10710,9874,14897,17904,19520,28765,30284,31053,39952,11005,19629,448978,185503,58643,29214,108916,40365,8269,45,43
2021-06-01T23:59:59+02:00,24,16,11326,10301,22578,20532,28495,28872,53164,54040,73171,73586,55306,59176,37471,48039,11999,21429,7,2,3459,3571,6458,7248,7241,10283,9014,14294,15951,17704,24974,26017,30365,39065,10930,19474,439466,171463,54177,29076,108878,38518,6959,45,41
2021-05-31T23:59:59+02:00,19,12,10465,9634,20739,19362,26446,27358,52054,53189,72463,73035,55090,58913,37398,47934,11984,21393,7,2,3319,3417,6121,7000,6842,9986,8473,13936,14881,16722,23777,24637,29975,38571,10870,19380,432654,165693,49799,29037,108860,37016,6130,45,40
2021-05-30T23:59:59+02:00,17,9,10118,9291,20018,18866,25740,26779,51715,52907,72225,72838,55013,58835,37373,47905,11976,21384,7,2,3139,3229,5775,6733,6554,9745,8254,13730,14621,16452,23486,24318,29865,38465,10855,19352,430064,164864,49389,28980,108829,36016,4682,45,40
2021-05-29T23:59:59+02:00,17,9,10103,9279,20000,18835,25720,26753,51703,52902,72220,72828,55011,58830,37372,47905,11975,21384,7,2,3136,3219,5770,6728,6547,9741,8246,13722,14611,16445,23475,24309,29861,38459,10854,19351,429901,164788,49389,28977,108829,35997,4682,45,39
2021-05-28T23:59:59+02:00,17,9,10037,9185,19859,18667,25457,26521,51541,52725,72073,72697,54972,58780,37358,47885,11972,21371,7,2,3089,3142,5677,6588,6444,9540,8129,13448,14419,16168,23322,24153,29807,38396,10847,19342,428239,164392,49352,28976,108810,34432,4681,44,39
2021-05-27T23:59:59+02:00,17,9,8782,8004,17464,16858,22679,24369,50446,51910,71408,72204,54775,58558,37264,47790,11958,21342,7,2,2792,2810,4833,5966,5554,8759,7335,12455,13290,14973,22327,23105,29416,37939,10792,19255,416344,160560,48392,28712,108671,29913,2386,44,39
2021-05-26T23:59:59+02:00,16,9,8381,7587,16581,16053,21489,23360,49841,51364,70987,71818,54623,58392,37196,47712,11947,21312,7,2,2607,2638,4464,5629,5078,8250,6857,11807,12317,13989,21425,22068,29105,37494,10745,19170,410737,156686,47658,28625,108591,26664,1639,43,38
2021-05-25T23:59:59+02:00,16,9,7814,6993,15336,15173,20042,22187,49363,50962,70739,71630,54548,58309,37172,47684,11943,21302,7,2,2533,2538,4274,5499,4834,8019,6576,11498,11760,13455,19262,19883,28729,36956,10710,19121,403976,150974,47416,28612,108542,24787,1245,43,38
2021-05-24T23:59:59+02:00,16,9,7727,6893,15111,15045,19756,22008,49261,50843,70695,71591,54545,58304,37171,47682,11942,21299,7,2,2492,2475,4188,5331,4741,7775,6450,11216,11620,13212,19145,19767,28676,36909,10703,19110,402841,150821,47336,28569,108448,23163,1230,43,36
2021-05-23T23:59:59+02:00,15,9,7710,6880,15073,15028,19701,21980,49250,50840,70690,71585,54544,58300,37171,47680,11942,21299,7,2,2489,2470,4181,5327,4730,7770,6444,11203,11598,13190,19002,19569,28645,36870,10701,19108,402650,150329,47336,28567,108447,23154,1221,43,35
2021-05-22T23:59:59+02:00,15,9,7707,6871,15064,15016,19690,21973,49250,50838,70687,71585,54544,58299,37171,47680,11942,21299,6,2,2487,2463,4173,5322,4728,7770,6439,11198,11590,13187,18989,19563,28644,36870,10701,19108,402595,150291,47336,28567,108447,23128,1219,43,35
2021-05-21T23:59:59+02:00,15,9,7632,6770,14937,14881,19485,21815,49011,50605,70543,71476,54516,58272,37163,47673,11936,21293,6,2,2417,2377,4084,5182,4624,7560,6315,10900,11416,12898,18923,19496,28628,36840,10698,19106,401019,150034,47333,28566,108422,21622,1216,42,34
2021-05-20T23:59:59+02:00,15,9,7356,6470,14348,14357,18547,20937,46331,48249,69383,70498,54158,57905,37054,47530,11904,21262,6,2,2156,2207,3723,4820,4182,7008,5761,10068,10327,11794,17635,18191,28118,36237,10620,18955,389991,144744,47165,28271,108117,17761,1000,40,34
2021-05-19T23:59:59+02:00,14,8,7116,6245,13680,13868,17274,19935,42342,44768,67893,69185,53700,57383,36889,47301,11867,21211,6,2,2077,2004,3556,4483,3933,6480,5315,9384,9327,10676,16154,16536,27419,35314,10492,18745,375187,137546,46590,28126,107881,15225,981,40,25
2021-05-18T23:59:59+02:00,14,7,6920,6069,13131,13434,16175,19075,37618,40746,66438,67860,53146,56841,36739,47077,11825,21155,6,2,2031,1881,3417,4292,3748,6159,4980,8900,8460,9802,14569,14797,26709,34456,10401,18570,359068,130897,46525,27559,107721,13783,916,40,25
2021-05-17T23:59:59+02:00,14,7,6785,5974,12805,13181,15673,18685,35436,38878,65605,67071,52870,56528,36656,46968,11810,21118,6,2,1959,1817,3228,4108,3526,5925,4657,8527,7678,9102,11303,10765,25800,33305,10320,18399,355329,125661,42247,21456,107636,12473,812,40,25
2021-05-16T23:59:59+02:00,14,7,6719,5889,12679,13026,15502,18517,34943,38405,65419,66901,52814,56467,36644,46941,11805,21113,6,2,1900,1718,3124,3985,3446,5823,4549,8380,7493,8913,9108,8161,25314,32622,10286,18340,353847,124505,41738,16101,107600,11959,581,39,24
2021-05-15T23:59:59+02:00,14,7,6714,5880,12672,13019,15497,18511,34934,38401,65417,66899,52813,56466,36644,46941,11805,21113,6,2,1899,1718,3122,3980,3441,5820,4544,8377,7491,8910,9106,8158,25313,32622,10286,18340,353797,124474,41738,16101,107595,11958,578,39,24
2021-05-14T23:59:59+02:00,14,7,6513,5785,12430,12956,15263,18418,33960,37609,64880,66490,52717,56379,36627,46907,11803,21108,6,2,1783,1629,3010,3908,3384,5711,4494,8230,7443,8780,9099,8152,25312,32622,10286,18339,350422,124411,41707,16097,107131,11091,568,38,23
2021-05-13T23:59:59+02:00,14,7,6264,5601,12023,12701,14689,17970,30429,34819,62398,64408,52085,55706,36488,46686,11791,21060,5,2,1741,1589,2954,3832,3352,5619,4451,8127,7362,8661,9059,8091,25293,32579,10281,18334,336414,124156,41482,16073,106698,10573,507,38,23
2021-05-12T23:59:59+02:00,14,7,6246,5577,11949,12634,14575,17860,29795,34240,61890,63955,51911,55533,36451,46641,11784,21047,5,2,1741,1586,2952,3831,3349,5619,4446,8125,7360,8655,9052,8088,25293,32577,10281,18333,333404,124130,41469,16063,106692,10572,507,37,23
2021-05-11T23:59:59+02:00,13,7,5926,5445,11503,12349,14025,17475,25530,30751,59503,61945,51250,54854,36264,46394,11760,20984,5,2,1701,1471,2849,3569,3227,5246,4303,7685,7206,8333,8966,8003,25264,32537,10277,18322,318447,123883,41414,15873,105701,8806,381,35,23
2021-05-10T23:59:59+02:00,13,7,5799,5371,11341,12232,13805,17303,22054,27991,58245,60825,50889,54500,36171,46270,11745,20953,5,2,1661,1373,2763,3340,3124,4915,4190,7195,7085,7893,8926,7942,25252,32515,10275,18318,308505,123734,41254,15724,105407,6980,313,35,23
2021-05-09T23:59:59+02:00,13,7,5724,5339,11253,12168,13702,17221,20454,26809,57781,60439,50787,54400,36146,46229,11738,20948,5,2,1644,1351,2706,3215,3073,4773,4145,7075,7037,7799,8915,7930,25245,32509,10274,18318,307934,123694,37686,15678,105205,6322,299,34,23
2021-05-08T23:59:59+02:00,13,7,5721,5337,11242,12163,13692,17208,20446,26803,57772,60433,50784,54391,36142,46226,11736,20945,5,2,1643,1351,2703,3212,3073,4772,4142,7072,7035,7798,8913,7930,25244,32507,10274,18318,307841,123676,37684,15678,105204,6319,298,34,23
2021-05-07T23:59:59+02:00,13,7,5681,5301,11173,12115,13583,17127,19992,26446,56774,59621,50655,54260,36112,46195,11733,20931,5,2,1543,1309,2623,3168,3031,4743,4107,7048,7013,7765,8905,7922,25242,32506,10274,18317,304671,123639,37664,15670,105057,5898,293,34,23
2021-05-06T23:59:59+02:00,13,7,5428,5189,10657,11806,12875,16672,18692,25460,52505,55962,49459,52879,35780,45794,11681,20830,5,2,1325,1179,2383,2997,2858,4578,3956,6850,6860,7614,8829,7839,25222,32471,10271,18310,289519,123360,37473,15529,104497,4467,170,30,23
2021-05-05T23:59:59+02:00,13,7,5173,5094,10163,11566,12118,16217,17359,24475,48136,51823,47795,50957,35340,45222,11606,20707,5,2,1279,1085,2320,2869,2772,4398,3862,6611,6753,7415,8716,7742,25160,32396,10265,18294,272329,122873,37247,15484,104110,3509,55,30,23
2021-05-04T23:59:59+02:00,13,7,5088,5008,9846,11347,11665,15825,16375,23608,46259,49789,46723,49649,34963,44736,11538,20598,5,2,1268,1066,2292,2828,2730,4313,3809,6503,6681,7336,8674,7703,25139,32379,10264,18289,261924,122653,37222,15420,103829,3153,32,30,23
2021-05-03T23:59:59+02:00,13,7,4988,4920,9492,11175,11199,15559,15318,22746,44685,48170,45840,48695,34741,44392,11510,20505,5,2,1253,1041,2256,2795,2689,4249,3760,6447,6605,7282,8103,7013,23390,30043,10125,18050,252897,116816,37212,15339,103796,2910,20,30,23
2021-05-02T23:59:59+02:00,13,7,4926,4902,9376,11136,11051,15497,14706,22255,44165,47760,45698,48529,34691,44331,11503,20494,5,1,1249,1035,2237,2792,2676,4241,3731,6432,6585,7268,7913,6770,21411,27629,10078,17962,251681,116794,35574,10318,103740,2865,15,30,23
2021-05-01T23:59:59+02:00,13,7,4926,4900,9372,11130,11048,15495,14701,22250,44163,47756,45697,48529,34691,44331,11503,20494,5,1,1248,1035,2237,2792,2676,4241,3730,6432,6584,7268,7913,6769,21411,27629,10078,17962,251648,116791,35574,10318,103739,2864,15,30,23
2021-04-30T23:59:59+02:00,13,7,4880,4876,9305,11114,10992,15470,14625,22223,42679,46344,45363,48199,34654,44279,11498,20484,5,1,1042,940,2040,2702,2577,4180,3644,6372,6519,7209,7906,6752,21410,27627,10078,17962,247660,116782,35574,10315,103727,1832,15,29,22
2021-04-29T23:59:59+02:00,13,7,4641,4793,8828,10965,10389,15292,13940,22014,37740,42028,44351,47167,34532,44161,11494,20453,5,1,863,864,1867,2624,2492,4114,3534,6301,6452,7159,7883,6732,21405,27620,10078,17962,233911,116749,35470,10210,103383,960,15,29,22
2021-04-28T23:59:59+02:00,13,7,4465,4759,8578,10879,10035,15201,13585,21857,33086,37515,43103,45909,34406,44012,11479,20435,5,1,821,837,1829,2575,2459,4037,3498,6192,6404,7069,7863,6712,21392,27607,10073,17955,220662,116661,35451,10162,103169,471,14,28,21
2021-04-27T23:59:59+02:00,12,6,4235,4546,8233,10427,9647,14618,13111,21209,31953,36387,42821,45622,34390,43984,11475,20432,5,1,794,822,1794,2552,2441,4019,3480,6171,6369,7042,7853,6703,21387,27603,10070,17949,217921,116603,35436,10132,99709,286,14,28,20
2021-04-26T23:59:59+02:00,12,6,4213,4519,8160,10389,9541,14564,12961,21148,27541,32005,41602,44400,34310,43883,11462,20421,5,1,762,811,1764,2533,2411,3997,3455,6150,6317,6996,7805,6654,21357,27572,10070,17942,206044,116401,35426,10086,99625,82,14,28,19
2021-04-25T23:59:59+02:00,12,6,4191,4506,8128,10364,9478,14532,12868,21101,25572,29962,40902,43640,34263,43824,11458,20415,5,1,750,803,1752,2519,2393,3982,3430,6129,6284,6967,7785,6637,21340,27551,10069,17938,205378,116374,30313,9851,99490,78,13,28,19
2021-04-24T23:59:59+02:00,12,6,4172,4495,8098,10335,9436,14516,12815,21080,24070,28297,40145,42796,34198,43748,11455,20409,5,1,749,802,1748,2516,2391,3978,3430,6125,6284,6964,7783,6634,21338,27551,10069,17938,200312,116350,30311,9849,99419,75,13,28,19
2021-04-23T23:59:59+02:00,11,6,3908,4343,7626,10036,9007,14161,12253,20677,23589,27996,40056,42734,34177,43714,11449,20402,5,1,736,791,1731,2503,2371,3962,3408,6102,6262,6945,7769,6615,21333,27540,10069,17937,199959,116334,30295,9650,95852,64,13,26,19
2021-04-22T23:59:59+02:00,11,6,3815,4283,7435,9919,8725,13967,11807,20350,21260,25637,37299,39490,33650,43043,11378,20277,5,1,723,782,1702,2472,2313,3904,3337,6030,6152,6848,7690,6528,21277,27496,10066,17922,186925,116216,30103,8940,95285,62,13,26,17
2021-04-21T23:59:59+02:00,11,4,3787,4250,7305,9840,8543,13792,11468,20060,20001,24431,34085,35768,33168,42342,11313,20148,5,1,699,764,1667,2444,2269,3880,3304,5996,6112,6809,7658,6501,21257,27472,10062,17918,175147,116102,29927,8628,95203,58,13,26,17
2021-04-20T23:59:59+02:00,11,4,3754,4223,7200,9771,8331,13632,11098,19762,18904,23278,30772,32121,32691,41743,11256,20031,4,1,691,754,1652,2432,2235,3858,3261,5950,6071,6767,7616,6456,21232,27449,10056,17915,163498,115943,29904,8371,95141,56,13,26,17
2021-04-19T23:59:59+02:00,11,4,3736,4207,7124,9733,8213,13522,10842,19578,18238,22617,29897,30988,32398,41379,11214,19957,4,1,683,749,1631,2418,2211,3828,3225,5916,6037,6736,7573,6423,21201,27421,10053,17911,158659,115811,29886,8126,95074,54,13,26,17
2021-04-18T23:59:59+02:00,11,4,3733,4200,7108,9720,8199,13505,10805,19552,18151,22534,29775,30862,32370,41356,11211,19949,4,1,681,744,1616,2406,2194,3812,3200,5890,6007,6713,7550,6410,21183,27399,10050,17908,158166,115751,29818,7934,95023,53,13,25,17
2021-04-17T23:59:59+02:00,11,4,3731,4198,7104,9717,8195,13505,10799,19545,18137,22523,29752,30849,32368,41353,11211,19949,4,1,680,744,1614,2405,2192,3811,3196,5889,6005,6711,7550,6410,21183,27399,10050,17908,158081,115736,29817,7934,95015,52,13,25,17
2021-04-16T23:59:59+02:00,11,4,3564,4161,6759,9587,7824,13318,10399,19300,17683,22250,29547,30685,32285,41262,11196,19930,4,1,667,724,1602,2390,2165,3796,3142,5852,5963,6661,7457,6319,20770,26833,10020,17847,157320,114407,29809,7727,92598,49,13,25,17
2021-04-15T23:59:59+02:00,11,4,3464,4081,6406,9215,7245,12817,9622,18466,16360,21021,28342,29387,31768,40621,11115,19754,4,1,637,701,1549,2350,2079,3710,3033,5732,5634,6423,6958,5933,20024,25910,9920,17677,151565,111020,29515,7181,88581,44,13,25,17
2021-04-14T23:59:59+02:00,10,4,3410,4034,6168,8976,6916,12439,9003,17918,15240,19987,26924,27881,31136,39739,11003,19557,4,1,604,675,1503,2312,2004,3631,2890,5609,5326,6189,6411,5423,19000,24616,9833,17497,144741,106732,29315,6727,86253,39,13,23,17
2021-04-13T23:59:59+02:00,10,4,3379,4001,6078,8898,6768,12306,8699,17673,14438,19294,23575,24309,30200,38561,10897,19382,4,1,599,666,1490,2289,1972,3596,2789,5538,5108,6005,6044,5079,18698,24268,9791,17430,133087,104606,29304,6694,86045,38,13,23,16
2021-04-12T23:59:59+02:00,10,4,3357,3980,6027,8839,6680,12219,8480,17478,13821,18768,22568,23159,29775,38002,10828,19255,4,1,589,658,1479,2281,1949,3575,2732,5488,4959,5899,5720,4796,18402,23963,9752,17368,127996,103002,29285,6546,85933,38,13,23,16
2021-04-11T23:59:59+02:00,10,4,3351,3974,6009,8815,6651,12202,8438,17455,13729,18709,22439,23009,29723,37937,10818,19231,4,1,585,653,1466,2271,1936,3567,2715,5471,4922,5861,5661,4736,18229,23730,9731,17337,127454,102337,29219,6472,85795,38,13,23,16
2021-04-10T23:59:59+02:00,10,4,3343,3973,5986,8814,6628,12201,8416,17453,13705,18707,22434,23006,29719,37936,10818,19231,4,1,582,650,1458,2263,1930,3564,2708,5462,4906,5853,5647,4719,18065,23475,9717,17313,127432,101813,29128,6439,85790,38,11,23,16
2021-04-09T23:59:59+02:00,9,4,3306,3961,5938,8800,6569,12182,8377,17426,13655,18660,20480,20591,29235,37317,10788,19181,4,1,568,636,1431,2241,1903,3540,2666,5426,4833,5791,5531,4616,17485,22743,9679,17242,126732,100041,24005,6239,85710,30,10,22,16
2021-04-08T23:59:59+02:00,9,4,3281,3942,5870,8769,6495,12142,8287,17362,13511,18542,17880,17517,28714,36651,10750,19131,4,1,526,607,1344,2160,1808,3443,2486,5242,4331,5431,4726,4007,15686,20497,9488,16933,125867,93003,18128,5670,84831,22,9,22,16
2021-04-07T23:59:59+02:00,7,4,3202,3913,5663,8718,6286,12080,8076,17286,13248,18445,15207,14435,28034,35850,10720,19078,4,1,502,578,1289,2103,1711,3362,2333,5102,3917,5098,4003,3436,14824,19626,9372,16746,125651,88644,16584,5322,77989,19,6,22,16
2021-04-06T23:59:59+02:00,6,4,3173,3903,5618,8699,6215,12056,7990,17249,13175,18372,13217,12060,27399,35133,10707,19048,4,1,472,555,1220,2046,1625,3278,2171,4983,3545,4821,3477,3022,13977,18617,9296,16625,125515,84980,16380,4719,72101,15,6,22,15
2021-04-05T23:59:59+02:00,6,4,3171,3900,5583,8684,6178,12043,7945,17232,13102,18336,13172,12014,27388,35116,10706,19045,4,1,441,525,1168,2009,1574,3236,2104,4929,3456,4745,3421,2970,13832,18446,9287,16607,125489,84487,16171,4233,71938,15,5,22,15
2021-04-04T23:59:59+02:00,6,4,3170,3898,5583,8682,6176,12042,7944,17230,13101,18336,13169,12013,27387,35115,10706,19045,4,1,440,523,1167,2009,1573,3236,2103,4929,3456,4745,3421,2970,13831,18446,9287,16607,125476,84481,16171,4232,71933,15,5,22,15
2021-04-03T23:59:59+02:00,6,4,3169,3898,5582,8681,6176,12042,7944,17230,13101,18336,13169,12011,27386,35112,10706,19045,4,1,440,521,1167,2009,1572,3236,2103,4928,3450,4742,3415,2960,13744,18309,9278,16591,125469,84203,16171,4232,71931,15,5,22,15
2021-04-02T23:59:59+02:00,6,4,3169,3893,5578,8676,6171,12033,7936,17217,13074,18305,13122,11958,27358,35093,10703,19041,4,1,437,514,1165,2005,1560,3227,2092,4906,3419,4709,3383,2931,12807,17058,9211,16482,125298,81728,16167,4150,71845,15,5,22,13
2021-04-01T23:59:59+02:00,6,4,3155,3879,5539,8657,6104,12000,7865,17182,12961,18233,13008,11831,27300,35016,10694,19026,4,1,389,470,1066,1937,1460,3138,1940,4793,3215,4578,3146,2729,10765,14455,9095,16300,124983,76091,16044,3358,71408,15,4,21,13
2021-03-31T23:59:59+02:00,6,4,3154,3865,5522,8623,6068,11964,7821,17136,12880,18164,12894,11709,27249,34954,10686,19016,3,1,351,447,1030,1894,1387,3098,1835,4689,2956,4377,2729,2412,8165,11223,8914,16058,124671,68524,16003,3014,71017,14,4,20,13
2021-03-30T23:59:59+02:00,6,4,3148,3853,5498,8597,6035,11932,7781,17095,12802,18098,12808,11570,27211,34906,10680,19006,3,1,330,429,1008,1862,1328,3063,1711,4608,2709,4206,2359,2164,7277,10141,8847,15929,124537,65206,15972,2739,70499,14,3,19,13
2021-03-29T23:59:59+02:00,6,4,3136,3849,5469,8577,5999,11896,7737,17061,12728,18021,12160,10812,25341,32416,10530,18749,3,1,324,426,1001,1847,1308,3038,1677,4567,2560,4118,2071,2013,6617,9429,8803,15851,118535,62890,15802,2736,70132,12,3,19,13
2021-03-28T23:59:59+02:00,6,4,3106,3833,5421,8539,5949,11851,7656,17006,12617,17951,11896,10508,23356,29948,10476,18650,3,1,323,424,998,1846,1299,3034,1673,4565,2548,4110,2046,1993,6593,9414,8801,15846,118477,62757,10616,2734,69658,12,3,19,11
2021-03-27T23:59:59+01:00,6,4,3094,3828,5380,8527,5912,11836,7606,16990,12571,17904,11861,10464,23352,29940,10476,18650,3,1,323,424,998,1846,1299,3034,1672,4563,2546,4107,2044,1991,6545,9339,8769,15798,118405,62542,10614,2734,69360,12,3,19,11
2021-03-26T23:59:59+01:00,6,4,2966,3507,4930,7374,5416,10519,6994,14942,11765,15618,11638,10280,22868,29212,10431,18579,3,1,322,421,995,1843,1293,3029,1669,4561,2541,4100,2036,1985,6416,9150,8625,15611,116852,61861,10357,2722,59818,4,3,19,11
2021-03-25T23:59:59+01:00,6,3,2846,3245,4771,6607,5185,9371,6669,13220,11036,13815,10776,9473,22138,28362,10354,18422,3,1,317,412,988,1834,1278,3010,1650,4528,2505,4050,1968,1926,6126,8722,8344,15158,113919,60086,9653,2718,52705,3,3,19,10
2021-03-24T23:59:59+01:00,6,3,2800,3200,4695,6543,5051,9264,6464,13049,10523,13409,9937,8653,21120,27104,10257,18234,3,1,314,407,981,1828,1261,2999,1635,4504,2458,3994,1899,1851,5760,8246,7926,14482,109884,57828,9306,2707,51103,3,1,18,10
2021-03-23T23:59:59+01:00,6,3,2772,3167,4627,6473,4940,9171,6249,12887,10064,12986,9218,7982,20606,26496,10202,18127,3,1,302,394,964,1817,1246,2975,1605,4482,2408,3945,1820,1785,5476,7861,7523,13855,107477,55743,8974,2706,49506,2,1,18,10
2021-03-22T23:59:59+01:00,6,3,2754,3128,4567,6434,4864,9103,6111,12748,9702,12713,8614,7411,20184,26058,10142,18033,1,1,300,391,953,1810,1232,2961,1592,4470,2381,3917,1793,1763,5337,7687,7073,13029,105989,53978,8716,2701,47851,2,1,18,9
2021-03-21T23:59:59+01:00,6,3,2747,3111,4520,6410,4813,9067,6017,12681,9513,12526,8306,7151,20016,25891,10130,18005,1,1,300,391,952,1810,1229,2961,1591,4469,2378,3917,1786,1757,5328,7682,7042,12971,105786,53870,8483,2684,46625,2,1,18,9
2021-03-20T23:59:59+01:00,6,3,2746,3104,4513,6404,4806,9064,6013,12673,9493,12512,8273,7119,19843,25614,10114,17979,1,1,300,391,952,1808,1228,2961,1590,4468,2374,3909,1774,1744,5313,7633,6864,12731,105229,53371,8470,2659,46561,2,1,18,9
2021-03-19T23:59:59+01:00,6,3,2710,3077,4443,6359,4699,9013,5873,12615,9225,12324,7969,6892,19358,25023,10082,17920,1,1,300,390,951,1807,1228,2958,1588,4467,2367,3904,1758,1733,5276,7590,6450,12107,103925,52228,8228,2636,45419,2,1,18,9
2021-03-18T23:59:59+01:00,6,3,2644,3004,4279,6221,4450,8808,5515,12308,8308,11653,6704,5868,18096,23656,9927,17687,1,1,297,385,946,1797,1214,2945,1549,4451,2302,3858,1679,1691,5201,7483,5706,10988,98993,49890,7684,2594,42441,1,1,18,8
2021-03-17T23:59:59+01:00,6,3,2608,2964,4197,6124,4312,8699,5260,12032,7632,11085,5714,4967,16744,22114,9760,17427,1,1,293,383,942,1789,1210,2936,1532,4429,2236,3833,1614,1646,5156,7416,5126,10099,93545,48095,7185,2537,40899,1,1,18,8
2021-03-16T23:59:59+01:00,5,3,2588,2936,4134,6057,4218,8602,5083,11876,7183,10696,4948,4349,15883,21132,9653,17253,1,1,289,381,939,1784,1207,2929,1524,4419,2214,3814,1582,1629,5119,7373,4615,9278,89882,46632,7146,2458,39552,0,1,18,7
2021-03-15T23:59:59+01:00,5,3,2585,2925,4119,6036,4186,8576,5034,11829,7065,10579,4801,4187,15562,20719,9621,17194,1,1,287,377,938,1778,1201,2922,1510,4410,2193,3792,1538,1612,5059,7298,4028,8415,89106,45037,7047,2315,38854,0,1,18,7
2021-03-14T23:59:59+01:00,5,2,2579,2917,4098,6015,4156,8556,4993,11795,6971,10490,4695,4071,15428,20549,9604,17153,1,1,285,376,938,1776,1195,2915,1505,4399,2182,3785,1528,1606,5051,7290,4022,8401,88797,44974,7028,2274,38234,0,1,17,7
2021-03-13T23:59:59+01:00,5,2,2572,2907,4090,6003,4148,8549,4985,11785,6952,10477,4671,4045,15114,20112,9584,17117,1,1,285,376,938,1776,1195,2915,1505,4399,2182,3785,1527,1606,5051,7289,4022,8401,87909,44973,7006,2273,38185,0,1,17,7
2021-03-12T23:59:59+01:00,5,2,2508,2832,3980,5832,4028,8326,4848,11487,6773,10205,4518,3907,14184,18850,9521,17015,1,1,285,375,936,1773,1195,2911,1502,4394,2181,3778,1520,1604,5044,7270,4020,8384,85425,44895,6945,2271,36435,0,1,15,7
2021-03-11T23:59:59+01:00,4,2,2384,2607,3751,5505,3772,7892,4520,10724,6140,9394,3994,3401,12565,16847,9419,16865,1,1,285,374,932,1768,1192,2898,1493,4382,2169,3751,1479,1576,5003,7233,4008,8357,81054,44747,6782,2147,31934,0,1,15,7
2021-03-10T23:59:59+01:00,4,2,2265,2476,3594,5267,3577,7568,4248,10240,5583,8825,3419,2953,10276,14118,9270,16627,1,1,281,370,927,1758,1185,2887,1489,4366,2147,3736,1450,1568,4973,7218,3999,8347,74696,44681,6610,2014,28990,0,1,15,7
2021-03-09T23:59:59+01:00,4,2,2240,2425,3528,5178,3463,7478,4078,10043,5188,8475,2935,2593,8749,12099,9164,16476,1,1,280,369,927,1752,1178,2877,1485,4358,2139,3725,1435,1562,4965,7213,3996,8345,69805,44640,6462,1961,27835,0,1,15,6
2021-03-08T23:59:59+01:00,4,2,2216,2350,3469,5109,3389,7394,3955,9930,4891,8281,2491,2329,6811,9699,9043,16298,1,1,280,366,926,1742,1172,2861,1479,4347,2134,3718,1424,1555,4949,7193,3989,8335,64093,44531,6125,1934,27427,0,1,15,6
2021-03-07T23:59:59+01:00,4,2,2154,2294,3373,5001,3292,7304,3856,9843,4754,8186,2440,2277,6788,9678,9043,16290,1,1,279,364,925,1742,1172,2859,1479,4347,2134,3718,1424,1555,4948,7193,3989,8334,63964,44525,5442,1932,27157,0,1,15,6
2021-03-06T23:59:59+01:00,4,2,2146,2281,3359,4991,3288,7299,3847,9833,4744,8181,2438,2274,6742,9608,9011,16240,1,1,279,364,924,1738,1171,2858,1479,4344,2130,3713,1423,1550,4942,7188,3987,8324,63753,44477,5382,1932,27137,0,1,15,6
2021-03-05T23:59:59+01:00,4,2,2016,2195,3134,4804,3047,6987,3569,9438,4410,7844,2349,2212,6534,9286,8814,15974,1,1,279,362,922,1735,1170,2857,1478,4338,2127,3707,1417,1548,4936,7182,3986,8317,62759,44425,4535,1932,25310,0,0,15,6
2021-03-04T23:59:59+01:00,4,2,1765,1975,2721,4367,2589,6348,3003,8538,3724,7031,2130,2052,6238,8919,8530,15511,1,1,276,361,921,1726,1168,2840,1477,4322,2118,3695,1406,1546,4924,7168,3980,8306,61097,44302,3255,1928,21080,0,0,15,6
2021-03-03T23:59:59+01:00,4,2,1694,1887,2614,4184,2456,6121,2861,8248,3537,6767,2046,1974,5897,8443,8164,14921,1,1,275,357,921,1716,1165,2817,1473,4298,2113,3680,1381,1534,4919,7162,3976,8298,59067,44154,3111,1928,19627,0,0,15,5
2021-03-02T23:59:59+01:00,4,2,1659,1810,2544,4063,2375,5969,2754,8066,3423,6615,1971,1906,5580,8002,7751,14242,1,1,273,352,918,1697,1162,2797,1470,4279,2112,3669,1356,1528,4909,7145,3971,8290,56935,43997,2868,1928,18918,0,0,15,5
2021-03-01T23:59:59+01:00,2,2,1649,1783,2506,3955,2327,5854,2718,7965,3370,6536,1929,1885,5442,7839,7270,13365,1,1,272,350,914,1691,1160,2785,1468,4266,2110,3653,1350,1523,4906,7143,3969,8283,55054,43912,2857,1928,18471,0,0,15,5
2021-02-28T23:59:59+01:00,2,2,1633,1745,2472,3883,2296,5800,2675,7884,3343,6488,1923,1881,5434,7834,7233,13305,1,1,272,350,913,1691,1160,2785,1468,4265,2110,3652,1350,1523,4906,7142,3969,8283,54929,43909,2855,1927,18034,0,0,15,5
2021-02-27T23:59:59+01:00,2,2,1631,1738,2469,3876,2293,5800,2673,7883,3340,6486,1917,1871,5424,7790,7060,13081,1,1,272,350,903,1686,1150,2778,1458,4256,2093,3643,1349,1520,4906,7141,3969,8283,54458,43905,2855,1849,18008,0,0,15,5
2021-02-26T23:59:59+01:00,2,1,1442,1578,2340,3635,2215,5392,2580,7379,3253,6028,1902,1847,5399,7757,6790,12686,1,1,270,348,895,1679,1142,2758,1452,4234,2083,3630,1342,1511,4898,7129,3965,8270,53699,43823,2835,1780,15677,0,0,15,5
2021-02-25T23:59:59+01:00,2,1,1229,1297,2120,3204,2043,4642,2382,6438,3010,5131,1811,1775,5347,7677,6206,11832,1,1,268,340,888,1619,1108,2663,1419,4123,2027,3555,1304,1490,4854,7087,3945,8215,51794,43350,2823,1552,11517,0,0,13,5
2021-02-24T23:59:59+01:00,2,1,1176,1089,2015,2940,1937,4304,2249,6034,2840,4862,1734,1720,5286,7587,5438,10640,1,1,266,334,851,1571,1058,2572,1358,4006,1938,3426,1264,1462,4836,7060,3935,8194,49435,43084,2812,1044,9594,0,0,13,5
2021-02-23T23:59:59+01:00,2,1,1159,1038,1979,2876,1911,4206,2223,5949,2806,4799,1726,1705,5250,7539,4791,9607,1,1,266,333,824,1544,1008,2520,1305,3928,1832,3351,1212,1435,4812,7034,3922,8156,47635,42878,2784,601,9135,0,0,13,5
2021-02-22T23:59:59+01:00,2,1,1151,995,1930,2732,1867,4060,2167,5755,2752,4694,1714,1694,5216,7491,4176,8714,1,1,265,324,782,1506,953,2437,1216,3820,1692,3253,1122,1376,4768,6963,3893,8045,46007,42402,2766,10,8327,0,0,11,5
2021-02-21T23:59:59+01:00,2,1,1148,981,1901,2670,1840,3963,2140,5650,2732,4631,1707,1688,5213,7482,4176,8710,1,1,263,322,777,1500,945,2405,1214,3783,1679,3213,1113,1361,4750,6936,3868,8001,45954,42117,2756,10,7914,0,0,11,5
2021-02-20T23:59:59+01:00,2,1,1148,981,1900,2669,1839,3962,2140,5650,2728,4625,1698,1679,5206,7475,4174,8707,1,1,263,322,777,1499,944,2401,1213,3779,1678,3211,1113,1361,4697,6876,3821,7943,45939,41886,2728,9,7906,0,0,11,5
2021-02-19T23:59:59+01:00,2,1,1148,979,1897,2664,1839,3951,2139,5641,2724,4621,1679,1670,5191,7457,4171,8702,1,1,262,320,773,1489,935,2376,1206,3737,1649,3157,1085,1322,4504,6623,3642,7642,45858,40710,2706,9,7901,0,0,11,5
2021-02-18T23:59:59+01:00,2,1,1116,897,1857,2545,1800,3814,2086,5435,2663,4448,1662,1653,5175,7425,4166,8673,1,1,235,291,727,1364,886,2170,1120,3398,1532,2860,973,1132,4006,5838,3225,6738,45705,36483,2673,9,7029,0,0,11,5
2021-02-17T23:59:59+01:00,2,1,1070,770,1776,2313,1722,3518,1976,5075,2588,4201,1637,1644,5154,7410,4157,8670,1,1,230,288,717,1346,877,2148,1108,3363,1513,2838,967,1129,3622,5311,2924,6311,45663,34680,2613,9,5397,0,0,11,5
2021-02-16T23:59:59+01:00,2,1,1029,731,1721,2209,1653,3345,1905,4869,2509,4093,1597,1630,5127,7387,4148,8658,1,1,223,282,700,1310,855,2094,1077,3245,1474,2751,943,1105,3263,4761,2580,5813,45609,32468,2446,6,4550,0,0,9,4
2021-02-15T23:59:59+01:00,2,1,1023,712,1701,2132,1635,3245,1886,4760,2495,4014,1567,1616,5097,7371,4115,8602,1,1,211,272,684,1275,836,2044,1056,3180,1432,2686,913,1074,2834,4202,2241,5234,45482,30167,2360,5,4123,0,0,9,4
2021-02-14T23:59:59+01:00,2,1,929,678,1625,2099,1573,3226,1843,4738,2460,4001,1560,1614,5088,7359,4112,8596,1,1,204,261,675,1257,818,2004,1040,3114,1401,2618,883,1028,2742,4061,2162,5035,45437,29298,2325,4,3734,0,0,8,3
2021-02-13T23:59:59+01:00,2,1,877,654,1595,2076,1558,3217,1827,4731,2452,4000,1559,1613,5088,7358,4111,8595,1,1,202,260,673,1256,818,2000,1040,3112,1400,2615,882,1027,2638,3935,2096,4934,45430,28884,2325,3,3551,0,0,8,3
2021-02-12T23:59:59+01:00,2,1,550,508,1247,1959,1387,3114,1686,4649,2345,3930,1540,1605,5078,7347,4101,8585,1,1,190,254,658,1229,804,1956,1013,3026,1345,2515,820,952,2410,3618,1948,4610,45308,27345,2324,2,1994,0,0,8,3
2021-02-11T23:59:59+01:00,2,1,389,434,1058,1845,1284,2996,1588,4534,2256,3840,1431,1560,5015,7294,4078,8535,1,1,154,192,558,985,668,1510,813,2355,1066,1920,577,698,1791,2730,1436,3327,44950,20780,2116,1,1066,0,0,8,1
2021-02-10T23:59:59+01:00,2,1,276,365,931,1739,1182,2874,1493,4349,2142,3718,1392,1547,4994,7283,4074,8533,1,1,133,129,388,625,495,1021,644,1743,898,1586,556,682,1385,2170,1120,2825,44874,16401,2007,0,7,0,0,7,1
2021-02-09T23:59:59+01:00,2,1,276,364,930,1733,1179,2864,1493,4343,2141,3713,1384,1544,4992,7281,4073,8531,1,1,130,127,379,592,476,994,622,1714,873,1555,554,679,1001,1701,840,2417,44849,14656,1983,0,5,0,0,7,0
2021-02-08T23:59:59+01:00,2,1,276,362,929,1731,1176,2854,1486,4338,2139,3709,1379,1540,4990,7281,4072,8528,1,1,125,121,368,579,468,974,610,1681,855,1529,546,674,606,1210,534,1989,44821,12871,1960,0,5,0,0,7,0
2021-02-07T23:59:59+01:00,2,1,276,362,926,1731,1175,2854,1484,4336,2139,3709,1379,1540,4990,7280,4071,8528,1,1,121,118,363,575,467,967,606,1669,845,1513,538,671,605,1200,529,1974,44817,12763,1959,0,0,0,0,7,0
2021-02-06T23:59:59+01:00,2,1,276,362,926,1731,1175,2854,1484,4336,2139,3709,1379,1540,4990,7280,4071,8528,1,1,118,115,361,571,466,965,606,1667,845,1512,537,670,605,1200,529,1974,44817,12743,1959,0,0,0,0,7,0
2021-02-05T23:59:59+01:00,2,1,275,361,924,1731,1175,2853,1482,4335,2138,3709,1379,1540,4989,7278,4071,8525,1,1,117,106,358,566,458,952,602,1657,832,1489,532,660,599,1184,519,1948,44802,12581,1959,0,0,0,0,7,0
2021-02-04T23:59:59+01:00,2,1,271,356,918,1692,1167,2806,1482,4283,2127,3666,1371,1533,4960,7246,4059,8491,1,0,89,71,240,393,332,694,473,1264,622,1120,402,522,504,968,454,1681,44466,9830,1958,0,0,0,0,7,0
2021-02-03T23:59:59+01:00,2,1,269,346,914,1666,1163,2771,1471,4234,2118,3630,1363,1517,4935,7216,4045,8461,1,0,55,34,86,168,153,347,230,597,299,546,212,279,290,604,265,1048,44158,5214,1957,0,0,0,0,7,0
2021-02-02T23:59:59+01:00,2,1,268,344,913,1654,1159,2752,1468,4202,2111,3604,1355,1511,4927,7202,4036,8435,1,0,16,10,29,53,61,101,73,165,95,124,46,76,70,133,57,209,43980,1319,1957,0,0,0,0,7,0
2021-02-01T23:59:59+01:00,2,1,268,339,913,1651,1158,2751,1467,4198,2110,3597,1353,1510,4925,7201,4036,8435,1,0,13,9,25,46,51,92,60,140,73,105,40,68,62,124,55,196,43951,1160,1957,0,0,0,0,7,0
2021-01-31T23:59:59+01:00,2,1,268,338,913,1647,1157,2746,1467,4193,2110,3594,1352,1510,4924,7200,4036,8434,1,0,12,8,22,41,44,84,54,129,63,99,35,57,53,114,52,188,43930,1056,1955,0,0,0,0,7,0
2021-01-30T23:59:59+01:00,2,1,268,338,908,1644,1149,2738,1459,4187,2106,3591,1352,1510,4871,7140,3989,8376,1,0,12,8,22,39,44,84,53,128,63,99,35,57,53,114,52,188,43701,1052,1921,0,0,0,0,7,0
2021-01-29T23:59:59+01:00,2,1,267,336,893,1636,1137,2717,1447,4157,2082,3564,1343,1504,4706,6939,3821,8167,1,0,10,8,22,39,41,84,52,126,60,98,33,52,52,114,52,188,42903,1032,1809,0,0,0,0,7,0
2021-01-28T23:59:59+01:00,2,1,263,323,873,1550,1098,2607,1410,4055,2012,3489,1317,1491,4369,6467,3544,7808,1,0,7,4,10,19,22,42,21,58,35,65,20,34,36,74,40,126,41108,614,1564,0,0,0,0,7,0
2021-01-27T23:59:59+01:00,2,1,257,320,831,1495,1051,2513,1346,3957,1938,3381,1277,1464,3956,5894,3215,7335,1,0,3,4,10,9,11,21,8,23,14,31,12,15,18,42,17,63,39115,302,1111,0,0,0,0,7,0
2021-01-26T23:59:59+01:00,2,1,250,311,794,1448,984,2428,1285,3830,1822,3274,1216,1412,3605,5335,2858,6812,1,0,1,1,6,4,4,7,4,3,3,9,7,5,5,7,4,8,36998,79,664,0,0,0,0,5,0
2021-01-25T23:59:59+01:00,2,1,240,302,743,1387,923,2309,1183,3685,1663,3152,1136,1380,3206,4820,2541,6337,1,0,1,1,6,3,2,7,2,2,3,9,7,5,5,7,4,8,34944,73,62,0,0,0,0,4,0
2021-01-24T23:59:59+01:00,2,1,237,302,737,1383,912,2293,1178,3669,1635,3122,1130,1377,3179,4784,2524,6315,1,0,1,1,4,3,2,7,2,2,3,9,7,5,5,7,4,8,34769,71,8,0,0,0,0,3,0
2021-01-23T23:59:59+01:00,2,1,236,301,736,1382,912,2289,1177,3667,1632,3120,1129,1377,3073,4658,2457,6213,1,0,1,1,4,3,2,7,2,2,3,9,7,5,5,7,4,8,34352,71,7,0,0,0,0,3,0
2021-01-22T23:59:59+01:00,2,1,235,298,733,1366,910,2276,1171,3651,1628,3116,1127,1376,2911,4463,2354,6068,1,0,1,1,4,3,2,7,2,2,3,9,7,5,5,7,4,8,33676,71,7,0,0,0,0,3,0
2021-01-21T23:59:59+01:00,2,1,230,270,668,1210,843,2064,1090,3366,1532,2911,1084,1333,2563,3998,2059,5625,1,0,1,0,3,2,2,7,2,2,3,9,7,4,5,7,4,8,30841,67,7,0,0,0,0,1,0
2021-01-20T23:59:59+01:00,2,1,206,206,508,858,668,1573,889,2666,1295,2445,986,1198,2022,3245,1635,4814,1,0,1,0,3,2,2,7,2,2,3,7,6,4,5,7,4,8,25210,64,7,0,0,0,0,0,0
2021-01-19T23:59:59+01:00,2,1,181,189,460,747,613,1418,803,2369,1119,2137,818,939,1368,2303,1149,3681,0,0,0,0,2,1,0,0,0,0,2,1,1,0,0,0,0,0,20294,7,3,0,0,0,0,0,0
2021-01-18T23:59:59+01:00,1,1,137,134,384,623,490,1062,647,1824,928,1643,606,729,694,1353,604,2249,0,0,0,0,1,0,0,0,0,0,1,0,0,0,0,0,0,0,14106,2,3,0,0,0,0,0,0
2021-01-17T23:59:59+01:00,1,1,126,119,369,588,475,997,618,1707,869,1544,557,688,643,1250,558,2084,0,0,0,0,0,0,0,0,0,0,0,0,0,0,0,0,0,0,13193,0,1,0,0,0,0,0,0
2021-01-16T23:59:59+01:00,1,1,119,115,366,584,473,985,612,1694,863,1537,556,687,642,1244,553,2070,0,0,0,0,0,0,0,0,0,0,0,0,0,0,0,0,0,0,13101,0,1,0,0,0,0,0,0
2021-01-15T23:59:59+01:00,1,1,117,108,363,577,465,969,608,1683,849,1513,550,674,634,1227,545,2044,0,0,0,0,0,0,0,0,0,0,0,0,0,0,0,0,0,0,12928,0,0,0,0,0,0,0,0
2021-01-14T23:59:59+01:00,1,1,97,87,280,468,393,790,504,1412,692,1224,432,541,551,1028,482,1843,0,0,0,0,0,0,0,0,0,0,0,0,0,0,0,0,0,0,10826,0,0,0,0,0,0,0,0
2021-01-13T23:59:59+01:00,1,1,67,47,168,285,258,523,353,924,472,788,265,328,335,678,311,1172,0,0,0,0,0,0,0,0,0,0,0,0,0,0,0,0,0,0,6976,0,0,0,0,0,0,0,0
2021-01-12T23:59:59+01:00,1,1,31,20,54,104,115,216,151,384,195,336,138,180,176,376,180,653,0,0,0,0,0,0,0,0,0,0,0,0,0,0,0,0,0,0,3311,0,0,0,0,0,0,0,0
2021-01-11T23:59:59+01:00,1,0,17,10,38,66,63,114,78,171,89,127,40,67,66,130,55,200,0,0,0,0,0,0,0,0,0,0,0,0,0,0,0,0,0,0,1332,0,0,0,0,0,0,0,0
2021-01-10T23:59:59+01:00,1,0,14,7,31,55,56,102,68,156,73,113,34,57,56,119,50,190,0,0,0,0,0,0,0,0,0,0,0,0,0,0,0,0,0,0,1182,0,0,0,0,0,0,0,0
2021-01-09T23:59:59+01:00,1,0,13,7,30,53,55,101,65,155,73,111,34,57,56,119,50,190,0,0,0,0,0,0,0,0,0,0,0,0,0,0,0,0,0,0,1170,0,0,0,0,0,0,0,0
2021-01-08T23:59:59+01:00,1,0,10,7,28,50,50,96,60,142,67,107,32,52,55,119,50,190,0,0,0,0,0,0,0,0,0,0,0,0,0,0,0,0,0,0,1116,0,0,0,0,0,0,0,0
2021-01-07T23:59:59+01:00,1,0,7,4,10,20,22,43,23,57,36,67,19,35,40,79,39,126,0,0,0,0,0,0,0,0,0,0,0,0,0,0,0,0,0,0,628,0,0,0,0,0,0,0,0
2021-01-06T23:59:59+01:00,1,0,7,4,10,16,14,30,15,40,25,55,16,25,33,69,37,110,0,0,0,0,0,0,0,0,0,0,0,0,0,0,0,0,0,0,507,0,0,0,0,0,0,0,0
2021-01-05T23:59:59+01:00,1,0,7,4,10,16,14,30,15,40,25,55,16,25,32,69,37,110,0,0,0,0,0,0,0,0,0,0,0,0,0,0,0,0,0,0,506,0,0,0,0,0,0,0,0
2021-01-04T23:59:59+01:00,1,0,2,4,9,6,4,14,4,8,6,18,7,5,9,16,5,15,0,0,0,0,0,0,0,0,0,0,0,0,0,0,0,0,0,0,133,0,0,0,0,0,0,0,0
2021-01-03T23:59:59+01:00,1,0,1,1,4,3,2,7,3,3,3,10,5,4,6,8,4,9,0,0,0,0,0,0,0,0,0,0,0,0,0,0,0,0,0,0,74,0,0,0,0,0,0,0,0
2021-01-02T23:59:59+01:00,1,0,1,1,4,3,2,7,3,3,3,10,5,4,6,8,4,9,0,0,0,0,0,0,0,0,0,0,0,0,0,0,0,0,0,0,74,0,0,0,0,0,0,0,0
2021-01-01T23:59:59+01:00,1,0,1,1,4,3,2,7,2,3,3,10,5,4,6,8,4,9,0,0,0,0,0,0,0,0,0,0,0,0,0,0,0,0,0,0,73,0,0,0,0,0,0,0,0
2020-12-31T23:59:59+01:00,1,0,1,1,4,2,2,7,2,2,3,9,5,4,6,8,4,9,0,0,0,0,0,0,0,0,0,0,0,0,0,0,0,0,0,0,70,0,0,0,0,0,0,0,0
2020-12-30T23:59:59+01:00,1,0,1,1,4,2,2,7,2,2,3,7,5,4,6,8,4,9,0,0,0,0,0,0,0,0,0,0,0,0,0,0,0,0,0,0,68,0,0,0,0,0,0,0,0
2020-12-29T23:59:59+01:00,1,0,1,1,3,1,2,6,2,2,3,6,3,2,5,8,3,8,0,0,0,0,0,0,0,0,0,0,0,0,0,0,0,0,0,0,57,0,0,0,0,0,0,0,0
2020-12-28T23:59:59+01:00,1,0,0,0,3,1,0,2,1,0,1,3,0,1,0,1,1,5,0,0,0,0,0,0,0,0,0,0,0,0,0,0,0,0,0,0,20,0,0,0,0,0,0,0,0
2020-12-27T23:59:59+01:00,0,0,0,0,0,0,0,1,1,0,1,2,0,1,0,1,1,5,0,0,0,0,0,0,0,0,0,0,0,0,0,0,0,0,0,0,13,0,0,0,0,0,0,0,0
