Datum,<15_m,<15_w,15-24_1_m,15-24_1_w,25-34_1_m,25-34_1_w,35-44_1_m,35-44_1_w,45-54_1_m,45-54_1_w,55-64_1_m,55-64_1_w,65-74_1_m,65-74_1_w,75-84_1_m,75-84_1_w,>84_1_m,>84_1_w,<24_2_m,<24_2_w,25-34_2_m,25-34_2_w,35-44_2_m,35-44_2_w,45-54_2_m,45-54_2_w,55-64_2_m,55-64_2_w,65-74_2_m,65-74_2_w,75-84_2_m,75-84_2_w,>84_2_m,>84_2_w,bp_1,bp_2,mo_1,mo_2,az_1,az_2,ja,unb_1,unb_2
2021-09-15T23:59:59+02:00,4771,4462,41311,39685,55091,47697,59647,56185,71753,70290,86618,84847,60170,64295,39180,50474,12111,21603,37199,35732,51436,43754,56322,52153,67987,65804,82673,80755,57991,61789,37885,48688,11716,20841,644635,603747,79232,75923,110016,103841,36264,48,56
2021-09-14T23:59:59+02:00,4745,4439,41193,39570,54977,47611,59562,56081,71661,70203,86547,84793,60152,64270,39163,50460,12106,21597,37126,35660,51355,43702,56257,52086,67916,65744,82621,80719,57975,61764,37872,48668,11710,20833,643917,603346,79232,75923,110016,103840,35922,48,56
2021-09-13T23:59:59+02:00,4717,4424,41096,39460,54885,47515,59498,55979,71586,70150,86504,84751,60121,64238,39155,50447,12102,21591,37055,35595,51269,43642,56199,52020,67850,65709,82581,80693,57954,61738,37863,48654,11709,20825,643200,602907,79227,75873,110015,103825,35734,48,56
2021-09-12T23:59:59+02:00,4708,4410,41065,39433,54866,47492,59474,55949,71559,70120,86489,84731,60113,64230,39153,50444,12100,21587,37018,35566,51250,43623,56174,52001,67831,65680,82558,80673,57941,61724,37857,48640,11709,20823,642994,602694,79218,75868,110014,103823,35654,48,56
2021-09-11T23:59:59+02:00,4699,4408,41049,39407,54838,47465,59455,55933,71536,70109,86478,84723,60112,64227,39152,50443,12100,21585,37000,35555,51229,43603,56161,51989,67809,65670,82545,80669,57939,61723,37855,48640,11709,20822,642897,602647,79218,75867,110014,103823,35547,48,56
2021-09-10T23:59:59+02:00,4654,4369,40877,39235,54686,47332,59341,55784,71411,70007,86389,84642,60084,64199,39141,50430,12096,21578,36880,35467,51125,43514,56074,51899,67718,65606,82473,80615,57920,61702,37846,48626,11702,20816,641990,602232,79217,75867,110014,103823,34989,48,56
2021-09-09T23:59:59+02:00,4578,4283,40641,39019,54492,47112,59169,55566,71263,69844,86284,84548,60059,64153,39118,50401,12087,21572,36675,35291,50952,43365,55928,51738,67577,65485,82362,80535,57878,61655,37827,48604,11696,20807,640512,601097,79216,75865,110014,103823,34401,48,55
2021-09-08T23:59:59+02:00,4479,4189,40424,38761,54304,46930,58999,55397,71153,69725,86191,84472,60022,64114,39111,50368,12081,21565,36398,35019,50729,43154,55736,51554,67442,65357,82249,80431,57845,61598,37804,48565,11685,20793,639101,599366,79211,75857,110014,103823,33912,48,55
2021-09-07T23:59:59+02:00,4408,4131,40224,38589,54177,46814,58894,55290,71077,69639,86129,84407,59998,64086,39101,50351,12078,21562,36272,34909,50628,43076,55657,51490,67373,65290,82182,80374,57809,61567,37792,48542,11678,20785,638100,598708,79203,75844,110010,103822,33595,48,55
2021-09-06T23:59:59+02:00,4367,4083,40121,38488,54101,46742,58825,55216,71030,69582,86083,84370,59978,64070,39098,50346,12077,21558,36158,34791,50536,43006,55574,51406,67314,65219,82127,80312,57781,61537,37779,48529,11677,20783,637423,597950,79203,75806,110009,103811,33453,48,55
2021-09-05T23:59:59+02:00,4354,4066,40087,38459,54077,46711,58789,55188,71002,69559,86059,84347,59975,64068,39095,50341,12076,21554,36132,34769,50507,42984,55544,51385,67295,65202,82109,80296,57773,61532,37776,48523,11675,20780,637202,597802,79202,75801,110008,103811,33348,48,55
2021-09-04T23:59:59+02:00,4354,4064,40078,38457,54072,46704,58788,55186,71000,69555,86055,84340,59975,64066,39095,50341,12076,21554,36121,34766,50504,42977,55540,51384,67293,65198,82106,80292,57772,61530,37776,48523,11675,20780,637183,597788,79202,75800,110008,103809,33320,48,55
2021-09-03T23:59:59+02:00,4315,4033,39964,38343,53973,46635,58709,55103,70932,69495,85989,84309,59957,64050,39089,50336,12073,21551,36044,34696,50422,42937,55482,51333,67236,65156,82061,80260,57757,61516,37768,48517,11669,20779,636600,597484,79202,75795,110008,103809,32999,48,55
2021-09-02T23:59:59+02:00,4275,3991,39789,38182,53836,46473,58576,54976,70807,69376,85911,84244,59910,64013,39066,50309,12071,21541,35922,34615,50315,42852,55385,51245,67136,65073,81987,80197,57709,61483,37751,48493,11663,20772,635599,596929,79202,75794,110008,103805,32490,48,55
2021-09-01T23:59:59+02:00,4215,3920,39598,38010,53675,46327,58462,54864,70714,69288,85850,84168,59866,63982,39050,50296,12069,21530,35593,34271,50089,42596,55191,51053,66977,64903,81854,80087,57661,61426,37717,48462,11657,20766,634481,594723,79191,75782,110007,103804,32158,48,55
2021-08-31T23:59:59+02:00,4164,3873,39463,37859,53547,46216,58362,54755,70628,69214,85774,84113,59835,63953,39032,50268,12067,21527,35473,34167,49948,42497,55084,50967,66884,64836,81774,80033,57619,61391,37703,48442,11651,20763,633554,594148,79189,75781,110005,103576,31855,48,55
2021-08-30T23:59:59+02:00,4113,3829,39356,37735,53446,46131,58278,54680,70567,69135,85713,84066,59818,63928,39020,50257,12065,21521,35399,34094,49873,42433,55008,50895,66824,64775,81720,79975,57591,61363,37688,48419,11650,20752,632732,593558,79186,75746,110005,103564,31688,48,55
2021-08-29T23:59:59+02:00,4103,3819,39338,37717,53427,46116,58264,54661,70560,69125,85696,84049,59816,63926,39017,50253,12064,21520,35368,34069,49842,42416,54995,50869,66802,64747,81697,79960,57581,61347,37683,48413,11647,20751,632615,593357,79183,75729,110005,103564,31621,48,55
2021-08-28T23:59:59+02:00,4103,3819,39337,37717,53426,46114,58264,54661,70559,69123,85696,84049,59816,63926,39017,50253,12064,21520,35368,34068,49842,42416,54993,50869,66800,64746,81697,79960,57581,61347,37683,48413,11647,20751,632610,593354,79183,75728,110005,103564,31619,48,55
2021-08-27T23:59:59+02:00,4067,3777,39215,37617,53328,46009,58183,54567,70469,69045,85635,83990,59790,63902,39005,50243,12064,21518,35266,34008,49740,42355,54918,50794,66711,64684,81642,79921,57554,61327,37672,48402,11646,20750,631970,592940,79183,75726,110000,103562,31224,48,55
2021-08-26T23:59:59+02:00,3984,3714,39023,37433,53168,45841,58052,54418,70341,68929,85510,83899,59743,63856,38981,50223,12056,21507,35094,33836,49587,42194,54761,50635,66584,64555,81495,79807,57507,61268,37643,48376,11641,20742,630787,591783,79181,75714,109994,103557,30669,48,55
2021-08-25T23:59:59+02:00,3891,3647,38856,37236,53015,45652,57938,54279,70241,68828,85416,83806,59707,63814,38962,50204,12054,21500,34707,33423,49317,41877,54526,50371,66391,64352,81314,79637,57416,61188,37621,48338,11629,20730,629549,589041,79180,75710,109994,103557,30276,48,55
2021-08-24T23:59:59+02:00,3870,3631,38767,37162,52934,45582,57883,54226,70187,68781,85371,83766,59675,63787,38953,50187,12051,21490,34558,33300,49197,41787,54439,50287,66287,64259,81224,79559,57369,61142,37611,48322,11624,20721,629102,588118,79177,75705,109992,103552,29985,48,55
2021-08-23T23:59:59+02:00,3843,3596,38673,37067,52853,45515,57827,54158,70129,68729,85317,83727,59657,63761,38943,50173,12049,21482,34418,33160,49074,41709,54341,50202,66194,64163,81136,79495,57333,61093,37590,48302,11623,20710,628569,587241,79175,75670,109989,103539,29719,48,55
2021-08-22T23:59:59+02:00,3836,3596,38644,37056,52837,45496,57808,54145,70104,68712,85299,83714,59648,63750,38941,50164,12044,21480,34370,33121,49048,41671,54304,50173,66152,64139,81100,79468,57318,61078,37587,48293,11618,20706,628469,586950,79173,75660,109988,103538,29597,48,55
2021-08-21T23:59:59+02:00,3834,3593,38625,37049,52829,45485,57794,54139,70090,68700,85293,83705,59641,63748,38940,50164,12044,21480,34356,33115,49039,41662,54291,50168,66140,64128,81094,79461,57314,61077,37587,48293,11618,20706,628429,586933,79172,75659,109987,103538,29518,48,55
2021-08-20T23:59:59+02:00,3813,3561,38553,36979,52745,45414,57718,54076,70016,68646,85231,83657,59624,63729,38937,50160,12044,21474,34255,33010,48926,41594,54202,50095,66045,64061,81024,79406,57294,61054,37581,48288,11617,20702,628057,586415,79170,75656,109987,103535,29116,48,55
2021-08-19T23:59:59+02:00,3785,3528,38384,36836,52584,45275,57595,53975,69886,68527,85133,83579,59594,63686,38922,50143,12040,21462,33904,32753,48639,41352,53984,49901,65836,63876,80848,79272,57237,60981,37535,48250,11611,20691,627165,584500,79168,75561,109986,103522,28568,48,55
2021-08-18T23:59:59+02:00,3734,3477,38197,36680,52466,45154,57498,53868,69775,68431,85058,83515,59554,63642,38907,50123,12038,21454,33521,32341,48340,41095,53731,49623,65619,63666,80664,79111,57154,60895,37499,48208,11607,20679,626164,581933,79165,75434,109984,103515,28211,48,55
2021-08-17T23:59:59+02:00,3674,3429,38038,36522,52352,45031,57416,53772,69680,68344,84986,83452,59519,63609,38894,50100,12033,21445,33129,31897,48016,40785,53439,49331,65370,63422,80465,78903,57043,60783,37457,48158,11595,20668,625211,578817,79165,75418,109979,103494,27894,48,55
2021-08-16T23:59:59+02:00,3619,3376,37889,36374,52255,44931,57339,53698,69610,68276,84930,83405,59496,63577,38879,50084,12027,21437,32566,31337,47619,40369,53049,48948,65063,63158,80243,78708,56966,60667,37425,48104,11586,20646,624281,574789,79161,75381,109979,103473,27734,48,55
2021-08-15T23:59:59+02:00,3609,3367,37857,36349,52223,44912,57313,53665,69593,68259,84919,83394,59484,63573,38876,50075,12027,21435,32489,31239,47549,40305,52986,48888,65018,63117,80200,78680,56948,60647,37417,48091,11585,20642,624092,574232,79161,75350,109978,103462,27652,48,55
2021-08-14T23:59:59+02:00,3604,3363,37849,36342,52218,44908,57306,53659,69589,68256,84912,83390,59477,63568,38875,50073,12027,21435,32481,31233,47540,40302,52977,48881,65015,63114,80193,78678,56943,60641,37416,48089,11585,20642,624060,574202,79158,75350,109978,103462,27608,48,55
2021-08-13T23:59:59+02:00,3587,3350,37780,36300,52159,44858,57240,53609,69519,68215,84848,83354,59455,63556,38864,50059,12024,21429,32344,31120,47412,40203,52859,48782,64913,63034,80104,78628,56920,60620,37403,48079,11583,20637,623754,573403,79158,75348,109978,103462,27269,48,55
2021-08-12T23:59:59+02:00,3547,3322,37652,36178,52068,44768,57171,53522,69422,68140,84773,83288,59427,63532,38850,50047,12024,21426,31818,30632,47024,39853,52473,48436,64587,62803,79886,78419,56828,60532,37358,48036,11578,20620,623025,569932,79158,75319,109976,103355,26951,48,55
2021-08-11T23:59:59+02:00,3503,3280,37498,36031,51957,44662,57052,53402,69325,68048,84690,83209,59387,63494,38829,50031,12020,21422,31177,30015,46514,39465,52046,47998,64284,62524,79675,78215,56731,60424,37322,47962,11565,20602,622125,565891,79153,75295,109974,103267,26541,48,55
2021-08-10T23:59:59+02:00,3455,3233,37339,35880,51842,44541,56946,53293,69258,67977,84622,83152,59363,63456,38811,50017,12013,21417,30284,29037,45783,38762,51383,47394,63897,62161,79427,77971,56625,60319,37277,47893,11557,20590,621168,559683,79151,75293,109971,103264,26278,48,55
2021-08-09T23:59:59+02:00,3419,3203,37244,35772,51767,44471,56887,53251,69227,67934,84592,83119,59345,63441,38799,49998,12012,21415,29574,28292,45117,38184,50808,46817,63523,61804,79148,77722,56499,60221,37233,47838,11550,20576,620576,555579,79149,73836,109970,103238,26154,48,55
2021-08-08T23:59:59+02:00,3410,3189,37218,35756,51743,44446,56868,53241,69209,67916,84572,83104,59342,63436,38794,49991,12011,21414,29446,28150,44970,38088,50713,46733,63467,61747,79100,77682,56464,60203,37223,47827,11550,20573,620402,554650,79148,73828,109969,103206,26094,48,55
2021-08-07T23:59:59+02:00,3410,3189,37214,35750,51733,44445,56866,53241,69205,67913,84571,83102,59341,63436,38794,49991,12011,21414,29435,28144,44958,38082,50712,46729,63464,61741,79097,77678,56462,60202,37222,47826,11550,20572,620392,554614,79147,73824,109969,103206,26071,48,55
2021-08-06T23:59:59+02:00,3399,3175,37146,35694,51655,44383,56801,53197,69162,67881,84539,83073,59328,63416,38783,49985,12008,21412,29198,27917,44754,37897,50530,46587,63327,61625,78997,77610,56437,60177,37207,47816,11547,20569,620110,553165,79144,73818,109969,103205,25767,48,55
2021-08-05T23:59:59+02:00,3366,3134,36994,35559,51538,44250,56682,53078,69047,67767,84412,82999,59285,63362,38760,49964,11999,21402,28497,27299,44170,37416,49977,46131,62969,61328,78703,77387,56328,60080,37167,47764,11539,20553,619306,548849,79142,73808,109969,103026,25134,48,55
2021-08-04T23:59:59+02:00,3307,3071,36791,35389,51389,44104,56541,52962,68924,67640,84298,82887,59217,63303,38742,49935,11994,21392,27348,26175,43208,36538,49013,45227,62378,60721,78208,76947,56118,59900,37108,47673,11526,20533,618222,540494,79130,73768,109969,102972,24518,48,55
2021-08-03T23:59:59+02:00,3233,3013,36571,35186,51234,43961,56416,52836,68791,67524,84210,82814,59175,63259,38721,49904,11985,21377,26270,25060,42282,35645,48112,44344,61839,60189,77755,76539,55949,59712,37048,47586,11506,20502,616842,532161,79122,73721,109965,102946,24234,48,55
2021-08-02T23:59:59+02:00,3189,2959,36425,35035,51124,43851,56324,52736,68705,67432,84123,82737,59137,63211,38706,49885,11977,21365,25370,24058,41441,34907,47378,43603,61356,59721,77371,76194,55787,59564,36998,47509,11489,20481,615862,525200,79121,73666,109964,102804,23927,48,55
2021-08-01T23:59:59+02:00,3184,2953,36408,35013,51098,43833,56305,52711,68676,67419,84109,82724,59131,63206,38704,49881,11977,21365,25109,23810,41198,34707,47147,43406,61215,59585,77255,76098,55751,59534,36983,47496,11485,20477,615720,523338,79117,73625,109963,102739,23850,48,55
2021-07-31T23:59:59+02:00,3183,2952,36402,35012,51097,43832,56303,52710,68674,67418,84109,82723,59131,63206,38704,49881,11977,21364,25102,23796,41188,34700,47141,43400,61206,59583,77253,76097,55751,59531,36983,47496,11485,20476,615705,523271,79116,73624,109963,102739,23847,48,55
2021-07-30T23:59:59+02:00,3167,2938,36343,34948,51026,43781,56244,52651,68619,67377,84071,82683,59119,63192,38700,49874,11974,21361,24783,23485,40913,34485,46883,43203,61021,59453,77104,75980,55720,59491,36969,47484,11485,20475,615417,521331,79112,73622,109960,102631,23532,48,55
2021-07-29T23:59:59+02:00,3144,2910,36204,34825,50896,43653,56151,52549,68549,67313,84000,82632,59092,63174,38688,49865,11974,21360,23826,22493,40037,33737,45986,42420,60475,59012,76744,75676,55600,59353,36929,47428,11478,20464,614536,514274,79091,73495,109960,102464,23345,48,55
2021-07-28T23:59:59+02:00,3094,2855,35962,34585,50672,43480,55949,52400,68405,67172,83885,82533,59039,63127,38666,49828,11964,21352,22611,21242,38714,32633,44675,41248,59681,58352,76239,75217,55403,59164,36860,47324,11464,20439,613151,504473,79085,73329,109959,102305,22726,48,55
2021-07-27T23:59:59+02:00,3068,2836,35855,34465,50590,43397,55869,52348,68343,67104,83824,82462,58999,63084,38654,49813,11963,21343,21372,19845,37284,31295,43304,39947,59056,57757,75817,74807,55240,58988,36802,47269,11452,20415,612425,494041,79069,73153,109959,102192,22517,48,55
2021-07-26T23:59:59+02:00,3049,2817,35792,34369,50533,43344,55826,52299,68298,67066,83788,82434,58985,63068,38642,49801,11962,21341,20350,18742,36031,30180,42037,38797,58558,57357,75533,74555,55142,58888,36781,47234,11446,20401,611895,485795,79064,72823,109959,102031,22449,48,55
2021-07-25T23:59:59+02:00,3038,2812,35740,34327,50492,43299,55798,52276,68275,67041,83758,82411,58970,63061,38639,49798,11959,21335,19948,18376,35612,29850,41628,38491,58365,57202,75373,74449,55096,58850,36759,47214,11442,20397,611600,483063,79059,72548,109959,102003,22364,48,55
2021-07-24T23:59:59+02:00,3038,2812,35736,34323,50490,43296,55796,52275,68273,67041,83756,82410,58970,63061,38638,49798,11959,21335,19943,18366,35604,29841,41622,38490,58362,57200,75369,74447,55096,58850,36758,47214,11442,20397,611591,483026,79058,72548,109959,102001,22352,48,55
2021-07-23T23:59:59+02:00,3013,2787,35584,34206,50341,43196,55680,52169,68176,66947,83666,82358,58939,63032,38628,49793,11954,21332,19705,18144,35343,29666,41350,38309,58197,57071,75233,74371,55057,58826,36746,47204,11436,20391,610963,481907,79058,72253,109959,101999,21774,48,55
2021-07-22T23:59:59+02:00,2962,2702,35144,33834,50030,42957,55415,51942,67946,66763,83490,82206,58851,62938,38592,49746,11943,21314,18915,17481,34246,28931,40227,37477,57461,56602,74681,73998,54879,58647,36681,47120,11415,20365,608797,476382,79043,70824,109955,101778,20933,48,55
2021-07-21T23:59:59+02:00,2906,2644,34832,33501,49787,42745,55227,51755,67755,66577,83361,82080,58785,62884,38560,49706,11932,21304,18086,16649,32934,27935,38960,36518,56771,56039,74230,73636,54733,58472,36615,47036,11403,20332,606956,470474,78992,68628,109954,101565,20392,48,55
2021-07-20T23:59:59+02:00,2830,2581,34473,33116,49504,42510,55051,51560,67572,66419,83222,81959,58720,62828,38531,49660,11931,21289,16935,15524,31220,26532,37231,35061,55972,55391,73687,73189,54567,58283,36565,46951,11385,20293,604850,461294,78956,66887,109951,101227,19952,48,55
2021-07-19T23:59:59+02:00,2745,2509,33909,32552,49183,42199,54775,51292,67376,66204,83050,81788,58653,62746,38486,49608,11924,21274,16283,14949,30282,25850,36371,34347,55535,54968,73360,72951,54480,58197,36528,46901,11379,20271,601620,457609,78895,64719,109950,101057,19761,48,55
2021-07-18T23:59:59+02:00,2717,2491,33809,32438,49092,42142,54719,51235,67315,66153,83007,81746,58625,62720,38475,49594,11922,21267,15964,14684,29711,25469,35877,33999,55280,54806,73214,72850,54438,58158,36520,46887,11378,20267,601011,456167,78880,63183,109949,101029,19580,48,55
2021-07-17T23:59:59+02:00,2717,2491,33807,32436,49087,42140,54718,51233,67315,66152,83007,81745,58625,62719,38475,49594,11922,21267,15959,14678,29702,25454,35872,33995,55276,54805,73214,72850,54438,58158,36520,46887,11378,20267,601000,456123,78877,63179,109947,101029,19579,48,55
2021-07-16T23:59:59+02:00,2659,2426,33195,31910,48590,41793,54319,50896,66934,65829,82694,81512,58506,62606,38425,49545,11918,21260,15540,14357,29210,25084,35424,33664,54938,54552,72955,72658,54326,58069,36485,46849,11375,20263,598770,454737,78873,63050,109946,101020,17381,48,55
2021-07-15T23:59:59+02:00,2526,2294,32330,31128,47964,41219,53741,50414,66507,65481,82440,81273,58417,62510,38391,49502,11910,21241,14700,13686,27887,24252,34121,32853,54253,54151,72541,72429,54226,57972,36454,46813,11368,20247,593740,450548,78861,60655,109945,100440,16694,48,55
2021-07-14T23:59:59+02:00,2420,2207,31778,30598,47471,40776,53315,50015,66178,65197,82201,81025,58312,62414,38358,49452,11900,21228,13456,12540,25892,22798,32218,31330,53503,53560,72032,72090,54089,57847,36412,46752,11358,20232,589851,441416,78842,58727,109944,100105,16160,48,54
2021-07-13T23:59:59+02:00,2363,2137,31508,30330,47198,40551,53064,49789,65973,65007,82034,80876,58245,62338,38333,49415,11890,21215,12469,11692,24164,21486,30272,29744,52309,52391,71214,71300,53842,57570,36324,46635,11339,20205,587689,434688,78825,55802,109935,96951,15769,48,53
2021-07-12T23:59:59+02:00,2136,1930,30643,29399,46544,40017,52492,49220,65583,64616,81756,80604,58109,62210,38291,49357,11880,21194,11722,11065,22772,20505,28533,28364,51353,51533,70474,70683,53585,57292,36257,46517,11326,20174,581441,426586,78808,53237,109935,96798,15749,48,53
2021-07-11T23:59:59+02:00,2091,1892,30522,29289,46479,39945,52440,49155,65526,64560,81695,80561,58087,62190,38285,49338,11875,21189,11555,10916,22497,20320,28170,28092,51149,51388,70303,70539,53532,57211,36235,46500,11317,20167,580614,424515,78802,53194,109933,96665,15722,48,52
2021-07-10T23:59:59+02:00,2091,1890,30517,29282,46477,39940,52436,49154,65523,64559,81694,80559,58087,62188,38284,49338,11875,21189,11543,10898,22485,20306,28154,28080,51142,51384,70300,70536,53532,57211,36234,46500,11317,20167,580584,424431,78802,53192,109933,96655,15716,48,52
2021-07-09T23:59:59+02:00,2046,1852,30284,29046,46259,39760,52253,48982,65362,64447,81590,80479,58057,62158,38268,49323,11870,21187,11161,10625,21843,19869,27488,27529,50433,50816,69719,70125,53429,57122,36211,46466,11312,20156,579382,423356,78796,52878,109928,93199,15069,48,52
2021-07-08T23:59:59+02:00,1908,1724,29618,28511,45656,39255,51691,48513,64959,64139,81291,80244,57965,62068,38236,49271,11865,21173,9976,9515,19897,18233,25024,25544,49398,50017,69089,69586,53203,56908,36135,46380,11297,20130,575116,412816,78776,50439,109911,92973,14236,48,52
2021-07-07T23:59:59+02:00,1695,1528,28507,27295,44612,38288,50585,47515,64298,63498,80751,79761,57761,61835,38169,49187,11851,21132,9444,9035,18809,17397,23626,24338,48574,49371,68542,69098,53002,56665,36058,46282,11281,20090,565819,406469,78759,48825,109910,92683,13732,48,52
2021-07-06T23:59:59+02:00,1494,1370,27418,26247,43584,37367,49645,46577,63693,62933,80314,79352,57580,61651,38112,49093,11827,21104,8723,8288,17468,16390,22011,23054,47968,48919,68166,68830,52884,56550,36008,46245,11274,20074,557535,398993,78747,48399,109907,92387,13124,48,52
2021-07-05T23:59:59+02:00,1337,1246,26270,24992,42497,36364,48589,45506,63024,62355,79878,78949,57405,61461,38059,49016,11818,21081,8471,8063,16970,16076,21450,22668,47661,48693,67971,68681,52832,56476,35982,46226,11271,20069,548192,396414,78739,48085,109906,92130,12962,48,50
2021-07-04T23:59:59+02:00,1272,1182,25947,24663,42194,36105,48335,45322,62877,62220,79763,78854,57368,61421,38049,48997,11815,21078,8216,7907,16702,15879,21169,22469,47536,48594,67893,68606,52808,56451,35967,46221,11269,20068,545872,395386,78713,47422,109904,92045,12925,48,50
2021-07-03T23:59:59+02:00,1272,1181,25940,24651,42180,36098,48333,45322,62874,62219,79762,78853,57367,61421,38049,48997,11815,21078,8211,7899,16690,15869,21162,22462,47531,48593,67888,68605,52807,56451,35967,46221,11269,20068,545840,395351,78711,47421,109904,92035,12909,48,50
2021-07-02T23:59:59+02:00,1204,1124,25622,24297,41857,35816,48076,45064,62730,62071,79688,78782,57350,61399,38042,48985,11811,21073,8032,7747,16320,15600,20718,22154,46563,47813,67391,68255,52724,56359,35952,46203,11268,20065,543442,392859,78710,47417,109899,90015,12892,48,50
2021-07-01T23:59:59+02:00,1149,1074,25243,23933,41474,35467,47680,44711,62478,61832,79496,78611,57287,61336,38011,48944,11804,21063,7641,7412,15500,14820,19548,21120,45025,46323,66177,67170,52414,56054,35855,46083,11244,20038,540286,387025,78606,46590,109890,86055,12763,48,50
2021-06-30T23:59:59+02:00,1075,1010,24819,23483,41042,35091,47267,44334,62249,61620,79323,78462,57208,61258,37984,48894,11796,21042,7267,7052,14552,14012,18114,19910,41813,43587,64477,65724,51947,55556,35706,45889,11217,19988,536820,374994,78573,45894,109886,83289,12630,48,49
2021-06-29T23:59:59+02:00,983,901,24314,22947,40522,34672,46832,43916,61985,61341,79109,78283,57129,61192,37956,48850,11790,21023,6988,6741,13886,13519,16950,18989,37482,39891,63120,64469,51459,55056,35573,45711,11186,19945,532725,359665,78564,45683,109886,83080,12522,48,49
2021-06-28T23:59:59+02:00,954,868,23974,22552,40063,34288,46408,43547,61746,61084,78918,78126,57057,61124,37927,48820,11787,21008,6678,6421,13225,13015,15937,18151,33825,36842,61996,63437,51103,54661,35478,45561,11161,19906,530961,350977,76871,40982,109885,82927,12486,48,49
2021-06-27T23:59:59+02:00,940,855,23881,22460,39990,34225,46349,43488,61714,61047,78883,78095,57042,61111,37921,48813,11786,21003,6587,6345,12991,12873,15514,17913,32992,36196,61739,63238,51013,54591,35460,45539,11159,19902,530345,348073,76866,40718,109879,82769,12465,48,49
2021-06-26T23:59:59+02:00,939,855,23875,22454,39983,34222,46348,43487,61713,61046,78883,78095,57042,61111,37921,48812,11786,21003,6584,6338,12985,12860,15506,17906,32988,36195,61732,63236,51011,54585,35460,45539,11159,19901,530317,348008,76866,40717,109879,82768,12465,48,49
2021-06-25T23:59:59+02:00,916,829,23760,22339,39896,34135,46264,43416,61669,60999,78835,78074,57031,61097,37918,48809,11785,21001,6486,6224,12875,12727,15368,17745,32269,35534,61344,62912,50933,54501,35452,45517,11156,19900,529519,344993,76866,40705,109876,82752,12464,48,49
2021-06-24T23:59:59+02:00,849,771,23369,21911,39545,33824,45911,43113,61463,60804,78674,77935,56976,61041,37895,48779,11780,20991,6146,5923,12311,12261,14662,17061,28959,32812,59052,61055,50346,53902,35316,45309,11138,19852,526546,331149,76817,40441,109873,82135,12347,48,49
2021-06-23T23:59:59+02:00,744,677,22727,21248,38967,33233,45254,42401,61097,60412,78425,77683,56873,60903,37849,48726,11770,20971,5991,5731,11942,11915,14155,16532,25589,30050,57410,59529,49821,53364,35197,45135,11117,19809,520945,321717,76762,37499,109869,81700,12336,48,49
2021-06-22T23:59:59+02:00,683,613,22301,20804,38562,32814,44820,41935,60822,60126,78219,77441,56775,60791,37812,48653,11757,20949,5800,5594,11619,11651,13729,16156,21248,26518,55335,57828,49222,52760,35020,44920,11097,19765,517130,307356,76635,37442,109863,81225,12201,48,49
2021-06-21T23:59:59+02:00,646,572,22049,20567,38311,32583,44573,41659,60631,59914,78087,77300,56723,60707,37787,48612,11748,20933,5667,5484,11310,11454,13389,15894,19696,25287,54416,57059,46992,50300,34419,44197,11074,19706,515085,302033,76431,37375,109846,74904,11992,48,49
2021-06-20T23:59:59+02:00,617,552,21759,20271,38015,32307,44289,41404,60478,59746,77948,77153,56674,60663,37767,48595,11745,20926,5610,5439,11177,11366,13236,15767,19303,24962,54148,56877,45332,48314,33852,43562,11054,19686,512690,301410,76351,36623,109834,69628,11986,48,47
2021-06-19T23:59:59+02:00,615,552,21754,20259,37999,32302,44286,41400,60472,59742,77946,77150,56671,60662,37767,48594,11745,20926,5604,5430,11172,11363,13227,15761,19295,24954,54134,56865,45323,48304,33851,43562,11054,19686,512628,301326,76346,36620,109834,69615,11986,48,47
2021-06-18T23:59:59+02:00,601,538,21656,20148,37932,32247,44211,41313,60417,59695,77902,77108,56647,60640,37762,48581,11744,20925,5509,5264,10875,10825,12854,15178,18752,23931,53278,55558,45120,48141,33823,43513,11048,19674,511869,299752,76339,36619,109826,64949,11985,48,47
2021-06-17T23:59:59+02:00,515,446,20935,19425,37171,31611,43412,40558,60007,59327,77604,76853,56530,60510,37713,48513,11731,20900,5315,5051,10491,10269,12329,14404,17820,22567,51704,53611,43967,46791,33504,43116,11001,19591,505850,292427,76246,36491,109816,60774,11801,48,47
2021-06-16T23:59:59+02:00,408,368,20133,18466,36179,30669,42395,39580,59462,58840,77202,76534,56383,60351,37654,48425,11721,20877,5125,4894,9980,9946,11594,13905,16271,21262,47823,50061,42212,44783,33040,42544,10938,19465,498426,276254,75702,36291,109798,59588,11673,48,46
2021-06-15T23:59:59+02:00,298,265,19317,17609,35255,29812,41465,38692,59023,58398,76865,76202,56238,60181,37595,48355,11706,20843,4920,4768,9455,9685,10889,13433,14759,20072,43553,45975,40659,42938,32558,41922,10871,19337,491183,259068,75586,36256,109788,58919,11514,48,45
2021-06-14T23:59:59+02:00,194,174,18197,16368,33999,28535,39997,37282,58430,57833,76469,75860,56109,60035,37550,48284,11697,20828,4793,4674,9108,9475,10410,13115,13586,19063,40909,43414,39581,41784,32265,41519,10839,19251,481400,247871,75147,36230,109783,58184,11464,47,45
2021-06-13T23:59:59+02:00,153,135,17690,15963,33517,28130,39505,36898,58215,57649,76320,75759,56082,59994,37528,48262,11694,20819,4707,4624,8961,9402,10247,13046,12979,18606,40436,43020,39343,41562,32204,41434,10833,19237,478311,246897,74845,34805,109775,57567,11335,47,45
2021-06-12T23:59:59+02:00,153,135,17686,15945,33504,28121,39498,36894,58210,57646,76316,75757,56081,59992,37527,48262,11694,20819,4700,4619,8950,9397,10235,13039,12967,18593,40252,42873,39316,41547,32200,41432,10833,19236,478243,246457,74841,34805,109775,57556,11334,47,45
2021-06-11T23:59:59+02:00,151,135,17602,15886,33358,28052,39323,36839,58089,57608,76245,75730,56068,59987,37525,48259,11694,20818,4616,4427,8789,8832,10041,12317,12731,17516,39762,41570,39161,41416,32182,41396,10831,19235,477906,245965,74428,34803,109663,52692,11325,47,45
2021-06-10T23:59:59+02:00,136,115,16755,15166,31936,27133,38077,35925,57406,57148,75834,75459,55977,59895,37486,48214,11683,20800,4361,4233,8229,8334,9357,11559,11995,16448,36910,38525,38356,40614,32016,41214,10815,19205,474007,238899,71445,34670,109382,48301,10264,47,45
2021-06-09T23:59:59+02:00,114,89,15975,14458,30655,26228,36855,35038,56828,56759,75489,75232,55892,59787,37459,48169,11670,20779,4179,4080,7869,8145,8891,11340,11374,16069,31825,33660,36856,39085,31771,40945,10794,19156,469336,224982,68997,34546,109335,46715,9761,47,43
2021-06-08T23:59:59+02:00,87,71,15051,13583,29272,25135,35482,34026,56210,56354,75187,75011,55816,59706,37436,48137,11666,20769,4099,4016,7714,8029,8738,11224,11082,15863,29006,30848,35901,38152,31611,40749,10770,19123,464722,217518,65545,34488,109288,45487,9397,47,43
2021-06-07T23:59:59+02:00,79,58,14416,12992,27896,24321,34323,33246,55732,56095,74940,74899,55778,59666,37420,48126,11666,20765,4006,3942,7520,7904,8436,11091,10714,15616,24674,26468,34437,36618,31389,40482,10742,19095,461571,205737,62508,34423,109250,43898,9042,47,42
2021-06-06T23:59:59+02:00,78,55,14094,12801,27112,23901,33672,32827,55422,55930,74781,74828,55756,59642,37406,48117,11664,20764,3939,3906,7369,7860,8280,11007,10393,15415,21849,23590,33434,35537,31249,40328,10735,19080,460425,202946,60452,29177,109222,43111,8704,47,41
2021-06-05T23:59:59+02:00,78,53,14065,12773,27070,23859,33643,32808,55417,55920,74775,74821,55751,59637,37401,48115,11664,20764,3917,3892,7333,7839,8233,10990,10331,15373,20421,22039,32640,34658,31179,40246,10731,19073,460303,197976,60346,29174,109215,43009,8703,47,41
2021-06-04T23:59:59+02:00,72,49,13835,12510,26760,23544,33306,32497,55357,55839,74735,74801,55741,59632,37400,48113,11664,20763,3886,3863,7255,7760,8176,10911,10251,15249,20314,21921,32567,34603,31147,40209,10728,19070,458403,197893,60284,29162,109181,42119,8703,47,41
2021-06-03T23:59:59+02:00,54,44,13266,12019,25721,22856,32169,31746,54864,55506,74420,74608,55668,59551,37365,48081,11657,20746,3758,3771,6982,7590,7895,10739,9924,15012,18428,20059,30587,32298,30874,39878,10705,19022,454053,189301,58783,29142,109165,40756,8293,47,38
2021-06-02T23:59:59+02:00,39,32,12575,11263,24722,21953,31028,30789,54599,55241,74226,74467,55616,59469,37348,48059,11649,20739,3723,3751,6925,7535,7838,10691,9839,14920,17908,19511,28657,30124,30775,39734,10698,19011,447718,183765,58604,29141,109163,40421,8283,46,38
2021-06-01T23:59:59+02:00,25,17,11444,10373,22584,20515,28486,28886,53186,54176,73220,73682,55309,59140,37224,47884,11612,20677,3494,3577,6426,7228,7234,10268,8983,14319,15961,17693,24876,25874,30092,38852,10622,18857,438167,169768,54124,29004,109123,38576,6980,46,36
2021-05-31T23:59:59+02:00,20,13,10578,9705,20742,19344,26435,27377,52076,53325,72515,73133,55088,58877,37149,47778,11598,20641,3352,3425,6091,6982,6834,9968,8442,13963,14896,16715,23684,24501,29704,38365,10562,18763,431349,164027,49746,28967,109102,37075,6151,46,35
2021-05-30T23:59:59+02:00,18,10,10226,9357,20018,18843,25728,26796,51736,53043,72281,72936,55011,58798,37124,47750,11590,20632,3169,3233,5741,6715,6545,9725,8225,13757,14635,16444,23389,24184,29594,38256,10547,18735,428754,163200,49338,28910,109069,36067,4690,46,35
2021-05-29T23:59:59+02:00,18,10,10210,9345,20000,18816,25709,26770,51724,53039,72276,72926,55009,58793,37123,47750,11589,20632,3167,3225,5738,6711,6540,9723,8217,13749,14625,16439,23378,24176,29590,38251,10546,18734,428596,163130,49338,28908,109069,36054,4690,46,35
2021-05-28T23:59:59+02:00,18,10,10145,9249,19861,18647,25447,26540,51565,52864,72129,72795,54970,58743,37109,47730,11586,20619,3120,3149,5646,6570,6437,9521,8103,13471,14432,16162,23226,24021,29537,38188,10539,18725,426944,162741,49300,28907,109049,34484,4689,45,34
2021-05-27T23:59:59+02:00,18,10,8879,8044,17450,16827,22662,24384,50470,52048,71460,72304,54771,58519,37011,47635,11572,20589,2821,2814,4801,5947,5543,8737,7309,12483,13304,14969,22234,22985,29153,37735,10484,18638,414984,158919,48340,28643,108903,29988,2381,45,34
2021-05-26T23:59:59+02:00,17,10,8477,7626,16572,16022,21471,23372,49864,51500,71041,71916,54619,58354,36943,47557,11561,20559,2634,2640,4432,5611,5065,8230,6831,11833,12330,13985,21334,21950,28840,37292,10438,18553,409375,155062,47607,28555,108822,26723,1633,44,33
2021-05-25T23:59:59+02:00,17,10,7902,7022,15325,15136,20020,22197,49386,51099,70793,71730,54533,58258,36918,47528,11557,20549,2555,2537,4242,5481,4819,8003,6551,11523,11772,13453,19187,19788,28467,36757,10403,18504,402555,149388,47364,28542,108777,24847,1240,44,33
2021-05-24T23:59:59+02:00,17,10,7814,6921,15102,15009,19734,22017,49285,50980,70749,71690,54529,58252,36915,47525,11555,20546,2512,2474,4158,5315,4725,7758,6426,11239,11632,13212,19073,19674,28416,36710,10396,18493,401416,149236,47285,28499,108680,23229,1225,44,32
2021-05-23T23:59:59+02:00,16,10,7798,6908,15066,14993,19680,21989,49275,50978,70745,71684,54527,58248,36915,47523,11555,20546,2510,2470,4151,5310,4715,7754,6421,11226,11611,13189,18932,19476,28385,36671,10394,18491,401229,148748,47285,28497,108680,23220,1218,44,31
2021-05-22T23:59:59+02:00,16,10,7795,6900,15056,14981,19669,21982,49275,50976,70742,71684,54527,58247,36915,47523,11555,20546,2508,2463,4144,5304,4713,7754,6418,11223,11602,13186,18919,19470,28384,36671,10394,18491,401174,148711,47285,28497,108680,23196,1216,44,31
2021-05-21T23:59:59+02:00,16,9,7721,6803,14926,14845,19464,21822,49033,50742,70600,71578,54500,58219,36908,47516,11549,20540,2436,2378,4057,5163,4610,7539,6295,10924,11431,12897,18853,19405,28368,36641,10391,18489,399598,148460,47282,28496,108655,21684,1213,43,31
2021-05-20T23:59:59+02:00,16,9,7447,6507,14338,14319,18522,20947,46346,48383,69443,70599,54141,57851,36800,47374,11518,20509,2174,2215,3692,4796,4166,6988,5740,10090,10341,11797,17576,18111,27861,36042,10316,18342,388575,143205,47116,28205,108344,17818,995,39,31
2021-05-19T23:59:59+02:00,15,8,7207,6283,13674,13836,17251,19945,42355,44893,67950,69289,53684,57325,36636,47146,11481,20457,2098,2015,3527,4455,3918,6462,5293,9404,9346,10680,16099,16460,27168,35125,10190,18133,373771,136033,46543,28062,108107,15289,975,39,21
2021-05-18T23:59:59+02:00,15,6,7008,6105,13127,13406,16152,19084,37631,40864,66494,67964,53127,56784,36485,46921,11439,20400,2051,1885,3389,4264,3732,6147,4959,8921,8479,9808,14514,14725,26459,34272,10100,17961,357636,129397,46479,27499,107948,13846,910,39,21
2021-05-17T23:59:59+02:00,15,6,6873,6010,12804,13156,15655,18692,35447,38994,65654,67182,52854,56468,36402,46813,11425,20363,1980,1823,3201,4083,3511,5918,4636,8549,7700,9108,11252,10703,25548,33121,10016,17792,353902,124176,42200,21408,107867,12538,805,39,21
2021-05-16T23:59:59+02:00,15,6,6810,5926,12678,13002,15482,18523,34957,38524,65468,67012,52797,56405,36389,46785,11420,20358,1922,1725,3097,3960,3430,5816,4530,8404,7517,8919,9057,8102,25065,32437,9982,17735,352421,123035,41691,16048,107831,12025,576,38,21
2021-05-15T23:59:59+02:00,15,6,6805,5917,12672,12996,15478,18519,34952,38521,65466,67010,52797,56404,36389,46785,11420,20358,1921,1724,3094,3954,3425,5813,4525,8401,7515,8916,9055,8100,25064,32437,9982,17735,352379,123004,41691,16048,107829,12022,573,38,21
2021-05-14T23:59:59+02:00,15,6,6607,5819,12428,12931,15245,18427,33977,37728,64928,66600,52701,56317,36372,46751,11418,20353,1805,1636,2983,3884,3368,5705,4475,8254,7468,8787,9048,8094,25063,32437,9982,17734,349002,122947,41656,16044,107366,11157,562,37,20
2021-05-13T23:59:59+02:00,15,6,6356,5631,12017,12675,14677,17977,30439,34935,62444,64517,52069,55641,36234,46530,11406,20305,1762,1597,2926,3807,3336,5612,4432,8150,7386,8668,9009,8035,25043,32395,9977,17730,334972,122697,41431,16020,106935,10635,499,37,20
2021-05-12T23:59:59+02:00,15,6,6339,5607,11944,12612,14567,17868,29802,34359,61938,64064,51896,55468,36198,46485,11399,20292,1762,1594,2925,3806,3331,5612,4430,8149,7384,8662,9002,8032,25043,32393,9977,17729,331975,122675,41419,16009,106930,10634,499,36,20
2021-05-11T23:59:59+02:00,14,6,6014,5472,11499,12334,14020,17485,25535,30864,59554,62058,51234,54787,36009,46239,11378,20229,1720,1478,2822,3544,3208,5235,4291,7705,7230,8336,8918,7949,25014,32353,9974,17718,317017,122433,41366,15820,105941,8856,374,33,18
2021-05-10T23:59:59+02:00,14,6,5886,5399,11333,12219,13800,17315,22062,28103,58303,60942,50871,54434,35917,46116,11363,20198,1682,1382,2736,3314,3105,4903,4180,7215,7108,7898,8877,7889,25002,32332,9972,17714,307088,122287,41204,15671,105647,7030,309,33,18
2021-05-09T23:59:59+02:00,14,6,5809,5367,11244,12154,13700,17234,20459,26920,57838,60556,50768,54335,35891,46075,11356,20193,1665,1360,2677,3189,3051,4762,4135,7095,7053,7802,8865,7876,24995,32326,9971,17714,306520,122236,37628,15624,105443,6368,296,32,18
2021-05-08T23:59:59+02:00,14,6,5806,5364,11232,12150,13690,17225,20451,26914,57829,60550,50765,54327,35887,46072,11354,20190,1664,1360,2677,3187,3051,4762,4132,7092,7052,7801,8864,7876,24994,32324,9971,17714,306429,122221,37627,15624,105442,6368,296,32,18
2021-05-07T23:59:59+02:00,14,6,5766,5329,11166,12101,13582,17146,19995,26554,56829,59740,50635,54196,35857,46041,11351,20176,1560,1316,2597,3142,3009,4732,4098,7068,7029,7768,8856,7868,24992,32323,9971,17713,303255,122187,37610,15616,105297,5936,291,31,18
2021-05-06T23:59:59+02:00,14,6,5510,5216,10648,11792,12875,16692,18693,25565,52559,56078,49436,52815,35526,45640,11299,20073,1335,1184,2360,2970,2839,4566,3947,6867,6877,7616,8782,7789,24971,32287,9968,17706,288085,121918,37424,15477,104739,4495,162,27,18
2021-05-05T23:59:59+02:00,14,6,5250,5117,10153,11555,12118,16239,17358,24583,48186,51934,47766,50890,35088,45068,11224,19953,1289,1089,2297,2843,2755,4387,3853,6628,6769,7417,8667,7695,24909,32213,9962,17690,270881,121439,37198,15432,104349,3533,47,27,18
2021-05-04T23:59:59+02:00,14,6,5166,5031,9835,11341,11665,15849,16379,23714,46313,49899,46696,49582,34713,44580,11158,19844,1277,1070,2268,2802,2714,4301,3800,6520,6697,7341,8624,7655,24889,32197,9961,17685,260492,121220,37174,15371,104068,3174,24,27,18
2021-05-03T23:59:59+02:00,14,6,5063,4944,9485,11171,11202,15585,15315,22847,44735,48271,45814,48624,34491,44233,11130,19754,1262,1044,2236,2770,2672,4237,3752,6466,6622,7287,8054,6965,23145,29864,9823,17448,251436,115397,37165,15289,104040,2933,16,27,18
2021-05-02T23:59:59+02:00,14,6,5001,4924,9370,11135,11056,15523,14701,22356,44211,47861,45671,48456,34440,44168,11124,19742,1258,1039,2218,2767,2659,4229,3723,6452,6602,7273,7865,6721,21173,27450,9776,17360,250210,115374,35525,10277,103986,2890,11,27,18
2021-05-01T23:59:59+02:00,14,6,5001,4922,9365,11131,11052,15520,14697,22352,44209,47857,45670,48456,34440,44168,11124,19742,1257,1039,2218,2767,2659,4229,3722,6452,6599,7273,7865,6720,21173,27450,9776,17360,250179,115369,35525,10277,103984,2889,11,27,18
2021-04-30T23:59:59+02:00,14,6,4954,4899,9298,11116,10997,15495,14621,22326,42723,46441,45335,48124,34403,44116,11119,19732,1048,944,2019,2677,2558,4168,3636,6392,6536,7214,7858,6703,21172,27448,9776,17360,246184,115360,35525,10274,103972,1854,11,27,15
2021-04-29T23:59:59+02:00,14,5,4711,4817,8827,10965,10391,15323,13934,22118,37784,42118,44322,47093,34282,43998,11115,19702,866,865,1845,2598,2471,4101,3526,6321,6462,7165,7836,6684,21167,27442,9776,17360,232428,115321,35422,10170,103631,973,11,27,15
2021-04-28T23:59:59+02:00,14,5,4534,4782,8576,10879,10038,15233,13576,21964,33139,37610,43076,45838,34156,43850,11101,19684,824,835,1807,2552,2438,4025,3490,6212,6412,7074,7816,6665,21155,27429,9771,17353,219197,115236,35404,10122,103419,481,10,25,14
2021-04-27T23:59:59+02:00,13,4,4303,4567,8230,10430,9653,14648,13107,21315,32008,36482,42797,45555,34140,43822,11097,19681,796,821,1773,2528,2420,4003,3472,6193,6377,7047,7805,6657,21150,27424,9768,17347,216469,115178,35394,10091,99954,293,10,25,14
2021-04-26T23:59:59+02:00,13,4,4281,4539,8155,10393,9545,14593,12958,21256,27592,32089,41578,44332,34060,43722,11084,19670,763,810,1743,2509,2391,3982,3448,6172,6324,7001,7757,6608,21119,27393,9768,17340,204574,114974,35385,10047,99871,88,10,24,14
2021-04-25T23:59:59+02:00,13,4,4258,4525,8123,10366,9482,14561,12865,21210,25621,30045,40876,43570,34013,43664,11080,19665,751,802,1731,2495,2373,3967,3424,6151,6292,6972,7737,6591,21102,27372,9767,17336,203905,114948,30267,9813,99736,84,9,24,14
2021-04-24T23:59:59+02:00,13,4,4239,4514,8093,10337,9441,14545,12814,21188,24118,28380,40118,42730,33948,43588,11077,19659,750,801,1728,2493,2372,3963,3424,6147,6292,6969,7735,6589,21101,27372,9767,17336,198839,114928,30267,9812,99667,81,9,24,14
2021-04-23T23:59:59+02:00,12,4,3974,4362,7622,10040,9011,14189,12251,20785,23636,28079,40030,42668,33927,43554,11071,19652,736,791,1711,2480,2352,3947,3401,6124,6270,6950,7721,6571,21096,27361,9767,17335,198490,114913,30252,9613,96094,69,9,22,14
2021-04-22T23:59:59+02:00,12,4,3881,4304,7431,9923,8733,13994,11807,20457,21308,25719,37271,39416,33400,42885,11000,19531,723,782,1683,2450,2294,3890,3329,6052,6161,6851,7642,6485,21043,27317,9764,17320,185450,114792,30062,8910,95533,67,9,22,13
2021-04-21T23:59:59+02:00,12,4,3853,4272,7303,9845,8550,13823,11473,20167,20043,24514,34059,35696,32916,42182,10938,19405,699,764,1649,2422,2250,3865,3295,6019,6119,6811,7613,6458,21024,27293,9761,17316,173683,114681,29887,8597,95454,63,9,22,13
2021-04-20T23:59:59+02:00,12,4,3819,4245,7197,9776,8336,13666,11106,19869,18947,23363,30747,32043,32442,41583,10879,19296,691,754,1634,2410,2217,3843,3252,5974,6078,6770,7573,6412,20999,27269,9755,17313,162041,114525,29864,8341,95394,61,9,22,13
2021-04-19T23:59:59+02:00,12,4,3800,4228,7123,9738,8218,13556,10850,19683,18282,22699,29875,30913,32150,41217,10837,19221,683,749,1612,2396,2193,3813,3217,5941,6044,6739,7528,6379,20968,27241,9753,17309,157200,114392,29847,8097,95328,59,9,22,13
2021-04-18T23:59:59+02:00,12,4,3797,4222,7107,9724,8203,13538,10815,19658,18194,22617,29753,30788,32122,41195,10834,19213,681,745,1597,2384,2176,3798,3192,5915,6015,6716,7506,6366,20949,27219,9750,17306,156708,114333,29780,7907,95278,58,9,21,13
2021-04-17T23:59:59+02:00,12,4,3796,4220,7105,9722,8200,13538,10809,19651,18181,22606,29730,30775,32120,41193,10834,19213,680,745,1596,2383,2174,3797,3189,5914,6013,6714,7506,6366,20949,27219,9750,17306,156628,114320,29779,7907,95272,57,9,21,13
2021-04-16T23:59:59+02:00,12,4,3629,4182,6759,9592,7831,13351,10411,19405,17727,22331,29528,30615,32038,41104,10819,19194,668,727,1584,2368,2147,3782,3135,5877,5971,6664,7413,6277,20536,26653,9720,17245,155876,112995,29771,7701,92855,54,9,21,13
2021-04-15T23:59:59+02:00,12,4,3528,4103,6403,9219,7253,12848,9633,18569,16401,21092,28327,29318,31516,40462,10739,19019,638,704,1532,2330,2066,3695,3025,5757,5643,6426,6915,5888,19800,25739,9624,17077,150116,109637,29475,7156,88825,49,9,21,13
2021-04-14T23:59:59+02:00,11,4,3474,4053,6167,8978,6920,12465,9011,18014,15279,20058,26916,27808,30885,39583,10631,18824,604,678,1486,2292,1990,3617,2882,5634,5333,6190,6371,5377,18786,24452,9539,16904,143302,105378,29275,6697,86475,43,9,20,13
2021-04-13T23:59:59+02:00,11,4,3442,4021,6075,8900,6771,12335,8706,17766,14475,19364,23557,24245,29950,38399,10527,18652,599,669,1473,2270,1962,3583,2786,5563,5117,6006,6008,5038,18487,24108,9500,16838,131641,103282,29264,6667,86266,42,9,20,12
2021-04-12T23:59:59+02:00,11,4,3420,4000,6025,8841,6683,12251,8487,17571,13858,18834,22552,23091,29525,37841,10458,18530,589,661,1463,2262,1939,3562,2730,5512,4969,5901,5689,4757,18192,23804,9462,16778,126552,101691,29245,6521,86156,42,9,20,12
2021-04-11T23:59:59+02:00,11,4,3414,3994,6007,8817,6655,12234,8447,17548,13769,18773,22421,22942,29474,37776,10449,18505,586,656,1450,2252,1926,3554,2713,5495,4931,5864,5629,4698,18019,23570,9441,16749,126010,101026,29178,6449,86023,42,9,20,12
2021-04-10T23:59:59+02:00,11,4,3406,3993,5984,8816,6633,12233,8424,17547,13743,18771,22416,22939,29470,37775,10449,18505,585,654,1444,2245,1921,3551,2707,5487,4915,5853,5617,4681,17856,23317,9427,16725,125987,100513,29086,6415,86018,42,8,20,12
2021-04-09T23:59:59+02:00,10,4,3368,3981,5936,8804,6573,12215,8385,17520,13691,18725,20459,20527,28989,37159,10419,18455,572,641,1418,2223,1894,3527,2665,5451,4844,5791,5500,4577,17277,22583,9389,16654,125294,98742,23966,6216,85936,34,7,17,12
2021-04-08T23:59:59+02:00,10,4,3344,3962,5866,8772,6497,12176,8294,17454,13545,18606,17862,17456,28464,36492,10379,18405,530,611,1329,2141,1800,3430,2485,5264,4348,5427,4693,3967,15496,20351,9202,16352,124422,91744,18091,5645,85052,24,6,17,12
2021-04-07T23:59:59+02:00,8,4,3265,3934,5655,8722,6290,12116,8085,17379,13284,18511,15191,14382,27786,35692,10349,18352,507,583,1275,2086,1705,3350,2332,5123,3935,5094,3975,3401,14641,19487,9090,16171,124215,87424,16556,5298,78212,21,5,17,12
2021-04-06T23:59:59+02:00,7,4,3235,3924,5609,8704,6220,12093,7998,17342,13210,18440,13200,12016,27152,34976,10336,18322,476,560,1205,2031,1620,3268,2170,5003,3562,4815,3448,2990,13800,18485,9015,16055,124086,83780,16354,4697,72326,16,5,17,10
2021-04-05T23:59:59+02:00,7,4,3233,3921,5573,8690,6183,12081,7953,17326,13138,18404,13154,11970,27141,34960,10335,18319,444,530,1153,1994,1568,3227,2102,4949,3474,4739,3391,2938,13657,18315,9006,16037,124062,83289,16146,4210,72163,16,4,17,10
2021-04-04T23:59:59+02:00,7,4,3232,3919,5573,8688,6181,12080,7952,17323,13138,18404,13151,11970,27140,34960,10335,18319,443,529,1152,1994,1568,3227,2101,4949,3474,4739,3391,2938,13656,18315,9006,16037,124051,83284,16146,4210,72158,16,4,17,10
2021-04-03T23:59:59+02:00,7,4,3231,3919,5573,8687,6181,12080,7952,17323,13138,18404,13151,11969,27139,34957,10335,18319,443,527,1152,1994,1567,3227,2101,4948,3468,4736,3384,2927,13569,18179,8997,16021,124046,83005,16146,4210,72156,16,4,17,10
2021-04-02T23:59:59+02:00,7,4,3231,3916,5570,8682,6177,12071,7943,17311,13113,18373,13104,11917,27111,34939,10332,18315,440,520,1150,1990,1555,3218,2091,4926,3438,4703,3353,2898,12639,16934,8932,15913,123880,80548,16143,4129,72072,16,4,17,8
2021-04-01T23:59:59+02:00,7,4,3216,3902,5531,8662,6110,12039,7872,17275,12998,18300,12989,11790,27053,34863,10323,18300,393,476,1053,1923,1456,3130,1941,4813,3236,4570,3121,2698,10607,14340,8822,15738,123565,74955,16016,3340,71633,16,3,17,8
2021-03-31T23:59:59+02:00,7,4,3215,3889,5514,8628,6077,12002,7829,17230,12917,18231,12873,11665,27001,34800,10315,18291,355,454,1017,1881,1383,3090,1837,4710,2979,4375,2708,2382,8033,11109,8646,15498,123250,67437,15976,3000,71243,15,3,16,6
2021-03-30T23:59:59+02:00,7,4,3207,3878,5489,8600,6045,11971,7790,17190,12840,18165,12786,11525,26964,34752,10310,18281,334,435,994,1849,1323,3054,1713,4629,2730,4203,2339,2134,7148,10019,8580,15369,123117,64114,15944,2721,70725,14,2,16,6
2021-03-29T23:59:59+02:00,7,4,3195,3874,5460,8581,6009,11937,7746,17157,12766,18087,12141,10767,25095,32253,10161,18025,328,432,987,1834,1302,3029,1678,4588,2584,4117,2053,1984,6498,9309,8536,15291,117114,61816,15774,2718,70359,12,2,16,6
2021-03-28T23:59:59+02:00,7,4,3165,3858,5412,8542,5959,11894,7665,17102,12656,18017,11877,10464,23108,29783,10106,17926,327,430,985,1833,1294,3025,1674,4586,2572,4109,2028,1964,6475,9294,8534,15286,117055,61686,10582,2716,69890,12,2,16,4
2021-03-27T23:59:59+01:00,7,4,3153,3854,5373,8531,5922,11879,7618,17087,12610,17970,11843,10421,23104,29775,10106,17926,327,430,985,1833,1294,3025,1673,4584,2570,4107,2026,1962,6426,9219,8501,15237,116986,61469,10581,2716,69598,12,2,16,4
2021-03-26T23:59:59+01:00,7,4,3017,3529,4922,7369,5426,10557,7003,15029,11799,15683,11623,10240,22621,29048,10061,17855,326,426,981,1830,1288,3020,1670,4582,2565,4100,2018,1956,6296,9031,8358,15052,115440,60791,10327,2704,60008,2,2,16,4
2021-03-25T23:59:59+01:00,7,3,2891,3261,4762,6596,5200,9405,6677,13302,11071,13875,10764,9434,21904,28206,9988,17700,321,416,975,1820,1273,3001,1650,4546,2528,4051,1951,1897,6005,8603,8085,14605,112530,59025,9639,2699,52859,1,2,16,4
2021-03-24T23:59:59+01:00,7,3,2843,3217,4686,6535,5066,9299,6471,13131,10560,13468,9930,8612,20892,26947,9891,17519,319,411,967,1814,1256,2990,1635,4522,2481,3994,1881,1821,5642,8131,7673,13939,108518,56790,9290,2685,51254,1,0,15,4
2021-03-23T23:59:59+01:00,7,3,2814,3184,4618,6469,4954,9205,6260,12969,10101,13046,9215,7944,20381,26343,9839,17414,307,398,949,1804,1241,2969,1607,4500,2427,3945,1801,1756,5365,7751,7284,13324,106140,54743,8958,2684,49655,1,0,13,4
2021-03-22T23:59:59+01:00,7,3,2796,3145,4558,6431,4878,9137,6121,12831,9740,12770,8608,7375,19962,25905,9779,17320,305,394,937,1798,1226,2954,1594,4486,2400,3919,1775,1735,5228,7577,6842,12509,104660,52998,8698,2679,47995,1,0,13,3
2021-03-21T23:59:59+01:00,7,3,2789,3130,4513,6409,4827,9100,6029,12763,9552,12582,8301,7115,19791,25738,9767,17295,305,394,936,1798,1224,2954,1593,4485,2397,3919,1767,1729,5219,7572,6812,12452,104459,52893,8463,2661,46776,1,0,13,3
2021-03-20T23:59:59+01:00,7,3,2789,3125,4505,6404,4820,9097,6025,12755,9532,12568,8268,7084,19617,25461,9751,17269,305,394,936,1797,1223,2954,1592,4484,2393,3911,1755,1716,5206,7523,6636,12216,103902,52402,8451,2637,46714,1,0,13,3
2021-03-19T23:59:59+01:00,7,3,2754,3101,4431,6360,4711,9047,5885,12697,9266,12379,7960,6859,19132,24868,9719,17210,305,394,935,1796,1223,2951,1589,4483,2387,3906,1739,1707,5170,7480,6233,11600,102595,51279,8207,2617,45574,1,0,13,3
2021-03-18T23:59:59+01:00,7,3,2688,3027,4268,6224,4462,8841,5525,12385,8357,11704,6691,5840,17879,23507,9570,16985,302,389,930,1786,1209,2938,1550,4467,2319,3859,1661,1665,5097,7373,5503,10492,97691,48965,7664,2575,42595,0,0,13,2
2021-03-17T23:59:59+01:00,7,3,2650,2988,4188,6126,4324,8733,5270,12107,7677,11131,5700,4942,16530,21973,9405,16731,298,387,926,1776,1205,2930,1533,4445,2252,3833,1595,1620,5052,7309,4931,9614,92265,47186,7160,2520,41047,0,0,13,2
2021-03-16T23:59:59+01:00,7,3,2630,2959,4125,6059,4231,8636,5094,11950,7224,10740,4933,4322,15677,20992,9302,16562,294,385,923,1771,1202,2923,1525,4435,2230,3814,1565,1603,5015,7266,4428,8809,88618,45747,7124,2441,39692,0,0,12,2
2021-03-15T23:59:59+01:00,7,3,2627,2948,4109,6041,4200,8610,5044,11903,7107,10626,4787,4161,15358,20580,9273,16503,292,381,922,1765,1195,2916,1511,4426,2208,3790,1524,1586,4955,7192,3851,7948,87849,44161,7028,2301,38998,0,0,12,2
2021-03-14T23:59:59+01:00,7,2,2622,2939,4088,6021,4170,8591,5002,11870,7011,10537,4682,4047,15227,20410,9257,16467,290,380,922,1763,1189,2909,1506,4415,2197,3783,1514,1578,4947,7184,3846,7935,87543,44100,7010,2258,38386,0,0,11,2
2021-03-13T23:59:59+01:00,7,2,2618,2931,4083,6009,4162,8585,4994,11861,6991,10522,4659,4021,14910,19973,9237,16431,290,380,922,1763,1189,2909,1506,4415,2197,3783,1514,1578,4947,7183,3846,7935,86657,44099,6987,2258,38341,0,0,11,2
2021-03-12T23:59:59+01:00,7,2,2555,2855,3972,5839,4043,8363,4855,11557,6813,10252,4505,3883,13983,18716,9176,16329,290,379,920,1760,1189,2906,1504,4410,2196,3776,1506,1576,4939,7164,3844,7920,84187,44022,6925,2257,36584,0,0,9,2
2021-03-11T23:59:59+01:00,6,2,2430,2629,3746,5509,3787,7925,4529,10792,6185,9436,3984,3378,12378,16718,9078,16182,290,378,916,1756,1186,2892,1495,4398,2184,3749,1462,1547,4898,7129,3832,7893,79855,43871,6763,2134,32068,0,0,8,2
2021-03-10T23:59:59+01:00,6,2,2307,2495,3594,5275,3592,7601,4259,10303,5627,8865,3411,2932,10109,13998,8932,15955,287,374,912,1747,1179,2881,1491,4382,2162,3733,1433,1539,4868,7114,3823,7885,73549,43805,6592,2005,29115,0,0,7,2
2021-03-09T23:59:59+01:00,6,2,2280,2442,3528,5189,3478,7512,4088,10106,5234,8512,2928,2574,8596,11978,8830,15804,286,373,912,1741,1172,2872,1487,4374,2153,3721,1419,1534,4860,7108,3820,7882,68673,43760,6442,1954,27965,0,0,7,2
2021-03-08T23:59:59+01:00,6,2,2256,2369,3470,5122,3403,7427,3964,9992,4939,8319,2478,2311,6670,9575,8710,15628,286,370,911,1731,1166,2856,1481,4363,2149,3714,1408,1527,4844,7088,3813,7873,62976,43652,6107,1928,27551,0,0,7,2
2021-03-07T23:59:59+01:00,6,2,2193,2313,3373,5014,3307,7337,3867,9905,4804,8224,2427,2260,6648,9554,8710,15620,286,369,910,1731,1166,2856,1479,4363,2149,3714,1408,1527,4844,7088,3813,7873,62848,43650,5426,1928,27283,0,0,7,0
2021-03-06T23:59:59+01:00,6,2,2185,2300,3361,5005,3303,7332,3858,9896,4793,8221,2425,2258,6602,9484,8678,15571,286,369,909,1727,1165,2855,1479,4360,2145,3709,1407,1522,4838,7083,3811,7864,62639,43603,5366,1928,27268,0,0,7,0
2021-03-05T23:59:59+01:00,6,2,2054,2215,3137,4815,3062,7020,3581,9500,4463,7884,2338,2197,6395,9166,8486,15310,286,367,907,1724,1165,2854,1478,4354,2142,3703,1401,1520,4832,7076,3810,7858,61660,43551,4527,1928,25437,0,0,7,0
2021-03-04T23:59:59+01:00,6,2,1800,1994,2727,4379,2603,6376,3013,8596,3774,7067,2123,2037,6104,8800,8210,14856,283,366,906,1716,1163,2837,1477,4338,2133,3691,1390,1518,4819,7062,3803,7847,60012,43426,3254,1925,21194,0,0,7,0
2021-03-03T23:59:59+01:00,6,2,1728,1904,2618,4193,2469,6146,2870,8308,3583,6797,2034,1958,5765,8324,7856,14276,282,362,906,1706,1161,2814,1473,4314,2128,3676,1366,1507,4814,7056,3799,7840,57981,43281,3111,1925,19738,0,0,7,0
2021-03-02T23:59:59+01:00,6,2,1692,1822,2550,4075,2387,5995,2764,8125,3464,6642,1955,1890,5456,7885,7456,13608,280,357,903,1687,1158,2793,1470,4295,2127,3665,1341,1501,4804,7040,3793,7833,55882,43124,2860,1925,19025,0,0,7,0
2021-03-01T23:59:59+01:00,2,2,1682,1794,2511,3966,2336,5877,2726,8022,3409,6563,1909,1869,5317,7720,6985,12743,279,355,899,1681,1156,2781,1468,4282,2125,3650,1336,1496,4801,7038,3792,7827,54003,43043,2848,1925,18575,0,0,7,0
2021-02-28T23:59:59+01:00,2,2,1665,1756,2476,3895,2306,5822,2683,7942,3382,6515,1903,1865,5309,7715,6950,12684,279,355,898,1681,1156,2781,1468,4281,2125,3649,1336,1496,4801,7037,3792,7827,53881,43040,2846,1924,18138,0,0,7,0
2021-02-27T23:59:59+01:00,2,2,1663,1750,2472,3887,2302,5822,2682,7941,3379,6512,1897,1855,5300,7671,6780,12465,279,355,888,1676,1146,2774,1458,4272,2108,3640,1335,1493,4801,7036,3792,7827,53418,43036,2846,1846,18111,0,0,7,0
2021-02-26T23:59:59+01:00,2,1,1473,1591,2346,3641,2223,5415,2588,7435,3292,6054,1882,1830,5275,7638,6521,12076,278,353,881,1669,1138,2754,1452,4250,2098,3627,1328,1484,4793,7024,3788,7815,52675,42957,2825,1777,15776,0,0,7,0
2021-02-25T23:59:59+01:00,2,1,1256,1312,2125,3203,2049,4657,2389,6485,3048,5149,1793,1759,5224,7559,5952,11236,276,345,875,1609,1104,2659,1419,4139,2041,3552,1289,1463,4752,6983,3770,7763,50802,42492,2811,1549,11580,0,0,6,0
2021-02-24T23:59:59+01:00,2,1,1203,1101,2016,2931,1943,4318,2256,6077,2876,4876,1717,1704,5165,7467,5197,10058,274,339,837,1562,1054,2568,1358,4023,1952,3423,1249,1436,4737,6957,3760,7746,48460,42235,2799,1042,9643,0,0,6,0
2021-02-23T23:59:59+01:00,2,1,1188,1051,1982,2867,1917,4220,2230,5992,2842,4815,1709,1689,5130,7418,4566,9036,274,338,810,1534,1006,2516,1305,3945,1846,3348,1197,1411,4714,6932,3749,7712,46688,42037,2772,602,9189,0,0,6,0
2021-02-22T23:59:59+01:00,2,1,1180,1009,1931,2724,1872,4074,2175,5796,2788,4708,1697,1678,5094,7368,3962,8151,272,327,767,1495,952,2433,1217,3837,1704,3251,1108,1354,4673,6863,3723,7609,45075,41578,2752,9,8378,0,0,5,0
2021-02-21T23:59:59+01:00,2,1,1178,995,1900,2662,1846,3977,2148,5692,2768,4645,1689,1672,5091,7359,3962,8147,270,325,762,1489,944,2401,1215,3801,1691,3211,1099,1339,4657,6838,3701,7568,45022,41304,2741,9,7966,0,0,5,0
2021-02-20T23:59:59+01:00,2,1,1178,995,1900,2661,1845,3977,2148,5692,2766,4640,1680,1663,5087,7353,3960,8144,270,325,762,1488,943,2397,1214,3797,1690,3209,1099,1339,4604,6777,3653,7508,45007,41069,2716,8,7964,0,0,5,0
2021-02-19T23:59:59+01:00,2,1,1178,992,1897,2656,1844,3968,2147,5683,2763,4637,1660,1655,5073,7336,3957,8138,269,324,758,1479,934,2373,1207,3754,1663,3156,1072,1301,4412,6524,3476,7216,44925,39912,2697,8,7960,0,0,5,0
2021-02-18T23:59:59+01:00,2,1,1146,909,1858,2537,1805,3829,2094,5476,2701,4462,1644,1639,5057,7302,3952,8112,241,295,713,1354,885,2167,1120,3412,1546,2859,963,1114,3928,5751,3082,6363,44770,35787,2664,8,7087,0,0,5,0
2021-02-17T23:59:59+01:00,2,1,1097,778,1777,2304,1728,3530,1985,5116,2626,4212,1619,1630,5037,7288,3944,8109,236,292,703,1336,876,2145,1108,3377,1527,2838,957,1111,3545,5224,2790,5940,44729,33999,2608,8,5441,0,0,5,0
2021-02-16T23:59:59+01:00,2,1,1056,742,1719,2201,1657,3358,1914,4908,2548,4105,1584,1616,5008,7267,3935,8097,230,286,689,1302,855,2091,1077,3260,1488,2753,934,1088,3192,4677,2450,5450,44676,31819,2443,5,4594,0,0,5,0
2021-02-15T23:59:59+01:00,2,1,1049,723,1699,2124,1637,3258,1895,4798,2533,4026,1556,1602,4979,7250,3903,8041,218,276,674,1267,836,2041,1057,3194,1445,2688,903,1057,2772,4126,2124,4888,44547,29564,2357,4,4167,0,0,5,0
2021-02-14T23:59:59+01:00,2,1,953,689,1620,2090,1575,3239,1850,4776,2496,4013,1549,1598,4969,7238,3900,8036,211,264,665,1249,817,2001,1041,3128,1415,2620,873,1012,2683,3986,2052,4705,44505,28721,2319,3,3768,0,0,2,0
2021-02-13T23:59:59+01:00,2,1,900,665,1590,2067,1560,3230,1834,4769,2488,4012,1548,1597,4969,7238,3899,8035,209,263,663,1249,817,1997,1041,3126,1414,2618,872,1012,2580,3858,1987,4604,44499,28309,2319,3,3584,0,0,2,0
2021-02-12T23:59:59+01:00,2,1,564,517,1240,1950,1388,3126,1694,4686,2378,3942,1528,1588,4960,7226,3892,8029,197,257,649,1223,803,1953,1015,3041,1358,2518,810,938,2356,3547,1844,4302,44381,26811,2319,2,2009,0,0,2,0
2021-02-11T23:59:59+01:00,2,1,397,440,1050,1837,1285,3007,1595,4572,2289,3852,1419,1543,4897,7176,3871,7981,156,193,549,979,666,1506,814,2369,1076,1925,569,689,1753,2672,1359,3102,44024,20378,2118,1,1070,0,0,2,0
2021-02-10T23:59:59+01:00,2,1,284,368,924,1732,1185,2881,1500,4387,2176,3728,1382,1530,4878,7165,3866,7979,134,131,378,618,492,1017,644,1757,908,1591,548,674,1344,2109,1044,2606,43948,15997,2013,0,5,0,0,2,0
2021-02-09T23:59:59+01:00,2,1,284,367,923,1726,1182,2872,1500,4381,2175,3723,1375,1527,4876,7163,3865,7977,131,129,369,588,473,990,623,1726,883,1560,546,671,963,1642,766,2202,43923,14264,1990,0,4,0,0,2,0
2021-02-08T23:59:59+01:00,2,1,284,365,922,1724,1179,2862,1493,4375,2173,3719,1370,1523,4874,7163,3864,7974,126,123,358,577,465,973,612,1694,865,1534,538,666,569,1154,461,1776,43894,12493,1967,0,4,0,0,2,0
2021-02-07T23:59:59+01:00,2,1,284,365,920,1724,1178,2862,1491,4373,2173,3719,1370,1523,4874,7162,3863,7974,122,120,354,571,464,966,609,1682,855,1518,530,662,568,1144,456,1761,43890,12384,1966,0,0,0,0,2,0
2021-02-06T23:59:59+01:00,2,1,284,365,920,1724,1178,2862,1491,4373,2173,3719,1370,1523,4874,7162,3863,7974,119,117,352,567,463,965,609,1680,855,1517,529,661,568,1144,456,1761,43890,12365,1966,0,0,0,0,2,0
2021-02-05T23:59:59+01:00,2,1,284,364,919,1724,1178,2861,1489,4372,2172,3719,1370,1523,4873,7160,3863,7971,118,109,349,563,455,952,605,1670,841,1494,524,651,562,1128,446,1739,43877,12208,1966,0,0,0,0,2,0
2021-02-04T23:59:59+01:00,2,1,280,359,912,1686,1171,2815,1488,4319,2159,3676,1361,1516,4845,7129,3852,7941,89,72,232,390,331,693,476,1280,630,1123,393,518,472,920,389,1497,43545,9506,1965,0,0,0,0,2,0
2021-02-03T23:59:59+01:00,2,1,278,350,907,1661,1167,2780,1477,4269,2150,3640,1353,1500,4822,7100,3840,7915,55,34,80,166,152,346,232,603,304,551,211,279,273,575,226,945,43245,5033,1965,0,0,0,0,2,0
2021-02-02T23:59:59+01:00,2,1,277,348,906,1649,1163,2761,1474,4237,2143,3614,1345,1494,4815,7086,3832,7893,16,10,25,49,60,100,73,165,97,122,45,75,66,127,51,193,43073,1275,1965,0,0,0,0,2,0
2021-02-01T23:59:59+01:00,2,1,277,343,906,1647,1162,2760,1473,4233,2142,3608,1344,1493,4813,7085,3832,7893,14,9,21,43,51,91,60,137,74,103,39,66,56,117,50,180,43047,1112,1965,0,0,0,0,2,0
2021-01-31T23:59:59+01:00,2,1,277,342,906,1643,1161,2756,1473,4228,2142,3605,1343,1493,4813,7084,3832,7893,13,8,20,38,44,83,54,126,64,97,34,55,47,108,47,174,43027,1013,1965,0,0,0,0,2,0
2021-01-30T23:59:59+01:00,2,1,277,342,901,1640,1153,2748,1465,4222,2138,3602,1343,1493,4760,7024,3785,7833,13,8,20,37,44,83,53,125,64,97,34,55,47,108,47,174,42796,1010,1931,0,0,0,0,2,0
2021-01-29T23:59:59+01:00,2,1,276,341,886,1631,1141,2725,1453,4188,2115,3574,1334,1487,4596,6821,3621,7628,11,8,20,37,41,83,52,123,61,96,32,50,46,108,47,174,42000,990,1818,0,0,0,0,2,0
2021-01-28T23:59:59+01:00,2,1,272,328,867,1544,1101,2615,1416,4087,2045,3499,1306,1474,4262,6348,3357,7274,7,4,9,17,22,42,21,56,36,63,20,32,31,70,37,117,40225,585,1571,0,0,0,0,2,0
2021-01-27T23:59:59+01:00,2,1,266,325,825,1489,1054,2521,1352,3989,1971,3391,1266,1447,3850,5778,3037,6809,3,4,9,8,12,21,8,22,14,29,11,14,15,39,15,56,38255,281,1116,0,0,0,0,2,0
2021-01-26T23:59:59+01:00,2,1,260,316,791,1442,989,2436,1291,3862,1854,3284,1208,1396,3503,5222,2688,6298,1,1,5,3,5,7,4,2,3,8,6,5,3,7,3,8,36175,72,667,0,0,0,0,1,0
2021-01-25T23:59:59+01:00,2,1,250,307,739,1381,928,2317,1190,3717,1692,3164,1129,1366,3109,4710,2378,5831,1,1,5,2,3,7,2,2,3,8,6,5,3,7,3,8,34149,67,62,0,0,0,0,0,0
2021-01-24T23:59:59+01:00,2,1,247,307,733,1376,917,2301,1185,3701,1664,3134,1123,1364,3083,4674,2361,5809,1,1,3,2,3,7,2,2,3,8,6,5,3,7,3,8,33974,65,8,0,0,0,0,0,0
2021-01-23T23:59:59+01:00,2,1,246,306,732,1376,917,2297,1184,3699,1661,3132,1122,1364,2978,4546,2295,5707,1,1,3,2,2,7,2,2,3,8,6,5,3,7,3,8,33558,64,7,0,0,0,0,0,0
2021-01-22T23:59:59+01:00,2,1,245,303,730,1360,915,2284,1178,3683,1657,3128,1120,1363,2818,4351,2192,5565,1,1,3,2,2,7,2,2,3,8,6,5,3,7,3,8,32888,64,7,0,0,0,0,0,0
2021-01-21T23:59:59+01:00,2,1,241,274,667,1204,846,2071,1097,3396,1559,2920,1076,1321,2470,3882,1897,5119,1,0,3,1,2,7,2,2,3,8,6,4,3,7,3,8,30036,61,7,0,0,0,0,0,0
2021-01-20T23:59:59+01:00,2,1,215,210,506,852,669,1580,896,2691,1320,2449,975,1186,1937,3131,1482,4353,1,0,3,1,2,7,2,2,3,6,5,4,3,7,3,8,24448,58,7,0,0,0,0,0,0
2021-01-19T23:59:59+01:00,2,1,187,191,459,745,614,1424,808,2390,1142,2141,807,929,1294,2202,1024,3287,0,0,2,1,0,0,0,0,2,1,1,0,0,0,0,0,19643,7,4,0,0,0,0,0,0
2021-01-18T23:59:59+01:00,1,1,139,136,381,620,490,1069,653,1843,949,1649,600,719,644,1279,516,1975,0,0,1,0,0,0,0,0,1,0,0,0,0,0,0,0,13661,2,3,0,0,0,0,0,0
2021-01-17T23:59:59+01:00,1,1,128,122,367,583,475,1003,624,1726,890,1550,551,678,596,1181,474,1832,0,0,0,0,0,0,0,0,0,0,0,0,0,0,0,0,12782,0,0,0,0,0,0,0,0
2021-01-16T23:59:59+01:00,1,1,121,118,364,579,473,992,618,1713,884,1543,550,677,595,1176,470,1820,0,0,0,0,0,0,0,0,0,0,0,0,0,0,0,0,12695,0,0,0,0,0,0,0,0
2021-01-15T23:59:59+01:00,1,1,119,111,361,574,465,976,614,1702,869,1519,544,665,588,1160,462,1798,0,0,0,0,0,0,0,0,0,0,0,0,0,0,0,0,12529,0,0,0,0,0,0,0,0
2021-01-14T23:59:59+01:00,1,1,98,89,276,465,394,793,511,1431,710,1226,425,535,508,965,406,1613,0,0,0,0,0,0,0,0,0,0,0,0,0,0,0,0,10447,0,0,0,0,0,0,0,0
2021-01-13T23:59:59+01:00,1,1,68,49,164,283,257,527,358,936,488,792,263,330,316,638,261,1034,0,0,0,0,0,0,0,0,0,0,0,0,0,0,0,0,6766,0,0,0,0,0,0,0,0
2021-01-12T23:59:59+01:00,1,1,32,21,49,101,114,218,154,389,206,336,138,180,166,354,149,569,0,0,0,0,0,0,0,0,0,0,0,0,0,0,0,0,3178,0,0,0,0,0,0,0,0
2021-01-11T23:59:59+01:00,1,0,19,11,33,64,61,114,77,169,95,127,41,66,60,122,50,181,0,0,0,0,0,0,0,0,0,0,0,0,0,0,0,0,1291,0,0,0,0,0,0,0,0
2021-01-10T23:59:59+01:00,1,0,15,7,27,53,54,102,67,154,76,111,34,56,50,112,46,172,0,0,0,0,0,0,0,0,0,0,0,0,0,0,0,0,1137,0,0,0,0,0,0,0,0
2021-01-09T23:59:59+01:00,1,0,14,7,26,51,53,101,64,153,76,109,34,56,50,112,46,172,0,0,0,0,0,0,0,0,0,0,0,0,0,0,0,0,1125,0,0,0,0,0,0,0,0
2021-01-08T23:59:59+01:00,1,0,11,7,24,48,48,96,60,140,70,105,31,50,49,112,46,172,0,0,0,0,0,0,0,0,0,0,0,0,0,0,0,0,1070,0,0,0,0,0,0,0,0
2021-01-07T23:59:59+01:00,1,0,7,4,9,18,22,44,23,56,38,65,19,33,36,75,36,116,0,0,0,0,0,0,0,0,0,0,0,0,0,0,0,0,602,0,0,0,0,0,0,0,0
2021-01-06T23:59:59+01:00,1,0,7,4,9,15,15,32,15,39,25,53,15,25,30,67,34,101,0,0,0,0,0,0,0,0,0,0,0,0,0,0,0,0,487,0,0,0,0,0,0,0,0
2021-01-05T23:59:59+01:00,1,0,7,4,9,15,15,32,15,39,25,53,15,25,29,67,34,101,0,0,0,0,0,0,0,0,0,0,0,0,0,0,0,0,486,0,0,0,0,0,0,0,0
2021-01-04T23:59:59+01:00,1,0,2,4,8,5,4,15,4,7,6,16,6,5,6,16,4,13,0,0,0,0,0,0,0,0,0,0,0,0,0,0,0,0,122,0,0,0,0,0,0,0,0
2021-01-03T23:59:59+01:00,1,0,1,1,3,2,2,7,3,3,3,9,4,4,3,8,3,8,0,0,0,0,0,0,0,0,0,0,0,0,0,0,0,0,65,0,0,0,0,0,0,0,0
2021-01-02T23:59:59+01:00,1,0,1,1,3,2,2,7,3,3,3,9,4,4,3,8,3,8,0,0,0,0,0,0,0,0,0,0,0,0,0,0,0,0,65,0,0,0,0,0,0,0,0
2021-01-01T23:59:59+01:00,1,0,1,1,3,2,2,7,2,3,3,9,4,4,3,8,3,8,0,0,0,0,0,0,0,0,0,0,0,0,0,0,0,0,64,0,0,0,0,0,0,0,0
2020-12-31T23:59:59+01:00,1,0,1,1,3,1,2,7,2,2,3,8,4,4,3,8,3,8,0,0,0,0,0,0,0,0,0,0,0,0,0,0,0,0,61,0,0,0,0,0,0,0,0
2020-12-30T23:59:59+01:00,1,0,1,1,3,1,2,7,2,2,3,6,4,4,3,8,3,8,0,0,0,0,0,0,0,0,0,0,0,0,0,0,0,0,59,0,0,0,0,0,0,0,0
2020-12-29T23:59:59+01:00,1,0,1,1,2,1,2,6,2,2,3,6,2,2,2,8,2,7,0,0,0,0,0,0,0,0,0,0,0,0,0,0,0,0,50,0,0,0,0,0,0,0,0
2020-12-28T23:59:59+01:00,1,0,0,0,2,1,0,2,1,0,1,3,0,1,0,1,1,4,0,0,0,0,0,0,0,0,0,0,0,0,0,0,0,0,18,0,0,0,0,0,0,0,0
2020-12-27T23:59:59+01:00,0,0,0,0,0,0,0,1,1,0,1,2,0,1,0,1,1,4,0,0,0,0,0,0,0,0,0,0,0,0,0,0,0,0,12,0,0,0,0,0,0,0,0
