Datum,<15_m,<15_w,15-24_1_m,15-24_1_w,25-34_1_m,25-34_1_w,35-44_1_m,35-44_1_w,45-54_1_m,45-54_1_w,55-64_1_m,55-64_1_w,65-74_1_m,65-74_1_w,75-84_1_m,75-84_1_w,>84_1_m,>84_1_w,<24_2_m,<24_2_w,25-34_2_m,25-34_2_w,35-44_2_m,35-44_2_w,45-54_2_m,45-54_2_w,55-64_2_m,55-64_2_w,65-74_2_m,65-74_2_w,75-84_2_m,75-84_2_w,>84_2_m,>84_2_w,bp_1,bp_2,mo_1,mo_2,az_1,az_2,ja,unb_1,unb_2
2021-10-01T23:59:59+02:00,5358,5124,43352,41591,57159,49720,61287,57829,73035,71427,87500,85558,60524,64652,39617,50890,12563,22541,39154,37434,53272,45469,57791,53544,69121,66835,83584,81554,58397,62215,38275,49058,12041,21532,659723,616795,79267,76000,109617,103732,41089,51,59
2021-09-30T23:59:59+02:00,5287,5047,43178,41410,57007,49557,61172,57687,72946,71322,87431,85511,60502,64615,39598,50870,12559,22534,38934,37175,53121,45285,57661,53384,69024,66722,83514,81488,58381,62185,38259,49033,12036,21530,658440,615218,79260,76000,109617,103729,40885,51,59
2021-09-29T23:59:59+02:00,5254,5010,43042,41260,56869,49425,61076,57586,72862,71235,87374,85462,60478,64592,39582,50852,12555,22524,38748,36955,52980,45137,57569,53258,68930,66616,83449,81404,58339,62159,38247,49017,12033,21521,657430,613874,79235,75996,109617,103728,40725,51,59
2021-09-28T23:59:59+02:00,5212,4965,42834,41102,56724,49289,60972,57480,72777,71145,87312,85395,60448,64568,39568,50832,12548,22505,38553,36768,52838,45004,57470,53146,68847,66532,83373,81334,58311,62128,38231,48997,12031,21514,656239,612642,79226,75996,109616,103726,40564,51,59
2021-09-27T23:59:59+02:00,5182,4943,42744,41023,56633,49207,60888,57401,72715,71092,87263,85354,60426,64540,39547,50809,12541,22472,38466,36710,52760,44953,57397,53092,68811,66489,83330,81300,58288,62106,38221,48982,12029,21505,655592,612254,79220,75965,109616,103720,40321,51,59
2021-09-26T23:59:59+02:00,5169,4917,42700,40990,56602,49173,60869,57378,72691,71072,87249,85332,60416,64531,39543,50804,12540,22470,38444,36694,52727,44924,57375,53075,68789,66466,83311,81286,58282,62098,38216,48978,12029,21505,655344,612084,79215,75960,109616,103720,40240,51,59
2021-09-25T23:59:59+02:00,5169,4916,42696,40988,56602,49172,60869,57377,72690,71070,87249,85332,60416,64531,39543,50804,12540,22470,38440,36691,52726,44924,57375,53073,68788,66464,83311,81286,58281,62097,38216,48978,12029,21505,655338,612073,79213,75960,109616,103720,40236,51,59
2021-09-24T23:59:59+02:00,5150,4905,42612,40907,56538,49107,60803,57321,72629,71010,87211,85293,60404,64522,39538,50800,12539,22468,38384,36640,52676,44880,57325,53031,68742,66409,83278,81262,58270,62091,38213,48975,12028,21503,654991,611914,79210,75957,109616,103720,39908,51,59
2021-09-23T23:59:59+02:00,5079,4803,42340,40634,56312,48896,60631,57121,72475,70872,87078,85200,60349,64476,39520,50763,12533,22441,38147,36462,52486,44715,57176,52891,68611,66299,83178,81177,58233,62053,38200,48950,12021,21486,653391,610762,79197,75946,109615,103718,39287,51,59
2021-09-22T23:59:59+02:00,5040,4748,42186,40448,56135,48718,60484,56965,72364,70733,86985,85115,60312,64424,39498,50725,12530,22426,38010,36316,52325,44581,57046,52767,68534,66199,83090,81095,58200,62017,38183,48929,12018,21476,652073,609732,79183,75942,109614,103716,38933,51,59
2021-09-21T23:59:59+02:00,5004,4692,41986,40202,55912,48492,60320,56816,72273,70613,86896,85034,60272,64380,39481,50685,12521,22412,37849,36171,52174,44441,56927,52670,68466,66120,83013,81030,58171,61993,38158,48906,12012,21464,650498,608699,79182,75942,109614,103715,38664,51,59
2021-09-20T23:59:59+02:00,4979,4671,41880,40122,55783,48399,60219,56733,72195,70548,86838,84978,60247,64360,39468,50665,12515,22394,37767,36101,52060,44367,56846,52610,68404,66069,82962,80988,58148,61975,38148,48879,12009,21459,649793,608253,79173,75890,109614,103702,38381,51,59
2021-09-19T23:59:59+02:00,4974,4667,41836,40094,55709,48353,60172,56692,72154,70534,86811,84964,60240,64351,39467,50657,12515,22392,37735,36078,52015,44351,56813,52599,68368,66053,82940,80971,58140,61969,38145,48875,12009,21457,649537,608120,79171,75888,109611,103701,38230,51,59
2021-09-18T23:59:59+02:00,4972,4665,41824,40088,55691,48339,60153,56682,72143,70521,86801,84960,60235,64348,39466,50657,12515,22391,37731,36075,51999,44346,56800,52589,68359,66045,82930,80967,58135,61966,38143,48873,12009,21457,649483,608104,79170,75888,109611,103701,38152,51,59
2021-09-17T23:59:59+02:00,4917,4615,41677,39968,55574,48193,60011,56558,72007,70404,86732,84887,60199,64326,39457,50651,12512,22385,37624,35989,51903,44230,56709,52497,68251,65969,82870,80909,58104,61949,38136,48865,12007,21453,648652,607635,79170,75888,109611,103701,37603,51,59
2021-09-16T23:59:59+02:00,4820,4514,41391,39696,55319,47906,59777,56288,71817,70223,86603,84755,60148,64271,39434,50628,12502,22369,37348,35773,51703,43998,56529,52295,68106,65826,82761,80814,58051,61913,38118,48841,11998,21442,646729,606170,79166,75883,109594,103686,36935,51,59
2021-09-15T23:59:59+02:00,4755,4451,41154,39441,55076,47623,59565,56073,71659,70080,86484,84649,60105,64216,39405,50599,12494,22346,37144,35589,51532,43789,56390,52152,68000,65725,82666,80711,58005,61880,38094,48816,11995,21428,644939,604961,79164,75880,109594,103686,36439,51,59
2021-09-14T23:59:59+02:00,4727,4424,41032,39317,54946,47531,59476,55958,71562,69988,86407,84590,60086,64188,39387,50585,12489,22339,37071,35516,51440,43733,56317,52082,67925,65663,82607,80674,57988,61854,38079,48796,11989,21420,644171,604548,79164,75880,109594,103685,36064,51,59
2021-09-13T23:59:59+02:00,4699,4410,40931,39212,54855,47436,59412,55856,71490,69934,86364,84550,60055,64157,39381,50575,12485,22334,36997,35446,51353,43672,56258,52018,67860,65629,82567,80647,57965,61827,38070,48785,11988,21414,643465,604104,79163,75829,109593,103670,35876,51,59
2021-09-12T23:59:59+02:00,4690,4396,40900,39185,54834,47413,59387,55828,71463,69903,86350,84530,60047,64149,39379,50572,12483,22330,36960,35416,51335,43653,56233,52000,67840,65600,82546,80628,57954,61814,38065,48774,11988,21412,643257,603900,79154,75824,109592,103668,35797,51,59
2021-09-11T23:59:59+02:00,4681,4394,40885,39159,54805,47386,59368,55811,71439,69891,86339,84522,60046,64146,39378,50571,12483,22328,36943,35405,51313,43634,56220,51987,67817,65589,82533,80624,57952,61813,38063,48774,11988,21411,643161,603855,79154,75823,109592,103668,35686,51,59
2021-09-10T23:59:59+02:00,4636,4355,40705,38984,54648,47251,59251,55659,71312,69790,86250,84440,60018,64118,39367,50559,12479,22321,36817,35316,51204,43543,56130,51896,67724,65523,82461,80569,57933,61792,38054,48760,11981,21405,642250,603439,79153,75823,109592,103668,35107,51,59
2021-09-09T23:59:59+02:00,4563,4270,40461,38765,54451,47027,59074,55439,71164,69624,86145,84347,59992,64073,39344,50530,12470,22315,36606,35140,51029,43392,55977,51731,67581,65402,82353,80490,57894,61746,38037,48739,11976,21397,640759,602301,79152,75821,109592,103668,34509,51,58
2021-09-08T23:59:59+02:00,4464,4176,40233,38505,54252,46845,58899,55270,71051,69506,86052,84268,59955,64033,39336,50498,12464,22308,36320,34870,50794,43177,55777,51546,67446,65273,82240,80385,57861,61690,38014,48700,11965,21383,639331,600553,79147,75813,109592,103668,34002,51,58
2021-09-07T23:59:59+02:00,4391,4115,40029,38333,54122,46726,58797,55164,70975,69418,85990,84201,59931,64005,39325,50481,12461,22305,36192,34761,50690,43096,55695,51482,67377,65205,82175,80328,57828,61658,38002,48677,11958,21375,638321,599895,79139,75800,109588,103667,33677,51,58
2021-09-06T23:59:59+02:00,4350,4067,39924,38232,54044,46653,58729,55089,70929,69362,85945,84162,59911,63989,39322,50476,12459,22301,36077,34645,50595,43026,55611,51398,67318,65134,82120,80266,57801,61627,37989,48664,11957,21373,637638,599131,79139,75762,109587,103655,33536,51,58
2021-09-05T23:59:59+02:00,4337,4050,39889,38202,54022,46622,58693,55062,70901,69338,85921,84139,59908,63986,39319,50471,12458,22297,36051,34624,50567,43004,55579,51378,67299,65117,82102,80250,57793,61622,37986,48658,11955,21370,637415,598983,79138,75758,109586,103655,33432,51,58
2021-09-04T23:59:59+02:00,4337,4048,39880,38200,54019,46614,58692,55060,70899,69334,85917,84132,59908,63984,39319,50471,12458,22297,36040,34621,50564,42997,55575,51377,67297,65113,82099,80246,57792,61620,37986,48658,11955,21370,637396,598968,79138,75757,109586,103653,33405,51,58
2021-09-03T23:59:59+02:00,4298,4018,39766,38084,53918,46543,58610,54977,70829,69274,85852,84101,59890,63968,39313,50466,12455,22294,35961,34551,50479,42951,55513,51323,67238,65070,82053,80214,57777,61606,37978,48652,11949,21369,636814,598651,79138,75752,109586,103653,33074,51,58
2021-09-02T23:59:59+02:00,4258,3976,39589,37926,53775,46384,58471,54849,70702,69156,85774,84036,59842,63931,39290,50439,12453,22284,35834,34468,50366,42867,55413,51234,67138,64989,81980,80152,57730,61574,37961,48629,11943,21362,635806,598093,79138,75751,109586,103648,32561,51,58
2021-09-01T23:59:59+02:00,4197,3906,39395,37753,53611,46240,58352,54734,70611,69068,85713,83960,59798,63899,39274,50426,12451,22273,35501,34123,50135,42607,55216,51041,66978,64822,81848,80044,57681,61517,37929,48602,11938,21356,634677,595880,79127,75741,109585,103647,32228,51,58
2021-08-31T23:59:59+02:00,4146,3859,39258,37602,53480,46127,58248,54628,70524,68994,85635,83905,59768,63870,39257,50397,12449,22270,35381,34019,49993,42508,55103,50957,66884,64755,81767,79990,57641,61482,37915,48582,11932,21353,633744,595302,79125,75740,109583,103420,31922,50,58
2021-08-30T23:59:59+02:00,4095,3816,39146,37478,53374,46043,58161,54550,70462,68915,85574,83858,59751,63845,39245,50386,12447,22264,35308,33946,49916,42446,55026,50886,66824,64693,81713,79933,57613,61453,37900,48560,11931,21342,632905,594710,79122,75705,109583,103408,31757,50,58
2021-08-29T23:59:59+02:00,4084,3807,39129,37459,53356,46026,58146,54531,70454,68905,85558,83841,59749,63843,39242,50382,12446,22263,35279,33921,49886,42427,55014,50860,66801,64666,81690,79918,57603,61437,37895,48554,11928,21341,632787,594512,79119,75688,109583,103408,31689,50,58
2021-08-28T23:59:59+02:00,4084,3807,39128,37459,53355,46024,58146,54531,70453,68903,85558,83841,59749,63843,39242,50382,12446,22263,35279,33920,49886,42427,55012,50860,66800,64665,81690,79918,57603,61437,37895,48554,11928,21341,632782,594509,79119,75688,109583,103408,31687,50,58
2021-08-27T23:59:59+02:00,4048,3765,39006,37359,53255,45919,58063,54437,70363,68826,85497,83782,59723,63819,39230,50372,12446,22261,35177,33860,49786,42365,54937,50788,66710,64603,81636,79880,57578,61417,37884,48543,11927,21340,632143,594104,79119,75688,109578,103406,31288,50,58
2021-08-26T23:59:59+02:00,3965,3704,38809,37177,53083,45751,57926,54285,70234,68710,85370,83690,59675,63771,39206,50352,12439,22251,35002,33686,49632,42199,54775,50628,66582,64474,81491,79767,57531,61356,37855,48517,11922,21332,630950,592944,79116,75677,109572,103401,30717,50,58
2021-08-25T23:59:59+02:00,3871,3637,38639,36980,52928,45561,57811,54146,70134,68609,85276,83597,59639,63730,39188,50333,12437,22244,34617,33272,49359,41882,54538,50364,66388,64270,81311,79594,57441,61275,37833,48478,11910,21320,629708,590193,79115,75675,109572,103401,30322,50,58
2021-08-24T23:59:59+02:00,3850,3621,38551,36907,52848,45492,57755,54093,70080,68564,85231,83557,59607,63703,39179,50316,12434,22234,34469,33148,49238,41794,54450,50279,66285,64176,81219,79516,57393,61231,37825,48462,11905,21311,629269,589272,79112,75671,109570,103396,30028,50,58
2021-08-23T23:59:59+02:00,3823,3585,38455,36812,52768,45426,57700,54027,70021,68512,85177,83518,59589,63677,39169,50303,12432,22226,34330,33010,49113,41717,54349,50194,66191,64081,81131,79453,57357,61182,37805,48443,11904,21300,628736,588395,79110,75637,109568,103383,29763,50,58
2021-08-22T23:59:59+02:00,3815,3585,38427,36799,52753,45407,57683,54014,69995,68493,85160,83504,59579,63667,39167,50294,12427,22224,34282,32971,49086,41680,54313,50167,66148,64056,81096,79427,57342,61168,37802,48434,11899,21296,628633,588109,79108,75626,109567,103382,29642,50,58
2021-08-21T23:59:59+02:00,3813,3582,38408,36793,52744,45396,57668,54008,69981,68481,85154,83495,59572,63665,39166,50294,12427,22224,34270,32967,49076,41671,54299,50162,66136,64045,81090,79420,57338,61167,37802,48434,11899,21296,628593,588096,79107,75624,109566,103382,29562,50,58
2021-08-20T23:59:59+02:00,3793,3550,38338,36722,52660,45326,57592,53943,69908,68427,85093,83448,59555,63645,39163,50290,12427,22218,34170,32861,48961,41603,54207,50089,66041,63978,81020,79367,57318,61143,37796,48429,11898,21292,628228,587578,79105,75621,109566,103379,29156,50,58
2021-08-19T23:59:59+02:00,3765,3516,38166,36578,52498,45184,57468,53837,69776,68306,84996,83372,59525,63601,39148,50273,12423,22206,33819,32607,48673,41360,53990,49894,65833,63792,80844,79232,57262,61070,37750,48391,11893,21281,627329,585670,79103,75524,109557,103365,28606,50,58
2021-08-18T23:59:59+02:00,3715,3466,37976,36421,52371,45062,57371,53732,69666,68211,84920,83308,59486,63557,39132,50253,12421,22198,33437,32195,48370,41102,53733,49615,65615,63580,80659,79071,57179,60984,37714,48349,11889,21269,626324,583094,79100,75395,109554,103358,28245,50,58
2021-08-17T23:59:59+02:00,3653,3418,37813,36262,52251,44936,57289,53636,69571,68125,84848,83245,59451,63524,39119,50230,12416,22189,33046,31753,48043,40786,53442,49321,65367,63338,80459,78863,57068,60873,37672,48300,11877,21258,625363,579982,79100,75381,109549,103337,27921,50,58
2021-08-16T23:59:59+02:00,3597,3363,37665,36115,52154,44838,57214,53562,69501,68055,84792,83199,59429,63493,39104,50213,12410,22181,32486,31192,47651,40373,53051,48936,65062,63072,80237,78668,56991,60757,37640,48245,11868,21236,624433,575954,79096,75346,109549,103317,27764,50,58
2021-08-15T23:59:59+02:00,3588,3354,37631,36090,52121,44820,57188,53529,69486,68038,84781,83188,59417,63489,39101,50204,12410,22179,32408,31095,47578,40309,52988,48875,65018,63030,80194,78640,56973,60737,37632,48232,11867,21232,624245,575392,79096,75316,109548,103306,27682,50,58
2021-08-14T23:59:59+02:00,3584,3350,37623,36083,52116,44816,57182,53523,69482,68035,84773,83184,59410,63484,39100,50202,12410,22179,32400,31088,47568,40305,52980,48868,65015,63027,80187,78638,56968,60732,37631,48230,11867,21232,624215,575363,79093,75315,109548,103306,27637,50,58
2021-08-13T23:59:59+02:00,3567,3337,37553,36040,52056,44766,57114,53472,69413,67995,84708,83148,59388,63472,39089,50188,12407,22173,32259,30975,47439,40206,52859,48768,64913,62947,80097,78588,56945,60711,37618,48220,11865,21227,623909,574558,79093,75314,109548,103306,27293,50,58
2021-08-12T23:59:59+02:00,3527,3309,37423,35918,51967,44676,57043,53387,69319,67921,84633,83082,59360,63448,39077,50176,12407,22170,31731,30487,47054,39854,52467,48415,64587,62715,79876,78376,56853,60623,37574,48177,11860,21210,623188,571070,79093,75284,109546,103199,26973,50,58
2021-08-11T23:59:59+02:00,3485,3269,37265,35771,51855,44569,56920,53267,69224,67831,84550,83001,59320,63410,39056,50160,12403,22166,31087,29870,46547,39464,52038,47979,64284,62438,79663,78172,56757,60517,37538,48104,11847,21193,622286,567032,79087,75260,109544,103111,26562,50,58
2021-08-10T23:59:59+02:00,3437,3224,37106,35621,51741,44448,56813,53162,69158,67761,84484,82944,59296,63373,39038,50146,12396,22161,30200,28890,45810,38763,51371,47373,63899,62075,79416,77929,56652,60412,37493,48035,11839,21181,621340,560822,79085,75259,109541,103108,26300,50,58
2021-08-09T23:59:59+02:00,3401,3195,37012,35515,51664,44379,56753,53120,69127,67719,84454,82912,59279,63358,39026,50127,12395,22159,29489,28146,45141,38178,50800,46791,63526,61718,79139,77679,56531,60315,37449,47980,11832,21167,620754,556708,79084,73811,109540,103082,26174,50,58
2021-08-08T23:59:59+02:00,3392,3181,36986,35498,51639,44353,56735,53109,69109,67701,84434,82897,59276,63353,39021,50120,12394,22158,29364,28005,44997,38083,50704,46705,63470,61661,79091,77639,56496,60297,37439,47969,11832,21164,620578,555785,79083,73803,109539,103050,26113,50,58
2021-08-07T23:59:59+02:00,3392,3181,36984,35492,51629,44352,56733,53109,69105,67698,84433,82895,59275,63353,39021,50120,12394,22158,29355,27997,44983,38080,50703,46700,63467,61656,79088,77636,56493,60296,37438,47969,11832,21163,620570,555751,79082,73801,109539,103049,26090,50,58
2021-08-06T23:59:59+02:00,3381,3166,36916,35437,51548,44288,56666,53067,69063,67664,84401,82868,59263,63333,39010,50114,12391,22156,29117,27764,44774,37896,50519,46554,63330,61539,78988,77568,56468,60271,37423,47959,11829,21160,620290,554291,79079,73794,109539,103047,25781,50,58
2021-08-05T23:59:59+02:00,3348,3127,36764,35303,51434,44155,56545,52951,68947,67550,84276,82794,59220,63279,38987,50093,12382,22146,28416,27146,44186,37415,49963,46099,62971,61241,78696,77348,56359,60175,37383,47907,11821,21144,619490,549973,79078,73784,109539,102867,25151,50,58
2021-08-04T23:59:59+02:00,3289,3064,36562,35131,51282,44007,56406,52835,68822,67420,84161,82681,59152,63221,38969,50064,12377,22136,27272,26028,43225,36537,49003,45196,62378,60635,78199,76907,56149,59993,37323,47816,11808,21124,618395,541628,79067,73743,109539,102814,24535,50,58
2021-08-03T23:59:59+02:00,3216,3006,36346,34931,51125,43864,56280,52709,68688,67305,84073,82609,59109,63176,38948,50033,12368,22121,26194,24915,42294,35641,48106,44314,61836,60104,77749,76502,55980,59807,37262,47729,11788,21093,617025,533307,79059,73694,109535,102788,24245,50,58
2021-08-02T23:59:59+02:00,3172,2952,36204,34780,51014,43752,56187,52608,68602,67213,83987,82534,59070,63128,38933,50014,12360,22109,25293,23919,41444,34900,47376,43571,61352,59633,77363,76159,55816,59658,37211,47650,11771,21072,616048,526334,79058,73639,109534,102645,23936,50,58
2021-08-01T23:59:59+02:00,3167,2946,36187,34758,50987,43734,56167,52583,68572,67200,83973,82521,59064,63123,38931,50010,12360,22109,25034,23669,41197,34698,47144,43374,61211,59496,77247,76063,55780,59629,37196,47637,11767,21068,615904,524467,79055,73598,109533,102579,23857,50,58
2021-07-31T23:59:59+02:00,3166,2945,36182,34757,50987,43733,56165,52582,68571,67199,83973,82520,59064,63123,38931,50010,12360,22108,25027,23654,41189,34690,47139,43368,61202,59494,77245,76060,55780,59626,37196,47637,11767,21067,615891,524400,79055,73597,109533,102578,23854,50,58
2021-07-30T23:59:59+02:00,3149,2932,36121,34694,50917,43682,56102,52521,68515,67159,83935,82481,59052,63109,38927,50003,12357,22105,24707,23342,40916,34474,46880,43172,61013,59363,77095,75945,55749,59587,37182,47625,11767,21067,615601,522463,79051,73594,109530,102467,23536,50,58
2021-07-29T23:59:59+02:00,3126,2904,35980,34571,50786,43554,56008,52421,68444,67096,83864,82429,59026,63091,38915,49994,12357,22104,23753,22353,40034,33726,45979,42392,60465,58919,76735,75642,55629,59449,37142,47570,11760,21056,614723,515411,79032,73468,109530,102299,23342,50,58
2021-07-28T23:59:59+02:00,3077,2849,35736,34333,50561,43382,55804,52269,68297,66953,83750,82330,58974,63044,38893,49957,12347,22096,22536,21116,38711,32621,44666,41216,59663,58259,76229,75182,55434,59260,37073,47466,11746,21031,613336,505615,79026,73298,109529,102141,22718,50,58
2021-07-27T23:59:59+02:00,3051,2830,35628,34211,50478,43301,55721,52219,68235,66885,83690,82258,58934,63001,38881,49942,12346,22087,21297,19727,37283,31287,43300,39916,59037,57664,75808,74770,55271,59083,37015,47411,11735,21008,612607,495203,79010,73120,109529,102030,22509,50,58
2021-07-26T23:59:59+02:00,3032,2811,35566,34115,50419,43247,55677,52170,68191,66849,83654,82230,58921,62985,38869,49930,12345,22085,20278,18629,36036,30173,42033,38767,58540,57261,75522,74516,55174,58983,36994,47376,11729,20994,612080,486967,79003,72793,109529,101867,22441,50,58
2021-07-25T23:59:59+02:00,3021,2806,35519,34073,50375,43201,55650,52148,68168,66824,83625,82207,58905,62978,38866,49927,12342,22079,19877,18264,35621,29843,41625,38460,58345,57107,75363,74407,55127,58945,36972,47356,11726,20990,611788,484238,78997,72519,109529,101837,22357,50,58
2021-07-24T23:59:59+02:00,3021,2806,35514,34070,50373,43198,55648,52147,68166,66824,83623,82206,58905,62978,38865,49927,12342,22079,19870,18252,35610,29833,41619,38459,58341,57104,75359,74405,55127,58945,36971,47356,11726,20990,611781,484193,78995,72518,109529,101835,22344,50,58
2021-07-23T23:59:59+02:00,2997,2780,35363,33953,50224,43097,55529,52040,68069,66729,83531,82155,58874,62950,38855,49922,12337,22076,19632,18028,35348,29656,41347,38277,58175,56975,75222,74327,55088,58921,36959,47346,11720,20984,611153,483067,78995,72225,109529,101833,21761,50,58
2021-07-22T23:59:59+02:00,2946,2696,34925,33582,49916,42862,55264,51810,67839,66545,83355,82004,58787,62856,38819,49875,12326,22058,18842,17369,34254,28921,40226,37446,57435,56506,74670,73953,54908,58742,36894,47262,11699,20958,608999,477557,78982,70787,109525,101614,20916,50,57
2021-07-21T23:59:59+02:00,2891,2638,34615,33253,49674,42648,55075,51623,67649,66361,83228,81878,58722,62804,38787,49835,12315,22048,18017,16547,32940,27930,38964,36488,56740,55943,74222,73592,54762,58567,36828,47178,11687,20925,607170,471664,78931,68596,109524,101402,20376,50,57
2021-07-20T23:59:59+02:00,2816,2576,34258,32864,49389,42414,54900,51427,67466,66203,83087,81756,58657,62749,38758,49789,12314,22033,16867,15433,31227,26535,37234,35032,55947,55292,73676,73146,54596,58378,36778,47093,11669,20886,605061,462506,78896,66860,109522,101062,19934,50,57
2021-07-19T23:59:59+02:00,2732,2504,33695,32299,49076,42104,54627,51161,67269,65989,82917,81587,58590,62667,38713,49737,12307,22018,16212,14864,30286,25855,36369,34317,55507,54870,73348,72907,54509,58292,36741,47042,11663,20864,601850,458814,78835,64692,109521,100889,19743,50,57
2021-07-18T23:59:59+02:00,2704,2486,33597,32183,48985,42049,54571,51101,67207,65939,82873,81545,58562,62642,38702,49723,12305,22011,15894,14600,29718,25479,35875,33965,55252,54709,73202,72806,54467,58252,36733,47028,11662,20860,601242,457370,78819,63166,109520,100861,19561,50,56
2021-07-17T23:59:59+02:00,2704,2486,33596,32181,48980,42048,54570,51099,67207,65938,82873,81544,58562,62641,38702,49723,12305,22011,15889,14593,29706,25464,35870,33960,55247,54708,73202,72806,54467,58252,36733,47028,11662,20860,601232,457323,78817,63162,109518,100858,19560,50,56
2021-07-16T23:59:59+02:00,2646,2421,32989,31656,48484,41701,54176,50767,66825,65614,82559,81311,58443,62529,38652,49674,12301,22004,15473,14272,29213,25091,35423,33630,54908,54456,72942,72614,54355,58164,36698,46990,11659,20856,599014,455933,78813,63033,109517,100850,17365,50,56
2021-07-15T23:59:59+02:00,2513,2289,32128,30875,47863,41130,53600,50282,66397,65266,82306,81070,58354,62432,38618,49631,12293,21985,14635,13601,27888,24266,34121,32819,54229,54056,72529,72388,54261,58067,36668,46956,11652,20840,593994,451748,78801,60666,109516,100267,16677,50,56
2021-07-14T23:59:59+02:00,2407,2203,31582,30348,47371,40687,53177,49883,66069,64984,82067,80821,58249,62336,38585,49581,12283,21972,13394,12467,25893,22812,32222,31300,53480,53462,72019,72050,54123,57941,36626,46895,11642,20824,590121,442623,78783,58752,109515,99930,16142,50,55
2021-07-13T23:59:59+02:00,2350,2133,31316,30078,47099,40462,52925,49654,65865,64796,81900,80674,58182,62259,38560,49544,12273,21960,12406,11623,24162,21500,30277,29713,52284,52293,71200,71259,53874,57664,36539,46780,11624,20797,587970,435898,78767,55832,109506,96773,15743,50,55
2021-07-12T23:59:59+02:00,2123,1926,30457,29149,46444,39927,52353,49087,65475,64409,81623,80402,58046,62132,38518,49486,12264,21939,11656,10999,22766,20519,28538,28335,51326,51435,70460,70639,53617,57385,36472,46662,11611,20766,581741,427792,78748,53269,109506,96617,15721,50,55
2021-07-11T23:59:59+02:00,2078,1889,30337,29041,46380,39856,52302,49023,65418,64353,81562,80359,58025,62112,38512,49468,12259,21934,11494,10851,22493,20332,28174,28062,51122,51290,70287,70495,53564,57305,36450,46645,11601,20759,580922,425724,78742,53227,109504,96482,15696,50,52
2021-07-10T23:59:59+02:00,2078,1887,30334,29033,46378,39850,52300,49021,65415,64352,81561,80356,58025,62110,38511,49468,12259,21934,11482,10832,22480,20317,28158,28049,51115,51285,70284,70492,53564,57305,36449,46645,11601,20759,580893,425636,78741,53225,109504,96471,15690,50,52
2021-07-09T23:59:59+02:00,2034,1849,30102,28801,46162,39670,52114,48850,65254,64240,81457,80275,57995,62080,38495,49453,12255,21932,11099,10560,21836,19879,27488,27497,50406,50715,69701,70080,53462,57217,36426,46611,11596,20748,579697,424553,78735,52910,109499,93013,15043,50,52
2021-07-08T23:59:59+02:00,1897,1722,29439,28270,45554,39167,51560,48382,64851,63930,81157,80043,57903,61989,38463,49401,12250,21918,9917,9461,19892,18253,25023,25515,49373,49914,69074,69542,53237,57003,36350,46525,11581,20722,575443,414034,78713,50485,109483,92782,14213,50,52
2021-07-07T23:59:59+02:00,1684,1525,28327,27069,44503,38203,50461,47388,64192,63292,80616,79560,57699,61759,38397,49316,12237,21877,9384,8984,18805,17412,23625,24314,48548,49268,68526,69052,53037,56761,36274,46427,11565,20682,566177,407692,78697,48869,109481,92494,13706,50,52
2021-07-06T23:59:59+02:00,1483,1368,27247,26031,43482,37281,49527,46458,63593,62732,80180,79151,57517,61576,38340,49221,12213,21850,8668,8241,17477,16407,22013,23033,47941,48814,68152,68786,52919,56647,36225,46390,11558,20667,557926,400228,78686,48445,109478,92200,13116,50,52
2021-07-05T23:59:59+02:00,1327,1244,26102,24776,42402,36289,48475,45388,62924,62156,79743,78749,57344,61387,38287,49145,12204,21827,8415,8016,16976,16086,21452,22646,47634,48587,67957,68639,52867,56573,36199,46371,11555,20662,548613,397641,78678,48129,109478,91941,12955,50,50
2021-07-04T23:59:59+02:00,1262,1180,25780,24451,42094,36030,48221,45205,62777,62020,79630,78651,57308,61347,38276,49126,12202,21824,8159,7859,16705,15889,21170,22448,47509,48487,67878,68564,52843,56549,36184,46366,11553,20661,546297,396609,78650,47466,109477,91857,12915,50,50
2021-07-03T23:59:59+02:00,1262,1179,25772,24437,42081,36023,48219,45205,62773,62019,79629,78650,57307,61347,38276,49126,12202,21824,8153,7851,16694,15878,21163,22441,47502,48486,67873,68563,52842,56549,36184,46366,11553,20661,546265,396575,78649,47465,109477,91847,12895,50,50
2021-07-02T23:59:59+02:00,1194,1122,25458,24090,41760,35745,47961,44950,62629,61871,79555,78579,57290,61325,38270,49114,12198,21819,7975,7703,16325,15611,20719,22134,46536,47707,67376,68213,52758,56457,36169,46348,11552,20658,543886,394091,78648,47462,109472,89828,12879,50,50
2021-07-01T23:59:59+02:00,1139,1072,25083,23726,41377,35397,47565,44601,62378,61632,79365,78408,57227,61262,38239,49073,12191,21809,7584,7367,15509,14828,19547,21098,44999,46221,66160,67134,52448,56154,36072,46228,11528,20631,540740,388258,78546,46634,109463,85875,12750,50,50
2021-06-30T23:59:59+02:00,1066,1007,24661,23280,40949,35025,47155,44223,62150,61420,79191,78260,57149,61184,38212,49023,12183,21788,7212,7009,14562,14028,18116,19891,41784,43493,64463,65689,51979,55656,35923,46034,11501,20581,537292,376241,78513,45937,109459,83122,12617,50,49
2021-06-29T23:59:59+02:00,976,898,24161,22746,40428,34605,46722,43809,61890,61142,78979,78083,57070,61119,38184,48979,12177,21769,6936,6700,13897,13529,16953,18965,37453,39808,63108,64433,51491,55157,35790,45855,11470,20538,533222,360922,78504,45723,109459,82916,12507,50,49
2021-06-28T23:59:59+02:00,947,865,23823,22356,39969,34213,46302,43442,61651,60886,78787,77929,56996,61050,38155,48949,12174,21754,6626,6385,13243,13027,15935,18126,33805,36760,61982,63399,51136,54761,35695,45705,11445,20500,531458,352246,76818,41028,109457,82761,12470,50,49
2021-06-27T23:59:59+02:00,933,852,23731,22263,39893,34151,46242,43382,61618,60849,78751,77898,56981,61038,38149,48942,12173,21749,6534,6313,13006,12884,15512,17888,32971,36113,61724,63199,51045,54691,35677,45683,11443,20496,530842,349342,76812,40762,109451,82603,12445,50,49
2021-06-26T23:59:59+02:00,933,852,23725,22257,39883,34148,46240,43380,61616,60848,78751,77898,56981,61038,38149,48941,12173,21749,6531,6306,12999,12870,15504,17881,32967,36112,61717,63197,51043,54685,35677,45683,11443,20495,530811,349275,76811,40761,109450,82602,12445,50,49
2021-06-25T23:59:59+02:00,910,825,23612,22141,39799,34059,46158,43307,61571,60800,78703,77877,56970,61025,38146,48938,12172,21747,6434,6191,12891,12740,15365,17719,32250,35451,61326,62871,50965,54601,35669,45662,11440,20494,530014,346262,76810,40749,109447,82585,12444,50,49
2021-06-24T23:59:59+02:00,843,767,23227,21722,39445,33747,45808,43005,61365,60605,78543,77739,56916,60970,38123,48908,12167,21737,6097,5894,12329,12278,14657,17031,28947,32736,59039,61016,50379,54004,35533,45454,11422,20446,527058,332446,76761,40484,109445,81971,12328,50,49
2021-06-23T23:59:59+02:00,739,673,22583,21062,38872,33158,45153,42296,60998,60211,78294,77487,56813,60834,38076,48855,12157,21717,5942,5699,11961,11927,14147,16501,25586,29975,57393,59486,49856,53466,35412,45280,11401,20403,521469,323003,76705,37547,109442,81533,12317,50,49
2021-06-22T23:59:59+02:00,678,609,22155,20620,38465,32736,44718,41831,60723,59925,78090,77248,56715,60723,38040,48782,12144,21695,5753,5564,11635,11662,13719,16128,21245,26442,55314,57783,49256,52863,35235,45064,11380,20359,517659,308634,76577,37495,109436,81055,12180,50,49
2021-06-21T23:59:59+02:00,641,568,21901,20383,38209,32504,44473,41555,60533,59715,77958,77107,56661,60639,38015,48741,12135,21679,5621,5453,11325,11463,13378,15863,19694,25208,54395,57014,47033,50401,34636,44341,11357,20300,515604,303302,76376,37427,109419,74744,11969,49,49
2021-06-20T23:59:59+02:00,612,549,21610,20089,37911,32226,44189,41300,60382,59548,77820,76960,56612,60595,37995,48724,12132,21672,5563,5409,11192,11375,13223,15735,19296,24882,54127,56831,45373,48416,34070,43706,11337,20279,513213,302671,76294,36672,109408,69470,11963,48,47
2021-06-19T23:59:59+02:00,610,549,21605,20076,37895,32221,44186,41295,60376,59544,77818,76957,56609,60594,37995,48723,12132,21672,5557,5400,11187,11371,13213,15729,19288,24874,54113,56819,45364,48406,34069,43706,11337,20279,513149,302585,76289,36669,109408,69457,11963,48,47
2021-06-18T23:59:59+02:00,596,535,21509,19963,37828,32165,44111,41209,60321,59498,77773,76915,56586,60572,37990,48710,12131,21671,5464,5237,10890,10834,12838,15148,18747,23855,53256,55508,45162,48242,34041,43657,11331,20267,512389,301013,76282,36668,109402,64796,11962,48,47
2021-06-17T23:59:59+02:00,511,443,20789,19251,37072,31535,43316,40457,59913,59129,77475,76661,56469,60443,37941,48642,12118,21646,5274,5025,10508,10283,12314,14375,17813,22494,51679,53565,44010,46891,33723,43260,11284,20183,506403,293689,76189,36539,109391,60635,11780,48,47
2021-06-16T23:59:59+02:00,405,365,19993,18302,36082,30604,42310,39483,59369,58646,77076,76342,56323,60286,37882,48555,12108,21623,5086,4868,9996,9958,11579,13878,16267,21190,47798,50017,42254,44881,33257,42688,11221,20056,499020,277510,75652,36339,109375,59449,11659,48,46
2021-06-15T23:59:59+02:00,295,262,19183,17452,35156,29745,41378,38593,58933,58205,76740,76014,56179,60116,37823,48485,12093,21589,4886,4744,9474,9693,10871,13405,14754,20000,43525,45925,40702,43036,32776,42065,11154,19928,491794,260321,75534,36303,109365,58777,11500,48,45
2021-06-14T23:59:59+02:00,191,171,18071,16223,33910,28470,39916,37183,58342,57639,76345,75672,56051,59971,37780,48414,12084,21574,4763,4651,9128,9484,10390,13086,13583,18996,40882,43372,39630,41886,32483,41665,11122,19843,482048,249152,75099,36276,109361,58047,11452,47,45
2021-06-13T23:59:59+02:00,150,132,17564,15819,33434,28068,39423,36801,58129,57458,76196,75570,56024,59931,37758,48392,12081,21565,4677,4602,8980,9411,10226,13017,12977,18542,40413,42979,39393,41663,32423,41581,11116,19829,478972,248188,74797,34849,109354,57430,11325,47,45
2021-06-12T23:59:59+02:00,150,132,17557,15799,33419,28059,39416,36797,58122,57454,76192,75568,56023,59929,37757,48392,12081,21565,4670,4596,8969,9406,10214,13010,12965,18529,40229,42832,39370,41648,32419,41579,11116,19828,478894,247753,74793,34849,109354,57417,11324,47,45
2021-06-11T23:59:59+02:00,148,132,17473,15739,33271,27986,39244,36740,58002,57418,76121,75543,56010,59924,37755,48389,12081,21564,4588,4403,8811,8846,10023,12291,12731,17458,39740,41531,39215,41517,32401,41543,11114,19827,478550,247263,74379,34848,109249,52576,11315,47,45
2021-06-10T23:59:59+02:00,133,112,16632,15024,31856,27073,37999,35827,57319,56960,75711,75271,55920,59832,37716,48344,12070,21546,4337,4210,8251,8344,9341,11530,11995,16391,36887,38491,38412,40711,32235,41362,11098,19797,474661,240191,71407,34716,108974,48192,10256,47,45
2021-06-09T23:59:59+02:00,111,87,15860,14319,30578,26173,36784,34941,56740,56572,75367,75043,55835,59725,37689,48299,12057,21526,4153,4059,7890,8156,8873,11310,11374,16011,31802,33625,36914,39175,31990,41093,11077,19747,469999,226264,68980,34591,108928,46606,9754,45,42
2021-06-08T23:59:59+02:00,84,69,14945,13462,29198,25085,35419,33932,56125,56166,75066,74822,55759,59645,37666,48267,12053,21516,4071,3997,7732,8034,8721,11195,11080,15804,28975,30813,35955,38237,31830,40897,11053,19714,465414,218777,65549,34531,108880,45375,9391,45,42
2021-06-07T23:59:59+02:00,76,56,14308,12890,27832,24272,34259,33150,55648,55908,74821,74709,55722,59605,37650,48256,12053,21512,3978,3924,7537,7906,8421,11063,10712,15558,24637,26433,34489,36700,31608,40630,11025,19685,462284,206985,62512,34465,108848,43784,9038,45,42
2021-06-06T23:59:59+02:00,75,53,13987,12695,27045,23853,33606,32731,55338,55743,74663,74640,55700,59581,37636,48247,12051,21511,3911,3887,7384,7864,8263,10978,10389,15356,21810,23557,33487,35619,31468,40475,11018,19670,461136,204194,60456,29218,108820,42993,8698,45,41
2021-06-05T23:59:59+02:00,75,51,13957,12665,27002,23813,33577,32712,55333,55733,74657,74634,55695,59576,37631,48245,12051,21511,3889,3872,7349,7842,8216,10960,10326,15314,20382,22003,32691,34738,31398,40394,11014,19663,461012,199217,60351,29215,108813,42889,8697,45,41
2021-06-04T23:59:59+02:00,69,47,13729,12402,26688,23496,33240,32402,55272,55653,74618,74614,55686,59571,37630,48243,12051,21510,3860,3844,7270,7763,8161,10882,10247,15191,20275,21886,32617,34683,31366,40357,11011,19660,459109,199136,60288,29202,108782,42005,8697,45,41
2021-06-03T23:59:59+02:00,51,42,13161,11918,25654,22812,32104,31652,54776,55320,74302,74421,55613,59490,37595,48211,12044,21493,3732,3754,6996,7593,7879,10709,9919,14955,18387,20023,30637,32370,31093,40025,10988,19611,454777,190530,58784,29182,108766,40642,8287,45,38
2021-06-02T23:59:59+02:00,37,30,12471,11175,24658,21911,30967,30700,54511,55055,74111,74280,55560,59408,37578,48189,12036,21486,3698,3734,6936,7537,7823,10660,9836,14864,17866,19475,28708,30192,30994,39882,10981,19600,448472,184993,58606,29181,108764,40305,8277,44,38
2021-06-01T23:59:59+02:00,23,16,11343,10294,22531,20479,28431,28807,53098,53994,73105,73497,55254,59081,37455,48015,12000,21424,3469,3560,6437,7227,7221,10237,8977,14262,15917,17661,24921,25937,30307,38998,10905,19446,438961,170983,54145,29046,108726,38454,6971,44,36
2021-05-31T23:59:59+02:00,18,12,10480,9629,20693,19307,26384,27294,51988,53143,72398,72946,55037,58818,37381,47909,11986,21388,3327,3406,6102,6981,6822,9940,8436,13906,14850,16683,23726,24561,29918,38510,10845,19352,432153,165234,49768,29008,108706,36956,6140,44,35
2021-05-30T23:59:59+02:00,16,9,10132,9285,19970,18813,25678,26715,51648,52861,72161,72749,54960,58740,37356,47881,11978,21379,3146,3216,5754,6714,6533,9699,8218,13700,14592,16412,23434,24242,29808,38404,10831,19324,429565,164404,49359,28951,108674,35956,4689,44,35
2021-05-29T23:59:59+02:00,16,9,10116,9273,19952,18783,25658,26689,51637,52856,72157,72739,54958,58735,37355,47881,11977,21379,3144,3208,5750,6709,6527,9697,8210,13692,14582,16406,23423,24234,29804,38398,10830,19323,429404,164331,49359,28949,108674,35941,4689,44,35
2021-05-28T23:59:59+02:00,16,9,10050,9179,19812,18614,25396,26458,51477,52680,72010,72608,54919,58685,37341,47861,11974,21366,3097,3130,5657,6570,6424,9496,8095,13417,14390,16130,23271,24078,29750,38335,10823,19314,427748,163941,49322,28948,108654,34374,4688,43,34
2021-05-27T23:59:59+02:00,16,9,8793,7991,17409,16810,22619,24308,50385,51867,71344,72117,54721,58459,37246,47766,11960,21336,2799,2796,4812,5945,5531,8716,7303,12427,13262,14938,22279,23042,29364,37879,10768,19228,415848,160119,48366,28685,108512,29872,2387,43,34
2021-05-26T23:59:59+02:00,15,9,8392,7578,16532,16004,21430,23300,49780,51320,70923,71729,54570,58294,37178,47688,11949,21306,2615,2624,4442,5608,5053,8210,6825,11779,12291,13958,21378,22008,29052,37436,10721,19143,410252,156259,47633,28598,108430,26621,1640,42,33
2021-05-25T23:59:59+02:00,15,9,7821,6977,15286,15122,19979,22127,49299,50917,70675,71544,54491,58208,37153,47660,11945,21296,2539,2524,4251,5480,4807,7982,6544,11470,11733,13424,19219,19831,28679,36897,10686,19094,403467,150561,47391,28585,108382,24747,1242,42,33
2021-05-24T23:59:59+02:00,15,9,7733,6877,15062,14994,19694,21948,49198,50798,70631,71505,54487,58202,37150,47657,11943,21293,2497,2462,4166,5313,4714,7739,6419,11187,11595,13182,19104,19717,28628,36851,10679,19083,402332,150412,47312,28542,108283,23132,1227,42,31
2021-05-23T23:59:59+02:00,14,9,7717,6864,15024,14977,19640,21921,49188,50796,70626,71499,54485,58198,37150,47655,11943,21293,2494,2457,4160,5309,4703,7736,6414,11174,11572,13159,18963,19519,28597,36812,10677,19081,402143,149922,47312,28540,108282,23123,1220,42,30
2021-05-22T23:59:59+02:00,14,9,7714,6856,15015,14965,19629,21913,49188,50794,70623,71499,54485,58197,37150,47655,11943,21293,2492,2450,4153,5303,4701,7736,6410,11171,11564,13156,18950,19513,28596,36812,10677,19081,402088,149885,47312,28540,108282,23099,1218,42,30
2021-05-21T23:59:59+02:00,14,8,7639,6756,14889,14830,19424,21755,48949,50560,70481,71391,54458,58170,37142,47648,11937,21287,2422,2366,4064,5165,4598,7524,6287,10874,11392,12867,18884,19446,28580,36782,10674,19079,400516,149632,47309,28539,108257,21595,1215,41,30
2021-05-20T23:59:59+02:00,14,8,7363,6460,14304,14308,18489,20877,46269,48204,69323,70414,54099,57802,37034,47505,11905,21256,2159,2199,3704,4802,4155,6977,5733,10042,10303,11767,17604,18149,28073,36182,10598,18931,389510,144369,47142,28245,107949,17745,996,37,30
2021-05-19T23:59:59+02:00,13,7,7123,6239,13636,13822,17221,19877,42281,44725,67834,69106,53644,57275,36870,47274,11868,21205,2083,1995,3538,4464,3906,6454,5289,9359,9307,10650,16122,16499,27376,35262,10470,18721,374729,137188,46569,28101,107709,15217,976,37,20
2021-05-18T23:59:59+02:00,13,5,6927,6062,13087,13388,16124,19017,37559,40708,66380,67781,53088,56737,36719,47049,11826,21149,2037,1871,3399,4273,3721,6136,4955,8875,8440,9777,14539,14760,26666,34405,10379,18546,358616,130543,46505,27536,107550,13776,911,37,20
2021-05-17T23:59:59+02:00,13,5,6793,5969,12763,13139,15624,18627,35381,38842,65544,66996,52813,56422,36636,46940,11811,21112,1966,1808,3212,4090,3501,5906,4633,8503,7661,9077,11275,10732,25756,33253,10298,18375,354892,125319,42229,21435,107466,12473,806,37,20
2021-05-16T23:59:59+02:00,13,5,6729,5883,12638,12985,15452,18460,34889,38371,65358,66826,52757,56359,36623,46913,11806,21107,1907,1711,3108,3967,3421,5804,4525,8357,7478,8888,9080,8131,25271,32568,10264,18318,353412,124174,41720,16074,107430,11961,576,36,20
2021-05-15T23:59:59+02:00,13,5,6724,5874,12631,12979,15447,18454,34880,38368,65356,66824,52757,56358,36623,46913,11806,21107,1906,1711,3106,3962,3416,5801,4520,8354,7476,8885,9078,8129,25270,32568,10264,18318,353365,124144,41720,16074,107425,11960,573,36,20
2021-05-14T23:59:59+02:00,13,5,6525,5778,12390,12916,15215,18362,33907,37577,64820,66415,52661,56271,36606,46879,11804,21102,1789,1623,2994,3891,3359,5693,4470,8208,7428,8756,9071,8123,25269,32568,10264,18317,349996,124085,41689,16070,106963,11093,563,35,19
2021-05-13T23:59:59+02:00,13,5,6279,5593,11986,12662,14646,17914,30377,34788,62339,64337,52029,55598,36469,46659,11792,21054,1747,1583,2938,3815,3327,5602,4427,8105,7346,8637,9031,8063,25250,32526,10259,18313,336005,123833,41464,16046,106535,10576,501,35,19
2021-05-12T23:59:59+02:00,13,5,6262,5568,11913,12599,14535,17804,29742,34211,61830,63884,51855,55425,36432,46614,11785,21041,1747,1580,2936,3814,3323,5602,4424,8104,7344,8631,9024,8060,25250,32524,10259,18312,333004,123810,41450,16035,106530,10575,501,33,19
2021-05-11T23:59:59+02:00,12,5,5944,5435,11470,12317,13988,17422,25484,30724,59448,61875,51194,54747,36243,46370,11761,20978,1706,1465,2833,3552,3202,5227,4284,7662,7190,8310,8939,7977,25221,32484,10255,18301,318066,123568,41397,15845,105546,8804,378,30,19
2021-05-10T23:59:59+02:00,12,5,5818,5361,11310,12201,13767,17250,22010,27963,58197,60759,50831,54393,36151,46246,11746,20947,1667,1367,2748,3324,3100,4895,4173,7172,7068,7870,8898,7917,25209,32463,10253,18297,308137,123421,41237,15696,105253,6982,310,30,18
2021-05-09T23:59:59+02:00,12,5,5741,5329,11221,12135,13665,17169,20408,26781,57733,60374,50728,54293,36126,46205,11739,20942,1650,1345,2692,3201,3049,4754,4128,7052,7017,7776,8887,7905,25202,32457,10252,18297,307566,123378,37666,15650,105048,6327,297,29,18
2021-05-08T23:59:59+02:00,12,5,5738,5327,11210,12130,13655,17160,20400,26775,57724,60368,50725,54285,36122,46202,11737,20939,1649,1345,2691,3198,3049,4754,4125,7049,7016,7775,8885,7905,25201,32455,10252,18297,307476,123361,37665,15650,105047,6326,297,29,18
2021-05-07T23:59:59+02:00,12,5,5698,5291,11144,12082,13548,17080,19947,26418,56725,59558,50596,54155,36092,46171,11734,20925,1548,1302,2611,3153,3007,4725,4091,7026,6994,7743,8878,7896,25199,32454,10252,18296,304312,123326,37648,15642,104901,5903,292,28,18
2021-05-06T23:59:59+02:00,12,5,5449,5179,10628,11774,12841,16626,18647,25431,52458,55902,49398,52774,35762,45770,11682,20824,1328,1169,2373,2981,2837,4559,3940,6827,6842,7592,8804,7816,25179,32419,10249,18289,289172,123056,37458,15503,104344,4469,164,24,18
2021-05-05T23:59:59+02:00,12,5,5192,5081,10135,11537,12086,16173,17317,24449,48094,51763,47731,50855,35323,45198,11607,20701,1282,1076,2310,2853,2751,4380,3846,6587,6735,7394,8689,7720,25117,32344,10243,18273,271997,122572,37232,15458,103958,3510,48,24,18
2021-05-04T23:59:59+02:00,12,5,5109,4996,9821,11321,11634,15784,16337,23582,46219,49735,46662,49549,34948,44711,11538,20592,1271,1057,2282,2812,2710,4295,3793,6479,6663,7316,8646,7681,25096,32327,10242,18268,261618,122353,37208,15395,103680,3153,25,24,18
2021-05-03T23:59:59+02:00,12,5,5008,4908,9467,11149,11171,15519,15279,22721,44645,48118,45781,48597,34726,44365,11510,20500,1256,1032,2247,2780,2668,4231,3745,6425,6588,7262,8075,6990,23349,29992,10104,18030,252595,116521,37198,15313,103648,2912,16,24,18
2021-05-02T23:59:59+02:00,12,5,4945,4890,9352,11111,11023,15458,14667,22230,44126,47708,45641,48431,34676,44303,11503,20489,1252,1026,2229,2777,2655,4223,3716,6411,6568,7248,7885,6747,21371,27578,10057,17942,251383,116499,35559,10294,103593,2868,11,24,18
2021-05-01T23:59:59+02:00,12,5,4945,4888,9348,11106,11020,15456,14663,22226,44124,47704,45640,48431,34676,44303,11503,20489,1251,1026,2229,2777,2655,4223,3715,6411,6567,7248,7885,6746,21371,27578,10057,17942,251353,116496,35559,10294,103592,2867,11,24,18
2021-04-30T23:59:59+02:00,12,5,4899,4864,9281,11091,10965,15431,14587,22200,42644,46293,45306,48099,34639,44251,11498,20479,1045,932,2033,2687,2556,4162,3629,6351,6504,7189,7878,6729,21370,27576,10057,17942,247370,116487,35559,10291,103580,1839,11,24,17
2021-04-29T23:59:59+02:00,12,5,4661,4782,8805,10942,10360,15258,13901,21991,37708,41977,44295,47070,34517,44133,11494,20448,865,854,1859,2607,2471,4096,3521,6280,6435,7141,7855,6709,21365,27569,10057,17942,233629,116453,35456,10186,103239,964,11,24,17
2021-04-28T23:59:59+02:00,12,5,4485,4747,8554,10856,10007,15168,13545,21836,33059,37476,43049,45815,34391,43985,11479,20430,823,827,1821,2559,2439,4020,3485,6171,6386,7050,7835,6690,21352,27556,10052,17935,220406,116368,35437,10138,103024,474,10,22,16
2021-04-27T23:59:59+02:00,11,4,4255,4534,8210,10408,9620,14586,13075,21189,31930,36353,42767,45532,34375,43957,11475,20427,795,813,1786,2536,2421,4002,3467,6152,6351,7023,7824,6682,21347,27552,10049,17929,217683,116311,35423,10108,99570,289,10,22,16
2021-04-26T23:59:59+02:00,11,4,4233,4507,8137,10369,9514,14532,12925,21128,27514,31976,41548,44309,34295,43856,11462,20416,763,802,1756,2517,2392,3982,3442,6131,6300,6977,7776,6633,21316,27521,10049,17922,205806,116110,35414,10063,99486,85,10,20,16
2021-04-25T23:59:59+02:00,11,4,4210,4494,8105,10344,9451,14500,12832,21082,25545,29935,40848,43549,34248,43797,11458,20410,751,794,1744,2503,2374,3967,3418,6110,6268,6948,7756,6617,21299,27500,10048,17918,205142,116084,30301,9830,99351,81,9,20,16
2021-04-24T23:59:59+02:00,11,4,4191,4483,8074,10315,9409,14484,12780,21061,24042,28272,40089,42706,34183,43721,11455,20404,750,793,1741,2501,2373,3963,3418,6106,6268,6945,7754,6614,21298,27500,10048,17918,200074,116063,30301,9829,99280,78,9,20,16
2021-04-23T23:59:59+02:00,10,4,3926,4332,7605,10020,8981,14129,12218,20658,23561,27972,40000,42644,34162,43687,11449,20397,737,783,1724,2488,2353,3947,3395,6083,6246,6926,7740,6596,21293,27489,10048,17917,199724,116048,30286,9630,95718,67,9,18,16
2021-04-22T23:59:59+02:00,10,4,3834,4273,7416,9903,8702,13936,11773,20332,21231,25613,37239,39397,33635,43015,11378,20274,724,774,1695,2457,2295,3890,3324,6011,6137,6829,7660,6509,21237,27445,10045,17902,186688,115930,30095,8921,95155,65,9,18,14
2021-04-21T23:59:59+02:00,10,4,3807,4240,7285,9824,8520,13764,11438,20041,19971,24408,34026,35677,33152,42315,11313,20145,700,756,1660,2429,2251,3865,3291,5978,6097,6790,7628,6482,21217,27421,10041,17898,174917,115817,29920,8608,95076,61,9,18,14
2021-04-20T23:59:59+02:00,10,4,3773,4213,7180,9755,8309,13606,11069,19744,18877,23262,30717,32032,32674,41717,11256,20030,692,746,1645,2417,2217,3843,3248,5932,6056,6748,7586,6436,21191,27398,10035,17895,163290,115658,29897,8350,95014,59,9,18,14
2021-04-19T23:59:59+02:00,10,4,3755,4197,7106,9717,8191,13496,10814,19559,18214,22603,29844,30901,32381,41352,11214,19956,684,741,1623,2403,2193,3813,3213,5899,6022,6717,7542,6403,21160,27369,10033,17891,158457,115525,29879,8106,94951,57,9,18,14
2021-04-18T23:59:59+02:00,10,4,3752,4190,7090,9704,8177,13479,10778,19533,18126,22520,29722,30775,32353,41329,11211,19948,682,737,1608,2391,2176,3798,3188,5873,5992,6694,7519,6390,21142,27347,10030,17888,157964,115466,29810,7915,94901,56,9,17,14
2021-04-17T23:59:59+02:00,10,4,3751,4188,7087,9701,8174,13479,10772,19526,18113,22509,29699,30762,32351,41326,11211,19948,681,737,1607,2390,2174,3797,3184,5872,5990,6692,7519,6390,21142,27347,10030,17888,157881,115452,29809,7915,94895,55,9,17,14
2021-04-16T23:59:59+02:00,10,4,3584,4150,6742,9572,7804,13292,10375,19281,17660,22234,29494,30601,32268,41236,11196,19929,668,718,1595,2375,2147,3782,3130,5835,5948,6642,7427,6299,20729,26780,10000,17827,157125,114123,29801,7709,92480,52,9,17,14
2021-04-15T23:59:59+02:00,10,4,3483,4071,6391,9200,7225,12792,9598,18449,16337,21007,28296,29307,31748,40594,11115,19753,638,695,1542,2336,2063,3695,3020,5715,5619,6404,6928,5911,19987,25859,9901,17658,151379,110741,29506,7165,88469,47,9,17,14
2021-04-14T23:59:59+02:00,9,4,3431,4023,6157,8959,6894,12414,8979,17902,15217,19975,26880,27806,31116,39712,11003,19555,605,669,1496,2297,1988,3617,2878,5592,5310,6170,6382,5403,18964,24568,9814,17478,144563,106462,29306,6710,86142,41,9,16,14
2021-04-13T23:59:59+02:00,9,4,3400,3991,6068,8881,6746,12284,8677,17656,14417,19283,23539,24246,30180,38531,10897,19379,600,660,1483,2275,1956,3583,2780,5521,5093,5987,6017,5060,18662,24221,9772,17411,132932,104347,29296,6677,85935,40,9,16,13
2021-04-12T23:59:59+02:00,9,4,3378,3970,6018,8821,6658,12200,8459,17462,13801,18754,22533,23095,29756,37972,10828,19252,590,652,1473,2267,1933,3562,2724,5471,4944,5882,5696,4777,18366,23916,9733,17350,127845,102750,29276,6529,85824,40,9,16,13
2021-04-11T23:59:59+02:00,9,4,3372,3964,6000,8797,6629,12183,8417,17439,13710,18694,22404,22947,29706,37909,10818,19228,587,647,1460,2257,1920,3555,2707,5454,4907,5845,5637,4717,18192,23682,9712,17319,127307,102084,29210,6457,85688,40,9,16,13
2021-04-10T23:59:59+02:00,9,4,3364,3963,5977,8796,6607,12182,8395,17438,13686,18692,22399,22944,29702,37908,10818,19228,584,644,1453,2250,1915,3552,2700,5445,4891,5837,5625,4700,18029,23428,9698,17295,127286,101565,29119,6425,85683,40,8,16,13
2021-04-09T23:59:59+02:00,8,4,3326,3951,5929,8782,6549,12163,8356,17411,13636,18646,20444,20527,29216,37290,10788,19178,571,631,1427,2228,1888,3528,2658,5409,4818,5775,5509,4597,17451,22696,9660,17224,126586,99798,23994,6225,85602,32,7,15,13
2021-04-08T23:59:59+02:00,8,4,3302,3932,5861,8750,6475,12124,8266,17348,13491,18529,17845,17455,28693,36622,10750,19127,529,602,1339,2146,1794,3431,2479,5224,4318,5411,4701,3989,15658,20460,9469,16915,125715,92774,18120,5655,84726,22,6,15,13
2021-04-07T23:59:59+02:00,6,4,3224,3904,5655,8700,6267,12064,8058,17273,13231,18433,15176,14378,28016,35821,10720,19074,505,573,1284,2089,1698,3350,2325,5084,3908,5080,3982,3420,14800,19589,9354,16728,125505,88430,16580,5307,77899,19,5,15,13
2021-04-06T23:59:59+02:00,5,4,3196,3894,5610,8681,6196,12040,7973,17237,13158,18362,13190,12011,27381,35105,10707,19044,475,550,1216,2034,1612,3267,2163,4965,3537,4804,3457,3008,13954,18585,9278,16607,125377,84781,16376,4705,72021,15,5,15,11
2021-04-05T23:59:59+02:00,5,4,3194,3891,5575,8666,6159,12027,7928,17220,13085,18326,13145,11965,27370,35089,10706,19041,443,520,1164,1997,1561,3226,2095,4911,3449,4728,3400,2956,13810,18413,9269,16589,125352,84287,16167,4219,71858,15,4,15,11
2021-04-04T23:59:59+02:00,5,4,3193,3889,5575,8664,6157,12026,7927,17218,13085,18326,13142,11965,27369,35089,10706,19041,442,519,1163,1997,1560,3226,2094,4911,3449,4728,3400,2956,13809,18413,9269,16589,125342,84281,16167,4219,71853,15,4,15,11
2021-04-03T23:59:59+02:00,5,4,3192,3889,5575,8663,6157,12026,7927,17218,13085,18326,13142,11964,27368,35086,10706,19041,442,517,1163,1997,1559,3226,2094,4910,3443,4725,3394,2945,13722,18276,9260,16573,125337,84002,16167,4219,71851,15,4,15,11
2021-04-02T23:59:59+02:00,5,4,3192,3886,5572,8658,6153,12017,7919,17205,13059,18295,13096,11911,27340,35067,10703,19037,439,510,1161,1993,1547,3217,2083,4888,3413,4692,3362,2916,12785,17026,9193,16464,125170,81529,16164,4137,71766,15,4,15,9
2021-04-01T23:59:59+02:00,5,4,3178,3872,5533,8639,6086,11984,7848,17170,12947,18223,12981,11784,27282,34991,10694,19022,391,466,1063,1925,1447,3128,1931,4775,3208,4561,3127,2714,10749,14427,9080,16285,124855,75911,16040,3344,71331,15,3,14,9
2021-03-31T23:59:59+02:00,5,4,3177,3858,5516,8605,6051,11948,7804,17125,12866,18154,12867,11662,27231,34928,10686,19012,353,444,1027,1882,1374,3088,1826,4672,2951,4360,2713,2399,8153,11192,8899,16043,124543,68355,16000,3000,70940,14,3,13,8
2021-03-30T23:59:59+02:00,5,4,3170,3847,5491,8579,6018,11916,7764,17085,12788,18088,12780,11525,27193,34880,10680,19002,332,426,1005,1850,1315,3053,1701,4592,2704,4188,2345,2151,7264,10105,8832,15914,124411,65032,15968,2725,70421,14,2,13,8
2021-03-29T23:59:59+02:00,5,4,3158,3843,5462,8559,5981,11881,7719,17052,12714,18011,12135,10768,25320,32386,10530,18745,326,423,998,1835,1295,3028,1667,4552,2556,4100,2057,2000,6606,9397,8788,15836,118406,62724,15797,2722,70055,12,2,13,8
2021-03-28T23:59:59+02:00,5,4,3128,3827,5413,8521,5930,11836,7638,16997,12604,17941,11871,10465,23334,29920,10475,18646,325,421,996,1834,1286,3024,1663,4550,2544,4092,2032,1980,6583,9382,8786,15831,118346,62593,10611,2720,69583,12,2,13,6
2021-03-27T23:59:59+01:00,5,4,3116,3823,5374,8510,5894,11821,7590,16982,12558,17894,11836,10421,23330,29912,10475,18646,325,421,996,1834,1286,3024,1662,4548,2542,4089,2030,1978,6535,9307,8753,15782,118277,62376,10610,2720,69289,12,2,13,6
2021-03-26T23:59:59+01:00,5,4,2983,3502,4924,7358,5400,10502,6979,14935,11749,15609,11615,10238,22845,29182,10430,18575,324,417,991,1831,1280,3019,1659,4546,2537,4082,2022,1972,6405,9118,8609,15593,116722,61691,10354,2708,59744,2,2,13,6
2021-03-25T23:59:59+01:00,5,3,2861,3239,4765,6594,5171,9354,6654,13215,11022,13805,10753,9435,22115,28334,10353,18418,319,408,984,1822,1265,3000,1640,4512,2501,4032,1954,1914,6113,8690,8329,15141,113795,59915,9651,2704,52635,1,2,13,6
2021-03-24T23:59:59+01:00,5,3,2814,3194,4689,6530,5037,9248,6448,13044,10509,13400,9912,8611,21096,27072,10254,18230,317,403,976,1816,1248,2989,1625,4488,2454,3977,1886,1839,5748,8216,7913,14466,109757,57666,9304,2692,51023,1,0,12,6
2021-03-23T23:59:59+01:00,5,3,2786,3161,4621,6463,4926,9154,6236,12882,10051,12978,9195,7942,20580,26464,10199,18123,305,390,959,1807,1233,2967,1596,4467,2404,3929,1809,1773,5466,7834,7509,13840,107359,55594,8969,2691,49429,1,0,12,6
2021-03-22T23:59:59+01:00,5,3,2768,3122,4562,6424,4850,9086,6097,12743,9689,12704,8593,7375,20160,26028,10138,18029,303,387,947,1801,1219,2953,1583,4454,2378,3901,1782,1752,5327,7660,7058,13015,105872,53830,8710,2686,47782,1,0,12,5
2021-03-21T23:59:59+01:00,5,3,2761,3106,4516,6400,4799,9050,6004,12676,9500,12517,8286,7116,19992,25862,10126,18001,303,387,946,1801,1217,2953,1582,4453,2375,3901,1775,1746,5318,7655,7027,12957,105671,53723,8477,2669,46560,1,0,12,5
2021-03-20T23:59:59+01:00,5,3,2761,3099,4508,6395,4792,9047,6000,12668,9480,12503,8253,7084,19818,25585,10110,17975,303,387,946,1800,1216,2953,1581,4452,2371,3893,1763,1733,5303,7606,6849,12717,105114,53225,8464,2644,46496,1,0,12,5
2021-03-19T23:59:59+01:00,5,3,2725,3073,4436,6350,4685,8997,5860,12610,9213,12315,7949,6858,19334,24996,10078,17916,303,387,945,1799,1216,2950,1579,4451,2364,3888,1748,1722,5266,7563,6437,12097,103811,52089,8221,2622,45359,1,0,12,5
2021-03-18T23:59:59+01:00,5,3,2659,3000,4271,6212,4435,8792,5501,12303,8301,11646,6685,5842,18073,23632,9923,17683,300,382,940,1789,1202,2937,1540,4435,2299,3842,1669,1680,5191,7456,5695,10978,98884,49753,7677,2580,42393,0,0,12,4
2021-03-17T23:59:59+01:00,5,3,2622,2960,4192,6114,4297,8684,5246,12027,7624,11078,5696,4944,16722,22096,9754,17423,296,380,936,1782,1198,2928,1523,4414,2233,3817,1603,1635,5146,7390,5113,10088,93444,47957,7176,2523,40855,0,0,12,4
2021-03-16T23:59:59+01:00,5,3,2602,2932,4130,6047,4203,8587,5069,11871,7174,10688,4930,4327,15860,21113,9648,17248,292,378,933,1777,1195,2921,1515,4404,2211,3798,1573,1618,5108,7347,4601,9268,89783,46493,7137,2444,39506,0,0,11,4
2021-03-15T23:59:59+01:00,5,3,2599,2921,4114,6027,4172,8561,5020,11824,7056,10570,4783,4165,15539,20700,9616,17189,290,374,932,1771,1189,2914,1501,4395,2190,3776,1529,1601,5048,7273,4017,8405,89008,44901,7038,2302,38807,0,0,11,4
2021-03-14T23:59:59+01:00,5,2,2594,2912,4092,6007,4142,8542,4978,11791,6962,10481,4678,4052,15408,20530,9599,17149,288,373,932,1769,1183,2907,1496,4384,2179,3769,1519,1595,5040,7265,4011,8391,88698,44838,7020,2261,38196,0,0,10,4
2021-03-13T23:59:59+01:00,5,2,2588,2904,4085,5995,4134,8535,4969,11781,6942,10468,4656,4026,15092,20090,9579,17113,288,373,932,1769,1183,2907,1496,4384,2179,3769,1518,1595,5040,7264,4011,8391,87805,44837,6998,2260,38151,0,0,10,4
2021-03-12T23:59:59+01:00,5,2,2525,2828,3974,5824,4014,8313,4832,11482,6764,10197,4503,3888,14163,18826,9517,17011,288,372,930,1766,1183,2904,1494,4379,2178,3762,1511,1593,5033,7245,4009,8374,85324,44760,6937,2259,36399,0,0,8,4
2021-03-11T23:59:59+01:00,4,2,2399,2603,3746,5497,3757,7876,4505,10719,6134,9386,3983,3385,12549,16828,9415,16863,288,371,926,1762,1180,2890,1485,4367,2165,3735,1470,1565,4992,7208,3997,8347,80969,44611,6773,2135,31901,0,0,8,4
2021-03-10T23:59:59+01:00,4,2,2277,2472,3589,5259,3562,7553,4234,10235,5580,8816,3408,2942,10262,14107,9266,16631,285,367,921,1752,1173,2879,1481,4351,2143,3720,1441,1558,4961,7193,3988,8337,74627,44546,6601,2002,28963,0,0,8,4
2021-03-09T23:59:59+01:00,4,2,2252,2421,3521,5170,3449,7463,4063,10038,5187,8465,2925,2582,8737,12089,9160,16480,284,366,921,1746,1166,2870,1477,4343,2135,3709,1427,1553,4953,7188,3985,8335,69742,44505,6452,1951,27806,0,0,8,4
2021-03-08T23:59:59+01:00,4,2,2228,2348,3462,5103,3375,7379,3941,9925,4891,8270,2474,2318,6797,9684,9039,16302,284,363,920,1736,1160,2854,1471,4332,2132,3702,1416,1546,4937,7168,3978,8325,64016,44397,6116,1925,27402,0,0,8,4
2021-03-07T23:59:59+01:00,4,2,2166,2292,3367,4995,3278,7290,3842,9838,4754,8175,2423,2266,6774,9663,9039,16294,284,362,919,1736,1160,2852,1471,4332,2132,3702,1416,1546,4936,7168,3978,8325,63888,44394,5433,1923,27133,0,0,8,4
2021-03-06T23:59:59+01:00,4,2,2158,2279,3354,4985,3274,7286,3833,9828,4744,8170,2421,2264,6728,9593,9006,16244,284,362,918,1732,1159,2851,1471,4329,2128,3697,1415,1541,4930,7163,3976,8315,63676,44346,5373,1923,27116,0,0,8,4
2021-03-05T23:59:59+01:00,4,2,2028,2192,3130,4799,3035,6974,3554,9434,4411,7834,2332,2202,6521,9272,8809,15979,284,360,916,1729,1159,2850,1470,4323,2125,3691,1409,1539,4924,7157,3975,8308,62685,44294,4525,1923,25294,0,0,8,4
2021-03-04T23:59:59+01:00,4,2,1778,1971,2719,4364,2579,6335,2989,8533,3725,7021,2114,2042,6226,8905,8525,15516,281,359,915,1721,1157,2833,1469,4307,2116,3679,1398,1537,4912,7143,3968,8297,61025,44170,3246,1920,21069,0,0,8,4
2021-03-03T23:59:59+01:00,4,2,1707,1883,2612,4179,2446,6110,2849,8246,3538,6758,2031,1964,5885,8429,8161,14925,280,355,915,1711,1155,2810,1465,4283,2111,3664,1373,1525,4907,7137,3964,8289,58997,44023,3102,1920,19622,0,0,8,3
2021-03-02T23:59:59+01:00,4,2,1671,1807,2542,4061,2365,5960,2743,8065,3423,6605,1956,1896,5570,7990,7747,14246,278,350,912,1692,1152,2790,1462,4264,2110,3653,1348,1519,4897,7120,3958,8281,56871,43865,2860,1920,18914,0,0,8,3
2021-03-01T23:59:59+01:00,2,2,1661,1781,2503,3954,2317,5845,2707,7964,3370,6525,1914,1876,5432,7827,7265,13369,277,348,908,1686,1150,2778,1460,4251,2108,3638,1343,1514,4894,7118,3957,8274,54990,43783,2849,1920,18467,0,0,8,3
2021-02-28T23:59:59+01:00,2,2,1645,1742,2469,3882,2286,5790,2664,7885,3343,6477,1908,1872,5424,7822,7228,13309,277,348,907,1686,1150,2778,1460,4250,2108,3637,1343,1514,4894,7117,3957,8274,54864,43780,2847,1919,18031,0,0,8,3
2021-02-27T23:59:59+01:00,2,2,1643,1735,2466,3874,2282,5790,2662,7884,3340,6474,1902,1862,5414,7778,7055,13085,277,348,897,1681,1140,2771,1450,4241,2091,3628,1342,1511,4894,7116,3957,8274,54392,43776,2847,1841,18003,0,0,8,3
2021-02-26T23:59:59+01:00,2,1,1455,1578,2338,3631,2205,5383,2570,7380,3253,6016,1887,1837,5389,7745,6786,12692,275,346,889,1674,1132,2752,1444,4219,2081,3614,1335,1502,4887,7104,3953,8261,53635,43695,2828,1773,15677,0,0,8,2
2021-02-25T23:59:59+01:00,2,1,1241,1297,2119,3200,2033,4633,2373,6437,3012,5117,1796,1766,5337,7665,6202,11839,273,338,882,1613,1098,2657,1411,4109,2025,3539,1297,1481,4843,7062,3933,8206,51731,43222,2817,1545,11515,0,0,7,2
2021-02-24T23:59:59+01:00,2,1,1188,1088,2013,2934,1927,4296,2240,6033,2841,4847,1719,1711,5276,7575,5431,10644,271,332,846,1565,1048,2566,1350,3993,1936,3411,1257,1453,4826,7035,3923,8185,49364,42957,2805,1040,9590,0,0,7,2
2021-02-23T23:59:59+01:00,2,1,1173,1037,1978,2870,1901,4197,2214,5948,2807,4784,1711,1696,5240,7527,4783,9609,271,331,819,1538,999,2514,1297,3915,1830,3336,1205,1426,4802,7009,3910,8146,47561,42750,2778,598,9132,0,0,7,2
2021-02-22T23:59:59+01:00,2,1,1165,995,1929,2726,1857,4052,2158,5753,2753,4678,1700,1685,5206,7478,4168,8720,269,321,776,1500,945,2431,1208,3807,1690,3239,1115,1368,4759,6938,3882,8038,45936,42277,2759,9,8325,0,0,6,2
2021-02-21T23:59:59+01:00,2,1,1163,981,1900,2664,1830,3955,2131,5648,2733,4615,1693,1679,5203,7469,4168,8716,267,319,771,1494,937,2399,1206,3771,1677,3199,1106,1353,4742,6914,3857,7994,45883,41997,2749,9,7913,0,0,6,2
2021-02-20T23:59:59+01:00,2,1,1163,981,1900,2663,1829,3955,2131,5648,2731,4610,1684,1670,5197,7462,4166,8713,267,319,771,1493,936,2395,1205,3767,1676,3197,1106,1353,4690,6854,3810,7937,45868,41768,2721,8,7911,0,0,6,2
2021-02-19T23:59:59+01:00,2,1,1163,978,1897,2658,1829,3946,2130,5639,2727,4607,1666,1661,5183,7444,4163,8708,266,318,767,1483,927,2371,1198,3724,1648,3144,1078,1314,4497,6601,3630,7636,45789,40594,2700,8,7907,0,0,6,2
2021-02-18T23:59:59+01:00,2,1,1132,896,1857,2539,1791,3809,2077,5433,2665,4433,1650,1644,5167,7411,4158,8679,238,289,722,1358,880,2165,1112,3387,1532,2848,968,1124,4002,5818,3214,6733,45635,36382,2667,8,7036,0,0,6,2
2021-02-17T23:59:59+01:00,2,1,1084,769,1776,2307,1714,3513,1968,5073,2590,4186,1625,1635,5146,7396,4149,8676,233,286,712,1340,871,2143,1100,3352,1513,2827,962,1121,3619,5292,2916,6305,45595,34584,2607,8,5402,0,0,6,2
2021-02-16T23:59:59+01:00,2,1,1043,731,1722,2204,1645,3341,1898,4866,2511,4078,1587,1621,5119,7373,4140,8664,226,280,696,1305,849,2089,1069,3234,1474,2740,938,1098,3261,4743,2574,5807,45541,32378,2440,5,4559,0,0,6,2
2021-02-15T23:59:59+01:00,2,1,1036,712,1702,2127,1627,3241,1879,4757,2497,3999,1557,1607,5088,7357,4107,8608,214,270,680,1272,830,2039,1049,3168,1432,2675,908,1067,2833,4186,2236,5225,45413,30080,2354,4,4131,0,0,6,2
2021-02-14T23:59:59+01:00,2,1,942,679,1624,2094,1565,3221,1836,4735,2462,3986,1550,1605,5079,7345,4104,8602,207,259,671,1254,812,1999,1033,3102,1401,2607,879,1022,2741,4045,2157,5025,45369,29211,2319,3,3739,0,0,5,2
2021-02-13T23:59:59+01:00,2,1,889,655,1594,2071,1550,3212,1820,4728,2454,3985,1549,1604,5079,7344,4103,8601,205,258,669,1253,812,1995,1033,3100,1400,2605,878,1022,2637,3920,2092,4924,45362,28800,2319,3,3555,0,0,5,2
2021-02-12T23:59:59+01:00,2,1,559,508,1247,1954,1379,3109,1680,4645,2347,3915,1530,1596,5069,7333,4093,8591,193,252,654,1227,798,1951,1006,3015,1345,2505,816,947,2410,3605,1944,4601,45241,27267,2319,2,1993,0,0,5,2
2021-02-11T23:59:59+01:00,2,1,394,432,1058,1840,1277,2991,1583,4532,2258,3825,1421,1551,5006,7281,4070,8541,156,189,554,983,663,1505,806,2344,1067,1912,575,695,1792,2718,1435,3320,44883,20715,2111,1,1064,0,0,5,0
2021-02-10T23:59:59+01:00,2,1,281,361,932,1734,1176,2869,1489,4348,2144,3703,1382,1538,4985,7270,4065,8539,134,127,383,622,492,1016,637,1734,900,1578,555,679,1386,2161,1118,2818,44807,16342,2002,0,6,0,0,4,0
2021-02-09T23:59:59+01:00,2,1,281,360,931,1728,1173,2861,1489,4342,2143,3698,1374,1535,4983,7268,4064,8537,131,125,375,589,473,989,616,1705,875,1548,553,676,1001,1696,837,2411,44782,14602,1979,0,5,0,0,4,0
2021-02-08T23:59:59+01:00,2,1,281,358,930,1726,1170,2851,1482,4336,2141,3694,1369,1531,4981,7268,4063,8534,126,119,364,576,465,970,605,1674,857,1522,545,671,607,1205,532,1982,44753,12822,1956,0,5,0,0,4,0
2021-02-07T23:59:59+01:00,2,1,281,358,927,1726,1169,2851,1480,4334,2141,3694,1369,1531,4981,7267,4062,8534,122,116,358,572,464,963,602,1662,847,1506,537,668,606,1195,527,1967,44749,12714,1955,0,0,0,0,4,0
2021-02-06T23:59:59+01:00,2,1,281,358,927,1726,1169,2851,1480,4334,2141,3694,1369,1531,4981,7267,4062,8534,119,113,356,568,463,961,602,1660,847,1505,536,667,606,1195,527,1967,44749,12694,1955,0,0,0,0,4,0
2021-02-05T23:59:59+01:00,2,1,280,357,925,1726,1169,2850,1478,4333,2140,3694,1369,1531,4980,7265,4062,8531,118,105,353,563,455,948,598,1650,833,1482,531,657,600,1179,517,1941,44734,12532,1955,0,0,0,0,4,0
2021-02-04T23:59:59+01:00,2,1,276,352,919,1687,1162,2804,1478,4280,2127,3651,1362,1524,4951,7234,4050,8498,89,70,236,390,330,690,469,1259,624,1114,401,520,505,966,453,1680,44401,9797,1954,0,0,0,0,3,0
2021-02-03T23:59:59+01:00,2,1,274,343,915,1662,1158,2769,1467,4230,2118,3615,1354,1508,4926,7204,4036,8468,55,34,83,165,153,345,227,592,300,541,212,278,289,603,265,1047,44093,5190,1954,0,0,0,0,3,0
2021-02-02T23:59:59+01:00,2,1,273,341,914,1650,1154,2750,1464,4198,2111,3589,1346,1502,4918,7189,4027,8442,16,10,27,50,62,100,73,164,96,123,46,75,71,134,58,210,43914,1316,1954,0,0,0,0,3,0
2021-02-01T23:59:59+01:00,2,1,273,337,914,1647,1153,2749,1463,4194,2110,3583,1345,1501,4916,7188,4027,8442,13,9,23,43,52,91,60,139,74,104,40,67,62,124,55,195,43888,1152,1954,0,0,0,0,3,0
2021-01-31T23:59:59+01:00,2,1,273,336,914,1643,1152,2744,1463,4189,2110,3580,1344,1501,4915,7187,4027,8442,12,8,21,38,45,83,54,128,64,98,35,56,53,114,52,188,43868,1050,1952,0,0,0,0,3,0
2021-01-30T23:59:59+01:00,2,1,273,336,909,1640,1144,2736,1455,4183,2106,3577,1344,1501,4862,7127,3982,8384,12,8,21,37,45,83,53,127,64,98,35,56,53,114,52,188,43641,1047,1918,0,0,0,0,3,0
2021-01-29T23:59:59+01:00,2,1,272,335,894,1632,1132,2715,1443,4153,2083,3550,1335,1495,4699,6925,3814,8177,10,8,21,37,42,83,52,125,61,97,34,52,52,114,52,188,42848,1029,1806,0,0,0,0,3,0
2021-01-28T23:59:59+01:00,2,1,268,322,875,1545,1093,2605,1406,4051,2014,3476,1309,1482,4363,6452,3538,7817,7,4,9,17,23,41,21,57,36,64,21,34,36,74,40,126,41053,611,1563,0,0,0,0,3,0
2021-01-27T23:59:59+01:00,2,1,262,319,833,1490,1046,2511,1342,3953,1940,3369,1269,1455,3948,5881,3211,7345,3,4,9,8,12,20,8,23,14,29,12,15,18,42,17,63,39064,298,1110,0,0,0,0,3,0
2021-01-26T23:59:59+01:00,2,1,255,310,797,1443,979,2426,1281,3826,1824,3261,1208,1404,3599,5324,2855,6821,1,1,5,3,5,7,4,3,3,8,7,5,5,7,4,8,36951,77,662,0,0,0,0,3,0
2021-01-25T23:59:59+01:00,2,1,245,301,745,1383,918,2308,1179,3681,1666,3142,1128,1372,3202,4809,2538,6344,1,1,5,2,3,7,2,2,3,8,7,5,5,7,4,8,34900,71,62,0,0,0,0,2,0
2021-01-24T23:59:59+01:00,2,1,242,301,739,1379,907,2292,1174,3665,1638,3112,1122,1370,3175,4773,2521,6322,1,1,3,2,3,7,2,2,3,8,7,5,5,7,4,8,34725,69,8,0,0,0,0,2,0
2021-01-23T23:59:59+01:00,2,1,241,300,738,1378,907,2288,1173,3663,1635,3110,1121,1370,3070,4647,2455,6221,1,1,3,2,2,7,2,2,3,8,7,5,5,7,4,8,34311,68,7,0,0,0,0,2,0
2021-01-22T23:59:59+01:00,2,1,240,297,735,1362,905,2275,1167,3647,1631,3107,1119,1369,2909,4453,2352,6076,1,1,3,2,2,7,2,2,3,8,7,5,5,7,4,8,33638,68,7,0,0,0,0,2,0
2021-01-21T23:59:59+01:00,2,1,235,268,670,1206,838,2063,1086,3362,1536,2901,1076,1326,2562,3988,2057,5635,1,0,3,1,2,7,2,2,3,8,7,4,5,7,4,8,30805,65,7,0,0,0,0,0,0
2021-01-20T23:59:59+01:00,2,1,210,204,509,853,663,1571,887,2661,1299,2436,978,1193,2023,3236,1631,4821,1,0,3,1,2,7,2,2,3,6,6,4,5,7,4,8,25171,62,7,0,0,0,0,0,0
2021-01-19T23:59:59+01:00,2,1,184,187,463,744,609,1416,802,2365,1123,2128,810,934,1369,2297,1145,3684,0,0,2,1,0,0,0,0,2,1,1,0,0,0,0,0,20260,7,3,0,0,0,0,0,0
2021-01-18T23:59:59+01:00,1,1,138,132,385,619,487,1060,646,1822,931,1636,603,725,696,1347,601,2254,0,0,1,0,0,0,0,0,1,0,0,0,0,0,0,0,14082,2,2,0,0,0,0,0,0
2021-01-17T23:59:59+01:00,1,1,127,118,369,584,472,995,617,1705,872,1537,554,684,645,1244,555,2089,0,0,0,0,0,0,0,0,0,0,0,0,0,0,0,0,13169,0,0,0,0,0,0,0,0
2021-01-16T23:59:59+01:00,1,1,120,114,366,580,470,983,611,1692,866,1530,553,683,644,1238,550,2075,0,0,0,0,0,0,0,0,0,0,0,0,0,0,0,0,13077,0,0,0,0,0,0,0,0
2021-01-15T23:59:59+01:00,1,1,118,107,363,574,462,967,607,1681,851,1506,547,671,636,1221,542,2049,0,0,0,0,0,0,0,0,0,0,0,0,0,0,0,0,12904,0,0,0,0,0,0,0,0
2021-01-14T23:59:59+01:00,1,1,97,86,280,465,390,788,504,1411,695,1217,432,540,552,1022,477,1843,0,0,0,0,0,0,0,0,0,0,0,0,0,0,0,0,10801,0,0,0,0,0,0,0,0
2021-01-13T23:59:59+01:00,1,1,67,47,167,282,255,523,352,922,474,782,265,328,335,673,307,1172,0,0,0,0,0,0,0,0,0,0,0,0,0,0,0,0,6953,0,0,0,0,0,0,0,0
2021-01-12T23:59:59+01:00,1,1,31,20,52,101,114,215,150,383,196,333,138,180,176,373,178,652,0,0,0,0,0,0,0,0,0,0,0,0,0,0,0,0,3294,0,0,0,0,0,0,0,0
2021-01-11T23:59:59+01:00,1,0,17,10,36,63,62,114,77,171,91,126,41,67,67,131,55,201,0,0,0,0,0,0,0,0,0,0,0,0,0,0,0,0,1330,0,0,0,0,0,0,0,0
2021-01-10T23:59:59+01:00,1,0,14,7,29,52,55,102,67,156,75,112,35,57,57,120,50,191,0,0,0,0,0,0,0,0,0,0,0,0,0,0,0,0,1180,0,0,0,0,0,0,0,0
2021-01-09T23:59:59+01:00,1,0,13,7,28,51,54,101,64,155,75,110,35,57,57,120,50,191,0,0,0,0,0,0,0,0,0,0,0,0,0,0,0,0,1169,0,0,0,0,0,0,0,0
2021-01-08T23:59:59+01:00,1,0,10,7,26,48,49,96,60,142,69,106,33,52,56,120,50,191,0,0,0,0,0,0,0,0,0,0,0,0,0,0,0,0,1116,0,0,0,0,0,0,0,0
2021-01-07T23:59:59+01:00,1,0,7,4,9,18,22,43,23,57,38,66,20,35,41,80,39,127,0,0,0,0,0,0,0,0,0,0,0,0,0,0,0,0,630,0,0,0,0,0,0,0,0
2021-01-06T23:59:59+01:00,1,0,7,4,9,15,14,30,15,40,25,53,16,25,34,70,37,111,0,0,0,0,0,0,0,0,0,0,0,0,0,0,0,0,506,0,0,0,0,0,0,0,0
2021-01-05T23:59:59+01:00,1,0,7,4,9,15,14,30,15,40,25,53,16,25,33,70,37,111,0,0,0,0,0,0,0,0,0,0,0,0,0,0,0,0,505,0,0,0,0,0,0,0,0
2021-01-04T23:59:59+01:00,1,0,2,4,8,5,4,14,4,8,6,16,7,5,9,16,5,15,0,0,0,0,0,0,0,0,0,0,0,0,0,0,0,0,129,0,0,0,0,0,0,0,0
2021-01-03T23:59:59+01:00,1,0,1,1,3,2,2,7,3,3,3,9,5,4,6,8,4,9,0,0,0,0,0,0,0,0,0,0,0,0,0,0,0,0,71,0,0,0,0,0,0,0,0
2021-01-02T23:59:59+01:00,1,0,1,1,3,2,2,7,3,3,3,9,5,4,6,8,4,9,0,0,0,0,0,0,0,0,0,0,0,0,0,0,0,0,71,0,0,0,0,0,0,0,0
2021-01-01T23:59:59+01:00,1,0,1,1,3,2,2,7,2,3,3,9,5,4,6,8,4,9,0,0,0,0,0,0,0,0,0,0,0,0,0,0,0,0,70,0,0,0,0,0,0,0,0
2020-12-31T23:59:59+01:00,1,0,1,1,3,1,2,7,2,2,3,8,5,4,6,8,4,9,0,0,0,0,0,0,0,0,0,0,0,0,0,0,0,0,67,0,0,0,0,0,0,0,0
2020-12-30T23:59:59+01:00,1,0,1,1,3,1,2,7,2,2,3,6,5,4,6,8,4,9,0,0,0,0,0,0,0,0,0,0,0,0,0,0,0,0,65,0,0,0,0,0,0,0,0
2020-12-29T23:59:59+01:00,1,0,1,1,2,1,2,6,2,2,3,6,3,2,5,8,3,8,0,0,0,0,0,0,0,0,0,0,0,0,0,0,0,0,56,0,0,0,0,0,0,0,0
2020-12-28T23:59:59+01:00,1,0,0,0,2,1,0,2,1,0,1,3,0,1,0,1,1,5,0,0,0,0,0,0,0,0,0,0,0,0,0,0,0,0,19,0,0,0,0,0,0,0,0
2020-12-27T23:59:59+01:00,0,0,0,0,0,0,0,1,1,0,1,2,0,1,0,1,1,5,0,0,0,0,0,0,0,0,0,0,0,0,0,0,0,0,13,0,0,0,0,0,0,0,0
