Datum,<15_m,<15_w,15-24_1_m,15-24_1_w,25-34_1_m,25-34_1_w,35-44_1_m,35-44_1_w,45-54_1_m,45-54_1_w,55-64_1_m,55-64_1_w,65-74_1_m,65-74_1_w,75-84_1_m,75-84_1_w,>84_1_m,>84_1_w,<24_2_m,<24_2_w,25-34_2_m,25-34_2_w,35-44_2_m,35-44_2_w,45-54_2_m,45-54_2_w,55-64_2_m,55-64_2_w,65-74_2_m,65-74_2_w,75-84_2_m,75-84_2_w,>84_2_m,>84_2_w,bp_1,bp_2,mo_1,mo_2,az_1,az_2,ja,unb_1,unb_2
2021-08-25T23:59:59+02:00,3862,3626,38692,37055,52788,45439,57690,54049,70004,68542,85096,83501,59415,63532,38786,50001,11994,21423,34573,33273,49140,41713,54345,50206,66204,64121,81050,79374,57204,61014,37498,48209,11593,20666,626923,587163,78963,75443,109533,103270,30034,42,49
2021-08-24T23:59:59+02:00,3851,3614,38625,37003,52726,45388,57643,54010,69960,68505,85054,83466,59386,63508,38780,49987,11992,21416,34456,33179,49038,41634,54271,50134,66118,64040,80968,79304,57162,60973,37491,48194,11590,20659,626593,586382,78960,75440,109531,103265,29788,42,49
2021-08-23T23:59:59+02:00,3825,3580,38532,36910,52646,45324,57588,53943,69903,68454,85003,83428,59369,63482,38770,49973,11990,21409,34321,33042,48920,41559,54176,50049,66028,63947,80886,79243,57131,60925,37472,48176,11589,20648,626070,585532,78958,75413,109528,103252,29531,42,49
2021-08-22T23:59:59+02:00,3818,3580,38503,36899,52631,45305,57569,53931,69878,68438,84986,83415,59360,63471,38768,49964,11985,21407,34277,33003,48895,41521,54142,50023,65987,63925,80854,79220,57120,60912,37470,48168,11585,20645,625971,585269,78956,75403,109526,103252,29413,42,49
2021-08-21T23:59:59+02:00,3816,3577,38484,36892,52623,45294,57556,53925,69864,68427,84981,83406,59354,63469,38767,49964,11985,21407,34262,32997,48886,41512,54129,50018,65975,63914,80849,79214,57116,60911,37470,48168,11585,20645,625934,585252,78955,75402,109525,103252,29335,42,49
2021-08-20T23:59:59+02:00,3795,3545,38412,36822,52539,45223,57482,53863,69790,68375,84920,83359,59338,63450,38764,49960,11985,21401,34161,32892,48774,41444,54044,49945,65882,63849,80780,79161,57097,60888,37464,48163,11584,20641,625566,584743,78953,75399,109525,103249,28937,42,49
2021-08-19T23:59:59+02:00,3767,3512,38246,36680,52379,45087,57362,53764,69663,68258,84822,83282,59309,63408,38749,49944,11981,21389,33814,32636,48490,41204,53828,49752,65675,63667,80606,79027,57042,60816,37419,48128,11579,20630,624692,582851,78951,75305,109524,103236,28393,42,49
2021-08-18T23:59:59+02:00,3716,3462,38060,36524,52261,44967,57268,53658,69554,68164,84747,83220,59270,63365,38734,49924,11979,21382,33432,32226,48193,40948,53576,49477,65458,63460,80425,78867,56960,60730,37383,48086,11576,20620,623705,580302,78948,75179,109522,103229,28038,42,49
2021-08-17T23:59:59+02:00,3657,3414,37901,36369,52148,44847,57188,53562,69460,68079,84675,83158,59235,63334,38721,49901,11975,21374,33040,31787,47870,40641,53284,49189,65209,63221,80226,78661,56853,60620,37342,48037,11564,20609,622768,577213,78948,75163,109517,103208,27723,42,49
2021-08-16T23:59:59+02:00,3603,3364,37757,36225,52055,44750,57114,53492,69392,68012,84624,83112,59213,63305,38707,49885,11969,21366,32478,31230,47479,40227,52902,48807,64905,62958,80009,78467,56777,60508,37310,47984,11556,20588,621876,573218,78944,75128,109517,103188,27566,42,49
2021-08-15T23:59:59+02:00,3593,3355,37725,36200,52023,44731,57088,53459,69375,67996,84613,83101,59202,63301,38704,49876,11969,21364,32402,31132,47410,40163,52839,48747,64861,62917,79968,78440,56759,60488,37302,47971,11555,20584,621689,572667,78944,75097,109516,103177,27484,42,49
2021-08-14T23:59:59+02:00,3588,3351,37717,36193,52018,44727,57081,53453,69371,67993,84606,83097,59195,63296,38703,49874,11969,21364,32396,31126,47404,40160,52829,48739,64858,62915,79962,78438,56754,60483,37301,47969,11555,20584,621657,572645,78941,75097,109516,103177,27440,42,49
2021-08-13T23:59:59+02:00,3571,3338,37649,36152,51959,44678,57017,53404,69301,67952,84542,83061,59173,63284,38692,49860,11966,21358,32258,31013,47276,40061,52712,48640,64756,62835,79873,78388,56731,60462,37288,47959,11553,20579,621357,571846,78941,75095,109516,103177,27101,42,49
2021-08-12T23:59:59+02:00,3532,3311,37523,36031,51868,44588,56949,53320,69205,67879,84469,82996,59145,63260,38678,49848,11966,21355,31732,30528,46889,39714,52329,48294,64430,62605,79659,78180,56642,60375,37244,47917,11548,20563,620640,568395,78941,75066,109514,103070,26786,42,49
2021-08-11T23:59:59+02:00,3490,3269,37375,35888,51759,44484,56833,53202,69110,67791,84386,82919,59105,63222,38657,49832,11962,21351,31093,29914,46381,39328,51903,47858,64128,62328,79448,77978,56548,60269,37208,47845,11535,20545,619762,564371,78936,75042,109512,102982,26383,42,49
2021-08-10T23:59:59+02:00,3443,3223,37217,35739,51645,44364,56730,53093,69045,67722,84322,82862,59081,63186,38639,49819,11955,21346,30203,28937,45655,38627,51243,47254,63742,61970,79201,77737,56443,60165,37163,47776,11527,20533,618825,558189,78934,75040,109509,102979,26122,41,49
2021-08-09T23:59:59+02:00,3407,3194,37123,35631,51572,44295,56672,53052,69014,67679,84292,82831,59066,63172,38627,49800,11954,21344,29495,28193,44992,38055,50671,46677,63372,61614,78923,77490,56323,60069,37120,47721,11520,20519,618244,554108,78932,73592,109509,102954,25999,41,49
2021-08-08T23:59:59+02:00,3398,3181,37097,35615,51548,44271,56654,53042,68996,67661,84272,82816,59063,63167,38622,49793,11953,21343,29367,28051,44845,37959,50576,46597,63318,61557,78875,77451,56287,60051,37110,47710,11520,20516,618073,553185,78931,73584,109508,102922,25939,41,49
2021-08-07T23:59:59+02:00,3398,3181,37093,35609,51538,44270,56652,53042,68992,67658,84271,82814,59062,63167,38622,49793,11953,21343,29356,28045,44833,37953,50575,46593,63315,61552,78872,77448,56286,60050,37110,47710,11520,20516,618063,553155,78930,73580,109508,102922,25916,41,49
2021-08-06T23:59:59+02:00,3387,3168,37028,35553,51462,44208,56588,53000,68950,67627,84239,82785,59049,63148,38611,49787,11950,21341,29118,27820,44630,37768,50394,46453,63180,61438,78774,77380,56261,60025,37095,47700,11517,20513,617792,551716,78927,73574,109508,102921,25613,41,49
2021-08-05T23:59:59+02:00,3354,3128,36876,35419,51347,44077,56472,52883,68838,67514,84114,82712,59008,63095,38588,49767,11941,21331,28422,27203,44048,37288,49843,46000,62823,61142,78481,77160,56152,59930,37057,47648,11509,20498,617006,547419,78925,73564,109508,102745,24984,41,49
2021-08-04T23:59:59+02:00,3295,3065,36678,35250,51201,43932,56333,52770,68717,67391,84001,82603,58942,63037,38571,49738,11937,21321,27276,26082,43090,36413,48880,45099,62233,60538,77987,76723,55943,59752,36999,47559,11496,20478,615942,539086,78915,73525,109508,102691,24376,41,49
2021-08-03T23:59:59+02:00,3221,3007,36461,35052,51054,43797,56212,52650,68589,67278,83914,82534,58900,62994,38553,49708,11929,21307,26201,24973,42167,35522,47981,44217,61698,60011,77542,76317,55777,59565,36940,47473,11478,20447,614610,530793,78907,73478,109506,102665,24096,41,49
2021-08-02T23:59:59+02:00,3177,2953,36317,34903,50947,43689,56120,52553,68504,67190,83831,82460,58862,62947,38539,49689,11921,21295,25303,23972,41327,34786,47251,43480,61216,59546,77160,75973,55615,59417,36890,47396,11461,20426,613655,523851,78906,73424,109505,102523,23790,41,49
2021-08-01T23:59:59+02:00,3172,2948,36302,34881,50922,43671,56102,52529,68475,67177,83817,82448,58856,62942,38538,49685,11921,21295,25043,23725,41084,34586,47021,43285,61075,59410,77044,75877,55579,59388,36875,47383,11457,20422,613520,521996,78902,73383,109504,102458,23714,41,49
2021-07-31T23:59:59+02:00,3171,2947,36296,34880,50921,43670,56100,52528,68473,67176,83817,82447,58856,62942,38538,49685,11921,21295,25036,23712,41074,34579,47015,43279,61066,59408,77042,75876,55579,59385,36875,47383,11457,20421,613506,521930,78901,73382,109504,102458,23711,41,49
2021-07-30T23:59:59+02:00,3155,2933,36238,34816,50850,43619,56041,52470,68418,67135,83779,82407,58844,62928,38534,49678,11918,21292,24718,23402,40800,34367,46760,43084,60881,59278,76894,75762,55549,59346,36861,47371,11457,20421,613218,520005,78897,73380,109501,102351,23398,41,49
2021-07-29T23:59:59+02:00,3132,2905,36100,34694,50723,43497,55950,52372,68348,67071,83709,82356,58818,62910,38523,49669,11918,21291,23763,22414,39926,33623,45863,42303,60338,58840,76537,75461,55429,59208,36822,47317,11450,20410,612353,512972,78877,73255,109501,102184,23214,41,49
2021-07-28T23:59:59+02:00,3082,2850,35863,34460,50504,43327,55757,52226,68210,66934,83594,82258,58765,62863,38501,49633,11908,21283,22550,21166,38607,32527,44557,41134,59544,58182,76033,75005,55235,59021,36754,47214,11436,20385,610998,503196,78873,73090,109501,102027,22605,41,49
2021-07-27T23:59:59+02:00,3057,2831,35756,34344,50423,43244,55683,52174,68148,66866,83533,82187,58726,62821,38489,49618,11907,21274,21311,19774,37183,31192,43192,39835,58921,57590,75613,74596,55073,58846,36696,47160,11424,20362,610280,492794,78858,72914,109501,101913,22401,41,49
2021-07-26T23:59:59+02:00,3038,2812,35694,34251,50367,43191,55642,52126,68103,66829,83498,82162,58712,62806,38477,49606,11906,21272,20289,18673,35931,30078,41926,38687,58423,57191,75329,74345,54976,58746,36675,47125,11418,20348,609764,484557,78853,72585,109501,101752,22333,41,49
2021-07-25T23:59:59+02:00,3027,2807,35642,34211,50326,43147,55616,52103,68080,66805,83469,82139,58699,62799,38474,49603,11903,21266,19889,18313,35519,29752,41522,38383,58230,57038,75172,74243,54933,58708,36654,47105,11414,20344,609477,481851,78848,72323,109501,101724,22249,41,49
2021-07-24T23:59:59+02:00,3027,2807,35638,34207,50324,43144,55614,52102,68078,66805,83467,82138,58699,62799,38473,49603,11903,21266,19884,18303,35511,29744,41516,38382,58227,57036,75168,74241,54933,58708,36653,47105,11414,20344,609468,481815,78847,72323,109501,101722,22237,41,49
2021-07-23T23:59:59+02:00,3002,2782,35487,34091,50177,43044,55498,51998,67982,66713,83377,82088,58668,62770,38463,49598,11898,21263,19647,18083,35252,29569,41245,38201,58062,56908,75032,74165,54894,58685,36641,47095,11408,20338,608848,480698,78847,72031,109501,101720,21662,41,49
2021-07-22T23:59:59+02:00,2952,2697,35052,33725,49869,42806,55237,51773,67755,66534,83202,81937,58583,62677,38428,49552,11887,21245,18861,17421,34158,28837,40125,37375,57329,56443,74481,73796,54717,58507,36577,47011,11387,20312,606714,475193,78832,70607,109497,101503,20827,41,49
2021-07-21T23:59:59+02:00,2897,2639,34743,33397,49631,42597,55050,51588,67565,66350,83075,81812,58518,62625,38397,49513,11876,21235,18038,16589,32851,27846,38864,36417,56640,55884,74036,73434,54571,58332,36512,46927,11375,20279,604902,469303,78781,68425,109496,101291,20288,41,49
2021-07-20T23:59:59+02:00,2821,2576,34387,33018,49352,42366,54879,51394,67386,66195,82938,81694,58456,62572,38369,49468,11875,21220,16888,15468,31141,26445,37138,34965,55842,55239,73496,72990,54405,58143,36462,46843,11358,20241,602833,460147,78745,66686,109495,100955,19852,41,49
2021-07-19T23:59:59+02:00,2737,2506,33829,32457,49040,42057,54605,51130,67191,65982,82767,81528,58389,62491,38324,49416,11868,21205,16238,14895,30203,25767,36284,34252,55405,54817,73170,72753,54318,58057,36425,46793,11352,20219,599639,456476,78686,64521,109494,100785,19662,41,49
2021-07-18T23:59:59+02:00,2709,2488,33730,32344,48949,42001,54549,51073,67132,65932,82725,81486,58361,62465,38313,49403,11866,21198,15921,14631,29632,25388,35791,33905,55150,54655,73025,72652,54276,58019,36417,46778,11351,20215,599037,455039,78671,62987,109493,100757,19482,41,49
2021-07-17T23:59:59+02:00,2709,2488,33728,32342,48945,42000,54548,51071,67132,65931,82725,81486,58361,62464,38313,49403,11866,21198,15916,14625,29623,25373,35786,33901,55146,54654,73025,72652,54276,58019,36417,46778,11351,20215,599027,454995,78668,62983,109493,100757,19481,41,49
2021-07-16T23:59:59+02:00,2651,2423,33119,31821,48453,41654,54156,50736,66752,65611,82413,81254,58242,62352,38263,49354,11862,21191,15501,14301,29134,25004,35343,33570,54810,54402,72766,72460,54164,57932,36382,46740,11348,20211,596815,453613,78664,62854,109492,100748,17295,41,49
2021-07-15T23:59:59+02:00,2518,2291,32258,31043,47829,41084,53584,50258,66328,65267,82161,81015,58153,62256,38229,49311,11854,21172,14667,13634,27817,24178,34043,32762,54135,54004,72357,72239,54071,57838,36353,46706,11341,20196,591811,449454,78653,60491,109491,100168,16615,41,49
2021-07-14T23:59:59+02:00,2412,2205,31712,30518,47343,40651,53167,49863,66004,64990,81927,80768,58050,62161,38197,49261,11844,21159,13425,12495,25823,22730,32143,31241,53388,53418,71852,71900,53935,57713,36312,46645,11331,20181,587978,440347,78636,58567,109490,99833,16087,41,48
2021-07-13T23:59:59+02:00,2355,2135,31443,30250,47073,40427,52920,49639,65803,64803,81761,80619,57986,62085,38172,49224,11834,21146,12439,11649,24097,21423,30201,29660,52199,52252,71037,71112,53690,57437,36225,46531,11314,20154,585833,433649,78621,55647,109482,96683,15698,41,47
2021-07-12T23:59:59+02:00,2129,1928,30581,29321,46422,39894,52351,49072,65414,64414,81487,80348,57854,61959,38130,49166,11824,21125,11692,11024,22710,20443,28464,28284,51245,51396,70298,70495,53434,57159,36160,46415,11301,20123,579613,425561,78605,53093,109482,96530,15678,41,47
2021-07-11T23:59:59+02:00,2084,1890,30460,29211,46357,39823,52300,49010,65356,64359,81426,80305,57834,61939,38124,49149,11819,21120,11526,10876,22435,20259,28102,28013,51044,51251,70128,70352,53381,57078,36138,46398,11292,20116,578794,423499,78599,53051,109480,96397,15652,41,46
2021-07-10T23:59:59+02:00,2084,1888,30455,29204,46355,39818,52296,49009,65353,64358,81425,80303,57834,61937,38123,49149,11819,21120,11514,10858,22423,20246,28087,28001,51038,51247,70125,70349,53381,57078,36137,46398,11292,20116,578764,423418,78599,53049,109480,96387,15646,41,46
2021-07-09T23:59:59+02:00,2039,1850,30223,28968,46138,39639,52113,48838,65192,64246,81321,80224,57804,61908,38107,49134,11814,21118,11133,10586,21782,19810,27422,27451,50329,50681,69544,69940,53280,56990,36114,46364,11287,20105,577565,422347,78593,52735,109475,92937,15002,41,46
2021-07-08T23:59:59+02:00,1902,1722,29559,28435,45539,39135,51557,48371,64792,63938,81023,79989,57712,61818,38076,49084,11809,21104,9951,9477,19836,18177,24964,25470,49295,49883,68919,69404,53055,56777,36039,46278,11272,20079,573323,411828,78573,50304,109458,92711,14170,41,46
2021-07-07T23:59:59+02:00,1689,1526,28453,27225,44503,38175,50459,47379,64136,63302,80486,79506,57509,61588,38010,49000,11795,21064,9420,9000,18753,17345,23572,24270,48473,49238,68376,68917,52854,56537,35963,46180,11256,20040,564065,405494,78557,48693,109457,92424,13685,41,46
2021-07-06T23:59:59+02:00,1488,1368,27368,26178,43477,37257,49523,46443,63532,62739,80051,79099,57328,61406,37955,48906,11771,21036,8702,8255,17413,16342,21961,22988,47868,48788,67999,68651,52737,56422,35914,46143,11249,20024,555800,398033,78546,48267,109454,92128,13084,41,46
2021-07-05T23:59:59+02:00,1331,1244,26221,24925,42394,36258,48471,45378,62866,62162,79617,78697,57154,61216,37903,48831,11762,21014,8450,8031,16917,16029,21401,22605,47563,48563,67804,68502,52685,56349,35889,46124,11246,20019,546485,395462,78538,47953,109453,91871,12927,41,44
2021-07-04T23:59:59+02:00,1266,1180,25899,24596,42090,35999,48219,45194,62721,62027,79502,78603,57118,61176,37893,48812,11759,21011,8195,7876,16651,15836,21122,22408,47438,48465,67727,68428,52661,56324,35874,46119,11244,20018,544171,394447,78512,47292,109451,91786,12890,41,44
2021-07-03T23:59:59+02:00,1266,1179,25892,24586,42076,35992,48217,45194,62718,62026,79501,78602,57117,61176,37893,48812,11759,21011,8190,7868,16639,15826,21115,22401,47433,48464,67723,68427,52660,56324,35874,46119,11244,20018,544141,394413,78510,47291,109451,91776,12874,41,44
2021-07-02T23:59:59+02:00,1198,1122,25574,24231,41754,35711,47960,44940,62575,61881,79427,78532,57100,61154,37886,48800,11755,21006,8012,7716,16271,15558,20672,22094,46465,47686,67226,68078,52577,56232,35859,46101,11243,20015,541753,391926,78509,47288,109446,89759,12857,41,44
2021-07-01T23:59:59+02:00,1143,1072,25196,23868,41373,35362,47565,44589,62323,61645,79236,78360,57037,61092,37855,48759,11748,20996,7621,7381,15457,14779,19505,21062,44928,46201,66013,67000,52273,55928,35762,45982,11219,19988,538602,386107,78407,46463,109437,85811,12732,41,44
2021-06-30T23:59:59+02:00,1070,1008,24773,23419,40943,34989,47156,44214,62096,61443,79066,78211,56959,61015,37828,48709,11740,20976,7248,7022,14512,13975,18073,19856,41719,43470,64316,65557,51809,55430,35614,45789,11192,19939,535163,374093,78375,45770,109435,83058,12601,41,43
2021-06-29T23:59:59+02:00,978,900,24270,22884,40429,34570,46724,43799,61834,61164,78853,78032,56882,60951,37800,48666,11734,20957,6970,6716,13848,13482,16912,18937,37398,39781,62965,64304,51322,54930,35482,45611,11161,19896,531092,358803,78366,45560,109435,82849,12493,41,43
2021-06-28T23:59:59+02:00,949,867,23931,22491,39970,34188,46302,43430,61597,60909,78664,77877,56811,60883,37771,48636,11731,20942,6660,6396,13188,12981,15900,18101,33750,36734,61842,63272,50968,54536,35388,45463,11137,19858,529338,350128,76677,40870,109435,82698,12458,41,43
2021-06-27T23:59:59+02:00,935,854,23838,22399,39897,34125,46244,43371,61566,60872,78630,77847,56796,60871,37765,48629,11730,20937,6570,6321,12955,12840,15476,17863,32917,36089,61586,63073,50878,54466,35370,45441,11135,19854,528726,347227,76673,40607,109429,82541,12437,41,43
2021-06-26T23:59:59+02:00,934,854,23832,22393,39890,34122,46243,43370,61565,60871,78630,77847,56796,60871,37765,48629,11730,20937,6567,6314,12949,12827,15468,17856,32913,36088,61579,63071,50876,54460,35370,45441,11135,19853,528699,347162,76673,40606,109429,82540,12437,41,43
2021-06-25T23:59:59+02:00,911,828,23717,22280,39804,34036,46160,43299,61521,60824,78582,77826,56785,60857,37762,48626,11729,20935,6469,6201,12839,12693,15330,17695,32195,35429,61191,62749,50798,54376,35362,45420,11132,19852,527906,344153,76673,40594,109426,82524,12436,41,43
2021-06-24T23:59:59+02:00,844,770,23327,21855,39453,33726,45808,42996,61317,60629,78422,77689,56731,60802,37740,48596,11725,20926,6130,5903,12275,12229,14624,17012,28898,32713,58909,60897,50214,53779,35228,45213,11114,19804,524948,330354,76624,40331,109424,81910,12319,41,43
2021-06-23T23:59:59+02:00,739,676,22686,21193,38876,33138,45156,42288,60951,60239,78174,77439,56628,60669,37695,48544,11715,20907,5975,5712,11906,11883,14118,16484,25533,29955,57268,59374,49690,53242,35110,45039,11093,19761,519372,320934,76570,37394,109422,81477,12308,41,43
2021-06-22T23:59:59+02:00,678,612,22261,20751,38473,32722,44722,41824,60679,59954,77971,77200,56532,60561,37658,48472,11702,20885,5784,5576,11583,11622,13695,16109,21198,26430,55194,57675,49092,52640,34933,44824,11073,19717,515581,306591,76443,37340,109417,81006,12175,41,43
2021-06-21T23:59:59+02:00,641,571,22010,20514,38223,32493,44478,41549,60492,59745,77840,77060,56479,60480,37634,48432,11693,20869,5654,5466,11275,11426,13358,15849,19650,25200,54276,56908,46867,50186,34334,44106,11050,19658,513549,301279,76239,37273,109402,74704,11972,41,43
2021-06-20T23:59:59+02:00,612,551,21720,20218,37927,32218,44194,41294,60340,59576,77703,76913,56430,60437,37614,48415,11690,20862,5598,5422,11143,11339,13205,15722,19256,24876,54009,56727,45211,48203,33767,43472,11030,19638,511156,300658,76160,36522,109391,69439,11966,41,41
2021-06-19T23:59:59+02:00,610,551,21715,20206,37911,32214,44191,41290,60334,59572,77701,76910,56427,60436,37614,48414,11690,20862,5592,5413,11139,11336,13196,15716,19249,24868,53995,56715,45202,48193,33766,43472,11030,19638,511095,300575,76155,36519,109391,69427,11966,41,41
2021-06-18T23:59:59+02:00,596,537,21618,20095,37844,32160,44117,41205,60279,59527,77657,76868,56404,60415,37609,48401,11689,20861,5497,5247,10843,10800,12824,15135,18708,23851,53143,55412,44998,48030,33738,43424,11024,19626,510341,299004,76149,36518,109386,64780,11965,41,41
2021-06-17T23:59:59+02:00,510,445,20901,19376,37087,31525,43322,40450,59872,59162,77362,76615,56291,60288,37561,48333,11676,20837,5304,5034,10459,10245,12301,14362,17778,22491,51570,53470,43846,46680,33420,43028,10977,19543,504354,291689,76057,36390,109380,60615,11781,41,41
2021-06-16T23:59:59+02:00,403,367,20100,18420,36095,30591,42309,39479,59332,58681,76974,76303,56150,60137,37504,48246,11666,20814,5114,4879,9952,9924,11566,13866,16230,21192,47698,49927,42092,44674,32956,42458,10914,19417,496990,275544,75515,36191,109365,59432,11660,41,40
2021-06-15T23:59:59+02:00,293,264,19285,17564,35172,29734,41381,38593,58893,58241,76641,75980,56008,59972,37449,48177,11651,20781,4910,4754,9428,9664,10862,13395,14721,20005,43437,45846,40542,42833,32476,41838,10847,19289,489780,258394,75399,36156,109358,58764,11501,41,39
2021-06-14T23:59:59+02:00,189,173,18165,16323,33919,28459,39917,37183,58305,57678,76247,75640,55881,59831,37404,48107,11642,20766,4783,4660,9083,9455,10384,13077,13549,18998,40804,43298,39468,41684,32183,41437,10815,19204,480023,247237,74961,36130,109354,58032,11451,40,39
2021-06-13T23:59:59+02:00,148,134,17660,15918,33437,28054,39425,36799,58091,57495,76100,75539,55854,59792,37382,48085,11639,20757,4697,4611,8938,9382,10221,13009,12944,18544,40334,42904,39231,41462,32122,41352,10809,19190,476940,246273,74659,34706,109347,57416,11323,40,39
2021-06-12T23:59:59+02:00,148,134,17656,15900,33425,28045,39418,36795,58086,57492,76096,75537,55853,59790,37381,48085,11639,20757,4690,4606,8927,9377,10209,13002,12932,18531,40151,42757,39208,41447,32118,41350,10809,19189,476873,245838,74655,34706,109347,57405,11322,40,39
2021-06-11T23:59:59+02:00,146,134,17572,15841,33280,27976,39244,36741,57966,57455,76026,75512,55841,59785,37379,48083,11639,20756,4607,4413,8766,8814,10015,12282,12696,17458,39662,41458,39053,41316,32100,41315,10807,19188,476539,245346,74243,34704,109241,52555,11313,40,39
2021-06-10T23:59:59+02:00,132,114,16726,15122,31860,27060,37999,35828,57285,56997,75618,75242,55751,59693,37340,48039,11628,20738,4352,4219,8209,8320,9334,11524,11962,16394,36816,38420,38252,40515,31934,41133,10791,19158,472651,238296,71268,34573,108960,48179,10253,40,39
2021-06-09T23:59:59+02:00,110,88,15946,14415,30580,26156,36779,34941,56710,56609,75277,75015,55670,59588,37313,47995,11615,20717,4170,4066,7849,8131,8870,11305,11345,16016,31742,33568,36758,38991,31689,40865,10770,19109,467993,224416,68823,34450,108918,46597,9750,40,38
2021-06-08T23:59:59+02:00,83,70,15024,13541,29200,25063,35410,33930,56094,56204,74982,74804,55597,59516,37291,47965,11611,20707,4090,4002,7694,8015,8717,11191,11053,15810,28929,30762,35805,38060,31529,40669,10746,19076,463412,216967,65375,34393,108879,45371,9386,40,38
2021-06-07T23:59:59+02:00,75,57,14390,12952,27828,24252,34255,33150,55619,55949,74740,74700,55561,59479,37275,47955,11611,20703,3998,3929,7500,7890,8416,11059,10686,15566,24607,26392,34345,36531,31307,40402,10718,19048,460286,205218,62345,34328,108848,43786,9032,40,37
2021-06-06T23:59:59+02:00,74,54,14068,12761,27044,23832,33605,32731,55311,55786,74586,74636,55542,59456,37261,47946,11609,20702,3931,3893,7349,7846,8261,10975,10367,15365,21796,23531,33348,35462,31168,40248,10711,19033,459151,202434,60295,29127,108824,43000,8694,40,36
2021-06-05T23:59:59+02:00,74,52,14039,12734,27002,23790,33577,32712,55306,55777,74581,74631,55538,59451,37256,47944,11609,20702,3908,3878,7313,7825,8214,10958,10306,15323,20369,21982,32555,34585,31098,40166,10707,19026,459033,197470,60190,29122,108819,42899,8693,40,36
2021-06-04T23:59:59+02:00,68,48,13809,12471,26692,23475,33240,32401,55246,55696,74542,74611,55529,59446,37255,47942,11609,20701,3877,3850,7235,7746,8157,10879,10226,15201,20262,21864,32482,34530,31066,40129,10704,19023,457134,197389,60128,29110,108786,42010,8693,40,36
2021-06-03T23:59:59+02:00,50,43,13242,11982,25655,22788,32104,31650,54755,55364,74227,74418,55458,59369,37221,47912,11603,20685,3749,3758,6962,7576,7876,10707,9899,14964,18382,20006,30510,32231,30793,39799,10681,18975,452802,188820,58628,29091,108773,40648,8283,40,33
2021-06-02T23:59:59+02:00,37,31,12552,11227,24658,21886,30963,30694,54491,55100,74036,74279,55407,59291,37205,47891,11595,20678,3714,3738,6905,7521,7819,10659,9815,14873,17863,19458,28581,30061,30694,39655,10674,18964,446487,183292,58450,29090,108772,40313,8273,39,33
2021-06-01T23:59:59+02:00,23,16,11422,10338,22522,20449,28426,28800,53080,54036,73033,73499,55106,58974,37084,47722,11561,20619,3485,3564,6407,7215,7216,10237,8962,14272,15922,17648,24811,25821,30015,38777,10598,18811,436989,169342,53977,28953,108735,38472,6970,39,31
2021-05-31T23:59:59+02:00,18,12,10557,9671,20686,19278,26376,27294,51972,53187,72330,72952,54891,58716,37011,47622,11547,20583,3344,3413,6074,6970,6815,9938,8422,13916,14860,16670,23622,24451,29628,38289,10538,18717,430199,163607,49606,28916,108718,36980,6141,39,30
2021-05-30T23:59:59+02:00,16,9,10205,9323,19963,18781,25669,26713,51632,52905,72098,72756,54815,58637,36986,47595,11539,20575,3161,3221,5724,6704,6526,9695,8205,13712,14600,16399,23329,24134,29518,38182,10523,18689,427614,162782,49198,28859,108685,35977,4681,39,30
2021-05-29T23:59:59+02:00,16,9,10189,9311,19945,18754,25651,26687,51620,52901,72093,72746,54813,58632,36985,47595,11538,20575,3159,3213,5721,6700,6521,9693,8197,13704,14590,16394,23318,24126,29514,38177,10522,18688,427457,162712,49198,28857,108685,35964,4681,39,30
2021-05-28T23:59:59+02:00,16,9,10124,9215,19807,18585,25389,26457,51461,52725,71947,72616,54776,58582,36972,47575,11535,20562,3112,3137,5629,6560,6419,9493,8084,13431,14397,16117,23166,23972,29461,38114,10515,18679,425807,162327,49161,28856,108667,34401,4680,38,29
2021-05-27T23:59:59+02:00,16,9,8860,8013,17399,16767,22606,24305,50369,51911,71281,72125,54579,58365,36881,47481,11522,20534,2813,2803,4785,5937,5526,8712,7291,12445,13271,14925,22179,22939,29077,37663,10460,18592,413874,158516,48206,28592,108532,29915,2373,38,29
2021-05-26T23:59:59+02:00,15,9,8458,7595,16521,15963,21416,23294,49764,51365,70867,71741,54428,58202,36815,47406,11511,20504,2626,2630,4417,5603,5049,8205,6814,11796,12301,13947,21282,21909,28766,37220,10414,18507,408278,154675,47474,28504,108460,26661,1625,37,28
2021-05-25T23:59:59+02:00,15,9,7883,6995,15277,15078,19966,22121,49285,50966,70621,71558,54360,58120,36794,47381,11507,20495,2549,2527,4227,5473,4803,7978,6539,11487,11744,13417,19136,19752,28397,36687,10379,18458,401513,149020,47233,28491,108416,24789,1232,37,28
2021-05-24T23:59:59+02:00,15,9,7797,6894,15054,14951,19680,21941,49184,50847,70578,71519,54359,58115,36793,47380,11505,20492,2505,2465,4143,5307,4708,7734,6415,11203,11603,13176,19022,19639,28346,36640,10372,18447,400374,148868,47154,28448,108331,23172,1217,37,27
2021-05-23T23:59:59+02:00,14,9,7781,6881,15018,14935,19626,21913,49175,50845,70574,71513,54358,58113,36793,47379,11505,20492,2503,2461,4136,5302,4698,7730,6411,11190,11582,13154,18880,19441,28315,36601,10370,18445,400191,148380,47154,28446,108331,23163,1211,37,26
2021-05-22T23:59:59+02:00,14,9,7778,6873,15008,14923,19615,21906,49175,50843,70571,71513,54358,58112,36793,47379,11505,20492,2501,2454,4129,5296,4696,7730,6408,11187,11573,13151,18867,19435,28314,36601,10370,18445,400136,148343,47154,28446,108331,23139,1209,37,26
2021-05-21T23:59:59+02:00,14,8,7704,6776,14878,14788,19410,21746,48934,50609,70429,71407,54331,58086,36786,47372,11500,20486,2430,2369,4043,5155,4593,7516,6285,10890,11404,12862,18801,19370,28298,36571,10367,18443,398565,148093,47151,28446,108306,21632,1206,36,26
2021-05-20T23:59:59+02:00,14,8,7430,6481,14294,14265,18471,20874,46250,48257,69277,70434,53979,57725,36678,47232,11469,20457,2168,2206,3681,4789,4150,6964,5731,10059,10316,11762,17526,18081,27793,35972,10294,18296,387584,142848,46989,28157,108001,17774,989,32,26
2021-05-19T23:59:59+02:00,13,7,7190,6257,13631,13782,17201,19874,42266,44768,67788,69130,53524,57204,36516,47008,11433,20405,2092,2007,3517,4448,3903,6440,5285,9374,9326,10648,16052,16431,27100,35058,10168,18087,372806,135691,46418,28014,107771,15251,970,32,16
2021-05-18T23:59:59+02:00,13,5,6991,6080,13086,13352,16103,19015,37545,40745,66337,67807,52969,56665,36369,46786,11391,20348,2045,1878,3379,4259,3717,6125,4952,8892,8461,9777,14471,14697,26392,34208,10078,17915,356700,129068,46356,27451,107614,13812,905,32,16
2021-05-17T23:59:59+02:00,13,5,6856,5985,12763,13103,15607,18623,35362,38877,65499,67025,52698,56351,36290,46678,11377,20311,1975,1816,3191,4078,3497,5897,4629,8521,7682,9077,11214,10682,25481,33059,9995,17746,352969,123855,42086,21366,107534,12507,802,32,16
2021-05-16T23:59:59+02:00,13,5,6793,5901,12638,12949,15434,18454,34873,38407,65314,66857,52642,56291,36280,46653,11372,20306,1917,1719,3088,3955,3417,5795,4523,8377,7501,8891,9022,8087,25000,32377,9961,17689,351498,122718,41582,16020,107498,11998,573,31,16
2021-05-15T23:59:59+02:00,13,5,6788,5892,12632,12943,15430,18450,34868,38404,65312,66855,52642,56290,36280,46653,11372,20306,1916,1718,3085,3949,3412,5792,4518,8374,7499,8888,9020,8085,24999,32377,9961,17689,351456,122687,41582,16020,107496,11995,570,31,16
2021-05-14T23:59:59+02:00,13,5,6591,5794,12389,12881,15198,18358,33894,37614,64775,66446,52546,56203,36263,46620,11370,20301,1800,1630,2974,3879,3355,5684,4468,8227,7453,8760,9013,8080,24998,32377,9961,17688,348087,122633,41550,16016,107035,11130,559,30,15
2021-05-13T23:59:59+02:00,13,5,6341,5607,11979,12627,14631,17908,30366,34826,62298,64368,51916,55529,36126,46401,11358,20253,1757,1592,2917,3802,3323,5592,4425,8123,7371,8641,8975,8022,24978,32336,9956,17684,334094,122386,41327,15992,106605,10610,496,30,15
2021-05-12T23:59:59+02:00,13,5,6324,5583,11906,12564,14522,17800,29731,34250,61792,63916,51744,55356,36090,46356,11351,20240,1757,1589,2916,3802,3318,5592,4423,8122,7369,8635,8968,8019,24978,32334,9956,17683,331103,122364,41315,15982,106600,10609,496,29,15
2021-05-11T23:59:59+02:00,12,5,5999,5448,11463,12286,13975,17417,25468,30761,59408,61910,51083,54675,35901,46110,11330,20177,1715,1473,2813,3540,3196,5216,4284,7678,7215,8309,8884,7936,24949,32294,9953,17672,316158,122123,41262,15793,105611,8831,371,26,14
2021-05-10T23:59:59+02:00,12,5,5872,5375,11299,12171,13756,17249,21999,28002,58161,60794,50721,54323,35809,45987,11315,20146,1677,1377,2728,3310,3094,4884,4173,7188,7093,7871,8843,7876,24937,32273,9951,17668,306243,121977,41101,15644,105319,7006,307,26,14
2021-05-09T23:59:59+02:00,12,5,5795,5343,11211,12107,13656,17168,20398,26820,57696,60409,50619,54225,35783,45946,11308,20141,1660,1355,2671,3185,3043,4743,4128,7068,7038,7776,8831,7863,24930,32267,9950,17668,305677,121925,37529,15599,105116,6349,294,26,14
2021-05-08T23:59:59+02:00,12,5,5792,5340,11199,12103,13646,17159,20390,26814,57687,60403,50616,54217,35779,45943,11306,20138,1659,1355,2671,3183,3043,4743,4125,7065,7037,7775,8830,7863,24929,32265,9950,17668,305586,121910,37528,15599,105115,6349,294,26,14
2021-05-07T23:59:59+02:00,12,5,5752,5305,11133,12054,13539,17081,19934,26456,56688,59594,50486,54086,35749,45913,11303,20124,1555,1311,2591,3138,3002,4715,4091,7041,7014,7743,8823,7855,24927,32264,9950,17667,302418,121877,37512,15592,104970,5920,289,25,14
2021-05-06T23:59:59+02:00,12,5,5497,5192,10618,11745,12832,16628,18635,25468,52426,55935,49290,52706,35418,45512,11251,20021,1330,1179,2354,2966,2832,4549,3939,6841,6862,7592,8748,7776,24906,32228,9947,17660,287271,121606,37326,15453,104413,4481,160,21,14
2021-05-05T23:59:59+02:00,12,5,5237,5093,10125,11510,12076,16176,17302,24487,48056,51792,47620,50785,34981,44943,11176,19901,1284,1084,2292,2839,2748,4369,3845,6602,6754,7393,8635,7683,24845,32154,9941,17644,270085,121129,37100,15408,104025,3520,46,21,14
2021-05-04T23:59:59+02:00,12,5,5154,5008,9808,11297,11623,15786,16327,23619,46183,49758,46552,49477,34609,44455,11110,19792,1272,1065,2263,2798,2707,4283,3793,6494,6682,7317,8592,7643,24825,32138,9940,17639,259711,120910,37076,15347,103744,3162,23,21,14
2021-05-03T23:59:59+02:00,12,5,5051,4921,9459,11129,11160,15523,15264,22754,44610,48137,45671,48522,34390,44117,11082,19703,1257,1039,2231,2767,2665,4219,3745,6440,6607,7263,8023,6954,23084,29811,9802,17402,250689,115099,37067,15265,103718,2921,15,21,14
2021-05-02T23:59:59+02:00,12,5,4989,4902,9345,11093,11015,15462,14652,22265,44090,47727,45530,48356,34343,44056,11076,19692,1253,1034,2214,2764,2652,4211,3717,6427,6587,7249,7834,6710,21114,27403,9755,17314,249480,115079,35435,10261,103664,2879,10,21,14
2021-05-01T23:59:59+02:00,12,5,4989,4900,9340,11089,11012,15459,14648,22261,44088,47723,45529,48356,34343,44056,11076,19692,1252,1034,2214,2764,2652,4211,3716,6427,6585,7249,7834,6709,21114,27403,9755,17314,249450,115075,35435,10261,103662,2878,10,21,14
2021-04-30T23:59:59+02:00,12,5,4942,4878,9273,11074,10957,15434,14573,22235,42603,46308,45194,48024,34306,44004,11071,19682,1043,939,2016,2674,2552,4150,3630,6367,6522,7190,7827,6692,21113,27401,9755,17314,245459,115066,35435,10258,103650,1844,10,21,12
2021-04-29T23:59:59+02:00,12,4,4699,4796,8803,10923,10351,15263,13888,22027,37669,41990,44183,46995,34185,43886,11067,19652,863,861,1843,2595,2465,4084,3522,6296,6448,7140,7805,6673,21108,27395,9755,17314,231720,115026,35332,10154,103310,970,10,21,12
2021-04-28T23:59:59+02:00,12,4,4523,4761,8553,10838,9999,15173,13531,21873,33029,37487,42937,45741,34059,43738,11053,19634,821,831,1805,2549,2432,4008,3486,6187,6398,7049,7785,6654,21096,27382,9750,17307,218503,114941,35314,10106,103100,478,9,19,11
2021-04-27T23:59:59+02:00,11,3,4292,4546,8207,10390,9614,14591,13063,21224,31898,36360,42658,45459,34043,43710,11049,19631,793,817,1771,2525,2414,3990,3468,6168,6363,7022,7774,6646,21091,27377,9747,17301,215777,114883,35304,10075,99640,294,9,19,11
2021-04-26T23:59:59+02:00,11,3,4270,4518,8132,10353,9506,14535,12914,21165,27489,31972,41442,44236,33963,43610,11036,19621,760,806,1741,2506,2385,3969,3444,6147,6311,6976,7727,6597,21061,27346,9747,17294,203896,114681,35295,10031,99558,90,9,18,11
2021-04-25T23:59:59+02:00,11,3,4247,4505,8100,10326,9443,14503,12821,21119,25520,29928,40740,43475,33917,43552,11032,19616,748,798,1729,2492,2367,3954,3418,6125,6279,6947,7705,6577,21044,27325,9746,17290,203228,114655,30181,9789,99423,86,8,18,11
2021-04-24T23:59:59+02:00,11,3,4228,4494,8070,10297,9402,14487,12770,21097,24017,28263,39982,42636,33852,43476,11029,19610,747,797,1726,2490,2366,3951,3418,6121,6279,6944,7703,6575,21043,27325,9746,17290,198163,114635,30181,9788,99354,84,8,18,11
2021-04-23T23:59:59+02:00,10,3,3963,4342,7599,10000,8972,14131,12208,20694,23537,27963,39896,42575,33831,43442,11023,19603,733,787,1709,2477,2346,3935,3395,6099,6257,6925,7689,6557,21038,27314,9746,17289,197816,114620,30166,9590,95786,72,8,16,11
2021-04-22T23:59:59+02:00,10,3,3870,4285,7408,9883,8694,13937,11764,20367,21211,25605,37143,39330,33304,42773,10952,19482,720,778,1681,2447,2288,3878,3323,6027,6148,6829,7610,6471,20985,27270,9743,17274,184794,114499,29977,8890,95226,70,8,16,10
2021-04-21T23:59:59+02:00,10,3,3842,4253,7281,9805,8512,13766,11430,20078,19947,24402,33932,35616,32820,42070,10890,19356,696,760,1647,2419,2244,3853,3290,5994,6106,6789,7582,6444,20967,27246,9740,17270,173038,114391,29803,8577,95148,66,8,16,10
2021-04-20T23:59:59+02:00,10,3,3808,4226,7176,9736,8298,13609,11063,19780,18852,23253,30621,31964,32347,41471,10831,19247,688,750,1632,2407,2211,3831,3247,5949,6065,6746,7542,6398,20942,27222,9734,17267,161402,114233,29781,8321,95088,64,8,16,10
2021-04-19T23:59:59+02:00,10,3,3789,4209,7102,9698,8180,13499,10807,19594,18187,22589,29748,30834,32055,41105,10789,19172,680,745,1610,2393,2187,3801,3212,5916,6031,6715,7497,6365,20911,27194,9732,17263,156560,114100,29764,8077,95022,62,8,16,10
2021-04-18T23:59:59+02:00,10,3,3786,4203,7086,9684,8165,13481,10772,19569,18099,22507,29626,30709,32027,41083,10786,19164,678,741,1595,2381,2170,3786,3187,5890,6002,6692,7475,6352,20892,27172,9729,17260,156068,114041,29697,7887,94972,61,8,15,10
2021-04-17T23:59:59+02:00,10,3,3785,4201,7084,9682,8162,13481,10766,19562,18086,22496,29604,30696,32025,41081,10786,19164,677,741,1594,2380,2168,3785,3184,5889,6000,6690,7475,6352,20892,27172,9729,17260,155989,114028,29696,7887,94966,60,8,15,10
2021-04-16T23:59:59+02:00,10,3,3618,4163,6739,9553,7794,13294,10368,19316,17634,22221,29403,30537,31943,40992,10771,19145,665,723,1582,2365,2141,3770,3130,5852,5957,6640,7382,6263,20480,26607,9699,17199,155239,112704,29688,7681,92554,57,8,15,10
2021-04-15T23:59:59+02:00,10,3,3517,4084,6387,9181,7217,12793,9592,18480,16308,20990,28206,29243,31423,40350,10691,18970,635,700,1530,2327,2059,3683,3021,5732,5629,6402,6885,5877,19747,25694,9603,17031,149493,109350,29395,7140,88534,52,8,15,10
2021-04-14T23:59:59+02:00,9,3,3462,4034,6151,8943,6886,12416,8970,17929,15190,19957,26796,27736,30792,39474,10583,18775,601,674,1484,2289,1984,3605,2878,5609,5319,6166,6342,5366,18733,24408,9518,16858,142687,105092,29196,6683,86201,46,8,14,10
2021-04-13T23:59:59+02:00,9,3,3430,4002,6059,8866,6737,12287,8667,17682,14388,19265,23443,24177,29859,38293,10479,18603,596,665,1471,2267,1956,3571,2782,5538,5103,5983,5981,5027,18434,24064,9479,16792,131050,102999,29185,6653,85992,45,8,14,9
2021-04-12T23:59:59+02:00,9,3,3408,3981,6009,8809,6649,12203,8449,17487,13771,18736,22441,23025,29435,37735,10410,18481,586,657,1461,2259,1933,3550,2726,5487,4955,5878,5664,4746,18141,23762,9441,16732,125970,101414,29166,6507,85883,45,8,14,9
2021-04-11T23:59:59+02:00,9,3,3402,3975,5991,8785,6621,12186,8409,17464,13682,18675,22311,22876,29384,37670,10401,18456,583,652,1448,2249,1920,3542,2709,5471,4917,5841,5604,4688,17968,23528,9420,16703,125428,100751,29099,6435,85751,45,8,14,9
2021-04-10T23:59:59+02:00,9,3,3394,3974,5968,8784,6599,12185,8388,17463,13657,18673,22306,22873,29380,37669,10401,18456,582,650,1442,2242,1915,3539,2703,5463,4901,5831,5592,4671,17805,23275,9406,16679,125406,100238,29008,6402,85747,45,7,14,9
2021-04-09T23:59:59+02:00,8,3,3356,3962,5920,8772,6540,12169,8349,17436,13606,18627,20352,20464,28899,37054,10371,18407,569,637,1416,2220,1888,3516,2661,5427,4830,5769,5477,4567,17228,22542,9368,16608,124714,98471,23896,6204,85666,37,7,12,9
2021-04-08T23:59:59+02:00,8,3,3332,3943,5850,8740,6465,12130,8259,17372,13462,18508,17760,17400,28375,36390,10334,18357,527,607,1327,2138,1794,3419,2481,5241,4334,5404,4673,3959,15450,20314,9182,16307,123846,91488,18035,5633,84789,26,6,12,9
2021-04-07T23:59:59+02:00,6,3,3254,3915,5640,8690,6258,12070,8050,17297,13201,18413,15095,14333,27698,35592,10304,18304,504,579,1274,2083,1700,3339,2329,5100,3921,5072,3957,3394,14596,19451,9070,16126,123640,87177,16500,5286,77966,23,5,12,9
2021-04-06T23:59:59+02:00,5,3,3226,3905,5594,8672,6188,12047,7963,17260,13127,18342,13108,11970,27066,34878,10291,18274,473,556,1205,2028,1615,3258,2167,4981,3548,4794,3431,2984,13755,18452,8996,16010,123511,83541,16298,4686,72093,19,5,12,7
2021-04-05T23:59:59+02:00,5,3,3224,3902,5558,8658,6151,12035,7918,17244,13055,18306,13062,11924,27055,34862,10290,18271,441,526,1153,1991,1563,3217,2099,4927,3460,4718,3374,2932,13612,18282,8987,15992,123487,83050,16090,4199,71930,19,4,12,7
2021-04-04T23:59:59+02:00,5,3,3223,3900,5558,8656,6149,12034,7917,17241,13055,18306,13059,11924,27054,34862,10290,18271,440,525,1152,1991,1563,3217,2098,4927,3460,4718,3374,2932,13611,18282,8987,15992,123476,83045,16090,4199,71925,19,4,12,7
2021-04-03T23:59:59+02:00,5,3,3222,3900,5558,8655,6149,12034,7917,17241,13055,18306,13059,11923,27053,34859,10290,18271,440,523,1152,1991,1562,3217,2098,4926,3454,4715,3368,2921,13524,18146,8978,15976,123471,82767,16090,4199,71923,19,4,12,7
2021-04-02T23:59:59+02:00,5,3,3222,3897,5555,8650,6145,12025,7908,17229,13030,18275,13012,11871,27025,34841,10287,18267,437,516,1150,1987,1550,3208,2088,4904,3424,4682,3337,2892,12595,16901,8913,15868,123305,80311,16087,4118,71839,19,4,12,5
2021-04-01T23:59:59+02:00,5,3,3207,3883,5516,8630,6078,11992,7837,17194,12918,18204,12897,11745,26967,34765,10278,18252,390,472,1053,1920,1451,3120,1938,4791,3223,4549,3106,2693,10571,14313,8803,15693,122991,74735,15964,3329,71401,19,3,12,5
2021-03-31T23:59:59+02:00,5,3,3206,3870,5499,8596,6045,11956,7795,17149,12838,18135,12783,11620,26916,34705,10270,18243,352,450,1017,1878,1380,3080,1834,4688,2967,4355,2694,2377,8003,11084,8628,15455,122683,67231,15925,2989,71012,18,3,11,5
2021-03-30T23:59:59+02:00,5,3,3198,3859,5474,8568,6013,11925,7756,17109,12761,18069,12697,11482,26879,34658,10265,18233,331,431,994,1846,1320,3045,1710,4608,2721,4183,2326,2129,7121,9999,8562,15328,122553,63921,15893,2713,70495,17,2,11,5
2021-03-29T23:59:59+02:00,5,3,3186,3854,5445,8549,5978,11892,7712,17076,12687,17991,12053,10724,25013,32163,10117,17977,325,429,987,1831,1299,3020,1675,4568,2575,4097,2040,1980,6471,9289,8518,15250,116560,61626,15723,2710,70129,15,2,11,5
2021-03-28T23:59:59+02:00,5,3,3156,3838,5398,8511,5929,11850,7631,17021,12577,17922,11789,10421,23027,29698,10062,17878,324,427,984,1830,1291,3016,1671,4566,2563,4089,2015,1960,6449,9275,8516,15245,116502,61497,10538,2708,69663,15,2,11,3
2021-03-27T23:59:59+01:00,5,3,3144,3834,5359,8500,5893,11835,7584,17006,12531,17875,11755,10378,23023,29690,10062,17878,324,427,984,1830,1291,3016,1670,4564,2561,4087,2013,1958,6400,9200,8483,15196,116434,61280,10537,2708,69371,15,2,11,3
2021-03-26T23:59:59+01:00,5,3,3008,3509,4909,7342,5398,10515,6971,14959,11722,15599,11535,10197,22540,28964,10017,17807,323,423,980,1827,1285,3012,1667,4562,2556,4080,2005,1952,6270,9012,8340,15011,114889,60603,10283,2696,59815,5,2,11,3
2021-03-25T23:59:59+01:00,5,3,2882,3241,4749,6575,5172,9364,6647,13238,10997,13796,10678,9392,21824,28124,9944,17652,318,414,974,1817,1270,2993,1647,4527,2519,4031,1939,1893,5980,8584,8067,14564,111986,58840,9596,2692,52688,4,2,11,3
2021-03-24T23:59:59+01:00,5,3,2834,3197,4673,6514,5038,9258,6441,13067,10486,13391,9846,8571,20814,26869,9848,17471,316,409,966,1811,1253,2982,1632,4503,2472,3974,1870,1817,5617,8112,7656,13898,107984,56607,9249,2678,51083,4,0,10,3
2021-03-23T23:59:59+01:00,5,3,2805,3164,4605,6448,4927,9164,6230,12906,10030,12969,9135,7904,20303,26266,9796,17366,304,396,948,1802,1238,2962,1604,4481,2417,3925,1790,1752,5340,7734,7268,13283,105610,54565,8917,2677,49490,3,0,9,3
2021-03-22T23:59:59+01:00,5,3,2788,3126,4545,6410,4851,9096,6091,12769,9669,12695,8531,7338,19885,25829,9736,17272,302,392,936,1796,1223,2947,1591,4467,2390,3899,1764,1731,5203,7559,6826,12471,104134,52822,8658,2672,47838,3,0,9,2
2021-03-21T23:59:59+01:00,5,3,2781,3111,4500,6388,4800,9059,5999,12701,9481,12507,8225,7080,19717,25662,9724,17247,302,392,935,1796,1221,2947,1590,4466,2387,3899,1757,1725,5194,7554,6796,12414,103934,52717,8428,2655,46619,3,0,9,2
2021-03-20T23:59:59+01:00,5,3,2781,3106,4492,6383,4793,9056,5995,12693,9461,12493,8192,7049,19543,25385,9708,17221,302,392,935,1795,1220,2947,1589,4465,2383,3891,1745,1712,5181,7505,6620,12178,103377,52226,8416,2631,46557,3,0,9,2
2021-03-19T23:59:59+01:00,5,3,2746,3083,4418,6339,4684,9006,5855,12636,9195,12305,7887,6824,19059,24793,9676,17162,302,392,934,1794,1220,2944,1586,4464,2377,3886,1729,1703,5145,7462,6218,11562,102075,51104,8174,2611,45418,3,0,9,2
2021-03-18T23:59:59+01:00,5,3,2680,3010,4255,6203,4435,8800,5497,12327,8289,11635,6623,5810,17809,23434,9528,16937,299,388,929,1784,1206,2931,1547,4448,2310,3839,1651,1661,5073,7355,5488,10454,97186,48793,7631,2569,42454,2,0,9,1
2021-03-17T23:59:59+01:00,5,3,2642,2971,4175,6105,4298,8692,5242,12052,7613,11066,5637,4914,16463,21902,9363,16683,295,387,925,1775,1202,2923,1530,4426,2243,3813,1585,1616,5028,7291,4916,9576,91780,47016,7128,2514,40909,2,0,9,1
2021-03-16T23:59:59+01:00,5,3,2622,2942,4112,6038,4206,8595,5066,11896,7163,10677,4875,4295,15612,20925,9261,16515,291,385,922,1770,1199,2916,1522,4416,2221,3794,1555,1599,4991,7248,4414,8771,88151,45578,7092,2435,39557,2,0,8,1
2021-03-15T23:59:59+01:00,5,3,2619,2931,4096,6020,4175,8569,5016,11849,7046,10563,4729,4135,15294,20515,9232,16456,289,381,921,1764,1192,2909,1508,4407,2199,3771,1514,1582,4931,7174,3837,7911,87385,43994,6996,2296,38864,1,0,8,1
2021-03-14T23:59:59+01:00,5,2,2614,2922,4075,6001,4145,8550,4974,11816,6952,10474,4625,4024,15163,20345,9216,16420,287,380,921,1762,1186,2902,1503,4396,2188,3764,1504,1575,4923,7166,3832,7898,87080,43933,6978,2254,38258,1,0,7,1
2021-03-13T23:59:59+01:00,5,2,2610,2914,4070,5989,4137,8544,4966,11807,6932,10460,4603,3998,14847,19908,9196,16384,287,380,921,1762,1186,2902,1503,4396,2188,3764,1504,1575,4923,7165,3832,7898,86196,43932,6955,2254,38214,1,0,7,1
2021-03-12T23:59:59+01:00,5,2,2547,2838,3959,5819,4018,8322,4828,11507,6754,10190,4450,3860,13925,18652,9135,16282,287,379,919,1759,1186,2899,1501,4391,2187,3757,1496,1573,4915,7146,3830,7883,83733,43855,6893,2253,36462,1,0,5,1
2021-03-11T23:59:59+01:00,4,2,2422,2612,3734,5489,3762,7884,4503,10742,6126,9376,3930,3357,12326,16662,9037,16135,287,378,915,1755,1183,2885,1492,4379,2175,3730,1454,1544,4874,7111,3818,7856,79415,43706,6731,2130,31952,1,0,5,1
2021-03-10T23:59:59+01:00,4,2,2299,2479,3582,5256,3568,7561,4236,10254,5570,8807,3359,2913,10058,13946,8892,15908,284,374,911,1746,1176,2874,1487,4363,2153,3714,1425,1536,4844,7096,3809,7848,73117,43640,6560,2001,29012,0,0,5,1
2021-03-09T23:59:59+01:00,4,2,2272,2426,3516,5170,3454,7472,4065,10059,5178,8456,2880,2556,8549,11931,8790,15759,283,373,911,1740,1169,2865,1483,4355,2145,3703,1411,1531,4836,7091,3806,7846,68260,43599,6410,1950,27864,0,0,5,1
2021-03-08T23:59:59+01:00,4,2,2248,2355,3458,5103,3380,7387,3941,9947,4886,8266,2433,2295,6630,9532,8671,15585,283,369,910,1730,1163,2849,1477,4344,2141,3696,1400,1524,4819,7070,3799,7837,62579,43488,6075,1924,27464,0,0,5,1
2021-03-07T23:59:59+01:00,4,2,2185,2299,3361,4995,3284,7298,3844,9860,4751,8171,2382,2244,6608,9511,8671,15577,283,368,909,1730,1163,2849,1476,4344,2141,3696,1400,1524,4819,7070,3799,7837,62451,43486,5394,1924,27197,0,0,5,0
2021-03-06T23:59:59+01:00,4,2,2177,2286,3349,4986,3280,7293,3835,9851,4740,8168,2380,2242,6562,9441,8639,15528,283,368,908,1726,1162,2848,1476,4341,2137,3691,1399,1519,4813,7065,3797,7828,62242,43439,5334,1924,27182,0,0,5,0
2021-03-05T23:59:59+01:00,4,2,2046,2201,3125,4797,3041,6982,3558,9455,4411,7831,2293,2181,6355,9123,8448,15267,283,366,906,1723,1162,2847,1475,4335,2134,3685,1393,1517,4807,7058,3796,7822,61264,43387,4495,1924,25356,0,0,5,0
2021-03-04T23:59:59+01:00,4,2,1792,1981,2715,4363,2583,6342,2992,8551,3726,7017,2078,2021,6064,8757,8174,14813,280,365,905,1715,1160,2830,1474,4319,2125,3673,1382,1515,4795,7044,3789,7811,59626,43263,3222,1921,21122,0,0,5,0
2021-03-03T23:59:59+01:00,4,2,1720,1893,2608,4179,2450,6115,2853,8265,3540,6753,1996,1944,5726,8284,7821,14234,279,361,905,1705,1158,2807,1470,4295,2120,3658,1358,1504,4790,7038,3785,7804,57625,43118,3079,1921,19678,0,0,5,0
2021-03-02T23:59:59+01:00,4,2,1684,1812,2540,4061,2369,5965,2748,8084,3425,6601,1924,1877,5418,7847,7422,13566,277,356,902,1686,1155,2786,1467,4276,2119,3647,1333,1498,4780,7022,3779,7797,55542,42961,2837,1921,18965,0,0,5,0
2021-03-01T23:59:59+01:00,2,2,1674,1785,2501,3953,2321,5850,2711,7982,3372,6523,1884,1857,5279,7682,6951,12702,277,354,898,1680,1153,2774,1465,4263,2117,3632,1328,1493,4777,7020,3778,7791,53685,42881,2825,1921,18516,0,0,5,0
2021-02-28T23:59:59+01:00,2,2,1657,1748,2466,3882,2291,5795,2668,7902,3345,6475,1878,1853,5271,7677,6916,12643,277,354,897,1680,1153,2774,1465,4262,2117,3631,1328,1493,4777,7019,3778,7791,53563,42878,2823,1920,18080,0,0,5,0
2021-02-27T23:59:59+01:00,2,2,1655,1742,2462,3874,2287,5795,2667,7901,3343,6472,1872,1843,5262,7633,6746,12424,277,354,887,1675,1143,2767,1455,4253,2100,3622,1327,1490,4777,7018,3778,7791,53101,42874,2823,1842,18053,0,0,5,0
2021-02-26T23:59:59+01:00,2,1,1465,1586,2337,3631,2209,5389,2575,7395,3256,6014,1857,1818,5237,7600,6487,12035,276,352,880,1668,1135,2747,1449,4232,2090,3609,1320,1481,4769,7006,3774,7779,52358,42796,2802,1773,15729,0,0,5,0
2021-02-25T23:59:59+01:00,2,1,1248,1309,2117,3196,2035,4632,2378,6449,3015,5114,1768,1746,5186,7521,5918,11195,274,344,874,1608,1101,2652,1416,4121,2034,3534,1283,1461,4729,6965,3756,7727,50490,42334,2788,1547,11548,0,0,4,0
2021-02-24T23:59:59+01:00,2,1,1195,1099,2010,2927,1930,4293,2246,6042,2844,4845,1693,1691,5128,7430,5163,10018,272,338,836,1561,1051,2561,1355,4005,1945,3405,1243,1434,4714,6939,3746,7710,48162,42077,2776,1040,9615,0,0,4,0
2021-02-23T23:59:59+01:00,2,1,1180,1049,1976,2863,1904,4195,2220,5957,2811,4784,1685,1676,5093,7381,4533,8996,272,337,809,1533,1003,2509,1302,3927,1838,3330,1191,1409,4691,6914,3735,7676,46391,41879,2750,599,9161,0,0,4,0
2021-02-22T23:59:59+01:00,2,1,1172,1007,1925,2720,1860,4049,2165,5761,2757,4678,1673,1665,5059,7333,3930,8112,270,327,766,1494,949,2426,1214,3820,1698,3235,1102,1352,4650,6844,3709,7573,44784,41422,2730,9,8352,0,0,3,0
2021-02-21T23:59:59+01:00,2,1,1170,993,1894,2658,1834,3952,2138,5657,2737,4615,1665,1659,5056,7324,3930,8108,268,325,761,1488,941,2394,1212,3784,1685,3195,1093,1337,4634,6819,3687,7532,44731,41148,2719,9,7940,0,0,3,0
2021-02-20T23:59:59+01:00,2,1,1170,993,1894,2657,1833,3952,2138,5657,2735,4610,1656,1650,5052,7318,3928,8105,268,325,761,1487,940,2390,1211,3780,1684,3193,1093,1337,4581,6758,3641,7473,44716,40916,2694,8,7938,0,0,3,0
2021-02-19T23:59:59+01:00,2,1,1170,990,1891,2652,1832,3943,2137,5648,2732,4607,1637,1642,5039,7301,3925,8099,267,324,757,1478,932,2366,1204,3738,1657,3140,1066,1299,4391,6505,3464,7182,44636,39764,2675,8,7934,0,0,3,0
2021-02-18T23:59:59+01:00,2,1,1138,907,1852,2533,1793,3805,2084,5442,2671,4433,1621,1626,5023,7267,3920,8073,239,295,712,1354,883,2161,1118,3401,1540,2845,957,1112,3908,5733,3072,6333,44482,35657,2642,8,7064,0,0,3,0
2021-02-17T23:59:59+01:00,2,1,1089,778,1771,2300,1716,3506,1975,5082,2596,4184,1597,1617,5002,7253,3912,8069,234,292,702,1336,874,2139,1106,3366,1521,2824,951,1109,3528,5210,2780,5912,44440,33878,2586,8,5421,0,0,3,0
2021-02-16T23:59:59+01:00,2,1,1048,742,1713,2196,1648,3335,1904,4875,2518,4078,1562,1603,4975,7232,3903,8057,228,286,688,1302,853,2085,1075,3249,1482,2739,928,1086,3176,4663,2441,5423,44388,31701,2424,5,4577,0,0,3,0
2021-02-15T23:59:59+01:00,2,1,1041,723,1694,2120,1629,3235,1885,4766,2504,4000,1534,1589,4946,7215,3871,8001,216,276,673,1267,834,2035,1055,3183,1440,2674,897,1055,2757,4112,2115,4861,44259,29448,2341,4,4153,0,0,3,0
2021-02-14T23:59:59+01:00,2,1,945,689,1616,2086,1567,3216,1841,4744,2469,3987,1527,1586,4937,7203,3868,7996,209,264,664,1249,815,1995,1039,3117,1410,2606,867,1010,2668,3972,2043,4678,44217,28605,2305,3,3757,0,0,1,0
2021-02-13T23:59:59+01:00,2,1,892,665,1586,2063,1552,3208,1825,4737,2461,3986,1526,1585,4937,7203,3867,7995,207,263,662,1249,815,1991,1039,3115,1409,2604,866,1010,2566,3846,1979,4578,44211,28198,2305,3,3574,0,0,1,0
2021-02-12T23:59:59+01:00,2,1,558,517,1236,1946,1380,3105,1685,4655,2354,3916,1507,1576,4928,7192,3861,7989,195,257,649,1223,801,1947,1013,3030,1353,2505,804,936,2343,3535,1837,4276,44098,26704,2305,2,2004,0,0,1,0
2021-02-11T23:59:59+01:00,2,1,392,440,1046,1833,1278,2986,1586,4541,2266,3827,1400,1532,4866,7143,3840,7942,157,193,549,979,665,1501,813,2359,1074,1915,567,687,1744,2662,1356,3089,43746,20311,2107,1,1067,0,0,1,0
2021-02-10T23:59:59+01:00,2,1,279,368,920,1728,1178,2863,1491,4356,2153,3704,1363,1519,4847,7132,3835,7940,135,131,378,618,492,1012,643,1747,906,1581,546,672,1337,2101,1041,2593,43670,15935,2003,0,5,0,0,1,0
2021-02-09T23:59:59+01:00,2,1,279,367,919,1722,1175,2854,1491,4350,2152,3699,1356,1516,4845,7130,3834,7938,132,129,369,588,473,985,622,1718,881,1550,544,669,957,1636,764,2189,43645,14208,1980,0,4,0,0,1,0
2021-02-08T23:59:59+01:00,2,1,279,365,918,1720,1172,2844,1484,4345,2150,3695,1351,1512,4843,7130,3833,7935,127,123,358,577,465,968,611,1685,863,1524,536,664,566,1149,461,1764,43617,12443,1957,0,4,0,0,1,0
2021-02-07T23:59:59+01:00,2,1,279,365,916,1720,1171,2844,1482,4343,2150,3695,1351,1512,4843,7129,3832,7935,123,120,354,571,464,961,608,1673,853,1508,528,660,565,1139,456,1749,43613,12334,1956,0,0,0,0,1,0
2021-02-06T23:59:59+01:00,2,1,279,365,916,1720,1171,2844,1482,4343,2150,3695,1351,1512,4843,7129,3832,7935,120,117,352,567,463,960,608,1671,853,1507,527,659,565,1139,456,1749,43613,12315,1956,0,0,0,0,1,0
2021-02-05T23:59:59+01:00,2,1,279,364,915,1720,1171,2843,1480,4342,2149,3695,1351,1512,4842,7127,3832,7932,119,109,349,563,455,947,604,1661,839,1484,522,649,559,1123,446,1727,43600,12158,1956,0,0,0,0,1,0
2021-02-04T23:59:59+01:00,2,1,276,359,908,1682,1164,2797,1479,4290,2136,3652,1343,1505,4814,7096,3821,7902,89,72,232,390,331,688,475,1271,628,1114,392,516,469,915,389,1485,43271,9457,1955,0,0,0,0,1,0
2021-02-03T23:59:59+01:00,2,1,274,350,903,1657,1160,2762,1468,4240,2127,3616,1335,1489,4792,7067,3809,7876,55,34,80,166,152,342,232,597,303,543,211,279,273,576,227,944,42972,5015,1955,0,0,0,0,1,0
2021-02-02T23:59:59+01:00,2,1,273,348,902,1645,1156,2743,1465,4208,2120,3590,1327,1483,4785,7054,3802,7854,16,10,25,49,60,97,73,164,97,122,45,75,67,127,51,193,42802,1272,1955,0,0,0,0,1,0
2021-02-01T23:59:59+01:00,2,1,273,343,902,1643,1155,2742,1464,4204,2119,3584,1326,1482,4783,7053,3802,7854,14,9,21,43,51,88,60,136,74,103,39,66,57,117,50,180,42776,1109,1955,0,0,0,0,1,0
2021-01-31T23:59:59+01:00,2,1,273,342,902,1639,1154,2738,1464,4199,2119,3581,1325,1482,4783,7052,3802,7854,13,8,20,38,44,80,54,125,64,97,34,55,47,108,47,174,42756,1009,1955,0,0,0,0,1,0
2021-01-30T23:59:59+01:00,2,1,273,342,897,1636,1146,2730,1456,4193,2115,3578,1325,1482,4730,6992,3756,7795,13,8,20,37,44,80,53,124,64,97,34,55,47,108,47,174,42527,1006,1921,0,0,0,0,1,0
2021-01-29T23:59:59+01:00,2,1,272,341,882,1628,1134,2709,1444,4163,2092,3551,1316,1476,4567,6789,3592,7591,11,8,20,37,41,80,52,122,61,96,32,50,46,108,47,174,41740,986,1809,0,0,0,0,1,0
2021-01-28T23:59:59+01:00,2,1,268,328,863,1541,1094,2599,1407,4063,2022,3476,1289,1464,4233,6319,3329,7238,7,4,9,17,22,39,21,56,36,63,20,32,31,70,37,117,39971,582,1564,0,0,0,0,1,0
2021-01-27T23:59:59+01:00,2,1,262,325,821,1486,1047,2505,1343,3965,1948,3369,1250,1437,3822,5753,3012,6779,3,4,9,8,12,21,8,22,14,29,11,14,15,39,15,56,38015,281,1111,0,0,0,0,1,0
2021-01-26T23:59:59+01:00,2,1,256,316,787,1440,982,2420,1282,3838,1831,3262,1192,1386,3478,5198,2664,6269,1,1,5,3,5,7,4,2,3,8,6,5,3,7,3,8,35940,72,663,0,0,0,0,1,0
2021-01-25T23:59:59+01:00,2,1,246,307,735,1379,921,2301,1181,3693,1671,3143,1113,1356,3085,4686,2355,5803,1,1,5,2,3,7,2,2,3,8,6,5,3,7,3,8,33917,67,61,0,0,0,0,0,0
2021-01-24T23:59:59+01:00,2,1,243,307,729,1375,910,2285,1176,3677,1643,3113,1107,1354,3059,4650,2338,5781,1,1,3,2,3,7,2,2,3,8,6,5,3,7,3,8,33743,65,7,0,0,0,0,0,0
2021-01-23T23:59:59+01:00,2,1,242,306,728,1375,910,2281,1175,3675,1640,3111,1106,1354,2954,4523,2272,5680,1,1,3,2,2,7,2,2,3,8,6,5,3,7,3,8,33329,64,6,0,0,0,0,0,0
2021-01-22T23:59:59+01:00,2,1,241,303,726,1359,908,2268,1169,3661,1636,3107,1104,1353,2795,4329,2170,5538,1,1,3,2,2,7,2,2,3,8,6,5,3,7,3,8,32664,64,6,0,0,0,0,0,0
2021-01-21T23:59:59+01:00,2,1,237,274,663,1203,840,2056,1088,3375,1539,2901,1061,1311,2452,3863,1881,5103,1,0,3,1,2,7,2,2,3,8,6,4,3,7,3,8,29844,61,6,0,0,0,0,0,0
2021-01-20T23:59:59+01:00,2,1,213,210,502,851,664,1566,888,2674,1302,2433,966,1177,1921,3117,1472,4339,1,0,3,1,2,7,2,2,3,6,5,4,3,7,3,8,24292,58,6,0,0,0,0,0,0
2021-01-19T23:59:59+01:00,2,1,186,191,455,744,610,1410,801,2374,1128,2126,799,920,1278,2192,1015,3275,0,0,2,1,0,0,0,0,2,1,1,0,0,0,0,0,19504,7,3,0,0,0,0,0,0
2021-01-18T23:59:59+01:00,1,1,138,136,378,619,487,1056,647,1829,937,1636,592,711,636,1272,513,1969,0,0,1,0,0,0,0,0,1,0,0,0,0,0,0,0,13556,2,2,0,0,0,0,0,0
2021-01-17T23:59:59+01:00,1,1,127,122,364,582,472,991,618,1712,878,1537,543,671,589,1175,471,1826,0,0,0,0,0,0,0,0,0,0,0,0,0,0,0,0,12680,0,0,0,0,0,0,0,0
2021-01-16T23:59:59+01:00,1,1,120,118,361,578,470,980,612,1699,872,1530,542,670,588,1170,467,1814,0,0,0,0,0,0,0,0,0,0,0,0,0,0,0,0,12593,0,0,0,0,0,0,0,0
2021-01-15T23:59:59+01:00,1,1,118,111,358,573,462,964,608,1688,857,1506,536,658,581,1154,459,1792,0,0,0,0,0,0,0,0,0,0,0,0,0,0,0,0,12427,0,0,0,0,0,0,0,0
2021-01-14T23:59:59+01:00,1,1,97,89,275,464,391,785,505,1417,700,1215,418,529,501,960,403,1607,0,0,0,0,0,0,0,0,0,0,0,0,0,0,0,0,10358,0,0,0,0,0,0,0,0
2021-01-13T23:59:59+01:00,1,1,67,49,163,282,255,520,353,924,478,781,258,324,311,635,258,1030,0,0,0,0,0,0,0,0,0,0,0,0,0,0,0,0,6690,0,0,0,0,0,0,0,0
2021-01-12T23:59:59+01:00,1,1,31,21,49,101,113,212,151,383,200,334,135,175,162,352,146,566,0,0,0,0,0,0,0,0,0,0,0,0,0,0,0,0,3133,0,0,0,0,0,0,0,0
2021-01-11T23:59:59+01:00,1,0,18,11,33,64,60,110,77,168,92,125,39,65,60,122,50,181,0,0,0,0,0,0,0,0,0,0,0,0,0,0,0,0,1276,0,0,0,0,0,0,0,0
2021-01-10T23:59:59+01:00,1,0,15,7,27,53,53,98,67,153,76,111,33,55,50,112,46,172,0,0,0,0,0,0,0,0,0,0,0,0,0,0,0,0,1129,0,0,0,0,0,0,0,0
2021-01-09T23:59:59+01:00,1,0,14,7,26,51,52,97,64,152,76,109,33,55,50,112,46,172,0,0,0,0,0,0,0,0,0,0,0,0,0,0,0,0,1117,0,0,0,0,0,0,0,0
2021-01-08T23:59:59+01:00,1,0,11,7,24,48,47,92,60,139,70,105,31,50,49,112,46,172,0,0,0,0,0,0,0,0,0,0,0,0,0,0,0,0,1064,0,0,0,0,0,0,0,0
2021-01-07T23:59:59+01:00,1,0,7,4,9,18,21,40,23,56,38,65,19,33,36,75,36,116,0,0,0,0,0,0,0,0,0,0,0,0,0,0,0,0,597,0,0,0,0,0,0,0,0
2021-01-06T23:59:59+01:00,1,0,7,4,9,15,14,30,15,39,25,53,15,25,30,67,34,101,0,0,0,0,0,0,0,0,0,0,0,0,0,0,0,0,484,0,0,0,0,0,0,0,0
2021-01-05T23:59:59+01:00,1,0,7,4,9,15,14,30,15,39,25,53,15,25,29,67,34,101,0,0,0,0,0,0,0,0,0,0,0,0,0,0,0,0,483,0,0,0,0,0,0,0,0
2021-01-04T23:59:59+01:00,1,0,2,4,8,5,4,14,4,7,6,16,6,5,6,16,4,13,0,0,0,0,0,0,0,0,0,0,0,0,0,0,0,0,121,0,0,0,0,0,0,0,0
2021-01-03T23:59:59+01:00,1,0,1,1,3,2,2,7,3,3,3,9,4,4,3,8,3,8,0,0,0,0,0,0,0,0,0,0,0,0,0,0,0,0,65,0,0,0,0,0,0,0,0
2021-01-02T23:59:59+01:00,1,0,1,1,3,2,2,7,3,3,3,9,4,4,3,8,3,8,0,0,0,0,0,0,0,0,0,0,0,0,0,0,0,0,65,0,0,0,0,0,0,0,0
2021-01-01T23:59:59+01:00,1,0,1,1,3,2,2,7,2,3,3,9,4,4,3,8,3,8,0,0,0,0,0,0,0,0,0,0,0,0,0,0,0,0,64,0,0,0,0,0,0,0,0
2020-12-31T23:59:59+01:00,1,0,1,1,3,1,2,7,2,2,3,8,4,4,3,8,3,8,0,0,0,0,0,0,0,0,0,0,0,0,0,0,0,0,61,0,0,0,0,0,0,0,0
2020-12-30T23:59:59+01:00,1,0,1,1,3,1,2,7,2,2,3,6,4,4,3,8,3,8,0,0,0,0,0,0,0,0,0,0,0,0,0,0,0,0,59,0,0,0,0,0,0,0,0
2020-12-29T23:59:59+01:00,1,0,1,1,2,1,2,6,2,2,3,6,2,2,2,8,2,7,0,0,0,0,0,0,0,0,0,0,0,0,0,0,0,0,50,0,0,0,0,0,0,0,0
2020-12-28T23:59:59+01:00,1,0,0,0,2,1,0,2,1,0,1,3,0,1,0,1,1,4,0,0,0,0,0,0,0,0,0,0,0,0,0,0,0,0,18,0,0,0,0,0,0,0,0
2020-12-27T23:59:59+01:00,0,0,0,0,0,0,0,1,1,0,1,2,0,1,0,1,1,4,0,0,0,0,0,0,0,0,0,0,0,0,0,0,0,0,12,0,0,0,0,0,0,0,0
