Datum,<15_m,<15_w,15-24_1_m,15-24_1_w,25-34_1_m,25-34_1_w,35-44_1_m,35-44_1_w,45-54_1_m,45-54_1_w,55-64_1_m,55-64_1_w,65-74_1_m,65-74_1_w,75-84_1_m,75-84_1_w,>84_1_m,>84_1_w,<24_2_m,<24_2_w,25-34_2_m,25-34_2_w,35-44_2_m,35-44_2_w,45-54_2_m,45-54_2_w,55-64_2_m,55-64_2_w,65-74_2_m,65-74_2_w,75-84_2_m,75-84_2_w,>84_2_m,>84_2_w,bp_1,bp_2,mo_1,mo_2,az_1,az_2,ja,unb_1,unb_2
2021-08-31T23:59:59+02:00,4140,3850,39311,37697,53348,46019,58119,54544,70413,68943,85468,83819,59556,63680,38866,50070,12008,21454,35383,34066,49820,42360,54931,50828,66731,64640,81544,79801,57435,61246,37589,48318,11617,20703,631047,592595,78981,75541,109570,103328,31666,41,49
2021-08-30T23:59:59+02:00,4089,3807,39211,37578,53249,45936,58037,54469,70352,68866,85408,83773,59540,63656,38856,50060,12007,21452,35315,33997,49751,42299,54859,50758,66672,64580,81497,79746,57413,61220,37578,48300,11617,20694,630251,592052,78981,75512,109570,103316,31503,41,49
2021-08-29T23:59:59+02:00,4078,3797,39193,37560,53230,45923,58025,54451,70345,68856,85391,83756,59538,63654,38853,50056,12006,21451,35284,33974,49721,42281,54847,50732,66650,64553,81475,79732,57403,61205,37574,48297,11615,20693,630137,591862,78978,75495,109570,103316,31437,41,49
2021-08-28T23:59:59+02:00,4078,3797,39192,37560,53229,45921,58025,54451,70344,68855,85391,83756,59538,63654,38853,50056,12006,21451,35284,33973,49721,42281,54845,50732,66648,64552,81475,79732,57403,61205,37574,48297,11615,20693,630133,591859,78978,75494,109570,103316,31435,41,49
2021-08-27T23:59:59+02:00,4043,3759,39072,37462,53133,45819,57946,54360,70257,68779,85331,83700,59512,63631,38841,50047,12006,21449,35184,33917,49623,42222,54774,50662,66560,64491,81423,79696,57378,61186,37564,48290,11614,20692,629519,591477,78978,75492,109565,103316,31044,41,49
2021-08-26T23:59:59+02:00,3960,3696,38887,37280,52976,45656,57818,54214,70132,68664,85211,83610,59467,63587,38817,50027,11998,21438,35014,33747,49471,42061,54620,50505,66437,64364,81285,79587,57332,61128,37536,48267,11610,20684,628365,590350,78976,75480,109559,103311,30497,41,49
2021-08-25T23:59:59+02:00,3870,3630,38720,37084,52826,45471,57707,54075,70032,68564,85117,83518,59431,63547,38799,50008,11996,21431,34629,33335,49204,41748,54387,50243,66244,64163,81106,79419,57247,61049,37514,48230,11598,20673,627145,587635,78975,75477,109559,103311,30106,41,49
2021-08-24T23:59:59+02:00,3852,3615,38636,37013,52747,45402,57652,54022,69979,68517,85073,83478,59399,63521,38791,49991,11993,21421,34481,33214,49085,41660,54300,50161,66143,64071,81017,79343,57201,61006,37506,48214,11594,20664,626717,586732,78972,75473,109557,103306,29815,41,49
2021-08-23T23:59:59+02:00,3826,3581,38542,36919,52666,45337,57596,53955,69922,68466,85020,83440,59381,63495,38781,49977,11991,21413,34343,33076,48963,41584,54203,50076,66052,63977,80932,79281,57166,60957,37486,48195,11593,20653,626190,585866,78970,75443,109554,103293,29553,41,49
2021-08-22T23:59:59+02:00,3819,3581,38513,36908,52651,45318,57577,53943,69897,68449,85003,83427,59372,63484,38779,49968,11986,21411,34296,33037,48938,41546,54168,50049,66011,63953,80897,79256,57151,60942,37483,48186,11588,20650,626091,585584,78968,75433,109552,103292,29434,41,49
2021-08-21T23:59:59+02:00,3817,3578,38494,36901,52643,45307,57564,53937,69883,68438,84998,83418,59366,63482,38778,49968,11986,21411,34282,33031,48929,41537,54155,50044,65999,63942,80892,79250,57147,60941,37483,48186,11588,20650,626054,585568,78967,75432,109551,103292,29356,41,49
2021-08-20T23:59:59+02:00,3796,3546,38422,36831,52559,45236,57490,53875,69809,68385,84937,83371,59350,63463,38775,49964,11986,21405,34181,32926,48817,41469,54069,49971,65906,63877,80823,79197,57128,60918,37477,48181,11587,20646,625686,585059,78965,75429,109551,103289,28957,41,49
2021-08-19T23:59:59+02:00,3768,3513,38256,36689,52399,45100,57370,53776,69682,68268,84839,83294,59321,63421,38760,49948,11982,21393,33834,32670,48532,41229,53853,49778,65699,63695,80649,79063,57073,60845,37432,48146,11582,20635,624812,583165,78963,75335,109550,103276,28413,41,49
2021-08-18T23:59:59+02:00,3717,3463,38070,36533,52281,44980,57276,53670,69573,68174,84764,83232,59282,63378,38745,49928,11980,21386,33452,32260,48233,40973,53601,49501,65482,63488,80468,78903,56991,60759,37396,48104,11579,20625,623825,580613,78960,75208,109548,103269,28058,41,49
2021-08-17T23:59:59+02:00,3658,3415,37911,36378,52168,44859,57196,53574,69479,68089,84692,83170,59247,63347,38732,49905,11976,21378,33060,31819,47910,40665,53309,49212,65233,63249,80269,78697,56884,60649,37355,48055,11567,20614,622888,577521,78960,75192,109543,103248,27742,41,49
2021-08-16T23:59:59+02:00,3604,3365,37767,36234,52075,44762,57122,53504,69411,68022,84641,83124,59225,63318,38718,49889,11970,21370,32498,31261,47519,40251,52925,48830,64928,62986,80052,78503,56808,60537,37323,48002,11559,20593,621996,573522,78956,75157,109543,103228,27585,41,49
2021-08-15T23:59:59+02:00,3594,3356,37735,36209,52043,44743,57096,53471,69394,68006,84630,83113,59214,63314,38715,49880,11970,21368,32421,31163,47450,40187,52862,48770,64884,62945,80010,78476,56790,60517,37315,47989,11558,20589,621809,572969,78956,75126,109542,103217,27503,41,49
2021-08-14T23:59:59+02:00,3589,3352,37727,36202,52038,44739,57089,53465,69390,68003,84623,83109,59207,63309,38714,49878,11970,21368,32413,31157,47444,40184,52852,48762,64881,62943,80004,78474,56785,60512,37314,47987,11558,20589,621777,572944,78953,75126,109542,103217,27459,41,49
2021-08-13T23:59:59+02:00,3572,3339,37659,36161,51979,44690,57025,53416,69320,67962,84559,83073,59185,63297,38703,49864,11967,21362,32275,31044,47316,40085,52734,48662,64779,62863,79915,78424,56762,60491,37301,47977,11556,20584,621477,572143,78953,75124,109542,103217,27120,41,49
2021-08-12T23:59:59+02:00,3533,3312,37533,36040,51888,44600,56957,53332,69224,67889,84486,83008,59157,63273,38689,49852,11967,21359,31749,30559,46929,39738,52351,48316,64453,62633,79701,78216,56673,60404,37257,47935,11551,20567,620760,568691,78953,75095,109540,103110,26805,41,49
2021-08-11T23:59:59+02:00,3491,3270,37385,35897,51779,44496,56841,53214,69128,67801,84403,82930,59117,63235,38668,49836,11963,21355,31110,29945,46421,39352,51924,47880,64150,62356,79490,78013,56579,60298,37221,47863,11538,20549,619882,564666,78948,75071,109538,103022,26400,41,49
2021-08-10T23:59:59+02:00,3444,3224,37227,35748,51665,44375,56738,53105,69063,67732,84339,82873,59093,63198,38650,49823,11956,21350,30219,28967,45692,38651,51264,47276,63764,61997,79243,77772,56474,60194,37176,47794,11530,20537,618943,558479,78946,75069,109535,103019,26138,41,49
2021-08-09T23:59:59+02:00,3408,3195,37133,35640,51592,44306,56680,53064,69032,67689,84309,82842,59078,63184,38638,49804,11955,21348,29511,28223,45028,38078,50692,46699,63394,61641,78965,77525,56354,60098,37133,47739,11523,20523,618362,554397,78944,73620,109535,102994,26015,41,49
2021-08-08T23:59:59+02:00,3399,3182,37107,35624,51568,44282,56662,53054,69014,67671,84289,82827,59075,63179,38633,49797,11954,21347,29383,28081,44881,37982,50597,46619,63340,61584,78917,77486,56318,60080,37123,47728,11523,20520,618191,553474,78943,73612,109534,102962,25955,41,49
2021-08-07T23:59:59+02:00,3399,3182,37103,35618,51558,44281,56660,53054,69010,67668,84288,82825,59074,63179,38633,49797,11954,21347,29372,28075,44869,37976,50596,46615,63337,61579,78914,77483,56317,60079,37123,47728,11523,20520,618181,553444,78942,73608,109534,102962,25932,41,49
2021-08-06T23:59:59+02:00,3388,3168,37038,35562,51482,44219,56596,53012,68968,67637,84256,82796,59061,63160,38622,49791,11951,21345,29134,27849,44665,37791,50415,46475,63202,61465,78816,77415,56292,60054,37108,47718,11520,20517,617909,552003,78939,73602,109534,102961,25629,41,49
2021-08-05T23:59:59+02:00,3355,3128,36886,35428,51367,44088,56480,52895,68856,67524,84131,82723,59019,63107,38599,49771,11942,21335,28438,27232,44082,37310,49862,46022,62845,61169,78523,77195,56183,59959,37070,47666,11512,20502,617122,547704,78937,73592,109534,102783,25000,41,49
2021-08-04T23:59:59+02:00,3296,3065,36688,35259,51220,43943,56341,52782,68735,67401,84017,82614,58953,63049,38582,49742,11938,21325,27292,26110,43123,36434,48899,45119,62255,60565,78029,76758,55974,59780,37012,47577,11499,20482,616057,539366,78927,73553,109534,102729,24391,41,49
2021-08-03T23:59:59+02:00,3222,3007,36471,35061,51072,43807,56220,52662,68607,67287,83929,82543,58911,63006,38563,49712,11930,21310,26216,24998,42198,35542,48000,44236,61719,60036,77583,76352,55808,59593,36953,47491,11481,20451,614720,531064,78919,73506,109532,102703,24108,41,49
2021-08-02T23:59:59+02:00,3178,2953,36327,34912,50965,43699,56128,52565,68522,67199,83846,82469,58873,62958,38548,49693,11922,21298,25317,23997,41357,34806,47270,43499,61237,59570,77201,76008,55646,59445,36903,47414,11464,20430,613763,524119,78918,73452,109531,102561,23802,41,49
2021-08-01T23:59:59+02:00,3173,2948,36312,34890,50940,43681,56110,52541,68493,67186,83832,82457,58867,62953,38546,49689,11922,21298,25057,23749,41114,34606,47040,43303,61096,59434,77085,75912,55610,59416,36888,47401,11460,20426,613627,522262,78914,73411,109530,102496,23726,41,49
2021-07-31T23:59:59+02:00,3172,2947,36306,34889,50939,43680,56108,52540,68491,67185,83832,82456,58867,62953,38546,49689,11922,21298,25050,23736,41104,34599,47034,43297,61087,59432,77083,75911,55610,59413,36888,47401,11460,20425,613613,522196,78913,73410,109530,102496,23723,41,49
2021-07-30T23:59:59+02:00,3156,2933,36248,34825,50868,43629,56049,52482,68436,67144,83794,82416,58855,62939,38542,49682,11919,21295,24732,23425,40829,34386,46779,43102,60902,59302,76935,75797,55580,59374,36874,47389,11460,20425,613325,520268,78909,73408,109527,102389,23410,41,49
2021-07-29T23:59:59+02:00,3133,2905,36110,34703,50741,43507,55958,52383,68366,67080,83724,82365,58829,62921,38531,49673,11919,21294,23777,22436,39954,33642,45882,42321,60359,58864,76578,75496,55460,59236,36835,47335,11453,20414,612459,513233,78889,73283,109527,102222,23226,41,49
2021-07-28T23:59:59+02:00,3083,2850,35872,34469,50522,43337,55765,52237,68228,66942,83609,82267,58776,62874,38509,49637,11909,21286,22563,21187,38634,32545,44575,41152,59565,58205,76074,75040,55266,59049,36767,47232,11439,20389,611102,503451,78885,73118,109527,102065,22617,41,49
2021-07-27T23:59:59+02:00,3058,2831,35765,34353,50441,43254,55690,52185,68166,66874,83548,82196,58736,62831,38497,49622,11908,21277,21324,19795,37210,31210,43206,39853,58942,57613,75654,74631,55103,58873,36709,47178,11427,20366,610383,493044,78870,72942,109527,101952,22411,41,49
2021-07-26T23:59:59+02:00,3039,2812,35703,34260,50385,43201,55649,52137,68121,66837,83513,82171,58722,62816,38485,49610,11907,21275,20302,18693,35958,30096,41940,38704,58444,57214,75370,74380,55006,58773,36688,47143,11421,20352,609867,484805,78865,72613,109527,101791,22343,41,49
2021-07-25T23:59:59+02:00,3028,2807,35651,34219,50344,43156,55622,52114,68098,66812,83483,82148,58707,62809,38482,49607,11904,21269,19900,18327,35540,29766,41534,38399,58251,57060,75213,74277,54963,58735,36667,47123,11417,20348,609573,482075,78860,72351,109527,101763,22259,41,49
2021-07-24T23:59:59+02:00,3028,2807,35647,34215,50342,43153,55620,52113,68096,66812,83481,82147,58707,62809,38481,49607,11904,21269,19895,18317,35532,29758,41528,38398,58248,57058,75209,74275,54963,58735,36666,47123,11417,20348,609564,482039,78859,72351,109527,101761,22247,41,49
2021-07-23T23:59:59+02:00,3003,2782,35496,34099,50195,43053,55504,52009,68000,66720,83391,82096,58676,62780,38471,49602,11899,21266,19658,18097,35272,29583,41257,38217,58083,56930,75073,74199,54924,58712,36654,47113,11411,20342,608943,480921,78859,72059,109527,101759,21672,41,49
2021-07-22T23:59:59+02:00,2952,2697,35061,33732,49887,42815,55243,51784,67773,66541,83216,81945,58591,62687,38436,49556,11888,21248,18871,17435,34177,28851,40137,37389,57349,56464,74522,73829,54747,58534,36590,47029,11390,20316,606807,475411,78844,70634,109523,101541,20837,41,49
2021-07-21T23:59:59+02:00,2897,2639,34752,33404,49647,42606,55056,51599,67583,66357,83089,81820,58526,62635,38405,49517,11877,21238,18047,16603,32869,27860,38876,36431,56660,55904,74076,73467,54601,58359,36525,46945,11378,20283,604994,469519,78792,68450,109522,101329,20298,41,49
2021-07-20T23:59:59+02:00,2821,2576,34396,33025,49368,42375,54885,51405,67404,66202,82952,81702,58464,62582,38377,49472,11876,21223,16897,15480,31158,26459,37150,34978,55862,55259,73535,73023,54435,58170,36475,46861,11361,20245,602925,460359,78756,66710,109521,100993,19862,41,49
2021-07-19T23:59:59+02:00,2737,2506,33838,32464,49056,42066,54611,51141,67209,65989,82781,81536,58397,62500,38332,49420,11869,21208,16247,14905,30220,25779,36293,34265,55425,54836,73209,72785,54348,58084,36438,46811,11355,20223,599731,456681,78697,64544,109520,100823,19671,41,49
2021-07-18T23:59:59+02:00,2709,2488,33739,32351,48965,42010,54555,51084,67150,65939,82738,81494,58369,62474,38321,49407,11867,21201,15928,14641,29649,25400,35800,33918,55170,54674,73064,72684,54306,58046,36430,46796,11354,20219,599128,455242,78682,63010,109519,100795,19491,41,49
2021-07-17T23:59:59+02:00,2709,2488,33737,32349,48961,42009,54554,51082,67150,65938,82738,81494,58369,62473,38321,49407,11867,21201,15923,14635,29640,25385,35795,33914,55166,54673,73064,72684,54306,58046,36430,46796,11354,20219,599118,455198,78679,63006,109519,100795,19490,41,49
2021-07-16T23:59:59+02:00,2651,2423,33128,31828,48469,41663,54162,50747,66770,65617,82426,81262,58250,62361,38271,49358,11863,21194,15507,14311,29151,25016,35352,33583,54830,54420,72805,72492,54194,57959,36395,46758,11351,20215,596906,453815,78675,62877,109518,100786,17303,41,49
2021-07-15T23:59:59+02:00,2518,2291,32267,31049,47845,41093,53590,50269,66346,65273,82173,81023,58161,62265,38237,49315,11855,21175,14673,13643,27834,24190,34052,32775,54154,54022,72395,72269,54101,57865,36366,46724,11344,20200,591902,449652,78663,60514,109517,100206,16622,41,49
2021-07-14T23:59:59+02:00,2412,2205,31721,30524,47359,40660,53173,49874,66022,64996,81939,80776,58058,62169,38205,49265,11845,21162,13430,12504,25838,22741,32151,31254,53407,53436,71890,71929,53965,57740,36325,46663,11334,20185,588068,440540,78646,58589,109516,99871,16094,41,48
2021-07-13T23:59:59+02:00,2355,2135,31452,30256,47089,40436,52926,49649,65820,64809,81773,80627,57994,62093,38180,49228,11835,21149,12444,11658,24112,21434,30209,29672,52218,52270,71074,71141,53720,57464,36238,46549,11317,20158,585921,433841,78631,55669,109508,96720,15705,41,47
2021-07-12T23:59:59+02:00,2129,1928,30590,29327,46438,39903,52357,49082,65431,64420,81499,80356,57862,61967,38138,49170,11825,21128,11697,11033,22724,20454,28472,28295,51263,51414,70335,70524,53464,57186,36173,46433,11304,20127,579701,425751,78615,53114,109508,96567,15685,41,47
2021-07-11T23:59:59+02:00,2084,1890,30469,29217,46373,39832,52306,49020,65373,64365,81438,80313,57842,61947,38132,49153,11820,21123,11531,10885,22449,20270,28110,28024,51062,51269,70164,70380,53411,57105,36151,46416,11295,20120,578882,423686,78609,53072,109506,96434,15659,41,46
2021-07-10T23:59:59+02:00,2084,1888,30464,29210,46371,39827,52302,49019,65370,64364,81437,80311,57842,61945,38131,49153,11820,21123,11519,10867,22437,20257,28095,28012,51056,51265,70161,70377,53411,57105,36150,46416,11295,20120,578852,423605,78609,53070,109506,96424,15653,41,46
2021-07-09T23:59:59+02:00,2039,1850,30232,28974,46154,39648,52119,48848,65209,64252,81333,80232,57812,61916,38115,49138,11815,21121,11138,10595,21796,19821,27430,27462,50347,50698,69580,69968,53310,57017,36127,46382,11290,20109,577653,422533,78603,52756,109501,92974,15009,41,46
2021-07-08T23:59:59+02:00,1902,1722,29568,28440,45555,39144,51563,48381,64808,63944,81036,79998,57720,61826,38084,49088,11810,21107,9956,9486,19850,18187,24972,25481,49313,49900,68955,69432,53085,56804,36052,46296,11275,20083,573411,412013,78583,50325,109484,92748,14177,41,46
2021-07-07T23:59:59+02:00,1689,1526,28462,27230,44518,38183,50465,47389,64152,63308,80499,79515,57517,61596,38018,49004,11796,21067,9425,9009,18766,17354,23579,24281,48491,49255,68412,68945,52884,56564,35976,46198,11259,20044,564153,405678,78567,48714,109483,92461,13690,41,46
2021-07-06T23:59:59+02:00,1488,1368,27376,26183,43492,37265,49529,46453,63548,62745,80064,79108,57336,61414,37963,48910,11772,21039,8706,8262,17426,16351,21967,22999,47886,48805,68035,68679,52767,56449,35927,46161,11252,20028,555887,398213,78556,48288,109480,92165,13089,41,46
2021-07-05T23:59:59+02:00,1331,1244,26229,24930,42409,36266,48477,45387,62882,62168,79630,78706,57162,61224,37911,48835,11763,21017,8454,8037,16930,16038,21406,22616,47581,48580,67840,68530,52715,56376,35902,46142,11249,20023,546571,395640,78548,47974,109479,91908,12932,41,44
2021-07-04T23:59:59+02:00,1266,1180,25906,24601,42105,36007,48225,45203,62737,62033,79515,78612,57126,61184,37901,48816,11760,21014,8199,7882,16664,15845,21127,22419,47456,48482,67763,68456,52691,56351,35887,46137,11247,20022,544256,394625,78522,47313,109477,91823,12895,41,44
2021-07-03T23:59:59+02:00,1266,1179,25899,24590,42091,36000,48223,45203,62734,62032,79514,78611,57125,61184,37901,48816,11760,21014,8194,7874,16652,15835,21120,22412,47451,48481,67759,68455,52690,56351,35887,46137,11247,20022,544225,394591,78520,47312,109477,91813,12879,41,44
2021-07-02T23:59:59+02:00,1198,1122,25581,24236,41769,35719,47966,44949,62591,61887,79440,78541,57108,61162,37894,48804,11756,21009,8016,7722,16283,15567,20677,22105,46483,47703,67262,68106,52607,56259,35872,46119,11246,20019,541838,392104,78519,47308,109472,89796,12862,41,44
2021-07-01T23:59:59+02:00,1143,1072,25203,23873,41388,35370,47571,44598,62339,61651,79249,78369,57045,61099,37863,48763,11749,20999,7625,7386,15468,14788,19510,21073,44946,46218,66049,67028,52302,55955,35775,46000,11222,19992,538686,386284,78417,46483,109463,85847,12737,41,44
2021-06-30T23:59:59+02:00,1070,1008,24780,23423,40958,34997,47162,44223,62112,61449,79079,78220,56967,61022,37836,48713,11741,20979,7252,7026,14523,13983,18078,19866,41737,43487,64352,65585,51837,55457,35627,45807,11195,19943,535247,374268,78385,45790,109461,83093,12605,41,43
2021-06-29T23:59:59+02:00,978,900,24276,22888,40442,34579,46730,43808,61849,61170,78866,78041,56890,60958,37808,48670,11735,20960,6974,6719,13859,13490,16917,18946,37416,39797,63000,64332,51351,54957,35495,45629,11164,19900,531173,358975,78376,45580,109461,82884,12497,41,43
2021-06-28T23:59:59+02:00,949,867,23937,22495,39983,34196,46308,43439,61612,60915,78677,77886,56819,60890,37779,48640,11732,20945,6664,6399,13199,12988,15905,18110,33766,36750,61877,63300,50997,54563,35401,45481,11140,19862,529419,350299,76686,40888,109461,82733,12462,41,43
2021-06-27T23:59:59+02:00,935,854,23844,22403,39910,34133,46250,43380,61581,60878,78643,77856,56804,60878,37773,48633,11731,20940,6574,6324,12966,12846,15481,17872,32933,36104,61621,63101,50907,54493,35383,45459,11138,19858,528807,347398,76682,40623,109455,82576,12441,41,43
2021-06-26T23:59:59+02:00,934,854,23838,22397,39903,34130,46249,43379,61580,60877,78643,77856,56804,60878,37773,48633,11731,20940,6571,6317,12960,12833,15473,17865,32929,36103,61614,63099,50905,54487,35383,45459,11138,19857,528780,347333,76682,40622,109455,82575,12441,41,43
2021-06-25T23:59:59+02:00,911,828,23723,22284,39817,34044,46166,43308,61536,60830,78595,77835,56793,60864,37770,48630,11730,20938,6473,6204,12850,12699,15335,17704,32210,35444,61226,62776,50827,54403,35375,45438,11135,19856,527987,344322,76682,40610,109452,82559,12440,41,43
2021-06-24T23:59:59+02:00,844,770,23333,21859,39466,33734,45814,43005,61332,60635,78435,77698,56739,60809,37748,48600,11726,20928,6134,5905,12286,12235,14629,17020,28911,32728,58944,60924,50243,53806,35241,45230,11117,19808,525028,330519,76633,40346,109450,81945,12323,41,43
2021-06-23T23:59:59+02:00,739,676,22692,21197,38889,33146,45162,42297,60966,60245,78187,77448,56636,60676,37703,48548,11716,20909,5979,5713,11917,11889,14123,16491,25545,29968,57303,59400,49719,53269,35122,45056,11096,19765,519452,321093,76579,37409,109448,81511,12312,41,43
2021-06-22T23:59:59+02:00,678,612,22267,20755,38486,32730,44728,41832,60694,59960,77984,77209,56540,60568,37666,48476,11703,20887,5788,5577,11594,11628,13699,16116,21207,26441,55229,57701,49121,52666,34945,44841,11076,19721,515660,306744,76452,37355,109443,81039,12179,41,43
2021-06-21T23:59:59+02:00,641,571,22015,20518,38236,32501,44484,41557,60507,59751,77853,77069,56487,60487,37642,48436,11694,20871,5658,5467,11286,11432,13361,15856,19659,25211,54311,56934,46896,50211,34346,44122,11053,19662,513627,301430,76248,37288,109428,74736,11976,41,43
2021-06-20T23:59:59+02:00,612,551,21725,20222,37940,32226,44200,41302,60355,59582,77716,76922,56438,60444,37622,48419,11691,20864,5602,5423,11154,11345,13208,15729,19265,24887,54044,56753,45238,48228,33779,43488,11033,19642,511234,300810,76169,36537,109417,69468,11970,41,41
2021-06-19T23:59:59+02:00,610,551,21720,20210,37924,32222,44197,41298,60349,59578,77714,76919,56435,60443,37622,48418,11691,20864,5596,5414,11149,11342,13199,15723,19258,24879,54030,56741,45229,48218,33778,43488,11033,19642,511173,300726,76164,36534,109417,69456,11970,41,41
2021-06-18T23:59:59+02:00,596,537,21623,20099,37857,32168,44123,41213,60294,59532,77670,76877,56412,60422,37617,48405,11690,20863,5501,5248,10852,10806,12827,15141,18717,23862,53176,55438,45025,48055,33750,43440,11027,19630,510418,299155,76158,36533,109412,64805,11969,41,41
2021-06-17T23:59:59+02:00,510,445,20905,19380,37100,31533,43328,40458,59887,59167,77375,76624,56299,60295,37569,48337,11677,20839,5308,5035,10468,10251,12304,14368,17787,22502,51603,53496,43873,46705,33432,43044,10980,19547,504430,291840,76066,36405,109406,60640,11785,41,41
2021-06-16T23:59:59+02:00,403,367,20104,18423,36108,30599,42315,39487,59346,58686,76987,76312,56158,60144,37512,48250,11667,20816,5118,4880,9959,9930,11569,13872,16239,21203,47729,49952,42118,44698,32968,42474,10917,19421,497064,275689,75524,36205,109391,59457,11664,41,40
2021-06-15T23:59:59+02:00,293,264,19289,17567,35185,29742,41387,38601,58907,58246,76654,75989,56016,59979,37457,48181,11652,20783,4914,4755,9434,9670,10864,13401,14729,20014,43464,45870,40566,42856,32488,41853,10850,19293,489854,258526,75408,36170,109384,58788,11505,41,39
2021-06-14T23:59:59+02:00,189,173,18169,16326,33932,28467,39922,37191,58319,57683,76261,75649,55889,59838,37412,48111,11643,20768,4787,4661,9089,9461,10386,13083,13556,19007,40828,43320,39491,41707,32195,41452,10818,19208,480096,247364,74970,36144,109381,58054,11455,40,39
2021-06-13T23:59:59+02:00,148,134,17663,15921,33450,28062,39430,36807,58104,57500,76114,75548,55862,59799,37390,48089,11640,20759,4701,4612,8943,9388,10223,13015,12950,18553,40358,42926,39254,41485,32134,41367,10812,19194,477012,246399,74668,34720,109374,57438,11326,40,39
2021-06-12T23:59:59+02:00,148,134,17659,15903,33438,28053,39423,36803,58099,57497,76110,75546,55861,59797,37389,48089,11640,20759,4694,4607,8932,9383,10211,13008,12938,18540,40175,42779,39231,41470,32130,41365,10812,19193,476945,245964,74664,34720,109374,57427,11325,40,39
2021-06-11T23:59:59+02:00,146,134,17575,15844,33293,27984,39249,36749,57979,57460,76040,75521,55849,59792,37387,48087,11640,20758,4611,4414,8771,8820,10017,12288,12702,17466,39686,41479,39076,41339,32112,41330,10810,19192,476611,245472,74252,34718,109268,52575,11316,40,39
2021-06-10T23:59:59+02:00,132,114,16729,15125,31873,27068,38004,35836,57298,57002,75632,75251,55759,59700,37348,48043,11629,20740,4356,4220,8214,8325,9336,11530,11967,16402,36839,38441,38275,40538,31946,41148,10794,19162,472723,238420,71277,34587,108987,48198,10256,40,39
2021-06-09T23:59:59+02:00,110,88,15949,14418,30593,26164,36784,34950,56723,56614,75291,75024,55678,59595,37321,47999,11616,20719,4174,4067,7854,8136,8872,11311,11350,16024,31761,33587,36780,39013,31701,40880,10773,19113,468066,224532,68832,34464,108945,46616,9753,40,38
2021-06-08T23:59:59+02:00,83,70,15027,13544,29213,25071,35414,33939,56107,56209,74996,74814,55605,59523,37299,47969,11612,20709,4094,4003,7699,8020,8719,11197,11058,15818,28947,30779,35827,38081,31541,40684,10749,19080,463486,217079,65384,34407,108905,45390,9389,40,38
2021-06-07T23:59:59+02:00,75,57,14393,12955,27840,24259,34259,33159,55632,55953,74754,74710,55569,59486,37283,47959,11612,20705,4002,3930,7505,7895,8417,11064,10691,15574,24622,26407,34366,36551,31319,40417,10721,19052,460357,205321,62354,34342,108874,43805,9035,40,37
2021-06-06T23:59:59+02:00,74,54,14071,12764,27056,23839,33608,32740,55324,55790,74600,74646,55550,59463,37269,47950,11610,20704,3935,3894,7354,7851,8262,10980,10372,15373,21808,23546,33369,35481,31179,40263,10714,19037,459222,202536,60304,29137,108849,43019,8697,40,36
2021-06-05T23:59:59+02:00,74,52,14042,12737,27014,23797,33580,32721,55319,55781,74595,74641,55546,59458,37264,47948,11610,20704,3912,3879,7318,7830,8215,10963,10310,15330,20381,21996,32576,34604,31109,40181,10710,19030,459104,197571,60199,29132,108844,42916,8696,40,36
2021-06-04T23:59:59+02:00,68,48,13812,12474,26704,23482,33243,32410,55259,55700,74556,74621,55537,59453,37263,47946,11610,20703,3881,3851,7240,7751,8158,10884,10230,15207,20274,21878,32503,34549,31077,40144,10707,19027,457205,197489,60137,29120,108811,42027,8696,40,36
2021-06-03T23:59:59+02:00,50,43,13245,11985,25667,22795,32107,31659,54768,55368,74241,74428,55466,59376,37229,47916,11604,20687,3753,3759,6967,7581,7877,10712,9903,14970,18392,20020,30530,32248,30804,39813,10684,18979,452873,188914,58637,29101,108798,40665,8286,40,33
2021-06-02T23:59:59+02:00,37,31,12555,11230,24669,21893,30966,30703,54504,55104,74050,74289,55415,59298,37213,47895,11596,20680,3718,3739,6910,7526,7820,10664,9819,14878,17873,19472,28601,30078,30705,39669,10677,18968,446557,183385,58459,29100,108797,40330,8276,39,33
2021-06-01T23:59:59+02:00,23,16,11425,10341,22533,20455,28429,28809,53092,54040,73047,73509,55114,58981,37092,47726,11562,20621,3489,3565,6411,7219,7216,10241,8966,14277,15927,17657,24824,25832,30024,38787,10600,18814,437057,169400,53986,28963,108760,38489,6973,39,31
2021-05-31T23:59:59+02:00,18,12,10560,9674,20696,19284,26379,27302,51984,53191,72344,72962,54899,58723,37019,47626,11548,20585,3347,3413,6078,6974,6815,9942,8425,13921,14864,16679,23635,24461,29637,38299,10540,18720,430267,163662,49613,28926,108743,36995,6144,39,30
2021-05-30T23:59:59+02:00,16,9,10208,9326,19973,18786,25672,26721,51644,52909,72111,72765,54823,58644,36994,47599,11540,20577,3164,3221,5728,6707,6526,9699,8208,13716,14604,16408,23342,24144,29527,38192,10525,18692,427680,162837,49205,28869,108710,35991,4683,39,30
2021-05-29T23:59:59+02:00,16,9,10192,9314,19955,18759,25654,26695,51632,52905,72106,72755,54821,58639,36993,47599,11539,20577,3162,3213,5725,6703,6521,9697,8200,13708,14594,16403,23331,24136,29523,38187,10524,18691,427523,162767,49205,28867,108710,35978,4683,39,30
2021-05-28T23:59:59+02:00,16,9,10127,9218,19817,18590,25392,26465,51473,52729,71960,72625,54784,58589,36980,47579,11536,20564,3115,3137,5633,6563,6419,9496,8087,13435,14401,16126,23179,23981,29470,38124,10517,18682,425873,162382,49168,28866,108692,34413,4682,38,29
2021-05-27T23:59:59+02:00,16,9,8862,8015,17409,16772,22608,24313,50381,51915,71294,72134,54587,58372,36889,47485,11523,20536,2816,2803,4788,5940,5526,8714,7293,12449,13275,14934,22191,22948,29086,37673,10462,18595,413937,158569,48213,28602,108557,29925,2375,38,29
2021-05-26T23:59:59+02:00,15,9,8460,7597,16531,15968,21418,23302,49776,51369,70880,71750,54436,58209,36823,47410,11512,20506,2629,2630,4420,5604,5049,8207,6816,11800,12305,13955,21292,21917,28775,37230,10416,18510,408341,154725,47481,28514,108485,26668,1627,37,28
2021-05-25T23:59:59+02:00,15,9,7885,6996,15287,15083,19968,22128,49297,50970,70634,71567,54368,58127,36802,47385,11508,20497,2550,2527,4230,5474,4803,7980,6540,11491,11747,13424,19146,19760,28405,36697,10381,18461,401574,149065,47240,28501,108441,24795,1234,37,28
2021-05-24T23:59:59+02:00,15,9,7799,6895,15064,14956,19682,21948,49196,50851,70591,71528,54367,58122,36801,47384,11506,20494,2506,2465,4146,5308,4709,7736,6416,11207,11606,13183,19032,19647,28354,36650,10374,18450,400435,148914,47161,28458,108356,23178,1219,37,27
2021-05-23T23:59:59+02:00,14,9,7783,6882,15028,14940,19628,21920,49187,50849,70587,71522,54366,58120,36801,47383,11506,20494,2504,2461,4139,5303,4699,7732,6412,11194,11585,13161,18890,19449,28323,36611,10372,18448,400252,148426,47161,28456,108356,23169,1213,37,26
2021-05-22T23:59:59+02:00,14,9,7780,6874,15018,14928,19617,21913,49187,50847,70584,71522,54366,58119,36801,47383,11506,20494,2502,2454,4132,5297,4697,7732,6409,11191,11576,13158,18877,19443,28322,36611,10372,18448,400197,148389,47161,28456,108356,23145,1211,37,26
2021-05-21T23:59:59+02:00,14,8,7706,6777,14888,14793,19412,21753,48946,50613,70442,71416,54339,58093,36794,47376,11501,20488,2431,2369,4046,5156,4594,7518,6286,10894,11406,12869,18811,19378,28306,36581,10369,18446,398626,148139,47158,28456,108331,21637,1208,36,26
2021-05-20T23:59:59+02:00,14,8,7432,6482,14304,14270,18473,20881,46261,48261,69290,70443,53986,57732,36686,47236,11470,20459,2169,2206,3683,4790,4151,6966,5732,10063,10317,11768,17536,18087,27801,35982,10296,18299,387643,142892,46996,28167,108026,17776,991,32,26
2021-05-19T23:59:59+02:00,13,7,7192,6258,13641,13787,17203,19880,42275,44772,67801,69139,53532,57211,36524,47012,11434,20407,2093,2007,3518,4449,3904,6442,5286,9377,9327,10652,16061,16437,27108,35068,10170,18090,372864,135731,46424,28024,107796,15252,972,32,16
2021-05-18T23:59:59+02:00,13,5,6993,6081,13095,13357,16105,19020,37554,40749,66350,67816,52978,56672,36377,46790,11392,20350,2046,1878,3380,4260,3718,6127,4953,8895,8462,9781,14479,14703,26399,34217,10080,17918,356758,129105,46361,27461,107639,13813,907,32,16
2021-05-17T23:59:59+02:00,13,5,6858,5986,12772,13107,15609,18628,35371,38881,65512,67034,52707,56358,36298,46682,11378,20313,1976,1816,3192,4079,3498,5899,4630,8524,7683,9081,11222,10688,25488,33068,9997,17749,353027,123892,42091,21376,107558,12508,804,32,16
2021-05-16T23:59:59+02:00,13,5,6795,5902,12647,12953,15436,18459,34882,38411,65327,66866,52651,56298,36288,46657,11373,20308,1918,1719,3089,3956,3418,5797,4524,8379,7501,8894,9029,8090,25007,32386,9963,17692,351556,122753,41587,16026,107522,11998,575,31,16
2021-05-15T23:59:59+02:00,13,5,6790,5893,12641,12947,15432,18455,34877,38408,65325,66864,52651,56297,36288,46657,11373,20308,1917,1718,3086,3950,3413,5794,4519,8376,7499,8891,9027,8088,25006,32386,9963,17692,351514,122722,41587,16026,107520,11995,572,31,16
2021-05-14T23:59:59+02:00,13,5,6593,5795,12398,12885,15200,18363,33902,37616,64788,66455,52555,56210,36271,46624,11371,20303,1801,1630,2975,3880,3356,5686,4469,8229,7453,8763,9020,8083,25005,32386,9963,17691,348142,122668,41555,16022,107059,11130,561,30,15
2021-05-13T23:59:59+02:00,13,5,6343,5608,11988,12631,14633,17913,30372,34828,62311,64377,51925,55536,36134,46404,11359,20255,1758,1592,2918,3803,3324,5594,4426,8125,7371,8644,8982,8024,24985,32344,9958,17687,334147,122419,41331,15998,106629,10610,498,30,15
2021-05-12T23:59:59+02:00,13,5,6326,5584,11915,12568,14524,17805,29736,34252,61805,63925,51753,55363,36098,46359,11352,20242,1758,1589,2917,3802,3319,5594,4424,8124,7369,8638,8975,8021,24985,32342,9958,17686,331155,122397,41319,15987,106624,10609,498,29,15
2021-05-11T23:59:59+02:00,12,5,6001,5449,11470,12290,13977,17422,25472,30762,59420,61919,51092,54682,35909,46113,11331,20179,1716,1473,2814,3540,3197,5218,4285,7680,7215,8312,8891,7938,24956,32302,9955,17675,316205,122156,41266,15798,105635,8831,373,26,14
2021-05-10T23:59:59+02:00,12,5,5874,5376,11304,12175,13757,17254,22002,28003,58173,60803,50730,54329,35817,45990,11316,20148,1678,1377,2728,3310,3095,4886,4174,7190,7093,7874,8850,7878,24944,32281,9953,17671,306286,122010,41105,15649,105343,7006,308,26,14
2021-05-09T23:59:59+02:00,12,5,5797,5344,11216,12111,13657,17173,20401,26821,57708,60418,50628,54231,35791,45949,11309,20143,1661,1355,2671,3185,3044,4745,4129,7070,7038,7779,8838,7865,24937,32275,9952,17671,305720,121958,37533,15604,105140,6349,295,26,14
2021-05-08T23:59:59+02:00,12,5,5794,5341,11204,12107,13647,17164,20393,26815,57699,60412,50625,54223,35787,45946,11307,20140,1660,1355,2671,3183,3044,4745,4126,7067,7037,7778,8837,7865,24936,32273,9952,17671,305629,121943,37532,15604,105139,6349,295,26,14
2021-05-07T23:59:59+02:00,12,5,5754,5306,11138,12058,13540,17086,19937,26457,56700,59603,50495,54092,35757,45916,11304,20126,1556,1311,2591,3138,3003,4717,4092,7043,7014,7746,8829,7857,24934,32272,9952,17670,302461,121910,37516,15596,104994,5920,290,25,14
2021-05-06T23:59:59+02:00,12,5,5499,5193,10623,11749,12833,16632,18638,25469,52436,55943,49298,52712,35426,45515,11252,20023,1331,1179,2354,2966,2833,4551,3940,6843,6862,7595,8754,7778,24913,32236,9949,17663,287310,121639,37330,15457,104436,4481,161,21,14
2021-05-05T23:59:59+02:00,12,5,5239,5094,10130,11514,12077,16180,17305,24488,48066,51799,47628,50791,34989,44945,11177,19903,1285,1084,2292,2839,2749,4371,3846,6604,6754,7396,8641,7685,24852,32162,9943,17647,270122,121162,37104,15412,104048,3520,47,21,14
2021-05-04T23:59:59+02:00,12,5,5155,5009,9813,11301,11624,15790,16329,23620,46193,49765,46560,49483,34616,44457,11111,19794,1273,1065,2263,2798,2708,4285,3794,6496,6682,7320,8598,7645,24832,32146,9942,17642,259745,120943,37080,15351,103767,3162,24,21,14
2021-05-03T23:59:59+02:00,12,5,5052,4922,9464,11133,11161,15526,15266,22755,44620,48144,45679,48528,34397,44119,11083,19705,1258,1039,2231,2767,2666,4221,3746,6442,6607,7266,8029,6955,23090,29818,9804,17405,250722,115129,37071,15269,103741,2921,16,21,14
2021-05-02T23:59:59+02:00,12,5,4990,4903,9350,11097,11016,15465,14654,22266,44100,47734,45538,48362,34350,44058,11077,19694,1254,1034,2214,2764,2653,4213,3718,6429,6587,7252,7840,6711,21119,27409,9757,17317,249513,115109,35439,10263,103687,2879,11,21,14
2021-05-01T23:59:59+02:00,12,5,4990,4901,9345,11093,11013,15462,14650,22262,44098,47730,45537,48362,34350,44058,11077,19694,1253,1034,2214,2764,2653,4213,3717,6429,6585,7252,7840,6710,21119,27409,9757,17317,249483,115105,35439,10263,103685,2878,11,21,14
2021-04-30T23:59:59+02:00,12,5,4943,4879,9278,11078,10958,15437,14575,22236,42613,46315,45202,48030,34313,44006,11072,19684,1044,939,2016,2674,2553,4152,3631,6369,6522,7193,7833,6693,21118,27407,9757,17317,245492,115096,35439,10260,103673,1844,11,21,12
2021-04-29T23:59:59+02:00,12,4,4700,4797,8807,10927,10352,15266,13890,22028,37676,41997,44191,47001,34192,43888,11068,19654,863,861,1843,2595,2466,4086,3523,6298,6448,7143,7811,6674,21113,27401,9757,17317,231749,115056,35336,10156,103333,969,11,21,12
2021-04-28T23:59:59+02:00,12,4,4524,4762,8557,10842,10000,15176,13533,21874,33035,37493,42945,45746,34066,43740,11054,19636,821,831,1805,2549,2433,4010,3487,6189,6398,7052,7791,6655,21101,27388,9752,17310,218529,114971,35318,10108,103123,477,10,19,11
2021-04-27T23:59:59+02:00,11,3,4293,4547,8211,10394,9615,14593,13065,21225,31904,36365,42666,45463,34050,43712,11050,19633,793,817,1771,2525,2415,3992,3469,6170,6363,7025,7780,6647,21096,27383,9749,17304,215801,114913,35308,10077,99662,293,10,19,11
2021-04-26T23:59:59+02:00,11,3,4271,4519,8136,10357,9507,14537,12916,21166,27494,31976,41450,44240,33970,43612,11037,19623,760,806,1741,2506,2386,3971,3445,6149,6311,6978,7733,6598,21066,27352,9749,17297,203918,114711,35299,10033,99580,88,10,18,11
2021-04-25T23:59:59+02:00,11,3,4248,4506,8104,10330,9444,14505,12823,21120,25525,29932,40748,43479,33923,43554,11033,19618,748,798,1729,2492,2368,3956,3419,6127,6279,6949,7711,6578,21049,27331,9748,17293,203250,114685,30184,9791,99445,84,9,18,11
2021-04-24T23:59:59+02:00,11,3,4229,4495,8074,10301,9403,14489,12772,21098,24022,28267,39990,42640,33858,43478,11030,19612,747,797,1726,2490,2367,3953,3419,6123,6279,6946,7709,6576,21048,27331,9748,17293,198185,114665,30184,9790,99376,82,9,18,11
2021-04-23T23:59:59+02:00,10,3,3964,4343,7603,10004,8973,14133,12210,20695,23542,27967,39904,42579,33837,43444,11024,19605,733,787,1709,2477,2347,3937,3396,6101,6257,6927,7695,6558,21043,27320,9748,17292,197838,114650,30169,9592,95808,70,9,16,11
2021-04-22T23:59:59+02:00,10,3,3871,4286,7412,9887,8695,13939,11766,20368,21216,25609,37151,39333,33310,42775,10953,19484,720,778,1681,2447,2289,3880,3324,6029,6148,6831,7616,6472,20990,27276,9745,17277,184815,114529,29980,8892,95248,68,9,16,10
2021-04-21T23:59:59+02:00,10,3,3843,4254,7285,9809,8513,13768,11432,20079,19952,24406,33941,35618,32826,42072,10891,19358,696,760,1647,2419,2245,3855,3291,5996,6106,6791,7587,6445,20971,27252,9742,17273,173059,114419,29806,8579,95170,64,9,16,10
2021-04-20T23:59:59+02:00,10,3,3809,4227,7180,9740,8299,13611,11065,19781,18857,23256,30629,31967,32353,41473,10832,19249,688,750,1632,2407,2212,3833,3248,5951,6065,6749,7547,6399,20946,27228,9736,17270,161422,114262,29784,8323,95110,62,9,16,10
2021-04-19T23:59:59+02:00,10,3,3790,4210,7106,9702,8181,13501,10809,19595,18192,22592,29756,30837,32061,41107,10790,19174,680,745,1610,2393,2188,3803,3213,5918,6031,6718,7502,6366,20915,27200,9734,17266,156580,114129,29767,8079,95044,60,9,16,10
2021-04-18T23:59:59+02:00,10,3,3787,4204,7090,9688,8166,13483,10774,19570,18104,22510,29634,30712,32033,41085,10787,19166,678,741,1595,2381,2171,3788,3188,5892,6002,6695,7480,6353,20896,27178,9731,17263,156088,114070,29700,7889,94994,59,9,15,10
2021-04-17T23:59:59+02:00,10,3,3786,4202,7088,9686,8163,13483,10768,19563,18091,22499,29611,30699,32031,41083,10787,19166,677,741,1594,2380,2169,3787,3185,5891,6000,6693,7480,6353,20896,27178,9731,17263,156008,114057,29699,7889,94988,58,9,15,10
2021-04-16T23:59:59+02:00,10,3,3619,4164,6743,9557,7795,13296,10370,19317,17639,22224,29410,30540,31949,40994,10772,19147,665,723,1582,2365,2142,3772,3131,5854,5957,6643,7387,6264,20484,26613,9701,17202,155258,112733,29691,7683,92576,55,9,15,10
2021-04-15T23:59:59+02:00,10,3,3518,4085,6390,9184,7218,12795,9594,18481,16313,20993,28213,29245,31429,40352,10692,18972,635,700,1530,2327,2060,3685,3022,5734,5629,6405,6889,5878,19751,25700,9605,17034,149511,109378,29398,7142,88554,50,9,15,10
2021-04-14T23:59:59+02:00,9,3,3464,4035,6154,8945,6887,12418,8972,17930,15195,19960,26802,27738,30798,39476,10584,18777,601,674,1484,2289,1985,3607,2879,5611,5319,6169,6347,5367,18737,24414,9520,16861,142705,105121,29198,6685,86221,44,9,14,10
2021-04-13T23:59:59+02:00,9,3,3432,4003,6062,8868,6738,12289,8669,17683,14393,19268,23449,24177,29865,38295,10480,18605,596,665,1471,2267,1957,3573,2783,5540,5103,5986,5986,5028,18438,24070,9481,16795,131066,103028,29187,6655,86012,43,9,14,9
2021-04-12T23:59:59+02:00,9,3,3410,3982,6012,8811,6650,12205,8451,17488,13776,18739,22447,23025,29440,37737,10411,18483,586,657,1461,2259,1934,3552,2727,5489,4955,5881,5668,4747,18145,23768,9443,16735,125986,101442,29168,6509,85902,43,9,14,9
2021-04-11T23:59:59+02:00,9,3,3404,3976,5994,8787,6622,12188,8411,17465,13687,18678,22317,22876,29389,37672,10402,18458,583,652,1448,2249,1921,3544,2710,5473,4917,5844,5608,4689,17972,23534,9422,16706,125444,100779,29101,6437,85770,43,9,14,9
2021-04-10T23:59:59+02:00,9,3,3396,3975,5971,8786,6600,12187,8390,17464,13662,18676,22312,22873,29385,37671,10402,18458,582,650,1442,2242,1916,3541,2704,5465,4901,5834,5596,4672,17809,23281,9408,16682,125422,100266,29010,6404,85766,43,8,14,9
2021-04-09T23:59:59+02:00,8,3,3358,3963,5923,8774,6541,12170,8351,17437,13611,18630,20358,20465,28904,37056,10372,18409,569,637,1416,2220,1889,3517,2662,5429,4830,5772,5480,4568,17232,22548,9370,16611,124731,98499,23898,6205,85685,35,7,12,9
2021-04-08T23:59:59+02:00,8,3,3334,3944,5853,8742,6466,12131,8261,17373,13467,18511,17765,17400,28380,36392,10335,18359,527,607,1327,2138,1795,3420,2482,5243,4334,5407,4675,3960,15454,20319,9184,16310,123863,91514,18035,5634,84808,24,6,12,9
2021-04-07T23:59:59+02:00,6,3,3256,3916,5643,8692,6259,12071,8052,17298,13206,18416,15100,14333,27703,35594,10305,18306,504,579,1274,2083,1701,3340,2330,5102,3921,5075,3958,3395,14600,19456,9072,16129,123657,87202,16500,5287,77985,21,5,12,9
2021-04-06T23:59:59+02:00,5,3,3228,3906,5597,8674,6189,12048,7965,17261,13132,18345,13111,11970,27071,34880,10292,18276,473,556,1205,2028,1616,3258,2168,4983,3548,4797,3432,2984,13759,18456,8997,16013,123528,83562,16298,4687,72110,17,5,12,7
2021-04-05T23:59:59+02:00,5,3,3226,3903,5561,8660,6152,12036,7920,17245,13060,18309,13065,11924,27060,34864,10291,18273,441,526,1153,1991,1564,3217,2100,4929,3460,4721,3375,2932,13616,18286,8988,15995,123504,83071,16090,4200,71947,17,4,12,7
2021-04-04T23:59:59+02:00,5,3,3225,3901,5561,8658,6150,12035,7919,17242,13060,18309,13062,11924,27059,34864,10291,18273,440,525,1152,1991,1564,3217,2099,4929,3460,4721,3375,2932,13615,18286,8988,15995,123493,83066,16090,4200,71942,17,4,12,7
2021-04-03T23:59:59+02:00,5,3,3224,3901,5561,8657,6150,12035,7919,17242,13060,18309,13062,11923,27058,34861,10291,18273,440,523,1152,1991,1563,3217,2099,4928,3454,4718,3369,2921,13528,18150,8979,15979,123488,82788,16090,4200,71940,17,4,12,7
2021-04-02T23:59:59+02:00,5,3,3224,3898,5558,8652,6146,12026,7910,17230,13035,18278,13015,11871,27030,34843,10288,18269,437,516,1150,1987,1551,3208,2089,4906,3424,4685,3338,2892,12599,16905,8914,15871,123322,80332,16087,4119,71856,17,4,12,5
2021-04-01T23:59:59+02:00,5,3,3209,3884,5519,8632,6079,11993,7839,17195,12923,18207,12900,11745,26972,34767,10279,18254,390,472,1053,1920,1452,3120,1939,4793,3223,4552,3107,2693,10573,14316,8804,15696,123008,74753,15964,3330,71418,17,3,12,5
2021-03-31T23:59:59+02:00,5,3,3208,3871,5502,8598,6046,11957,7797,17150,12843,18138,12785,11620,26921,34707,10271,18245,352,450,1017,1878,1381,3080,1835,4690,2967,4358,2695,2377,8004,11086,8629,15458,122699,67247,15925,2990,71029,16,3,11,5
2021-03-30T23:59:59+02:00,5,3,3200,3860,5477,8570,6014,11926,7758,17110,12766,18072,12699,11482,26884,34660,10266,18235,331,431,994,1846,1321,3045,1711,4610,2721,4186,2326,2129,7122,10000,8563,15331,122569,63935,15893,2714,70512,15,2,11,5
2021-03-29T23:59:59+02:00,5,3,3188,3855,5448,8551,5979,11893,7714,17077,12692,17994,12055,10724,25017,32165,10118,17979,325,429,987,1831,1300,3020,1676,4570,2575,4100,2040,1980,6472,9290,8519,15253,116575,61640,15723,2711,70146,13,2,11,5
2021-03-28T23:59:59+02:00,5,3,3158,3839,5401,8513,5929,11851,7633,17022,12582,17925,11791,10421,23031,29700,10063,17880,324,427,984,1830,1292,3016,1672,4568,2563,4092,2015,1960,6450,9276,8517,15248,116517,61511,10538,2709,69679,13,2,11,3
2021-03-27T23:59:59+01:00,5,3,3146,3835,5362,8502,5893,11836,7586,17007,12536,17878,11757,10378,23027,29692,10063,17880,324,427,984,1830,1292,3016,1671,4566,2561,4090,2013,1958,6401,9201,8484,15199,116449,61294,10537,2709,69387,13,2,11,3
2021-03-26T23:59:59+01:00,5,3,3010,3510,4911,7344,5398,10516,6973,14960,11725,15602,11537,10197,22544,28966,10018,17809,323,423,980,1827,1286,3012,1668,4564,2556,4083,2005,1952,6271,9013,8341,15014,114904,60617,10283,2697,59828,3,2,11,3
2021-03-25T23:59:59+01:00,5,3,2884,3242,4751,6576,5172,9365,6649,13239,11000,13799,10680,9392,21828,28126,9945,17654,318,414,974,1817,1271,2993,1648,4529,2519,4034,1939,1893,5981,8585,8068,14567,112001,58854,9596,2693,52700,2,2,11,3
2021-03-24T23:59:59+01:00,5,3,2836,3198,4675,6515,5038,9259,6443,13068,10489,13394,9848,8571,20817,26871,9849,17473,316,409,966,1811,1254,2982,1633,4505,2472,3977,1870,1817,5618,8113,7657,13901,107998,56621,9249,2679,51095,2,0,10,3
2021-03-23T23:59:59+01:00,5,3,2807,3165,4607,6449,4927,9165,6232,12907,10032,12972,9137,7904,20306,26268,9797,17368,304,396,948,1802,1239,2962,1605,4483,2418,3928,1790,1752,5341,7735,7269,13286,105624,54579,8917,2678,49501,2,0,9,3
2021-03-22T23:59:59+01:00,5,3,2789,3126,4547,6411,4851,9097,6093,12770,9671,12698,8532,7338,19888,25831,9737,17274,302,392,936,1796,1224,2947,1592,4469,2391,3902,1764,1731,5204,7560,6827,12473,104148,52835,8658,2673,47846,2,0,9,2
2021-03-21T23:59:59+01:00,5,3,2782,3111,4502,6389,4800,9060,6001,12702,9483,12510,8226,7080,19720,25664,9725,17249,302,392,935,1796,1222,2947,1591,4468,2388,3902,1757,1725,5195,7555,6797,12416,103948,52730,8428,2656,46627,2,0,9,2
2021-03-20T23:59:59+01:00,5,3,2782,3106,4494,6384,4793,9057,5997,12694,9463,12496,8193,7049,19546,25387,9709,17223,302,392,935,1795,1221,2947,1590,4467,2384,3894,1745,1712,5182,7506,6621,12180,103391,52239,8416,2632,46565,2,0,9,2
2021-03-19T23:59:59+01:00,5,3,2747,3083,4420,6340,4684,9007,5857,12636,9197,12308,7888,6824,19062,24795,9677,17164,302,392,934,1794,1221,2944,1587,4466,2378,3889,1729,1703,5146,7463,6219,11564,102089,51117,8174,2612,45425,2,0,9,2
2021-03-18T23:59:59+01:00,5,3,2681,3010,4257,6204,4435,8801,5499,12327,8291,11638,6624,5810,17812,23435,9529,16939,299,388,929,1784,1207,2931,1548,4450,2311,3842,1651,1661,5074,7356,5489,10456,97199,48806,7631,2570,42461,1,0,9,1
2021-03-17T23:59:59+01:00,5,3,2643,2971,4177,6106,4298,8693,5244,12052,7615,11069,5637,4914,16466,21903,9364,16685,295,387,925,1775,1203,2923,1531,4428,2244,3816,1585,1616,5029,7292,4917,9578,91792,47029,7128,2515,40916,1,0,9,1
2021-03-16T23:59:59+01:00,5,3,2623,2942,4114,6039,4206,8596,5068,11896,7165,10680,4875,4295,15615,20926,9262,16517,291,385,922,1770,1200,2916,1523,4418,2222,3797,1555,1599,4992,7249,4415,8773,88163,45591,7092,2436,39564,1,0,8,1
2021-03-15T23:59:59+01:00,5,3,2620,2931,4098,6021,4175,8570,5018,11849,7048,10566,4729,4135,15297,20516,9233,16458,289,381,921,1764,1193,2909,1509,4409,2200,3774,1515,1582,4932,7175,3838,7913,87397,44007,6996,2297,38871,1,0,8,1
2021-03-14T23:59:59+01:00,5,2,2615,2922,4077,6002,4145,8551,4976,11816,6954,10477,4625,4024,15166,20346,9217,16422,287,380,921,1762,1187,2902,1504,4398,2189,3767,1505,1575,4924,7167,3833,7900,87092,43946,6978,2255,38265,1,0,7,1
2021-03-13T23:59:59+01:00,5,2,2611,2914,4072,5990,4137,8545,4968,11807,6934,10463,4603,3998,14850,19909,9197,16386,287,380,921,1762,1187,2902,1504,4398,2189,3767,1505,1575,4924,7166,3833,7900,86208,43945,6955,2255,38221,1,0,7,1
2021-03-12T23:59:59+01:00,5,2,2548,2838,3961,5820,4018,8323,4830,11507,6756,10193,4450,3860,13928,18653,9136,16284,287,379,919,1759,1187,2899,1502,4393,2188,3760,1497,1573,4916,7147,3831,7885,83745,43868,6893,2254,36469,1,0,5,1
2021-03-11T23:59:59+01:00,4,2,2423,2612,3735,5490,3762,7885,4505,10742,6128,9379,3930,3357,12327,16663,9038,16137,287,378,915,1755,1184,2885,1493,4381,2176,3733,1455,1544,4875,7112,3819,7858,79425,43719,6731,2131,31958,1,0,5,1
2021-03-10T23:59:59+01:00,4,2,2300,2479,3583,5256,3568,7562,4238,10254,5572,8810,3359,2913,10059,13947,8893,15910,284,374,911,1746,1177,2874,1488,4365,2154,3717,1426,1536,4845,7097,3810,7850,73127,43653,6560,2002,29017,0,0,5,1
2021-03-09T23:59:59+01:00,4,2,2273,2426,3517,5170,3454,7473,4067,10059,5180,8459,2880,2556,8550,11931,8791,15761,283,373,911,1740,1170,2865,1484,4357,2146,3706,1412,1531,4837,7092,3807,7848,68269,43612,6410,1951,27869,0,0,5,1
2021-03-08T23:59:59+01:00,4,2,2249,2355,3459,5103,3380,7388,3943,9947,4888,8269,2433,2295,6631,9532,8672,15587,283,369,910,1730,1164,2849,1478,4346,2142,3699,1401,1524,4820,7071,3800,7839,62588,43501,6075,1925,27469,0,0,5,1
2021-03-07T23:59:59+01:00,4,2,2186,2299,3362,4995,3284,7299,3846,9860,4753,8174,2382,2244,6609,9511,8672,15579,283,368,909,1730,1164,2849,1477,4346,2142,3699,1401,1524,4820,7071,3800,7839,62460,43499,5394,1925,27202,0,0,5,0
2021-03-06T23:59:59+01:00,4,2,2178,2286,3350,4986,3280,7294,3837,9851,4742,8171,2380,2242,6563,9441,8640,15530,283,368,908,1726,1163,2848,1477,4343,2138,3694,1400,1519,4814,7066,3798,7830,62251,43452,5334,1925,27187,0,0,5,0
2021-03-05T23:59:59+01:00,4,2,2047,2201,3126,4797,3041,6983,3560,9455,4413,7834,2293,2181,6356,9123,8449,15269,283,366,906,1723,1163,2847,1476,4337,2135,3688,1394,1517,4808,7059,3797,7824,61273,43400,4495,1925,25361,0,0,5,0
2021-03-04T23:59:59+01:00,4,2,1793,1981,2716,4363,2583,6343,2994,8551,3728,7020,2078,2021,6065,8757,8175,14815,280,365,905,1715,1161,2830,1475,4321,2126,3676,1383,1515,4796,7045,3790,7813,59635,43276,3222,1922,21127,0,0,5,0
2021-03-03T23:59:59+01:00,4,2,1721,1893,2609,4179,2450,6115,2854,8265,3542,6755,1996,1944,5727,8284,7822,14236,279,361,905,1705,1159,2807,1471,4297,2121,3661,1359,1504,4791,7039,3786,7806,57634,43131,3079,1922,19680,0,0,5,0
2021-03-02T23:59:59+01:00,4,2,1685,1812,2541,4061,2369,5965,2749,8084,3427,6603,1924,1877,5419,7847,7423,13568,277,356,902,1686,1156,2786,1468,4278,2120,3650,1334,1498,4781,7023,3780,7799,55551,42974,2837,1922,18967,0,0,5,0
2021-03-01T23:59:59+01:00,2,2,1676,1785,2502,3953,2321,5850,2712,7982,3374,6525,1884,1857,5280,7682,6952,12703,276,354,898,1680,1154,2774,1466,4265,2118,3635,1329,1493,4778,7021,3779,7793,53694,42893,2825,1922,18518,0,0,5,0
2021-02-28T23:59:59+01:00,2,2,1659,1748,2467,3882,2291,5795,2669,7902,3347,6477,1878,1853,5272,7677,6917,12644,276,354,897,1680,1154,2774,1466,4264,2118,3634,1329,1493,4778,7020,3779,7793,53572,42890,2823,1921,18082,0,0,5,0
2021-02-27T23:59:59+01:00,2,2,1657,1742,2463,3874,2287,5795,2668,7901,3344,6474,1872,1843,5263,7633,6747,12425,276,354,887,1675,1144,2767,1456,4255,2101,3625,1328,1490,4778,7019,3779,7793,53109,42886,2823,1843,18055,0,0,5,0
2021-02-26T23:59:59+01:00,2,1,1467,1586,2338,3631,2209,5389,2576,7395,3257,6016,1857,1818,5238,7600,6488,12036,275,352,880,1668,1136,2747,1450,4234,2091,3612,1321,1481,4770,7007,3775,7781,52366,42808,2802,1774,15731,0,0,5,0
2021-02-25T23:59:59+01:00,2,1,1250,1309,2118,3196,2035,4632,2379,6449,3016,5116,1768,1746,5187,7521,5919,11196,273,344,874,1608,1102,2652,1417,4123,2035,3537,1284,1461,4730,6966,3757,7729,50498,42346,2788,1548,11550,0,0,4,0
2021-02-24T23:59:59+01:00,2,1,1197,1099,2010,2927,1930,4293,2247,6042,2845,4847,1693,1691,5129,7430,5164,10019,271,338,836,1561,1052,2561,1356,4007,1946,3408,1244,1434,4715,6940,3747,7712,48170,42089,2776,1041,9616,0,0,4,0
2021-02-23T23:59:59+01:00,2,1,1182,1049,1976,2863,1904,4195,2221,5957,2812,4786,1685,1676,5094,7381,4534,8997,271,337,809,1533,1004,2509,1303,3929,1839,3333,1192,1409,4692,6915,3736,7678,46399,41891,2750,600,9162,0,0,4,0
2021-02-22T23:59:59+01:00,2,1,1174,1007,1925,2720,1860,4049,2166,5761,2758,4681,1673,1665,5060,7333,3931,8113,269,327,766,1494,950,2426,1215,3822,1699,3237,1103,1352,4651,6845,3710,7575,44792,41434,2731,9,8353,0,0,3,0
2021-02-21T23:59:59+01:00,2,1,1172,993,1894,2658,1834,3952,2139,5657,2738,4618,1665,1659,5057,7324,3931,8109,267,325,761,1488,942,2394,1213,3786,1686,3197,1094,1337,4635,6820,3688,7534,44739,41160,2720,9,7941,0,0,3,0
2021-02-20T23:59:59+01:00,2,1,1172,993,1894,2657,1833,3952,2139,5657,2736,4613,1656,1650,5053,7318,3929,8106,267,325,761,1487,941,2390,1212,3782,1685,3195,1094,1337,4582,6759,3642,7475,44724,40928,2695,8,7939,0,0,3,0
2021-02-19T23:59:59+01:00,2,1,1172,990,1891,2652,1832,3943,2138,5648,2733,4610,1637,1642,5040,7301,3926,8100,266,324,757,1478,932,2366,1205,3740,1658,3142,1067,1299,4392,6506,3465,7184,44644,39775,2676,8,7935,0,0,3,0
2021-02-18T23:59:59+01:00,2,1,1140,907,1852,2533,1793,3805,2085,5442,2672,4436,1621,1626,5024,7267,3921,8074,238,295,712,1354,883,2161,1119,3403,1541,2847,958,1112,3909,5734,3073,6335,44490,35668,2643,8,7065,0,0,3,0
2021-02-17T23:59:59+01:00,2,1,1091,778,1771,2300,1716,3506,1976,5082,2597,4187,1597,1617,5003,7253,3913,8070,233,292,702,1336,874,2139,1107,3368,1522,2826,952,1109,3529,5211,2781,5914,44448,33889,2587,8,5422,0,0,3,0
2021-02-16T23:59:59+01:00,2,1,1050,742,1713,2196,1648,3335,1905,4875,2519,4081,1562,1603,4976,7232,3904,8058,227,286,688,1302,853,2085,1076,3251,1483,2741,929,1086,3177,4664,2442,5425,44396,31712,2425,5,4578,0,0,3,0
2021-02-15T23:59:59+01:00,2,1,1043,723,1694,2120,1629,3235,1886,4766,2505,4003,1534,1589,4947,7215,3872,8002,215,276,673,1267,834,2035,1056,3185,1441,2676,898,1055,2758,4113,2116,4863,44267,29459,2342,4,4154,0,0,3,0
2021-02-14T23:59:59+01:00,2,1,947,689,1616,2086,1567,3216,1842,4744,2470,3990,1527,1586,4938,7203,3869,7997,208,264,664,1249,815,1995,1040,3119,1411,2608,868,1010,2669,3973,2044,4680,44225,28616,2306,3,3758,0,0,1,0
2021-02-13T23:59:59+01:00,2,1,894,665,1586,2063,1552,3208,1826,4737,2462,3989,1526,1585,4938,7203,3868,7996,206,263,662,1249,815,1991,1040,3117,1410,2606,867,1010,2567,3847,1980,4580,44219,28209,2306,3,3575,0,0,1,0
2021-02-12T23:59:59+01:00,2,1,559,517,1236,1946,1380,3105,1686,4655,2355,3919,1507,1576,4929,7192,3862,7990,194,257,649,1223,801,1947,1014,3032,1354,2507,805,936,2344,3536,1838,4278,44106,26715,2306,2,2004,0,0,1,0
2021-02-11T23:59:59+01:00,2,1,393,440,1046,1833,1278,2986,1587,4541,2267,3830,1400,1532,4867,7143,3841,7943,156,193,549,979,665,1501,813,2361,1074,1916,567,687,1745,2663,1357,3091,43754,20318,2108,1,1067,0,0,1,0
2021-02-10T23:59:59+01:00,2,1,280,368,920,1728,1178,2863,1492,4356,2154,3707,1363,1519,4848,7132,3836,7941,134,131,378,618,492,1012,643,1749,906,1582,546,672,1338,2102,1042,2595,43678,15942,2004,0,5,0,0,1,0
2021-02-09T23:59:59+01:00,2,1,280,367,919,1722,1175,2854,1492,4350,2153,3702,1356,1516,4846,7130,3835,7939,131,129,369,588,473,985,622,1720,881,1551,544,669,958,1637,764,2191,43653,14214,1981,0,4,0,0,1,0
2021-02-08T23:59:59+01:00,2,1,280,365,918,1720,1172,2844,1485,4345,2151,3698,1351,1512,4844,7130,3834,7936,126,123,358,577,465,968,611,1687,863,1525,536,664,566,1150,461,1766,43625,12448,1958,0,4,0,0,1,0
2021-02-07T23:59:59+01:00,2,1,280,365,916,1720,1171,2844,1483,4343,2151,3698,1351,1512,4844,7129,3833,7936,122,120,354,571,464,961,608,1675,853,1509,528,660,565,1140,456,1751,43621,12339,1957,0,0,0,0,1,0
2021-02-06T23:59:59+01:00,2,1,280,365,916,1720,1171,2844,1483,4343,2151,3698,1351,1512,4844,7129,3833,7936,119,117,352,567,463,960,608,1673,853,1508,527,659,565,1140,456,1751,43621,12320,1957,0,0,0,0,1,0
2021-02-05T23:59:59+01:00,2,1,280,364,915,1720,1171,2843,1481,4342,2150,3698,1351,1512,4843,7127,3833,7933,118,109,349,563,455,947,604,1663,839,1485,522,649,559,1124,446,1729,43608,12163,1957,0,0,0,0,1,0
2021-02-04T23:59:59+01:00,2,1,276,359,908,1682,1164,2797,1480,4290,2137,3655,1343,1505,4815,7096,3822,7903,89,72,232,390,331,688,475,1272,628,1115,392,516,469,916,389,1487,43278,9462,1956,0,0,0,0,1,0
2021-02-03T23:59:59+01:00,2,1,274,350,903,1657,1160,2762,1469,4240,2128,3619,1335,1489,4793,7067,3810,7877,55,34,80,166,152,342,232,598,303,544,211,279,273,576,227,944,42979,5017,1956,0,0,0,0,1,0
2021-02-02T23:59:59+01:00,2,1,273,348,902,1645,1156,2743,1466,4208,2121,3593,1327,1483,4786,7054,3803,7855,16,10,25,49,60,97,73,164,97,122,45,75,67,127,51,193,42809,1272,1956,0,0,0,0,1,0
2021-02-01T23:59:59+01:00,2,1,273,343,902,1643,1155,2742,1465,4204,2120,3587,1326,1482,4784,7053,3803,7855,14,9,21,43,51,88,60,136,74,103,39,66,57,117,50,180,42783,1109,1956,0,0,0,0,1,0
2021-01-31T23:59:59+01:00,2,1,273,342,902,1639,1154,2738,1465,4199,2120,3584,1325,1482,4784,7052,3803,7855,13,8,20,38,44,80,54,125,64,97,34,55,47,108,47,174,42763,1009,1956,0,0,0,0,1,0
2021-01-30T23:59:59+01:00,2,1,273,342,897,1636,1146,2730,1457,4193,2116,3581,1325,1482,4731,6992,3757,7796,13,8,20,37,44,80,53,124,64,97,34,55,47,108,47,174,42534,1006,1922,0,0,0,0,1,0
2021-01-29T23:59:59+01:00,2,1,272,341,882,1628,1134,2709,1445,4163,2093,3554,1316,1476,4568,6789,3593,7592,11,8,20,37,41,80,52,122,61,96,32,50,46,108,47,174,41747,986,1810,0,0,0,0,1,0
2021-01-28T23:59:59+01:00,2,1,268,328,863,1541,1094,2599,1408,4063,2023,3479,1289,1464,4234,6319,3330,7239,7,4,9,17,22,39,21,56,36,63,20,32,31,70,37,117,39978,582,1565,0,0,0,0,1,0
2021-01-27T23:59:59+01:00,2,1,262,325,821,1486,1047,2505,1344,3965,1949,3372,1250,1437,3823,5753,3013,6780,3,4,9,8,12,21,8,22,14,29,11,14,15,39,15,56,38022,281,1112,0,0,0,0,1,0
2021-01-26T23:59:59+01:00,2,1,256,316,787,1440,982,2420,1283,3838,1832,3265,1192,1386,3479,5198,2665,6270,1,1,5,3,5,7,4,2,3,8,6,5,3,7,3,8,35947,72,664,0,0,0,0,1,0
2021-01-25T23:59:59+01:00,2,1,246,307,735,1379,921,2301,1182,3693,1672,3145,1113,1356,3086,4686,2356,5804,1,1,5,2,3,7,2,2,3,8,6,5,3,7,3,8,33924,67,61,0,0,0,0,0,0
2021-01-24T23:59:59+01:00,2,1,243,307,729,1375,910,2285,1177,3677,1644,3115,1107,1354,3060,4650,2339,5782,1,1,3,2,3,7,2,2,3,8,6,5,3,7,3,8,33750,65,7,0,0,0,0,0,0
2021-01-23T23:59:59+01:00,2,1,242,306,728,1375,910,2281,1176,3675,1641,3113,1106,1354,2955,4523,2273,5681,1,1,3,2,2,7,2,2,3,8,6,5,3,7,3,8,33336,64,6,0,0,0,0,0,0
2021-01-22T23:59:59+01:00,2,1,241,303,726,1359,908,2268,1170,3661,1637,3109,1104,1353,2796,4329,2171,5539,1,1,3,2,2,7,2,2,3,8,6,5,3,7,3,8,32671,64,6,0,0,0,0,0,0
2021-01-21T23:59:59+01:00,2,1,237,274,663,1203,840,2056,1089,3375,1540,2902,1061,1311,2453,3863,1882,5104,1,0,3,1,2,7,2,2,3,8,6,4,3,7,3,8,29850,61,6,0,0,0,0,0,0
2021-01-20T23:59:59+01:00,2,1,213,210,502,851,664,1566,889,2674,1303,2434,966,1177,1922,3117,1473,4340,1,0,3,1,2,7,2,2,3,6,5,4,3,7,3,8,24298,58,6,0,0,0,0,0,0
2021-01-19T23:59:59+01:00,2,1,186,191,455,744,610,1410,802,2374,1129,2127,799,920,1279,2192,1015,3276,0,0,2,1,0,0,0,0,2,1,1,0,0,0,0,0,19509,7,3,0,0,0,0,0,0
2021-01-18T23:59:59+01:00,1,1,138,136,378,619,487,1056,647,1829,937,1637,592,711,636,1272,513,1970,0,0,1,0,0,0,0,0,1,0,0,0,0,0,0,0,13558,2,2,0,0,0,0,0,0
2021-01-17T23:59:59+01:00,1,1,127,122,364,582,472,991,618,1712,878,1538,543,671,589,1175,471,1827,0,0,0,0,0,0,0,0,0,0,0,0,0,0,0,0,12682,0,0,0,0,0,0,0,0
2021-01-16T23:59:59+01:00,1,1,120,118,361,578,470,980,612,1699,872,1531,542,670,588,1170,467,1815,0,0,0,0,0,0,0,0,0,0,0,0,0,0,0,0,12595,0,0,0,0,0,0,0,0
2021-01-15T23:59:59+01:00,1,1,118,111,358,573,462,964,608,1688,857,1507,536,658,581,1154,459,1793,0,0,0,0,0,0,0,0,0,0,0,0,0,0,0,0,12429,0,0,0,0,0,0,0,0
2021-01-14T23:59:59+01:00,1,1,97,89,275,464,391,785,505,1417,700,1216,418,529,501,960,403,1608,0,0,0,0,0,0,0,0,0,0,0,0,0,0,0,0,10360,0,0,0,0,0,0,0,0
2021-01-13T23:59:59+01:00,1,1,67,49,163,282,255,520,353,924,478,782,258,324,311,635,258,1030,0,0,0,0,0,0,0,0,0,0,0,0,0,0,0,0,6691,0,0,0,0,0,0,0,0
2021-01-12T23:59:59+01:00,1,1,31,21,49,101,113,212,151,383,200,334,135,175,162,352,146,566,0,0,0,0,0,0,0,0,0,0,0,0,0,0,0,0,3133,0,0,0,0,0,0,0,0
2021-01-11T23:59:59+01:00,1,0,18,11,33,64,60,110,77,168,92,125,39,65,60,122,50,181,0,0,0,0,0,0,0,0,0,0,0,0,0,0,0,0,1276,0,0,0,0,0,0,0,0
2021-01-10T23:59:59+01:00,1,0,15,7,27,53,53,98,67,153,76,111,33,55,50,112,46,172,0,0,0,0,0,0,0,0,0,0,0,0,0,0,0,0,1129,0,0,0,0,0,0,0,0
2021-01-09T23:59:59+01:00,1,0,14,7,26,51,52,97,64,152,76,109,33,55,50,112,46,172,0,0,0,0,0,0,0,0,0,0,0,0,0,0,0,0,1117,0,0,0,0,0,0,0,0
2021-01-08T23:59:59+01:00,1,0,11,7,24,48,47,92,60,139,70,105,31,50,49,112,46,172,0,0,0,0,0,0,0,0,0,0,0,0,0,0,0,0,1064,0,0,0,0,0,0,0,0
2021-01-07T23:59:59+01:00,1,0,7,4,9,18,21,40,23,56,38,65,19,33,36,75,36,116,0,0,0,0,0,0,0,0,0,0,0,0,0,0,0,0,597,0,0,0,0,0,0,0,0
2021-01-06T23:59:59+01:00,1,0,7,4,9,15,14,30,15,39,25,53,15,25,30,67,34,101,0,0,0,0,0,0,0,0,0,0,0,0,0,0,0,0,484,0,0,0,0,0,0,0,0
2021-01-05T23:59:59+01:00,1,0,7,4,9,15,14,30,15,39,25,53,15,25,29,67,34,101,0,0,0,0,0,0,0,0,0,0,0,0,0,0,0,0,483,0,0,0,0,0,0,0,0
2021-01-04T23:59:59+01:00,1,0,2,4,8,5,4,14,4,7,6,16,6,5,6,16,4,13,0,0,0,0,0,0,0,0,0,0,0,0,0,0,0,0,121,0,0,0,0,0,0,0,0
2021-01-03T23:59:59+01:00,1,0,1,1,3,2,2,7,3,3,3,9,4,4,3,8,3,8,0,0,0,0,0,0,0,0,0,0,0,0,0,0,0,0,65,0,0,0,0,0,0,0,0
2021-01-02T23:59:59+01:00,1,0,1,1,3,2,2,7,3,3,3,9,4,4,3,8,3,8,0,0,0,0,0,0,0,0,0,0,0,0,0,0,0,0,65,0,0,0,0,0,0,0,0
2021-01-01T23:59:59+01:00,1,0,1,1,3,2,2,7,2,3,3,9,4,4,3,8,3,8,0,0,0,0,0,0,0,0,0,0,0,0,0,0,0,0,64,0,0,0,0,0,0,0,0
2020-12-31T23:59:59+01:00,1,0,1,1,3,1,2,7,2,2,3,8,4,4,3,8,3,8,0,0,0,0,0,0,0,0,0,0,0,0,0,0,0,0,61,0,0,0,0,0,0,0,0
2020-12-30T23:59:59+01:00,1,0,1,1,3,1,2,7,2,2,3,6,4,4,3,8,3,8,0,0,0,0,0,0,0,0,0,0,0,0,0,0,0,0,59,0,0,0,0,0,0,0,0
2020-12-29T23:59:59+01:00,1,0,1,1,2,1,2,6,2,2,3,6,2,2,2,8,2,7,0,0,0,0,0,0,0,0,0,0,0,0,0,0,0,0,50,0,0,0,0,0,0,0,0
2020-12-28T23:59:59+01:00,1,0,0,0,2,1,0,2,1,0,1,3,0,1,0,1,1,4,0,0,0,0,0,0,0,0,0,0,0,0,0,0,0,0,18,0,0,0,0,0,0,0,0
2020-12-27T23:59:59+01:00,0,0,0,0,0,0,0,1,1,0,1,2,0,1,0,1,1,4,0,0,0,0,0,0,0,0,0,0,0,0,0,0,0,0,12,0,0,0,0,0,0,0,0
