Datum,<24_1_m,<24_1_w,25-34_1_m,25-34_1_w,35-44_1_m,35-44_1_w,45-54_1_m,45-54_1_w,55-64_1_m,55-64_1_w,65-74_1_m,65-74_1_w,75-84_1_m,75-84_1_w,>84_1_m,>84_1_w,<24_2_m,<24_2_w,25-34_2_m,25-34_2_w,35-44_2_m,35-44_2_w,45-54_2_m,45-54_2_w,55-64_2_m,55-64_2_w,65-74_2_m,65-74_2_w,75-84_2_m,75-84_2_w,>84_2_m,>84_2_w,bp_1,bp_2,mo_1,mo_2,az_1,az_2,ja
2021-06-30T23:59:59+02:00,25613,24161,40627,34728,46791,43972,61822,61197,78794,77915,56786,60784,37827,48650,11825,21100,7160,6943,14297,13811,17775,19638,40939,42785,63719,65004,51322,54833,35452,45578,11243,20016,533170,370518,78105,45540,108919,82059,12398
2021-06-29T23:59:59+02:00,25055,23562,40150,34329,46405,43576,61574,60932,78597,77741,56716,60721,37799,48607,11819,21081,6898,6651,13707,13344,16737,18770,37135,39530,62487,63866,50873,54370,35324,45413,11217,19975,529292,356729,78096,45345,108919,81866,12357
2021-06-28T23:59:59+02:00,24693,23141,39701,33947,45990,43212,61340,60685,78411,77589,56646,60654,37770,48580,11818,21067,6593,6332,13058,12852,15742,17946,33504,36505,61384,62856,50525,53984,35233,45265,11194,19940,527582,348166,76412,40695,108919,81721,12331
2021-06-27T23:59:59+02:00,24589,23039,39635,33887,45937,43155,61312,60652,78381,77563,56631,60645,37764,48573,11817,21062,6503,6258,12832,12714,15325,17712,32678,35866,61135,62659,50436,53915,35215,45243,11192,19936,527005,345293,76408,40435,108913,81575,12316
2021-06-26T23:59:59+02:00,24582,23034,39629,33884,45936,43154,61312,60651,78381,77563,56631,60645,37764,48573,11817,21062,6500,6251,12826,12701,15319,17705,32674,35866,61128,62657,50434,53909,35215,45243,11192,19935,526981,345230,76408,40435,108913,81574,12316
2021-06-25T23:59:59+02:00,24445,22897,39544,33798,45854,43083,61268,60604,78333,77540,56620,60631,37761,48570,11816,21060,6404,6140,12718,12572,15183,17546,31961,35214,60744,62338,50357,53826,35207,45222,11189,19934,526191,342258,76408,40423,108910,81559,12315
2021-06-24T23:59:59+02:00,23992,22417,39193,33492,45504,42780,61068,60410,78173,77405,56566,60575,37739,48540,11812,21051,6068,5844,12162,12112,14487,16870,28680,32512,58483,60512,49791,53244,35075,45018,11171,19887,523252,328590,76358,40159,108908,80968,12199
2021-06-23T23:59:59+02:00,23265,21693,38636,32915,44869,42085,60707,60026,77930,77157,56465,60445,37695,48489,11802,21032,5914,5655,11793,11771,13987,16352,25333,29762,56851,59002,49273,52715,34959,44844,11150,19844,517814,319248,76303,37234,108906,80535,12188
2021-06-22T23:59:59+02:00,22789,21197,38240,32505,44443,41626,60437,59744,77731,76923,56372,60338,37658,48417,11789,21010,5725,5520,11480,11512,13571,15982,21024,26250,54789,57316,48680,52115,34782,44632,11130,19800,514070,304980,76177,37182,108901,80075,12071
2021-06-21T23:59:59+02:00,22506,20922,37997,32281,44205,41352,60254,59536,77601,76786,56320,60258,37635,48379,11780,20995,5597,5412,11175,11318,13237,15730,19488,25030,53883,56553,46479,49680,34186,43914,11107,19743,512070,299742,75974,37112,108887,73802,11876
2021-06-20T23:59:59+02:00,22189,20611,37704,32013,43920,41099,60107,59371,77469,76645,56273,60219,37615,48363,11777,20988,5544,5368,11045,11232,13083,15605,19099,24709,53621,56376,44957,47861,33682,43339,11088,19726,509721,299131,75897,36368,108876,68967,11869
2021-06-19T23:59:59+02:00,22182,20599,37689,32009,43917,41095,60101,59368,77467,76642,56270,60219,37615,48362,11777,20988,5538,5359,11041,11229,13074,15599,19092,24701,53608,56364,44948,47851,33681,43339,11088,19726,509663,299048,75892,36365,108876,68956,11869
2021-06-18T23:59:59+02:00,22071,20477,37623,31955,43842,41010,60046,59324,77425,76600,56248,60199,37610,48349,11776,20987,5443,5195,10746,10695,12703,15021,18555,23689,52759,55074,44744,47689,33653,43292,11082,19714,508917,297488,75886,36364,108871,64334,11868
2021-06-17T23:59:59+02:00,21280,19681,36881,31323,43061,40258,59641,58957,77134,76345,56130,60072,37562,48282,11763,20963,5252,4985,10368,10151,12192,14255,17637,22341,51211,53164,43619,46368,33347,42904,11035,19633,502962,290342,75822,36237,108865,60199,11684
2021-06-16T23:59:59+02:00,20384,18657,35895,30397,42061,39292,59105,58478,76748,76037,55991,59920,37506,48195,11753,20940,5068,4833,9865,9834,11468,13766,16102,21061,47378,49643,41884,44374,32887,42338,10972,19506,495653,274321,75282,36039,108854,59049,11570
2021-06-15T23:59:59+02:00,19461,17705,34989,29550,41139,38414,58671,58043,76419,75717,55853,59757,37451,48128,11739,20907,4864,4709,9352,9582,10770,13301,14601,19879,43147,45594,40344,42537,32411,41720,10905,19378,488503,257279,75167,36005,108847,58384,11426
2021-06-14T23:59:59+02:00,18241,16385,33740,28283,39686,37010,58089,57486,76030,75377,55726,59619,37406,48057,11730,20892,4739,4616,9013,9378,10300,12990,13440,18878,40530,43062,39276,41398,32123,41320,10873,19293,478805,246196,74730,35982,108842,57671,11380
2021-06-13T23:59:59+02:00,17700,15943,33261,27877,39197,36629,57875,57304,75884,75275,55699,59580,37384,48035,11727,20883,4654,4568,8869,9307,10138,12922,12836,18424,40063,42670,39043,41176,32063,41235,10867,19279,475734,245241,74429,34559,108836,57060,11254
2021-06-12T23:59:59+02:00,17698,15925,33249,27868,39190,36624,57871,57302,75880,75273,55698,59578,37383,48035,11727,20883,4647,4563,8859,9302,10128,12916,12825,18411,39882,42524,39020,41161,32059,41233,10867,19278,475670,244814,74425,34559,108836,57049,11253
2021-06-11T23:59:59+02:00,17613,15868,33102,27800,39018,36571,57751,57265,75810,75249,55686,59573,37381,48033,11727,20882,4565,4369,8699,8745,9934,12198,12591,17344,39395,41235,38866,41030,32041,41199,10865,19276,475337,244327,74016,34557,108730,52222,11246
2021-06-10T23:59:59+02:00,16763,15135,31690,26894,37778,35667,57072,56808,75404,74982,55597,59482,37342,47991,11716,20864,4311,4177,8147,8259,9255,11448,11861,16287,36563,38217,38070,40235,31875,41019,10849,19246,471476,237322,71060,34428,108450,47870,10199
2021-06-09T23:59:59+02:00,15961,14407,30416,25997,36563,34788,56503,56423,75064,74755,55516,59377,37315,47947,11703,20844,4131,4025,7791,8073,8799,11232,11250,15916,31534,33409,36587,38721,31632,40751,10828,19196,466842,223568,68627,34305,108409,46301,9701
2021-06-08T23:59:59+02:00,15016,13527,29044,24913,35201,33780,55890,56024,74773,74547,55443,59305,37293,47917,11699,20834,4051,3962,7641,7961,8648,11120,10961,15715,28743,30621,35639,37794,31472,40556,10804,19164,462291,216167,65197,34249,108369,45087,9349
2021-06-07T23:59:59+02:00,14381,12927,27687,24108,34055,33005,55418,55771,74536,74443,55410,59268,37277,47907,11699,20830,3960,3889,7448,7840,8348,10990,10596,15472,24445,26266,34190,36277,31252,40290,10776,19135,459181,204471,62202,34186,108336,43514,9003
2021-06-06T23:59:59+02:00,14058,12734,26906,23690,33408,32588,55112,55609,74383,74378,55391,59245,37262,47898,11697,20829,3894,3853,7301,7795,8193,10909,10286,15272,21655,23426,33199,35215,31115,40138,10769,19120,458051,201709,60157,29029,108313,42735,8667
2021-06-05T23:59:59+02:00,14029,12705,26864,23649,33381,32570,55107,55600,74379,74372,55387,59240,37257,47896,11697,20829,3874,3840,7266,7773,8146,10892,10225,15231,20239,21883,32408,34344,31045,40056,10765,19113,457938,196769,60052,29026,108305,42638,8667
2021-06-04T23:59:59+02:00,13796,12442,26554,23337,33044,32259,55049,55519,74340,74352,55378,59235,37256,47894,11697,20828,3844,3813,7189,7695,8089,10816,10146,15111,20132,21765,32335,34290,31014,40019,10762,19110,456050,196690,59990,29014,108273,41759,8667
2021-06-03T23:59:59+02:00,13216,11955,25521,22654,31914,31515,54563,55189,74026,74158,55310,59158,37222,47864,11691,20812,3716,3722,6918,7527,7809,10644,9821,14876,18265,19915,30372,32005,30741,39688,10739,19061,451756,188165,58493,28995,108259,40399,8260
2021-06-02T23:59:59+02:00,12520,11190,24532,21761,30783,30567,54302,54928,73836,74021,55259,59080,37206,47843,11683,20805,3682,3702,6862,7473,7753,10598,9738,14786,17745,19370,28447,29844,30642,39544,10732,19050,445491,182657,58316,28994,108257,40065,8252
2021-06-01T23:59:59+02:00,11381,10294,22407,20337,28259,28682,52896,53868,72833,73248,54960,58763,37087,47672,11649,20746,3455,3530,6367,7169,7152,10185,8889,14190,15824,17574,24694,25639,29964,38669,10656,18898,436046,168820,53867,28858,108219,38227,6950
2021-05-31T23:59:59+02:00,10521,9627,20571,19169,26221,27181,51796,53022,72133,72707,54747,58509,37014,47573,11635,20710,3317,3382,6034,6926,6754,9888,8355,13840,14774,16607,23516,24291,29586,38188,10596,18806,429301,163157,49512,28826,108201,36755,6122
2021-05-30T23:59:59+02:00,10168,9280,19847,18673,25524,26603,51463,52744,71906,72515,54674,58434,36990,47546,11627,20702,3135,3192,5682,6659,6465,9646,8138,13639,14513,16336,23223,23978,29476,38081,10581,18778,426753,162333,49108,28768,108171,35757,4664
2021-05-29T23:59:59+02:00,10152,9268,19830,18646,25506,26578,51452,52740,71901,72505,54672,58429,36989,47546,11626,20702,3133,3184,5679,6655,6460,9644,8131,13631,14503,16332,23212,23971,29472,38076,10580,18777,426599,162266,49108,28766,108171,35744,4664
2021-05-28T23:59:59+02:00,10087,9172,19695,18478,25248,26350,51296,52563,71755,72375,54635,58378,36976,47527,11623,20689,3089,3107,5589,6517,6361,9449,8021,13363,14311,16056,23062,23819,29419,38013,10573,18769,424959,161887,49071,28765,108154,34203,4663
2021-05-27T23:59:59+02:00,8828,7969,17300,16665,22478,24207,50208,51751,71089,71890,54438,58162,36886,47433,11611,20660,2792,2774,4753,5894,5472,8675,7234,12382,13195,14870,22088,22800,29044,37572,10518,18682,413073,158105,48118,28501,108021,29776,2363
2021-05-26T23:59:59+02:00,8429,7553,16423,15867,21297,23201,49612,51206,70681,71516,54292,58002,36820,47359,11601,20630,2607,2600,4386,5565,4999,8170,6759,11738,12231,13897,21193,21773,28733,37130,10472,18597,407530,154277,47391,28415,107954,26544,1614
2021-05-25T23:59:59+02:00,7857,6957,15187,14985,19854,22032,49135,50807,70435,71334,54224,57920,36798,47334,11597,20621,2532,2497,4199,5435,4756,7943,6485,11433,11677,13369,19076,19636,28365,36600,10437,18548,400795,148691,47150,28402,107911,24674,1221
2021-05-24T23:59:59+02:00,7772,6855,14964,14862,19566,21855,49034,50688,70392,71296,54223,57914,36797,47333,11595,20618,2489,2436,4116,5270,4664,7700,6362,11152,11539,13129,18963,19526,28315,36554,10430,18537,399658,148549,47074,28360,107825,23066,1207
2021-05-23T23:59:59+02:00,7755,6843,14929,14847,19512,21828,49025,50686,70388,71290,54222,57912,36797,47332,11595,20618,2487,2432,4109,5265,4655,7696,6358,11140,11518,13107,18826,19335,28284,36515,10428,18535,399479,148074,47074,28358,107825,23057,1201
2021-05-22T23:59:59+02:00,7752,6835,14919,14835,19503,21822,49025,50684,70385,71290,54222,57911,36797,47332,11595,20618,2484,2425,4102,5259,4653,7696,6355,11137,11509,13104,18814,19329,28283,36515,10428,18535,399427,148038,47074,28358,107825,23033,1199
2021-05-21T23:59:59+02:00,7677,6738,14790,14703,19299,21664,48786,50452,70243,71184,54195,57885,36790,47325,11590,20612,2413,2342,4017,5119,4550,7483,6234,10841,11344,12819,18754,19272,28269,36492,10426,18534,397865,147823,47072,28358,107800,21532,1196
2021-05-20T23:59:59+02:00,7403,6446,14216,14180,18365,20791,46111,48108,69103,70221,53845,57529,36683,47188,11558,20583,2152,2179,3657,4755,4112,6935,5685,10011,10262,11729,17489,17998,27765,35895,10353,18387,386940,142622,46911,28066,107498,17695,981
2021-05-19T23:59:59+02:00,7164,6225,13554,13704,17102,19798,42142,44629,67624,68925,53395,57008,36523,46966,11523,20531,2076,1980,3494,4415,3869,6414,5246,9333,9281,10620,16014,16367,27073,34985,10229,18179,372236,135501,46345,27922,107270,15190,962
2021-05-18T23:59:59+02:00,6968,6048,13017,13278,16009,18940,37424,40614,66173,67610,52842,56468,36378,46747,11481,20474,2030,1851,3356,4228,3684,6102,4915,8855,8420,9751,14441,14643,26367,34138,10138,18004,356173,128903,46285,27361,107116,13762,897
2021-05-17T23:59:59+02:00,6834,5952,12694,13031,15518,18549,35247,38752,65337,66830,52574,56158,36299,46639,11466,20437,1962,1793,3168,4049,3468,5874,4594,8486,7645,9055,11197,10646,25460,32992,10055,17833,352463,123724,42022,21295,107038,12464,794
2021-05-16T23:59:59+02:00,6772,5869,12571,12877,15345,18380,34759,38283,65152,66661,52519,56099,36289,46614,11461,20432,1905,1696,3067,3925,3389,5772,4489,8342,7465,8869,9014,8061,24980,32311,10021,17776,350994,122593,41518,15968,107004,11954,567
2021-05-15T23:59:59+02:00,6767,5860,12565,12871,15341,18376,34754,38281,65150,66659,52519,56098,36289,46614,11461,20432,1904,1695,3064,3919,3385,5769,4484,8339,7463,8866,9012,8059,24979,32311,10021,17776,350953,122563,41518,15968,107002,11951,564
2021-05-14T23:59:59+02:00,6572,5764,12322,12809,15114,18287,33781,37498,64617,66253,52424,56011,36272,46581,11459,20427,1790,1608,2953,3849,3328,5661,4434,8194,7417,8740,9007,8054,24978,32311,10021,17775,347607,122511,41487,15964,106544,11092,553
2021-05-13T23:59:59+02:00,6322,5577,11915,12559,14549,17840,30257,34712,62143,64180,51794,55337,36135,46361,11447,20379,1746,1570,2896,3773,3296,5569,4392,8090,7336,8621,8970,7996,24958,32270,10016,17771,333638,122267,41264,15941,106115,10572,490
2021-05-12T23:59:59+02:00,6306,5555,11843,12495,14441,17734,29625,34138,61638,63730,51622,55164,36099,46316,11440,20366,1746,1567,2895,3773,3293,5569,4391,8088,7334,8615,8963,7993,24958,32268,10016,17770,330658,122247,41254,15931,106110,10571,490
2021-05-11T23:59:59+02:00,5984,5422,11401,12219,13902,17351,25372,30657,59265,61729,50968,54489,35912,46070,11418,20303,1704,1450,2791,3513,3173,5193,4252,7643,7182,8291,8880,7912,24929,32228,10012,17759,315766,122010,41200,15741,105129,8794,367
2021-05-10T23:59:59+02:00,5857,5349,11239,12104,13684,17183,21913,27903,58023,60617,50606,54139,35820,45948,11403,20272,1668,1355,2707,3284,3072,4862,4144,7153,7064,7857,8843,7857,24917,32207,10010,17755,305878,121883,41039,15593,104839,6975,304
2021-05-09T23:59:59+02:00,5779,5317,11155,12041,13584,17102,20314,26726,57558,60236,50504,54041,35794,45907,11396,20267,1651,1335,2649,3160,3021,4721,4099,7033,7003,7759,8831,7843,24910,32201,10009,17755,305315,121822,37475,15549,104640,6318,291
2021-05-08T23:59:59+02:00,5775,5314,11144,12037,13575,17093,20307,26720,57549,60231,50501,54033,35790,45904,11394,20264,1650,1335,2649,3158,3021,4721,4096,7030,7002,7758,8830,7843,24909,32199,10009,17755,305226,121807,37474,15549,104640,6318,291
2021-05-07T23:59:59+02:00,5735,5279,11080,11988,13469,17017,19852,26362,56554,59422,50373,53902,35762,45874,11391,20250,1546,1291,2570,3114,2981,4693,4063,7006,6980,7726,8824,7835,24907,32198,10009,17754,302069,121776,37458,15543,104497,5892,286
2021-05-06T23:59:59+02:00,5482,5167,10570,11682,12770,16565,18569,25380,52315,55785,49190,52531,35432,45476,11338,20148,1322,1159,2335,2942,2811,4527,3910,6806,6827,7570,8743,7756,24885,32161,10006,17746,287021,121487,37271,15405,103951,4457,157
2021-05-05T23:59:59+02:00,5221,5068,10076,11448,12016,16118,17240,24405,47951,51656,47526,50615,34995,44906,11263,20025,1278,1064,2273,2814,2728,4347,3817,6568,6718,7371,8631,7663,24826,32087,10000,17730,269879,121014,37044,15362,103563,3496,43
2021-05-04T23:59:59+02:00,5138,4984,9762,11237,11568,15729,16266,23538,46085,49632,46465,49311,34624,44418,11195,19915,1266,1045,2245,2773,2688,4261,3765,6461,6646,7295,8589,7624,24805,32071,9999,17725,259542,120797,37021,15301,103284,3140,20
2021-05-03T23:59:59+02:00,5034,4898,9416,11070,11107,15468,15207,22675,44517,48017,45589,48364,34403,44080,11167,19824,1251,1021,2214,2743,2647,4198,3717,6407,6572,7242,8020,6935,23070,29753,9861,17489,250554,115007,37011,15219,103259,2902,12
2021-05-02T23:59:59+02:00,4973,4878,9302,11034,10963,15407,14595,22186,43999,47608,45448,48198,34354,44018,11160,19813,1247,1016,2198,2741,2634,4190,3689,6395,6552,7229,7830,6693,21113,27355,9815,17401,249345,114990,35379,10240,103205,2861,7
2021-05-01T23:59:59+02:00,4973,4876,9297,11029,10960,15405,14591,22182,43997,47604,45447,48198,34354,44018,11160,19813,1246,1016,2198,2741,2634,4190,3688,6395,6550,7229,7830,6692,21113,27355,9815,17401,249314,114986,35379,10240,103204,2860,7
2021-04-30T23:59:59+02:00,4926,4854,9230,11014,10905,15380,14516,22156,42514,46192,45111,47866,34317,43966,11155,19803,1037,922,2000,2653,2535,4130,3605,6335,6488,7171,7823,6675,21112,27353,9815,17401,245327,114979,35379,10238,103192,1831,7
2021-04-29T23:59:59+02:00,4683,4771,8762,10864,10301,15210,13831,21950,37594,41883,44102,46840,34196,43848,11151,19772,858,845,1828,2575,2449,4064,3496,6265,6416,7121,7801,6656,21107,27347,9815,17401,231618,114939,35277,10136,102856,962,7
2021-04-28T23:59:59+02:00,4508,4736,8512,10780,9951,15121,13475,21796,32960,37388,42857,45589,34070,43701,11136,19754,817,816,1792,2529,2416,3988,3460,6156,6367,7029,7782,6638,21095,27334,9811,17394,218422,114856,35260,10088,102645,473,7
2021-04-27T23:59:59+02:00,4278,4521,8171,10332,9569,14541,13010,21156,31834,36260,42577,45306,34054,43673,11132,19751,792,802,1758,2506,2398,3970,3443,6138,6333,7003,7770,6629,21090,27329,9808,17388,215701,114799,35250,10059,99207,292,7
2021-04-26T23:59:59+02:00,4257,4493,8096,10296,9463,14485,12863,21098,27424,31882,41360,44087,33975,43573,11119,19741,759,792,1729,2488,2368,3949,3419,6118,6281,6958,7723,6580,21060,27299,9808,17381,203837,114599,35241,10016,99127,90,7
2021-04-25T23:59:59+02:00,4234,4480,8063,10269,9400,14455,12771,21052,25456,29843,40660,43328,33929,43515,11115,19736,747,785,1717,2474,2352,3935,3393,6097,6248,6928,7701,6560,21043,27278,9807,17377,203173,114575,30135,9773,98992,88,6
2021-04-24T23:59:59+02:00,4216,4469,8033,10240,9360,14439,12722,21030,23955,28185,39903,42492,33864,43439,11112,19730,746,784,1714,2472,2351,3932,3393,6093,6248,6925,7699,6558,21042,27278,9807,17377,198124,114555,30135,9772,98924,86,6
2021-04-23T23:59:59+02:00,3950,4317,7566,9943,8930,14083,12162,20628,23477,27888,39820,42431,33843,43405,11106,19723,732,774,1697,2459,2331,3916,3370,6071,6226,6906,7685,6540,21037,27267,9807,17376,197781,114540,30120,9574,95365,74,6
2021-04-22T23:59:59+02:00,3857,4261,7376,9827,8652,13890,11719,20300,21156,25533,37064,39192,33315,42734,11035,19602,719,765,1669,2430,2273,3860,3296,6000,6115,6811,7606,6454,20982,27223,9804,17361,184772,114419,29931,8872,94804,71,6
2021-04-21T23:59:59+02:00,3829,4230,7249,9749,8472,13720,11386,20011,19897,24333,33854,35488,32829,42031,10972,19474,695,747,1635,2402,2229,3836,3264,5967,6074,6773,7578,6427,20963,27199,9800,17357,173030,114314,29759,8559,94729,67,6
2021-04-20T23:59:59+02:00,3795,4204,7145,9680,8261,13565,11021,19713,18804,23186,30544,31854,32351,41432,10913,19362,688,737,1620,2390,2196,3814,3223,5921,6032,6730,7538,6381,20938,27175,9794,17354,161415,114156,29737,8304,94672,65,6
2021-04-19T23:59:59+02:00,3776,4187,7071,9643,8143,13456,10766,19527,18139,22524,29670,30726,32060,41065,10871,19287,680,732,1598,2376,2171,3784,3188,5888,5998,6699,7493,6348,20907,27147,9792,17350,156579,114023,29720,8059,94606,63,6
2021-04-18T23:59:59+02:00,3773,4181,7055,9629,8128,13437,10731,19503,18051,22442,29548,30602,32032,41043,10868,19279,678,728,1583,2364,2154,3769,3164,5862,5969,6676,7471,6335,20888,27125,9789,17347,156087,113964,29652,7870,94557,62,6
2021-04-17T23:59:59+02:00,3772,4179,7053,9627,8125,13437,10726,19496,18039,22433,29526,30589,32030,41041,10868,19279,677,728,1582,2363,2153,3768,3161,5861,5967,6674,7471,6335,20888,27125,9789,17347,156012,113951,29651,7870,94551,62,6
2021-04-16T23:59:59+02:00,3605,4141,6710,9497,7761,13250,10329,19251,17589,22160,29328,30430,31948,40952,10853,19260,665,712,1570,2348,2126,3753,3107,5825,5925,6624,7378,6246,20475,26560,9759,17286,155262,112628,29643,7666,92153,59,6
2021-04-15T23:59:59+02:00,3505,4062,6360,9128,7187,12751,9555,18418,16264,20933,28130,29138,31426,40311,10774,19084,635,689,1518,2309,2044,3666,3000,5705,5596,6387,6883,5861,19750,25653,9662,17118,149522,109288,29349,7128,88149,54,6
2021-04-14T23:59:59+02:00,3449,4012,6125,8890,6855,12376,8935,17868,15154,19904,26717,27640,30795,39433,10666,18889,600,664,1471,2272,1970,3588,2858,5581,5288,6149,6336,5347,18738,24370,9576,16941,142723,105020,29149,6675,85830,48,6
2021-04-13T23:59:59+02:00,3418,3981,6033,8814,6706,12249,8633,17623,14353,19211,23373,24089,29863,38252,10561,18714,595,655,1458,2250,1943,3555,2762,5510,5071,5966,5975,5012,18438,24025,9536,16876,131105,102929,29139,6645,85623,47,6
2021-04-12T23:59:59+02:00,3396,3961,5982,8759,6621,12166,8415,17428,13738,18683,22371,22941,29441,37693,10492,18589,586,647,1448,2242,1920,3534,2706,5459,4922,5862,5660,4733,18143,23722,9498,16816,126034,101346,29123,6499,85513,47,6
2021-04-11T23:59:59+02:00,3390,3954,5965,8735,6593,12149,8375,17405,13648,18622,22242,22794,29389,37628,10482,18563,583,642,1435,2232,1908,3526,2689,5443,4886,5825,5601,4675,17970,23488,9477,16786,125491,100685,29057,6428,85380,47,6
2021-04-10T23:59:59+02:00,3382,3953,5942,8735,6571,12148,8355,17404,13625,18620,22237,22791,29385,37627,10482,18563,582,640,1428,2227,1903,3523,2683,5435,4870,5815,5588,4658,17809,23237,9463,16762,125469,100176,28968,6394,85377,47,6
2021-04-09T23:59:59+02:00,3343,3941,5894,8723,6514,12132,8320,17377,13574,18575,20287,20388,28903,37012,10452,18514,568,627,1403,2205,1877,3500,2641,5399,4797,5753,5473,4557,17232,22505,9425,16691,124782,98413,23865,6195,85296,39,6
2021-04-08T23:59:59+02:00,3319,3923,5825,8692,6441,12093,8231,17314,13428,18457,17701,17329,28381,36346,10414,18464,526,597,1316,2124,1783,3404,2463,5214,4303,5389,4673,3950,15454,20283,9238,16386,123919,91447,18013,5622,84421,29,5
2021-04-07T23:59:59+02:00,3240,3895,5615,8643,6235,12037,8024,17246,13167,18364,15044,14271,27703,35551,10384,18411,503,569,1264,2068,1689,3324,2313,5074,3895,5056,3955,3387,14605,19420,9126,16202,123711,87145,16480,5276,77635,25,4
2021-04-06T23:59:59+02:00,3212,3885,5569,8625,6166,12014,7937,17208,13093,18293,13065,11916,27070,34838,10371,18381,472,547,1196,2013,1604,3242,2151,4957,3526,4781,3431,2979,13765,18422,9050,16087,123584,83523,16278,4675,71777,21,4
2021-04-05T23:59:59+02:00,3210,3882,5533,8612,6129,12002,7892,17193,13021,18257,13019,11870,27059,34822,10370,18378,440,517,1144,1976,1552,3201,2083,4904,3439,4705,3375,2929,13622,18251,9041,16069,123562,83036,16070,4188,71614,21,3
2021-04-04T23:59:59+02:00,3209,3881,5533,8611,6128,12002,7891,17190,13021,18257,13016,11870,27058,34822,10370,18378,439,516,1143,1976,1552,3201,2083,4904,3439,4705,3375,2929,13621,18251,9041,16069,123555,83032,16070,4188,71609,21,3
2021-04-03T23:59:59+02:00,3208,3881,5533,8610,6128,12002,7891,17190,13021,18257,13015,11869,27057,34819,10370,18378,439,515,1143,1976,1551,3201,2083,4903,3433,4702,3370,2918,13534,18115,9032,16053,123549,82756,16070,4188,71607,21,3
2021-04-02T23:59:59+02:00,3208,3878,5530,8605,6124,11993,7882,17178,12996,18226,12969,11818,27030,34801,10367,18374,436,508,1141,1972,1540,3193,2073,4881,3403,4669,3339,2889,12607,16870,8966,15945,123386,80301,16067,4107,71523,21,3
2021-04-01T23:59:59+02:00,3193,3864,5492,8585,6059,11960,7811,17143,12882,18156,12852,11693,26971,34725,10358,18359,389,465,1044,1905,1442,3106,1923,4769,3208,4536,3113,2692,10599,14290,8856,15769,123068,74762,15944,3320,71088,21,3
2021-03-31T23:59:59+02:00,3192,3850,5474,8551,6027,11924,7770,17099,12802,18088,12739,11570,26920,34665,10350,18350,351,444,1008,1863,1372,3066,1819,4666,2953,4339,2702,2378,8027,11067,8681,15531,122764,67266,15905,2978,70699,20,3
2021-03-30T23:59:59+02:00,3185,3840,5449,8523,5995,11893,7732,17059,12725,18022,12654,11432,26883,34618,10344,18340,331,425,986,1831,1313,3031,1697,4586,2707,4168,2334,2129,7142,9985,8617,15407,122634,63964,15876,2704,70182,19,2
2021-03-29T23:59:59+02:00,3174,3836,5423,8505,5959,11861,7690,17027,12653,17947,12015,10675,25020,32126,10196,18084,325,423,979,1816,1292,3007,1662,4546,2562,4081,2048,1978,6493,9275,8573,15329,116651,61669,15707,2701,69831,17,2
2021-03-28T23:59:59+02:00,3144,3820,5376,8468,5910,11820,7609,16972,12544,17880,11751,10374,23039,29666,10141,17985,324,421,977,1815,1285,3004,1658,4544,2550,4073,2023,1958,6471,9261,8571,15324,116592,61542,10535,2698,69370,17,2
2021-03-27T23:59:59+01:00,3133,3816,5337,8458,5874,11807,7562,16957,12499,17833,11717,10331,23035,29659,10141,17985,324,421,977,1815,1285,3004,1657,4542,2548,4071,2021,1956,6422,9185,8538,15275,116526,61324,10534,2698,69082,17,2
2021-03-26T23:59:59+01:00,2997,3492,4890,7305,5379,10489,6950,14912,11691,15570,11498,10150,22551,28933,10096,17914,323,417,972,1812,1280,3000,1654,4540,2543,4064,2013,1950,6292,8998,8393,15089,114980,60646,10280,2686,59555,6,2
2021-03-25T23:59:59+01:00,2870,3223,4730,6540,5152,9338,6626,13197,10961,13774,10644,9350,21834,28095,10020,17758,318,409,966,1802,1266,2981,1634,4505,2506,4015,1947,1891,6002,8570,8118,14642,112073,58882,9589,2683,52448,5,2
2021-03-24T23:59:59+01:00,2823,3181,4656,6481,5019,9233,6423,13027,10456,13371,9817,8531,20827,26842,9924,17576,316,404,958,1796,1249,2970,1619,4482,2460,3958,1878,1815,5640,8098,7704,13977,108068,56650,9244,2669,50875,5,0
2021-03-23T23:59:59+01:00,2794,3148,4588,6415,4912,9139,6211,12865,10000,12949,9110,7868,20317,26239,9871,17472,304,391,941,1787,1234,2950,1590,4460,2406,3909,1797,1749,5362,7720,7312,13358,105694,54598,8912,2668,49292,4,0
2021-03-22T23:59:59+01:00,2779,3112,4529,6377,4835,9071,6072,12728,9638,12675,8515,7316,19904,25807,9811,17377,300,387,929,1781,1220,2935,1577,4446,2379,3883,1772,1728,5225,7546,6869,12545,104215,52855,8652,2663,47679,4,0
2021-03-21T23:59:59+01:00,2772,3097,4484,6355,4784,9035,5981,12660,9450,12487,8212,7058,19737,25640,9799,17352,300,387,928,1781,1219,2935,1576,4445,2376,3883,1765,1722,5216,7541,6839,12488,104015,52751,8423,2646,46465,4,0
2021-03-20T23:59:59+01:00,2772,3092,4475,6350,4778,9032,5977,12653,9430,12473,8179,7027,19563,25364,9783,17326,300,387,928,1780,1218,2935,1575,4444,2372,3875,1753,1709,5203,7492,6662,12251,103458,52258,8411,2622,46405,4,0
2021-03-19T23:59:59+01:00,2737,3069,4401,6307,4670,8982,5837,12596,9163,12285,7875,6805,19079,24773,9751,17267,300,387,927,1779,1218,2932,1572,4443,2366,3870,1737,1701,5167,7449,6257,11633,102160,51132,8170,2602,45267,4,0
2021-03-18T23:59:59+01:00,2671,2996,4238,6171,4420,8776,5480,12287,8259,11616,6615,5797,17828,23412,9602,17037,297,383,922,1769,1204,2919,1534,4428,2299,3825,1659,1658,5094,7343,5526,10526,97269,48824,7627,2560,42309,2,0
2021-03-17T23:59:59+01:00,2633,2957,4159,6073,4283,8668,5226,12012,7586,11048,5628,4904,16482,21880,9437,16780,293,382,918,1760,1200,2911,1517,4406,2232,3799,1592,1613,5050,7279,4951,9647,91867,47044,7125,2504,40764,2,0
2021-03-16T23:59:59+01:00,2613,2929,4096,6007,4190,8571,5051,11857,7139,10660,4868,4290,15630,20901,9332,16607,289,380,915,1755,1197,2904,1509,4395,2210,3780,1562,1596,5013,7236,4445,8840,88237,45599,7089,2425,39415,2,0
2021-03-15T23:59:59+01:00,2610,2918,4080,5989,4159,8545,5001,11811,7022,10546,4723,4131,15313,20492,9300,16548,287,377,915,1749,1190,2897,1495,4386,2188,3757,1519,1579,4952,7162,3866,7979,87473,44014,6994,2283,38721,1,0
2021-03-14T23:59:59+01:00,2605,2908,4059,5970,4129,8527,4958,11778,6930,10457,4619,4021,15184,20324,9284,16511,285,376,915,1747,1184,2891,1490,4375,2177,3751,1509,1572,4944,7154,3860,7966,87168,43954,6976,2241,38120,1,0
2021-03-13T23:59:59+01:00,2602,2902,4055,5958,4121,8521,4950,11769,6910,10443,4597,3995,14868,19887,9264,16475,285,376,915,1747,1184,2891,1490,4375,2177,3751,1509,1572,4944,7153,3860,7966,86285,43953,6952,2241,38080,1,0
2021-03-12T23:59:59+01:00,2539,2826,3946,5789,4004,8301,4813,11470,6732,10173,4444,3857,13947,18631,9203,16373,285,375,913,1744,1184,2888,1488,4370,2176,3744,1501,1570,4936,7134,3858,7950,83824,43875,6890,2240,36334,1,0
2021-03-11T23:59:59+01:00,2414,2601,3724,5461,3749,7863,4489,10704,6104,9357,3926,3359,12360,16646,9104,16226,285,375,910,1741,1181,2874,1479,4358,2164,3716,1458,1541,4895,7099,3846,7923,79527,43725,6727,2119,31833,1,0
2021-03-10T23:59:59+01:00,2292,2468,3572,5229,3554,7541,4224,10218,5552,8789,3358,2918,10090,13929,8959,15999,282,371,906,1732,1174,2863,1474,4342,2140,3700,1429,1533,4863,7084,3837,7915,73229,43656,6557,1989,28906,0,0
2021-03-09T23:59:59+01:00,2265,2415,3507,5143,3441,7452,4054,10023,5158,8439,2884,2559,8582,11923,8859,15852,281,370,906,1726,1167,2854,1470,4334,2132,3689,1415,1528,4855,7079,3834,7913,68389,43615,6407,1938,27760,0,0
2021-03-08T23:59:59+01:00,2242,2345,3450,5078,3367,7367,3930,9911,4866,8247,2436,2296,6663,9525,8739,15677,281,367,905,1716,1161,2838,1464,4323,2128,3682,1404,1521,4838,7057,3827,7904,62703,43504,6072,1912,27364,0,0
2021-03-07T23:59:59+01:00,2179,2289,3354,4970,3271,7278,3833,9824,4731,8152,2385,2245,6641,9504,8739,15669,281,366,904,1716,1161,2838,1464,4323,2128,3682,1404,1521,4838,7057,3827,7904,62575,43502,5391,1912,27098,0,0
2021-03-06T23:59:59+01:00,2171,2276,3342,4961,3267,7273,3824,9815,4720,8149,2383,2243,6595,9434,8707,15620,281,366,903,1712,1160,2837,1464,4320,2124,3677,1403,1516,4832,7052,3825,7895,62366,43455,5331,1912,27083,0,0
2021-03-05T23:59:59+01:00,2041,2192,3119,4772,3029,6962,3547,9421,4392,7812,2296,2182,6389,9117,8512,15361,281,364,901,1709,1160,2836,1463,4314,2121,3671,1397,1514,4826,7046,3824,7889,61389,43404,4493,1912,25262,0,0
2021-03-04T23:59:59+01:00,1787,1972,2710,4339,2574,6323,2981,8517,3707,6998,2081,2023,6097,8752,8236,14904,279,363,900,1701,1158,2819,1462,4299,2112,3661,1386,1512,4814,7033,3817,7878,59749,43285,3218,1909,21034,0,0
2021-03-03T23:59:59+01:00,1718,1886,2602,4161,2444,6105,2846,8239,3526,6738,1998,1946,5759,8278,7880,14325,278,358,900,1691,1156,2796,1458,4275,2107,3646,1362,1501,4809,7027,3813,7870,57746,43138,3073,1909,19632,0,0
2021-03-02T23:59:59+01:00,1681,1805,2535,4044,2363,5956,2740,8058,3411,6587,1925,1878,5449,7841,7477,13653,276,353,897,1672,1153,2775,1455,4257,2106,3635,1337,1495,4799,7011,3807,7863,55649,42982,2832,1909,18922,0,0
2021-03-01T23:59:59+01:00,1670,1779,2496,3936,2315,5841,2703,7956,3358,6509,1885,1858,5309,7677,7004,12786,276,351,893,1666,1151,2763,1453,4244,2104,3620,1332,1490,4796,7009,3806,7857,53788,42902,2820,1909,18474,0,0
2021-02-28T23:59:59+01:00,1653,1742,2461,3866,2286,5786,2660,7878,3331,6463,1879,1854,5301,7672,6969,12727,276,351,892,1666,1151,2763,1453,4243,2104,3619,1332,1490,4796,7008,3806,7857,53668,42899,2818,1908,18042,0,0
2021-02-27T23:59:59+01:00,1651,1736,2457,3859,2282,5786,2659,7877,3329,6460,1873,1844,5292,7628,6798,12507,276,351,882,1661,1141,2756,1443,4234,2090,3610,1331,1487,4796,7007,3806,7857,53204,42895,2818,1833,18016,0,0
2021-02-26T23:59:59+01:00,1464,1580,2332,3616,2204,5382,2567,7376,3242,6002,1858,1818,5267,7595,6537,12116,275,349,875,1654,1133,2736,1437,4213,2080,3598,1324,1478,4788,6995,3802,7844,52456,42817,2797,1764,15703,0,0
2021-02-25T23:59:59+01:00,1247,1304,2112,3182,2031,4625,2371,6430,3002,5106,1769,1746,5215,7515,5965,11273,273,341,869,1594,1099,2641,1404,4103,2024,3524,1287,1457,4747,6953,3784,7792,50580,42354,2784,1538,11529,0,0
2021-02-24T23:59:59+01:00,1194,1094,2005,2913,1926,4286,2237,6024,2833,4836,1693,1691,5158,7426,5206,10097,271,335,831,1547,1049,2550,1344,3987,1935,3396,1247,1430,4733,6929,3774,7774,48249,42098,2772,1034,9598,0,0
2021-02-23T23:59:59+01:00,1179,1045,1971,2850,1900,4188,2211,5939,2800,4774,1685,1676,5123,7378,4571,9073,271,334,804,1519,1002,2498,1292,3909,1829,3323,1194,1405,4711,6904,3763,7740,46472,41902,2745,596,9146,0,0
2021-02-22T23:59:59+01:00,1171,1005,1921,2706,1856,4042,2156,5743,2746,4668,1675,1665,5089,7330,3965,8188,269,324,761,1480,948,2415,1204,3803,1689,3228,1104,1350,4669,6833,3736,7636,44864,41443,2724,6,8338,0,0
2021-02-21T23:59:59+01:00,1169,991,1890,2644,1830,3946,2129,5639,2726,4606,1667,1659,5086,7321,3965,8184,267,322,757,1474,940,2383,1202,3767,1676,3188,1095,1335,4653,6808,3713,7594,44813,41168,2713,6,7926,0,0
2021-02-20T23:59:59+01:00,1169,991,1890,2644,1829,3946,2129,5639,2724,4601,1658,1651,5082,7315,3963,8181,267,322,757,1473,939,2379,1201,3763,1675,3186,1095,1335,4601,6749,3667,7536,44799,40940,2688,5,7925,0,0
2021-02-19T23:59:59+01:00,1169,988,1887,2639,1828,3937,2128,5630,2721,4598,1639,1643,5069,7298,3960,8175,266,321,753,1464,931,2355,1194,3721,1648,3133,1067,1297,4412,6496,3490,7240,44719,39783,2669,5,7921,0,0
2021-02-18T23:59:59+01:00,1137,905,1848,2520,1789,3799,2075,5424,2660,4424,1624,1627,5053,7265,3955,8148,238,292,708,1341,882,2152,1109,3386,1533,2839,957,1108,3928,5723,3091,6382,44567,35664,2636,5,7050,0,0
2021-02-17T23:59:59+01:00,1088,775,1766,2286,1712,3500,1966,5065,2585,4175,1602,1618,5032,7251,3946,8144,233,289,698,1323,873,2130,1097,3351,1514,2818,950,1105,3548,5206,2798,5960,44526,33888,2579,5,5406,0,0
2021-02-16T23:59:59+01:00,1047,739,1708,2182,1646,3329,1895,4860,2507,4069,1566,1604,5005,7230,3937,8132,227,283,684,1289,852,2076,1066,3234,1476,2733,927,1082,3195,4661,2458,5471,44473,31710,2416,4,4567,0,0
2021-02-15T23:59:59+01:00,1040,723,1689,2107,1627,3229,1876,4751,2493,3991,1537,1590,4975,7213,3905,8076,215,273,669,1254,833,2026,1046,3169,1434,2668,896,1051,2775,4112,2130,4905,44344,29453,2331,3,4147,0,0
2021-02-14T23:59:59+01:00,945,689,1611,2073,1567,3210,1833,4729,2458,3978,1530,1587,4966,7201,3902,8071,208,262,660,1237,814,1989,1030,3103,1404,2600,866,1006,2686,3972,2060,4717,44302,28611,2295,3,3753,0,0
2021-02-13T23:59:59+01:00,892,665,1581,2050,1552,3202,1817,4722,2450,3977,1529,1586,4966,7201,3901,8070,206,261,658,1237,814,1985,1030,3102,1403,2598,865,1006,2584,3848,1996,4617,44296,28207,2295,3,3570,0,0
2021-02-12T23:59:59+01:00,558,516,1231,1935,1380,3098,1677,4640,2343,3907,1510,1577,4957,7190,3895,8064,194,255,646,1212,800,1942,1005,3018,1349,2500,803,933,2360,3536,1854,4312,44183,26717,2295,2,2000,0,0
2021-02-11T23:59:59+01:00,393,440,1041,1822,1278,2979,1579,4526,2256,3819,1403,1533,4895,7141,3874,8016,157,191,546,971,664,1499,808,2351,1071,1911,568,685,1754,2662,1363,3108,43832,20308,2098,1,1065,0,0
2021-02-10T23:59:59+01:00,280,367,915,1718,1178,2856,1484,4341,2143,3696,1366,1520,4874,7130,3869,8014,135,130,375,611,492,1010,638,1740,903,1577,547,670,1349,2101,1049,2613,43755,15940,1992,0,4,0,0
2021-02-09T23:59:59+01:00,280,366,914,1712,1175,2847,1484,4336,2142,3691,1359,1517,4872,7128,3868,8012,132,128,367,582,473,983,617,1711,878,1546,545,667,969,1637,772,2209,43731,14216,1969,0,3,0,0
2021-02-08T23:59:59+01:00,280,364,913,1710,1172,2837,1477,4330,2140,3687,1354,1513,4869,7128,3867,8009,127,122,356,571,465,966,606,1679,860,1520,537,662,576,1148,468,1783,43701,12446,1946,0,3,0,0
2021-02-07T23:59:59+01:00,280,364,911,1710,1171,2837,1475,4328,2140,3687,1354,1513,4869,7127,3867,8009,123,119,352,565,464,959,603,1667,851,1504,529,658,575,1138,463,1768,43697,12338,1945,0,0,0,0
2021-02-06T23:59:59+01:00,280,364,911,1710,1171,2837,1475,4328,2140,3687,1354,1513,4869,7127,3867,8009,120,116,350,562,463,958,603,1665,851,1503,528,657,575,1138,463,1768,43697,12320,1945,0,0,0,0
2021-02-05T23:59:59+01:00,280,363,910,1710,1171,2836,1473,4327,2139,3687,1354,1513,4868,7125,3867,8006,119,108,347,559,455,945,599,1655,837,1480,523,647,569,1122,453,1745,43684,12163,1945,0,0,0,0
2021-02-04T23:59:59+01:00,277,358,903,1672,1164,2790,1472,4275,2126,3644,1346,1506,4840,7094,3856,7976,90,71,231,387,331,687,471,1266,627,1111,394,512,478,918,395,1508,43355,9477,1944,0,0,0,0
2021-02-03T23:59:59+01:00,275,349,898,1647,1160,2755,1461,4226,2117,3608,1338,1490,4818,7064,3843,7950,56,33,79,164,151,341,231,594,302,541,211,278,281,580,229,958,43055,5029,1944,0,0,0,0
2021-02-02T23:59:59+01:00,274,347,897,1635,1156,2736,1458,4194,2110,3582,1330,1484,4810,7051,3836,7927,17,10,24,48,60,97,72,164,96,121,46,75,68,126,51,195,42883,1270,1944,0,0,0,0
2021-02-01T23:59:59+01:00,274,342,897,1633,1155,2735,1457,4190,2109,3576,1329,1484,4809,7051,3836,7927,15,9,20,42,51,88,59,136,73,102,40,66,58,116,50,182,42860,1107,1944,0,0,0,0
2021-01-31T23:59:59+01:00,274,341,897,1629,1154,2731,1457,4185,2109,3573,1328,1484,4809,7050,3836,7927,14,8,19,38,44,80,53,125,63,96,35,55,48,108,47,176,42840,1009,1944,0,0,0,0
2021-01-30T23:59:59+01:00,274,341,892,1626,1146,2723,1449,4179,2105,3570,1328,1484,4757,6991,3790,7869,14,8,19,37,44,80,52,124,63,96,35,55,48,108,47,176,42614,1006,1910,0,0,0,0
2021-01-29T23:59:59+01:00,273,340,877,1618,1134,2702,1437,4149,2085,3543,1319,1478,4595,6789,3626,7665,12,8,19,37,41,80,51,122,60,95,33,50,47,108,47,176,41829,986,1801,0,0,0,0
2021-01-28T23:59:59+01:00,269,327,858,1531,1094,2592,1400,4049,2015,3468,1292,1466,4261,6319,3357,7312,8,4,8,17,22,39,21,56,35,63,21,32,32,70,36,118,40054,582,1556,0,0,0,0
2021-01-27T23:59:59+01:00,263,324,816,1476,1047,2498,1337,3952,1942,3361,1253,1439,3849,5758,3039,6851,4,4,8,8,12,21,8,22,13,29,12,14,15,39,14,57,38099,280,1106,0,0,0,0
2021-01-26T23:59:59+01:00,257,315,782,1430,982,2413,1276,3825,1825,3256,1194,1388,3504,5204,2687,6339,2,1,4,3,5,7,4,2,2,8,7,5,3,7,3,8,36018,71,659,0,0,0,0
2021-01-25T23:59:59+01:00,247,307,730,1370,921,2297,1174,3681,1666,3138,1115,1357,3110,4693,2377,5873,2,1,4,2,3,7,2,2,2,8,7,5,3,7,3,8,33999,66,57,0,0,0,0
2021-01-24T23:59:59+01:00,244,307,724,1366,910,2281,1169,3665,1639,3108,1109,1355,3084,4658,2360,5851,2,1,2,2,3,7,2,2,2,8,7,5,3,7,3,8,33825,64,5,0,0,0,0
2021-01-23T23:59:59+01:00,243,306,723,1366,910,2277,1168,3664,1636,3106,1108,1355,2979,4533,2294,5750,2,1,2,2,2,7,2,2,2,8,7,5,3,7,3,8,33414,63,4,0,0,0,0
2021-01-22T23:59:59+01:00,242,303,721,1351,908,2265,1162,3650,1632,3102,1106,1354,2820,4339,2192,5606,2,1,2,2,2,7,2,2,2,8,7,5,3,7,3,8,32749,63,4,0,0,0,0
2021-01-21T23:59:59+01:00,238,274,658,1196,840,2054,1081,3366,1535,2896,1064,1313,2477,3872,1901,5169,2,0,2,1,2,7,2,2,2,8,7,4,3,7,3,8,29930,60,4,0,0,0,0
2021-01-20T23:59:59+01:00,214,210,498,846,665,1563,881,2666,1298,2428,967,1179,1945,3126,1491,4398,2,0,2,1,2,7,2,2,2,6,6,4,3,7,3,8,24371,57,4,0,0,0,0
2021-01-19T23:59:59+01:00,187,191,451,739,611,1407,795,2367,1126,2122,801,922,1299,2200,1031,3321,0,0,1,1,0,0,0,0,1,1,1,0,0,0,0,0,19568,5,2,0,0,0,0
2021-01-18T23:59:59+01:00,139,136,374,614,488,1053,643,1824,937,1634,594,713,649,1276,520,1993,0,0,0,0,0,0,0,0,0,0,0,0,0,0,0,0,13586,0,1,0,0,0,0
2021-01-17T23:59:59+01:00,128,122,360,577,473,988,614,1707,878,1535,545,673,601,1178,479,1847,0,0,0,0,0,0,0,0,0,0,0,0,0,0,0,0,12705,0,0,0,0,0,0
2021-01-16T23:59:59+01:00,121,118,357,574,471,977,608,1694,872,1528,544,672,600,1173,475,1834,0,0,0,0,0,0,0,0,0,0,0,0,0,0,0,0,12618,0,0,0,0,0,0
2021-01-15T23:59:59+01:00,119,111,354,570,463,961,604,1683,857,1504,538,660,593,1157,467,1811,0,0,0,0,0,0,0,0,0,0,0,0,0,0,0,0,12452,0,0,0,0,0,0
2021-01-14T23:59:59+01:00,98,89,271,462,392,783,501,1412,699,1214,420,531,512,967,411,1631,0,0,0,0,0,0,0,0,0,0,0,0,0,0,0,0,10393,0,0,0,0,0,0
2021-01-13T23:59:59+01:00,68,49,160,280,255,519,349,921,477,780,258,325,320,640,263,1044,0,0,0,0,0,0,0,0,0,0,0,0,0,0,0,0,6708,0,0,0,0,0,0
2021-01-12T23:59:59+01:00,32,21,47,99,113,212,148,381,199,334,136,176,167,354,150,573,0,0,0,0,0,0,0,0,0,0,0,0,0,0,0,0,3142,0,0,0,0,0,0
2021-01-11T23:59:59+01:00,19,11,31,63,60,110,74,168,91,125,40,66,62,121,51,183,0,0,0,0,0,0,0,0,0,0,0,0,0,0,0,0,1275,0,0,0,0,0,0
2021-01-10T23:59:59+01:00,16,7,25,52,53,98,64,153,75,111,34,56,52,112,47,174,0,0,0,0,0,0,0,0,0,0,0,0,0,0,0,0,1129,0,0,0,0,0,0
2021-01-09T23:59:59+01:00,15,7,24,50,52,97,61,152,75,109,34,56,52,112,47,174,0,0,0,0,0,0,0,0,0,0,0,0,0,0,0,0,1117,0,0,0,0,0,0
2021-01-08T23:59:59+01:00,12,7,22,48,47,92,57,139,69,105,32,51,51,112,47,174,0,0,0,0,0,0,0,0,0,0,0,0,0,0,0,0,1065,0,0,0,0,0,0
2021-01-07T23:59:59+01:00,8,4,7,18,21,40,21,56,37,65,20,34,37,75,36,117,0,0,0,0,0,0,0,0,0,0,0,0,0,0,0,0,596,0,0,0,0,0,0
2021-01-06T23:59:59+01:00,8,4,7,15,14,30,14,39,24,53,16,25,30,67,34,102,0,0,0,0,0,0,0,0,0,0,0,0,0,0,0,0,482,0,0,0,0,0,0
2021-01-05T23:59:59+01:00,8,4,7,15,14,30,14,39,24,53,16,25,29,67,34,102,0,0,0,0,0,0,0,0,0,0,0,0,0,0,0,0,481,0,0,0,0,0,0
2021-01-04T23:59:59+01:00,3,4,6,5,4,14,3,7,5,16,7,5,6,16,4,13,0,0,0,0,0,0,0,0,0,0,0,0,0,0,0,0,118,0,0,0,0,0,0
2021-01-03T23:59:59+01:00,2,1,1,2,2,7,2,3,2,9,5,4,3,8,3,8,0,0,0,0,0,0,0,0,0,0,0,0,0,0,0,0,62,0,0,0,0,0,0
2021-01-02T23:59:59+01:00,2,1,1,2,2,7,2,3,2,9,5,4,3,8,3,8,0,0,0,0,0,0,0,0,0,0,0,0,0,0,0,0,62,0,0,0,0,0,0
2021-01-01T23:59:59+01:00,2,1,1,2,2,7,2,3,2,9,5,4,3,8,3,8,0,0,0,0,0,0,0,0,0,0,0,0,0,0,0,0,62,0,0,0,0,0,0
2020-12-31T23:59:59+01:00,2,1,1,1,2,7,2,2,2,8,5,4,3,8,3,8,0,0,0,0,0,0,0,0,0,0,0,0,0,0,0,0,59,0,0,0,0,0,0
2020-12-30T23:59:59+01:00,2,1,1,1,2,7,2,2,2,6,5,4,3,8,3,8,0,0,0,0,0,0,0,0,0,0,0,0,0,0,0,0,57,0,0,0,0,0,0
2020-12-29T23:59:59+01:00,2,1,0,1,2,6,2,2,2,6,3,2,2,8,2,7,0,0,0,0,0,0,0,0,0,0,0,0,0,0,0,0,48,0,0,0,0,0,0
2020-12-28T23:59:59+01:00,1,0,0,1,0,2,1,0,0,3,0,1,0,1,1,4,0,0,0,0,0,0,0,0,0,0,0,0,0,0,0,0,15,0,0,0,0,0,0
2020-12-27T23:59:59+01:00,0,0,0,0,0,1,1,0,0,2,0,1,0,1,1,4,0,0,0,0,0,0,0,0,0,0,0,0,0,0,0,0,11,0,0,0,0,0,0
