Datum,<24_1_m,<24_1_w,25-34_1_m,25-34_1_w,35-44_1_m,35-44_1_w,45-54_1_m,45-54_1_w,55-64_1_m,55-64_1_w,65-74_1_m,65-74_1_w,75-84_1_m,75-84_1_w,>84_1_m,>84_1_w,<24_2_m,<24_2_w,25-34_2_m,25-34_2_w,35-44_2_m,35-44_2_w,45-54_2_m,45-54_2_w,55-64_2_m,55-64_2_w,65-74_2_m,65-74_2_w,75-84_2_m,75-84_2_w,>84_2_m,>84_2_w,bp_1,bp_2,mo_1,mo_2,az_1,az_2,ja
2021-06-09T23:59:59+02:00,18407,16730,30653,26078,36946,35619,59326,59307,73853,73755,52984,57231,34954,45986,9742,17855,4751,4772,7854,8048,8723,11498,12027,16769,33556,34994,35285,37579,30441,40142,9008,16423,464478,222270,67535,34247,107911,45851,9502
2021-06-08T23:59:59+02:00,17369,15797,29362,25068,35669,34705,58777,58964,73617,73579,52923,57173,34935,45958,9738,17849,4673,4715,7709,7962,8593,11423,11732,16597,30567,31994,34603,36942,30321,39981,8994,16399,460145,214968,64175,34228,107880,44726,9283
2021-06-07T23:59:59+02:00,16632,15115,28030,24289,34594,33986,58373,58757,73422,73494,52898,57138,34922,45954,9738,17845,4572,4651,7507,7852,8304,11316,11303,16314,25980,27287,33611,35901,30133,39763,8975,16376,457076,203476,61319,34167,107848,43258,8944
2021-06-06T23:59:59+02:00,16308,14893,27316,23921,34039,33627,58121,58619,73301,73442,52878,57120,34912,45947,9737,17844,4496,4613,7362,7802,8146,11231,10951,16078,22912,24109,32938,35198,30017,39641,8970,16365,455933,200719,59659,29018,107824,42483,8609
2021-06-05T23:59:59+02:00,16273,14854,27267,23883,34010,33605,58111,58608,73292,73436,52873,57115,34908,45945,9737,17844,4472,4598,7328,7782,8098,11217,10877,16028,21320,22366,32332,34523,29962,39579,8966,16359,455782,195793,59555,29016,107816,42390,8608
2021-06-04T23:59:59+02:00,15999,14547,26937,23557,33667,33290,58041,58540,73247,73412,52867,57111,34907,45943,9737,17843,4435,4564,7256,7705,8040,11137,10788,15905,21220,22257,32265,34471,29934,39548,8963,16356,453758,195715,59495,29004,107784,41517,8608
2021-06-03T23:59:59+02:00,15316,13998,25892,22878,32596,32571,57580,58226,72984,73235,52803,57046,34878,45914,9733,17831,4281,4454,6979,7547,7784,10961,10404,15633,19136,20096,30538,32500,29723,39288,8943,16310,449446,187230,58062,28985,107770,40159,8203
2021-06-02T23:59:59+02:00,14536,13175,24917,21982,31544,31699,57357,57995,72809,73108,52763,56979,34863,45897,9726,17824,4241,4427,6928,7496,7727,10910,10317,15542,18421,19327,28895,30649,29647,39181,8937,16300,443322,181937,57889,28984,107768,39829,8195
2021-06-01T23:59:59+02:00,13234,12175,22794,20557,29137,29912,56058,57026,71927,72393,52504,56708,34769,45745,9696,17783,3992,4227,6415,7192,7135,10491,9420,14911,16318,17295,25393,26719,29118,38474,8875,16178,434144,168350,53624,28848,107728,38033,6922
2021-05-31T23:59:59+02:00,12213,11416,20969,19391,27169,28455,55049,56253,71319,71891,52313,56482,34704,45654,9685,17752,3822,4055,6083,6946,6735,10198,8836,14531,15208,16225,24288,25455,28812,38062,8825,16101,427475,162706,49433,28817,107712,36564,6095
2021-05-30T23:59:59+02:00,11799,11037,20268,18884,26491,27886,54748,55989,71111,71720,52249,56417,34683,45631,9678,17745,3606,3836,5742,6694,6451,9953,8618,14325,14944,15950,24010,25151,28716,37972,8814,16078,424938,161884,49068,28760,107682,35568,4648
2021-05-29T23:59:59+02:00,11782,11021,20251,18859,26473,27864,54738,55982,71107,71714,52247,56412,34681,45631,9678,17745,3604,3828,5737,6691,6447,9950,8611,14318,14934,15947,24000,25143,28713,37968,8813,16077,424787,161819,49068,28759,107682,35555,4648
2021-05-28T23:59:59+02:00,11707,10912,20095,18690,26226,27626,54589,55812,70970,71596,52216,56365,34669,45610,9675,17737,3554,3743,5648,6551,6343,9744,8490,14054,14747,15678,23854,24998,28674,37920,8807,16070,423150,161446,49031,28758,107667,34024,4647
2021-05-27T23:59:59+02:00,10213,9532,17709,16860,23534,25557,53588,55076,70362,71140,52030,56167,34597,45524,9665,17714,3193,3350,4810,5919,5474,8973,7658,13032,13653,14521,22948,24037,28357,37543,8761,15995,411299,157743,48083,28494,107534,29635,2352
2021-05-26T23:59:59+02:00,9754,9064,16782,16011,22393,24583,53026,54567,69986,70792,51895,56021,34537,45462,9657,17687,2978,3151,4430,5577,5014,8468,7145,12370,12670,13537,22123,23054,28094,37181,8722,15923,405777,153981,47357,28408,107476,26441,1607
2021-05-25T23:59:59+02:00,9066,8384,15538,15106,20993,23467,52608,54210,69761,70621,51834,55949,34519,45443,9654,17679,2883,3030,4241,5442,4773,8236,6850,12035,12076,12968,20018,20953,27802,36721,8696,15886,399061,148420,47114,28394,107443,24582,1214
2021-05-24T23:59:59+02:00,8967,8274,15318,14978,20717,23293,52524,54101,69724,70590,51833,55944,34518,45442,9652,17676,2831,2957,4159,5266,4684,7996,6721,11740,11948,12756,19910,20845,27759,36683,8691,15877,397956,148287,47038,28354,107357,22982,1200
2021-05-23T23:59:59+02:00,8949,8257,15276,14969,20667,23266,52517,54099,69722,70585,51832,55942,34518,45441,9652,17676,2829,2953,4152,5262,4675,7991,6718,11729,11927,12732,19771,20654,27731,36646,8689,15876,397779,147814,47038,28352,107357,22975,1194
2021-05-22T23:59:59+02:00,8944,8248,15264,14957,20660,23261,52517,54097,69720,70585,51832,55941,34518,45441,9652,17676,2824,2942,4146,5260,4673,7990,6716,11726,11916,12728,19761,20650,27730,36646,8689,15876,397726,147778,47038,28352,107357,22951,1192
2021-05-21T23:59:59+02:00,8859,8133,15131,14837,20430,23074,52303,53896,69594,70486,51810,55917,34511,45435,9647,17670,2748,2846,4058,5122,4569,7757,6591,11417,11755,12474,19708,20602,27718,36628,8688,15875,396172,147563,47036,28352,107336,21452,1189
2021-05-20T23:59:59+02:00,8534,7786,14544,14322,19199,21983,49851,51715,68545,69596,51513,55606,34418,45312,9624,17647,2462,2650,3692,4763,4135,7191,5984,10534,10633,11382,18526,19380,27294,36133,8627,15754,385304,142467,46883,28061,107034,17638,974
2021-05-19T23:59:59+02:00,8235,7532,13873,13838,17557,20677,46179,48470,67169,68370,51132,55133,34278,45123,9592,17602,2374,2412,3531,4436,3877,6652,5512,9799,9603,10249,17067,17768,26702,35329,8530,15582,370677,135410,46320,27918,106808,15140,955
2021-05-18T23:59:59+02:00,8005,7318,13310,13401,16196,19621,41652,44597,65821,67131,50658,54659,34152,44929,9556,17558,2320,2259,3389,4251,3691,6330,5145,9285,8664,9333,15516,16024,26102,34610,8454,15430,354751,128838,46262,27359,106661,13716,890
2021-05-17T23:59:59+02:00,7846,7204,12970,13149,15640,19145,39503,42781,65043,66384,50424,54393,34087,44834,9543,17530,2235,2183,3202,4075,3476,6101,4795,8881,7859,8591,12150,11901,25414,33698,8383,15297,351099,123727,42006,21308,106584,12419,787
2021-05-16T23:59:59+02:00,7773,7109,12846,12997,15467,18973,39009,42311,64868,66232,50380,54332,34080,44814,9538,17525,2164,2076,3112,3953,3393,5998,4682,8726,7664,8407,9853,9156,25072,33194,8357,15249,349633,122599,41506,15982,106553,11913,562
2021-05-15T23:59:59+02:00,7766,7099,12842,12992,15463,18968,39003,42310,64867,66230,50380,54331,34080,44814,9538,17525,2163,2075,3109,3947,3389,5994,4677,8724,7662,8404,9850,9154,25072,33194,8357,15249,349592,122569,41506,15982,106551,11910,559
2021-05-14T23:59:59+02:00,7543,6995,12606,12927,15242,18882,37974,41492,64393,65862,50304,54254,34068,44787,9536,17522,2037,1981,3001,3877,3341,5889,4625,8566,7615,8296,9850,9151,25071,33194,8357,15248,346270,122519,41476,15978,106092,11053,549
2021-05-13T23:59:59+02:00,7243,6786,12198,12670,14666,18427,34214,38480,62100,63963,49782,53674,33962,44594,9525,17478,1987,1934,2947,3802,3306,5793,4585,8459,7534,8184,9817,9097,25049,33156,8355,15245,332358,122277,41255,15954,105663,10533,486
2021-05-12T23:59:59+02:00,7222,6759,12121,12603,14550,18310,33530,37884,61634,63540,49643,53515,33927,44553,9520,17469,1987,1931,2946,3802,3303,5793,4585,8457,7532,8177,9810,9095,25049,33154,8355,15244,329390,122258,41245,15944,105659,10532,486
2021-05-11T23:59:59+02:00,6861,6607,11660,12319,14029,17918,29044,34213,59434,61661,49088,52917,33775,44345,9498,17416,1938,1791,2832,3526,3189,5416,4440,8000,7388,7899,9730,9021,25027,33118,8352,15235,314547,122030,41193,15752,104681,8756,364
2021-05-10T23:59:59+02:00,6720,6524,11501,12211,13810,17743,25487,31370,58322,60646,48766,52609,33699,44231,9486,17391,1893,1672,2749,3308,3095,5063,4324,7472,7276,7527,9698,8979,25016,33100,8351,15231,304788,121904,41032,15604,104394,6944,302
2021-05-09T23:59:59+02:00,6639,6486,11415,12148,13708,17659,23833,30142,57926,60333,48676,52520,33678,44201,9481,17386,1869,1633,2691,3195,3046,4919,4281,7342,7216,7449,9688,8966,25011,33096,8350,15231,304271,121845,37475,15562,104196,6287,289
2021-05-08T23:59:59+02:00,6634,6482,11405,12142,13701,17653,23828,30138,57917,60328,48673,52513,33673,44198,9481,17383,1868,1632,2691,3194,3046,4919,4278,7338,7215,7448,9687,8966,25010,33094,8350,15231,304189,121829,37475,15562,104196,6287,289
2021-05-07T23:59:59+02:00,6585,6440,11340,12094,13601,17573,23029,29518,57249,59763,48571,52410,33651,44173,9478,17370,1753,1579,2621,3154,3009,4891,4247,7314,7193,7418,9681,8960,25008,33094,8350,15230,301048,121799,37459,15556,104054,5863,284
2021-05-06T23:59:59+02:00,6303,6306,10800,11771,12873,17113,20744,27725,53968,56823,47537,51229,33385,43821,9436,17285,1500,1422,2403,2997,2846,4717,4094,7121,7047,7270,9616,8888,24992,33067,8347,15223,286181,121545,37276,15420,103507,4430,155
2021-05-05T23:59:59+02:00,6021,6190,10275,11522,12089,16648,18659,26058,50236,53198,46092,49527,33015,43335,9384,17184,1449,1304,2343,2881,2766,4528,4000,6882,6935,7086,9508,8800,24944,33000,8341,15208,269223,121089,37051,15377,103118,3468,41
2021-05-04T23:59:59+02:00,5917,6085,9943,11307,11635,16227,17459,24991,48532,51259,45116,48353,32700,42926,9325,17086,1433,1281,2316,2838,2729,4443,3944,6768,6863,7020,9473,8762,24926,32986,8340,15204,258976,120879,37028,15317,102839,3112,18
2021-05-03T23:59:59+02:00,5795,5987,9582,11128,11161,15948,16281,24025,47015,49659,44348,47496,32521,42634,9300,17014,1411,1249,2287,2814,2687,4378,3898,6714,6785,6966,8618,7659,23462,31053,8227,15006,250052,115094,37018,15235,102814,2875,10
2021-05-02T23:59:59+02:00,5723,5964,9471,11092,11022,15887,15584,23462,46576,49314,44233,47347,32480,42580,9293,17006,1407,1244,2273,2812,2672,4368,3877,6704,6766,6952,7962,6888,21969,29174,8188,14935,248861,115077,35408,10263,102760,2846,5
2021-05-01T23:59:59+02:00,5723,5961,9466,11087,11019,15886,15580,23458,46574,49310,44232,47347,32480,42580,9293,17006,1406,1244,2273,2812,2672,4368,3875,6704,6765,6952,7962,6887,21969,29174,8188,14935,248830,115073,35408,10263,102759,2845,5
2021-04-30T23:59:59+02:00,5670,5938,9398,11067,10968,15865,15489,23421,45033,47845,43973,47075,32449,42543,9291,16999,1176,1139,2088,2732,2577,4302,3798,6652,6701,6897,7958,6874,21968,29172,8188,14935,244864,115067,35408,10261,102747,1824,5
2021-04-29T23:59:59+02:00,5385,5843,8916,10922,10366,15693,14727,23159,39952,43330,43275,46334,32356,42449,9288,16971,976,1053,1930,2658,2495,4239,3692,6579,6637,6853,7939,6861,21966,29165,8188,14935,231243,115045,35307,10158,102411,958,5
2021-04-28T23:59:59+02:00,5190,5802,8664,10835,10008,15607,14369,22990,34975,38463,42420,45488,32249,42333,9278,16956,932,1015,1894,2617,2464,4154,3655,6469,6587,6771,7920,6848,21957,29151,8184,14929,218129,114963,35291,10109,102202,470,5
2021-04-27T23:59:59+02:00,4925,5544,8327,10373,9622,15036,13875,22349,33819,37298,42238,45299,32235,42310,9275,16954,903,998,1860,2596,2449,4136,3635,6449,6555,6747,7909,6841,21953,29146,8181,14923,215420,114907,35280,10079,98774,290,5
2021-04-26T23:59:59+02:00,4895,5511,8250,10333,9515,14986,13651,22227,29063,32514,41514,44612,32173,42228,9266,16947,867,987,1830,2581,2420,4110,3608,6428,6505,6705,7862,6788,21929,29123,8181,14916,203713,114712,35273,10035,98694,88,5
2021-04-25T23:59:59+02:00,4871,5495,8216,10307,9449,14956,13564,22183,26830,30160,41086,44162,32131,42188,9265,16942,853,979,1819,2568,2405,4095,3579,6407,6474,6673,7838,6769,21915,29104,8180,14913,203072,114689,30167,9792,98562,86,4
2021-04-24T23:59:59+02:00,4849,5480,8190,10280,9404,14941,13517,22158,25110,28284,40541,43535,32080,42131,9262,16937,852,978,1815,2566,2405,4090,3579,6405,6474,6669,7836,6768,21914,29104,8180,14913,198034,114669,30167,9791,98494,84,4
2021-04-23T23:59:59+02:00,4531,5290,7726,9985,8974,14578,12939,21756,24683,28016,40469,43481,32064,42103,9256,16932,838,968,1795,2551,2385,4074,3557,6384,6454,6650,7821,6748,21910,29095,8180,14913,197690,114654,30152,9593,94937,72,4
2021-04-22T23:59:59+02:00,4422,5214,7530,9875,8699,14376,12454,21397,22033,25237,38013,40610,31629,41548,9194,16820,822,956,1768,2522,2324,4013,3481,6320,6344,6554,7743,6661,21859,29050,8178,14903,184702,114538,29963,8887,94382,69,4
2021-04-21T23:59:59+02:00,4391,5179,7389,9789,8511,14199,12082,21076,20507,23697,35052,37196,31239,40962,9138,16709,796,938,1731,2493,2280,3988,3448,6288,6307,6514,7709,6632,21843,29031,8175,14899,173016,114432,29789,8571,94307,65,4
2021-04-20T23:59:59+02:00,4355,5144,7266,9720,8299,14032,11676,20763,19215,22309,31931,33742,30841,40459,9092,16615,789,927,1712,2482,2249,3962,3403,6234,6241,6445,7670,6581,21819,29008,8170,14895,161437,114205,29767,8315,94251,63,4
2021-04-19T23:59:59+02:00,4327,5125,7190,9678,8179,13919,11396,20560,18494,21554,31100,32687,30614,40154,9057,16551,779,921,1691,2468,2222,3930,3367,6200,6209,6414,7617,6546,21798,28985,8168,14892,156644,114072,29751,8070,94186,61,4
2021-04-18T23:59:59+02:00,4321,5118,7178,9663,8159,13902,11360,20524,18400,21469,30987,32575,30589,40132,9054,16546,777,917,1674,2456,2206,3913,3342,6170,6180,6394,7593,6534,21781,28964,8165,14890,156153,114013,29681,7879,94139,60,4
2021-04-17T23:59:59+02:00,4320,5116,7174,9662,8157,13902,11356,20516,18385,21460,30968,32563,30587,40131,9054,16546,777,916,1673,2456,2205,3912,3340,6168,6178,6393,7593,6534,21781,28964,8165,14890,156079,114002,29681,7879,94133,60,4
2021-04-16T23:59:59+02:00,4125,5066,6828,9524,7793,13714,10949,20256,17943,21203,30786,32412,30519,40051,9044,16531,764,897,1660,2441,2178,3898,3281,6129,6136,6339,7498,6436,21374,28413,8138,14833,155329,112679,29673,7675,91738,57,4
2021-04-15T23:59:59+02:00,4006,4963,6448,9149,7209,13187,10125,19355,16592,19963,29638,31149,30067,39498,8982,16378,729,872,1604,2399,2097,3813,3157,5996,5798,6094,6983,6027,20697,27538,8061,14690,149591,109362,29377,7137,87737,52,4
2021-04-14T23:59:59+02:00,3936,4898,6220,8920,6866,12805,9488,18777,15482,18887,28244,29675,29528,38718,8892,16216,691,842,1554,2361,2022,3735,3006,5864,5469,5829,6412,5506,19733,26271,7992,14544,142849,105097,29177,6684,85522,46,4
2021-04-13T23:59:59+02:00,3902,4863,6123,8837,6713,12682,9167,18509,14539,18065,24931,26122,28736,37712,8810,16069,684,832,1540,2335,1994,3699,2901,5792,5242,5630,6037,5158,19467,25968,7960,14482,131291,103018,29167,6654,85318,45,4
2021-04-12T23:59:59+02:00,3877,4835,6068,8782,6625,12600,8919,18280,13887,17472,23929,24986,28388,37234,8753,15959,674,824,1530,2326,1971,3679,2839,5738,5080,5511,5714,4873,19195,25681,7925,14432,126229,101433,29152,6510,85209,45,4
2021-04-11T23:59:59+02:00,3870,4828,6049,8758,6597,12581,8878,18253,13787,17402,23807,24851,28341,37169,8745,15938,671,818,1516,2316,1958,3671,2821,5722,5042,5468,5651,4811,19027,25455,7908,14404,125688,100771,29086,6439,85076,45,4
2021-04-10T23:59:59+02:00,3858,4827,6028,8758,6573,12580,8858,18252,13768,17400,23801,24847,28338,37169,8745,15938,668,816,1511,2311,1953,3668,2815,5714,5026,5458,5638,4793,18865,25202,7895,14382,125666,100261,28997,6405,85073,45,4
2021-04-09T23:59:59+02:00,3812,4813,5984,8748,6518,12560,8816,18227,13714,17348,21734,22293,27978,36704,8719,15900,652,799,1488,2287,1925,3651,2766,5670,4951,5402,5517,4686,18298,24470,7863,14324,124978,98502,23893,6206,84993,37,4
2021-04-08T23:59:59+02:00,3782,4793,5914,8721,6446,12514,8727,18163,13561,17225,19000,19039,27614,36233,8688,15861,602,764,1405,2201,1825,3556,2560,5473,4446,5030,4703,4023,16566,22314,7713,14056,124126,91574,18035,5633,84117,27,3
2021-04-07T23:59:59+02:00,3684,4761,5709,8676,6237,12453,8501,18093,13308,17121,16078,15661,27238,35780,8663,15815,578,729,1351,2147,1723,3467,2398,5314,4003,4697,3965,3430,15779,21490,7617,13901,123919,87276,16506,5287,77350,23,3
2021-04-06T23:59:59+02:00,3652,4750,5661,8656,6170,12428,8413,18055,13232,17045,13798,12953,26912,35431,8652,15790,542,705,1278,2088,1637,3384,2220,5177,3613,4428,3428,2984,14985,20534,7553,13798,123794,83650,16305,4683,71496,18,3
2021-04-05T23:59:59+02:00,3648,4745,5622,8643,6136,12418,8361,18035,13165,17010,13752,12907,26904,35417,8651,15789,508,667,1219,2054,1586,3344,2155,5118,3528,4354,3370,2942,14851,20365,7544,13782,123773,83171,16095,4196,71333,18,2
2021-04-04T23:59:59+02:00,3647,4744,5622,8642,6135,12418,8360,18032,13165,17010,13750,12907,26904,35417,8651,15789,508,666,1219,2054,1586,3344,2155,5118,3528,4354,3370,2942,14850,20365,7544,13782,123767,83169,16095,4196,71329,18,2
2021-04-03T23:59:59+02:00,3647,4744,5622,8641,6135,12418,8360,18032,13165,17010,13749,12905,26903,35415,8651,15789,508,665,1219,2054,1585,3344,2155,5116,3521,4351,3365,2932,14764,20227,7535,13768,123761,82893,16095,4196,71328,18,2
2021-04-02T23:59:59+02:00,3646,4741,5620,8636,6130,12409,8351,18019,13135,16979,13704,12850,26881,35404,8648,15785,504,657,1218,2050,1573,3337,2144,5092,3489,4316,3335,2902,13820,18959,7487,13687,123599,80435,16092,4115,71245,18,2
2021-04-01T23:59:59+02:00,3629,4726,5584,8617,6068,12374,8267,17983,13019,16903,13597,12726,26828,35335,8641,15774,445,608,1126,1978,1470,3253,1995,4977,3283,4174,3103,2698,11825,16368,7396,13546,123285,74899,15969,3326,70815,18,2
2021-03-31T23:59:59+02:00,3625,4710,5563,8583,6036,12338,8223,17938,12942,16826,13475,12607,26789,35287,8635,15766,406,584,1084,1935,1398,3211,1878,4863,3024,3966,2653,2395,9284,13136,7239,13339,122986,67394,15930,2982,70425,17,2
2021-03-30T23:59:59+02:00,3616,4699,5537,8553,6007,12308,8181,17894,12864,16750,13388,12481,26761,35244,8630,15757,384,563,1060,1903,1336,3173,1742,4779,2774,3787,2257,2136,8449,12066,7191,13236,122860,64111,15900,2708,69909,16,1
2021-03-29T23:59:59+02:00,3603,4692,5510,8536,5972,12275,8138,17860,12784,16671,12450,11295,25186,33158,8511,15543,376,561,1055,1885,1313,3148,1698,4733,2620,3700,1958,1980,7821,11356,7153,13171,116885,61808,15730,2705,69568,14,1
2021-03-28T23:59:59+02:00,3571,4667,5460,8505,5921,12231,8054,17807,12677,16594,11721,10456,23676,31233,8464,15464,375,559,1053,1884,1306,3145,1691,4731,2608,3692,1933,1959,7801,11343,7151,13167,116824,61681,10559,2702,69117,14,1
2021-03-27T23:59:59+01:00,3558,4662,5421,8497,5884,12217,8004,17792,12635,16542,11692,10418,23673,31227,8464,15464,375,559,1053,1884,1306,3145,1690,4728,2606,3690,1931,1958,7746,11259,7123,13127,116759,61463,10558,2702,68832,14,1
2021-03-26T23:59:59+01:00,3404,4225,4945,7342,5391,10860,7378,15625,11854,14544,11504,10241,23189,30513,8426,15401,374,555,1049,1881,1299,3141,1689,4725,2600,3684,1923,1952,7586,11043,7009,12967,115210,60781,10303,2690,59328,5,1
2021-03-25T23:59:59+01:00,3271,3876,4777,6585,5158,9669,7030,13826,11105,12900,10624,9435,22554,29737,8367,15265,369,547,1041,1870,1287,3123,1667,4687,2558,3633,1855,1888,7265,10537,6771,12608,112314,59014,9601,2687,52263,4,1
2021-03-24T23:59:59+01:00,3215,3832,4708,6515,5021,9564,6808,13650,10568,12455,9780,8605,21608,28534,8288,15114,367,541,1032,1865,1269,3112,1653,4657,2507,3579,1789,1807,6835,9974,6429,12044,108293,56783,9254,2673,50718,4,0
2021-03-23T23:59:59+01:00,3184,3793,4623,6444,4919,9469,6576,13468,10103,12014,9068,7936,21152,27993,8245,15016,354,527,1014,1856,1255,3091,1621,4633,2452,3526,1707,1744,6484,9485,6110,11536,105943,54720,8920,2672,49140,3,0
2021-03-22T23:59:59+01:00,3163,3755,4567,6404,4837,9399,6421,13320,9720,11708,8461,7378,20787,27603,8195,14935,348,522,1003,1850,1241,3074,1607,4619,2426,3499,1682,1724,6257,9180,5755,10854,104460,52971,8660,2667,47533,3,0
2021-03-21T23:59:59+01:00,3154,3739,4518,6380,4788,9361,6326,13242,9518,11507,8144,7116,20654,27466,8186,14911,348,522,1002,1850,1240,3074,1606,4618,2423,3499,1673,1718,6244,9170,5730,10802,104259,52866,8429,2650,46322,3,0
2021-03-20T23:59:59+01:00,3153,3734,4510,6374,4782,9359,6322,13235,9494,11490,8113,7086,20480,27189,8171,14887,348,522,1002,1849,1239,3074,1605,4617,2419,3490,1660,1704,6197,9085,5586,10602,103700,52371,8417,2625,46262,3,0
2021-03-19T23:59:59+01:00,3109,3703,4432,6336,4676,9312,6161,13170,9235,11293,7805,6863,20015,26618,8147,14835,348,522,1001,1847,1239,3072,1602,4615,2412,3485,1645,1695,6087,8952,5251,10076,102404,51243,8176,2603,45130,3,0
2021-03-18T23:59:59+01:00,3031,3619,4254,6195,4432,9106,5752,12839,8279,10588,6542,5804,18858,25372,8027,14628,344,518,997,1837,1222,3058,1561,4595,2341,3442,1570,1650,5891,8648,4646,9172,97513,48930,7634,2561,42179,1,0
2021-03-17T23:59:59+01:00,2994,3571,4164,6096,4290,8981,5473,12539,7565,10011,5536,4879,17595,23896,7884,14413,340,517,993,1828,1217,3048,1545,4574,2266,3414,1507,1606,5755,8418,4163,8456,92113,47142,7132,2504,40642,1,0
2021-03-16T23:59:59+01:00,2970,3539,4098,6024,4194,8885,5280,12370,7085,9616,4762,4226,16801,22968,7799,14263,336,515,990,1823,1213,3040,1538,4564,2241,3394,1479,1588,5621,8238,3752,7781,88473,45687,7096,2425,39311,1,0
2021-03-15T23:59:59+01:00,2966,3525,4081,6009,4162,8860,5229,12321,6956,9495,4612,4054,16498,22580,7776,14209,334,511,989,1817,1207,3032,1521,4552,2217,3371,1436,1574,5436,8006,3299,7077,87701,44100,7003,2278,38629,1,0
2021-03-14T23:59:59+01:00,2959,3514,4064,5990,4130,8842,5180,12286,6861,9398,4511,3948,16377,22414,7759,14177,332,510,988,1815,1201,3025,1517,4542,2204,3364,1426,1566,5429,7998,3294,7065,87384,44039,6985,2236,38041,1,0
2021-03-13T23:59:59+01:00,2955,3508,4061,5980,4123,8837,5172,12274,6840,9386,4488,3920,16063,21975,7740,14145,332,510,988,1815,1201,3025,1517,4542,2204,3364,1426,1566,5429,7997,3294,7065,86501,44038,6961,2236,38005,1,0
2021-03-12T23:59:59+01:00,2880,3416,3960,5813,3998,8609,5032,11964,6663,9142,4346,3784,15137,20707,7689,14064,332,508,986,1813,1201,3022,1514,4536,2204,3358,1418,1564,5421,7973,3292,7053,84039,43959,6899,2235,36266,1,0
2021-03-11T23:59:59+01:00,2735,3158,3741,5480,3743,8144,4671,11169,6035,8363,3829,3298,13585,18743,7606,13941,332,508,982,1809,1200,3009,1504,4519,2191,3337,1372,1534,5384,7939,3282,7027,79737,43816,6736,2112,31768,1,0
2021-03-10T23:59:59+01:00,2592,2997,3594,5245,3550,7814,4380,10658,5471,7806,3244,2858,11359,16048,7480,13742,329,504,976,1798,1195,2999,1497,4504,2166,3320,1342,1527,5354,7923,3275,7020,73430,43747,6566,1982,28842,0,0
2021-03-09T23:59:59+01:00,2560,2929,3528,5168,3437,7714,4190,10452,5059,7458,2745,2488,9906,14062,7403,13621,328,502,976,1791,1188,2991,1492,4496,2160,3310,1328,1523,5347,7920,3272,7019,68603,43712,6416,1931,27701,0,0
2021-03-08T23:59:59+01:00,2530,2855,3475,5099,3360,7631,4053,10329,4755,7260,2280,2225,8007,11647,7298,13483,328,497,975,1782,1181,2974,1486,4485,2155,3304,1319,1512,5328,7900,3267,7011,62899,43600,6080,1904,27308,0,0
2021-03-07T23:59:59+01:00,2463,2788,3375,4992,3263,7547,3947,10233,4633,7176,2228,2174,7988,11628,7298,13476,328,496,974,1782,1181,2974,1486,4485,2155,3304,1319,1512,5328,7900,3267,7011,62769,43598,5398,1904,27042,0,0
2021-03-06T23:59:59+01:00,2455,2772,3363,4986,3259,7542,3938,10224,4622,7172,2226,2173,7936,11550,7271,13436,328,496,973,1778,1180,2972,1486,4482,2151,3300,1316,1507,5324,7893,3265,7003,62560,43550,5338,1904,27027,0,0
2021-03-05T23:59:59+01:00,2306,2667,3135,4797,3025,7217,3649,9815,4303,6871,2159,2118,7698,11206,7108,13208,328,494,971,1775,1180,2971,1485,4476,2147,3293,1310,1506,5318,7886,3265,6998,61580,43499,4495,1904,25207,0,0
2021-03-04T23:59:59+01:00,2024,2411,2715,4347,2572,6567,3040,8851,3662,6161,1964,1974,7383,10756,6867,12844,326,493,970,1766,1177,2953,1485,4461,2135,3284,1301,1504,5307,7873,3258,6988,59936,43380,3219,1901,20983,0,0
2021-03-03T23:59:59+01:00,1948,2309,2605,4178,2445,6339,2895,8558,3494,5935,1885,1901,6987,10192,6571,12359,325,488,970,1755,1175,2929,1478,4434,2132,3274,1277,1492,5303,7868,3254,6980,57925,43233,3073,1901,19603,0,0
2021-03-02T23:59:59+01:00,1908,2212,2537,4064,2360,6181,2787,8374,3383,5801,1809,1834,6600,9635,6249,11806,321,481,969,1736,1172,2909,1474,4416,2130,3263,1254,1487,5293,7850,3248,6975,55816,43077,2832,1901,18892,0,0
2021-03-01T23:59:59+01:00,1893,2180,2496,3949,2312,6070,2750,8274,3333,5727,1767,1812,6370,9337,5869,11075,320,477,966,1732,1170,2898,1473,4401,2128,3248,1248,1484,5291,7848,3247,6969,53949,42999,2820,1901,18445,0,0
2021-02-28T23:59:59+01:00,1874,2136,2461,3883,2284,6009,2705,8198,3309,5688,1762,1809,6354,9325,5841,11023,320,477,965,1732,1170,2898,1473,4400,2128,3247,1248,1483,5291,7848,3247,6969,53828,42996,2818,1900,18015,0,0
2021-02-27T23:59:59+01:00,1870,2126,2459,3880,2280,6009,2704,8197,3307,5685,1756,1797,6313,9249,5701,10836,320,477,955,1727,1159,2888,1464,4394,2114,3238,1247,1480,5291,7847,3247,6969,53362,42992,2818,1825,17989,0,0
2021-02-26T23:59:59+01:00,1670,1947,2343,3636,2200,5582,2608,7675,3225,5285,1747,1780,6238,9158,5487,10503,319,474,948,1719,1151,2867,1457,4373,2102,3228,1243,1471,5284,7831,3242,6959,52611,42912,2797,1756,15676,0,0
2021-02-25T23:59:59+01:00,1434,1625,2129,3200,2028,4795,2396,6665,3006,4509,1665,1724,6093,8927,5012,9817,316,462,940,1656,1117,2766,1419,4265,2049,3161,1209,1453,5242,7782,3225,6916,50732,42447,2785,1531,11508,0,0
2021-02-24T23:59:59+01:00,1370,1381,2024,2936,1923,4450,2264,6252,2833,4270,1599,1682,5912,8628,4375,8850,313,451,898,1608,1064,2673,1363,4145,1958,3041,1177,1430,5225,7758,3218,6899,48393,42190,2775,1031,9581,0,0
2021-02-23T23:59:59+01:00,1353,1324,1989,2874,1897,4349,2240,6164,2801,4221,1592,1669,5752,8407,3858,7992,313,450,866,1574,1015,2615,1309,4070,1847,2973,1135,1409,5207,7731,3206,6864,46602,41990,2750,594,9130,0,0
2021-02-22T23:59:59+01:00,1340,1272,1939,2734,1851,4203,2181,5958,2758,4137,1582,1659,5588,8192,3380,7274,311,438,821,1533,958,2526,1214,3961,1702,2883,1061,1355,5164,7658,3182,6766,44992,41527,2731,6,8325,0,0
2021-02-21T23:59:59+01:00,1335,1250,1908,2674,1825,4108,2156,5845,2737,4091,1575,1653,5586,8182,3380,7272,308,435,817,1522,950,2498,1212,3922,1690,2845,1051,1342,5144,7631,3162,6727,44942,41250,2720,6,7915,0,0
2021-02-20T23:59:59+01:00,1335,1250,1908,2674,1824,4108,2156,5845,2735,4085,1566,1646,5581,8176,3378,7269,308,435,817,1520,949,2495,1211,3917,1689,2844,1051,1342,5084,7559,3124,6682,44928,41022,2694,5,7914,0,0
2021-02-19T23:59:59+01:00,1335,1247,1905,2667,1823,4101,2155,5836,2732,4081,1546,1636,5567,8160,3376,7263,306,433,813,1511,940,2468,1206,3874,1658,2794,1022,1304,4872,7265,2975,6426,44847,39862,2673,5,7910,0,0
2021-02-18T23:59:59+01:00,1302,1149,1867,2547,1783,3963,2092,5614,2678,3937,1534,1623,5554,8123,3372,7240,276,393,765,1385,890,2258,1123,3524,1537,2524,909,1106,4338,6414,2626,5657,44698,35720,2640,5,7040,0,0
2021-02-17T23:59:59+01:00,1247,988,1786,2327,1703,3652,1986,5232,2605,3739,1516,1614,5531,8109,3364,7236,270,385,756,1372,879,2234,1110,3488,1520,2506,902,1103,3911,5816,2382,5310,44657,33939,2581,5,5397,0,0
2021-02-16T23:59:59+01:00,1203,943,1726,2217,1634,3475,1917,5031,2528,3648,1479,1598,5506,8088,3357,7225,263,377,738,1334,861,2180,1074,3366,1487,2434,879,1081,3498,5190,2103,4900,44604,31761,2415,4,4556,0,0
2021-02-15T23:59:59+01:00,1193,919,1709,2141,1615,3377,1896,4918,2509,3577,1454,1587,5469,8064,3334,7178,250,364,721,1298,843,2131,1053,3298,1448,2371,848,1052,3033,4559,1818,4417,44476,29501,2328,3,4136,0,0
2021-02-14T23:59:59+01:00,1091,875,1637,2116,1554,3357,1853,4897,2475,3565,1446,1583,5463,8053,3331,7174,243,352,709,1278,827,2097,1036,3223,1414,2308,817,1003,2936,4414,1758,4239,44435,28651,2292,3,3743,0,0
2021-02-13T23:59:59+01:00,1028,847,1616,2095,1537,3350,1840,4891,2467,3564,1445,1582,5463,8053,3330,7173,240,351,708,1278,827,2093,1036,3222,1412,2306,817,1003,2823,4277,1704,4153,44429,28247,2292,3,3560,0,0
2021-02-12T23:59:59+01:00,647,683,1291,1981,1383,3251,1702,4805,2363,3505,1431,1576,5453,8042,3325,7168,227,343,697,1253,811,2046,1012,3135,1351,2210,760,930,2573,3928,1588,3885,44316,26747,2292,2,1998,0,0
2021-02-11T23:59:59+01:00,452,588,1122,1878,1280,3131,1610,4690,2268,3423,1327,1532,5395,7995,3307,7122,183,269,593,989,673,1585,807,2436,1066,1671,538,689,1911,2932,1162,2801,43964,20304,2093,1,1063,0,0
2021-02-10T23:59:59+01:00,328,497,987,1785,1195,2995,1508,4505,2164,3321,1292,1518,5376,7984,3303,7121,157,179,408,628,506,1070,635,1816,908,1401,523,675,1448,2304,906,2376,43888,15940,1987,0,4,0,0
2021-02-09T23:59:59+01:00,328,494,986,1780,1192,2987,1508,4500,2163,3316,1285,1515,5374,7982,3302,7119,154,174,398,601,486,1041,616,1786,885,1374,521,672,1019,1780,677,2033,43864,14217,1964,0,3,0,0
2021-02-08T23:59:59+01:00,328,492,985,1777,1189,2978,1502,4494,2161,3311,1280,1512,5372,7982,3302,7117,147,167,388,589,476,1023,605,1753,866,1352,516,667,570,1210,433,1687,43839,12449,1940,0,3,0,0
2021-02-07T23:59:59+01:00,328,492,983,1777,1188,2978,1500,4492,2161,3311,1280,1512,5372,7981,3302,7117,143,162,383,584,476,1016,601,1740,856,1337,510,664,569,1197,428,1675,43835,12341,1939,0,0,0,0
2021-02-06T23:59:59+01:00,328,492,983,1777,1188,2978,1500,4492,2161,3311,1280,1512,5372,7981,3302,7117,139,158,381,582,476,1015,601,1738,855,1335,510,664,569,1197,428,1675,43835,12323,1939,0,0,0,0
2021-02-05T23:59:59+01:00,328,491,982,1777,1188,2977,1498,4491,2160,3311,1280,1512,5371,7978,3302,7115,137,149,378,578,468,1003,597,1724,840,1316,506,654,562,1181,420,1652,43822,12165,1939,0,0,0,0
2021-02-04T23:59:59+01:00,323,482,976,1738,1183,2932,1495,4434,2148,3276,1272,1505,5341,7945,3291,7089,105,99,251,393,348,750,465,1311,633,994,389,529,480,982,366,1418,43492,9513,1938,0,0,0,0
2021-02-03T23:59:59+01:00,320,471,970,1715,1180,2893,1485,4385,2140,3242,1262,1492,5316,7913,3282,7064,60,48,87,164,161,368,225,606,309,496,210,290,278,628,221,895,43192,5046,1938,0,0,0,0
2021-02-02T23:59:59+01:00,319,469,968,1701,1177,2872,1481,4354,2133,3217,1254,1486,5309,7899,3275,7043,18,15,28,48,60,108,74,161,96,115,45,74,66,146,49,179,43019,1282,1938,0,0,0,0
2021-02-01T23:59:59+01:00,319,465,968,1699,1176,2871,1480,4347,2132,3213,1253,1486,5309,7899,3275,7043,15,14,25,41,50,98,60,133,73,97,40,64,57,138,47,165,42997,1117,1938,0,0,0,0
2021-01-31T23:59:59+01:00,319,462,968,1697,1175,2867,1480,4341,2132,3211,1252,1485,5309,7899,3275,7043,14,12,23,39,43,87,52,123,63,93,38,53,46,130,45,158,42977,1019,1938,0,0,0,0
2021-01-30T23:59:59+01:00,319,462,963,1693,1166,2859,1473,4335,2128,3209,1252,1485,5249,7827,3237,6998,14,12,23,38,43,87,51,122,63,93,38,53,46,130,45,158,42751,1016,1904,0,0,0,0
2021-01-29T23:59:59+01:00,317,461,949,1682,1154,2838,1461,4304,2106,3185,1246,1479,5061,7586,3099,6830,12,12,23,38,40,87,50,119,60,93,36,48,45,130,45,158,41963,996,1795,0,0,0,0
2021-01-28T23:59:59+01:00,312,437,928,1602,1112,2722,1421,4210,2039,3111,1222,1471,4684,7050,2871,6538,8,6,10,17,22,42,19,58,36,60,20,32,35,87,33,104,40180,589,1550,0,0,0,0
2021-01-27T23:59:59+01:00,305,427,883,1547,1060,2624,1361,4116,1965,3010,1187,1444,4222,6406,2605,6158,4,5,9,7,14,24,5,21,15,26,11,15,16,46,13,53,38218,284,1102,0,0,0,0
2021-01-26T23:59:59+01:00,298,416,843,1493,997,2536,1296,3986,1843,2916,1138,1396,3817,5774,2314,5723,2,2,4,2,6,6,3,3,2,7,7,5,4,8,3,8,36131,72,655,0,0,0,0
2021-01-25T23:59:59+01:00,287,405,789,1429,934,2415,1188,3837,1682,2810,1075,1368,3382,5184,2044,5337,2,2,4,1,4,6,1,3,2,7,7,5,4,8,3,8,34110,67,56,0,0,0,0
2021-01-24T23:59:59+01:00,284,405,781,1423,924,2399,1184,3821,1653,2781,1072,1367,3351,5148,2031,5316,2,2,2,1,4,6,1,3,2,7,7,5,4,8,3,8,33935,65,5,0,0,0,0
2021-01-23T23:59:59+01:00,282,404,781,1423,924,2395,1183,3820,1649,2779,1072,1367,3235,5010,1975,5228,2,2,2,1,3,6,1,3,2,7,7,5,4,8,3,8,33523,64,4,0,0,0,0
2021-01-22T23:59:59+01:00,280,400,780,1409,922,2382,1177,3806,1645,2776,1070,1366,3052,4790,1895,5110,2,2,2,1,3,6,1,3,2,7,7,5,4,8,3,8,32856,64,4,0,0,0,0
2021-01-21T23:59:59+01:00,271,361,715,1243,855,2168,1096,3516,1549,2593,1031,1330,2652,4250,1656,4742,2,1,2,0,3,6,1,3,2,7,7,4,4,8,3,8,30024,61,4,0,0,0,0
2021-01-20T23:59:59+01:00,244,271,542,884,682,1657,885,2802,1324,2187,944,1192,2052,3418,1317,4066,2,1,2,0,3,6,1,3,2,5,6,4,4,8,3,8,24463,58,4,0,0,0,0
2021-01-19T23:59:59+01:00,213,246,492,776,625,1487,796,2478,1146,1899,778,934,1350,2389,923,3102,0,1,1,0,0,0,0,0,1,1,1,0,0,1,0,0,19632,6,2,0,0,0,0
2021-01-18T23:59:59+01:00,161,182,406,640,501,1113,648,1904,942,1457,574,718,638,1344,485,1892,0,0,0,0,0,0,0,0,0,0,0,0,0,1,0,0,13604,1,1,0,0,0,0
2021-01-17T23:59:59+01:00,149,165,392,603,486,1043,617,1782,881,1362,527,680,592,1245,446,1749,0,0,0,0,0,0,0,0,0,0,0,0,0,0,0,0,12719,0,0,0,0,0,0
2021-01-16T23:59:59+01:00,141,160,390,598,484,1033,611,1770,874,1355,527,680,591,1240,442,1736,0,0,0,0,0,0,0,0,0,0,0,0,0,0,0,0,12632,0,0,0,0,0,0
2021-01-15T23:59:59+01:00,138,152,387,592,476,1019,607,1755,858,1335,522,668,583,1223,436,1713,0,0,0,0,0,0,0,0,0,0,0,0,0,0,0,0,12464,0,0,0,0,0,0
2021-01-14T23:59:59+01:00,116,121,296,475,404,848,506,1463,701,1079,414,543,507,1042,386,1537,0,0,0,0,0,0,0,0,0,0,0,0,0,0,0,0,10438,0,0,0,0,0,0
2021-01-13T23:59:59+01:00,75,74,180,287,264,553,354,948,468,699,255,336,318,697,251,972,0,0,0,0,0,0,0,0,0,0,0,0,0,0,0,0,6731,0,0,0,0,0,0
2021-01-12T23:59:59+01:00,35,30,54,101,117,234,146,391,201,302,139,184,166,401,144,535,0,0,0,0,0,0,0,0,0,0,0,0,0,0,0,0,3180,0,0,0,0,0,0
2021-01-11T23:59:59+01:00,22,17,36,62,58,121,74,166,92,117,40,64,59,143,48,166,0,0,0,0,0,0,0,0,0,0,0,0,0,0,0,0,1285,0,0,0,0,0,0
2021-01-10T23:59:59+01:00,18,12,31,52,50,109,63,148,74,107,37,54,49,133,44,157,0,0,0,0,0,0,0,0,0,0,0,0,0,0,0,0,1138,0,0,0,0,0,0
2021-01-09T23:59:59+01:00,17,12,30,50,49,107,60,147,74,106,37,54,49,133,44,157,0,0,0,0,0,0,0,0,0,0,0,0,0,0,0,0,1126,0,0,0,0,0,0
2021-01-08T23:59:59+01:00,14,12,28,48,44,99,55,136,69,103,35,49,48,133,44,157,0,0,0,0,0,0,0,0,0,0,0,0,0,0,0,0,1074,0,0,0,0,0,0
2021-01-07T23:59:59+01:00,8,6,9,18,21,42,19,59,38,62,21,34,37,92,33,103,0,0,0,0,0,0,0,0,0,0,0,0,0,0,0,0,602,0,0,0,0,0,0
2021-01-06T23:59:59+01:00,8,6,8,14,16,30,13,43,25,49,16,24,31,81,31,92,0,0,0,0,0,0,0,0,0,0,0,0,0,0,0,0,487,0,0,0,0,0,0
2021-01-05T23:59:59+01:00,8,6,8,14,16,30,13,43,25,49,16,24,30,81,31,92,0,0,0,0,0,0,0,0,0,0,0,0,0,0,0,0,486,0,0,0,0,0,0
2021-01-04T23:59:59+01:00,3,5,6,4,6,13,1,8,6,15,6,6,6,16,4,13,0,0,0,0,0,0,0,0,0,0,0,0,0,0,0,0,118,0,0,0,0,0,0
2021-01-03T23:59:59+01:00,2,2,1,1,3,6,1,4,2,8,5,4,3,9,3,8,0,0,0,0,0,0,0,0,0,0,0,0,0,0,0,0,62,0,0,0,0,0,0
2021-01-02T23:59:59+01:00,2,2,1,1,3,6,1,4,2,8,5,4,3,9,3,8,0,0,0,0,0,0,0,0,0,0,0,0,0,0,0,0,62,0,0,0,0,0,0
2021-01-01T23:59:59+01:00,2,2,1,1,3,6,1,4,2,8,5,4,3,9,3,8,0,0,0,0,0,0,0,0,0,0,0,0,0,0,0,0,62,0,0,0,0,0,0
2020-12-31T23:59:59+01:00,2,2,1,0,3,6,1,3,2,7,5,4,3,9,3,8,0,0,0,0,0,0,0,0,0,0,0,0,0,0,0,0,59,0,0,0,0,0,0
2020-12-30T23:59:59+01:00,2,2,1,0,3,6,1,3,2,5,5,4,3,9,3,8,0,0,0,0,0,0,0,0,0,0,0,0,0,0,0,0,57,0,0,0,0,0,0
2020-12-29T23:59:59+01:00,2,2,0,0,3,5,1,3,2,5,3,2,2,9,2,7,0,0,0,0,0,0,0,0,0,0,0,0,0,0,0,0,48,0,0,0,0,0,0
2020-12-28T23:59:59+01:00,1,1,0,0,1,1,0,0,0,3,0,1,0,2,1,4,0,0,0,0,0,0,0,0,0,0,0,0,0,0,0,0,15,0,0,0,0,0,0
2020-12-27T23:59:59+01:00,0,0,0,0,1,1,0,0,0,2,0,1,0,1,1,4,0,0,0,0,0,0,0,0,0,0,0,0,0,0,0,0,11,0,0,0,0,0,0
