Datum,<24_1_m,<24_1_w,25-34_1_m,25-34_1_w,35-44_1_m,35-44_1_w,45-54_1_m,45-54_1_w,55-64_1_m,55-64_1_w,65-74_1_m,65-74_1_w,75-84_1_m,75-84_1_w,>84_1_m,>84_1_w,<24_2_m,<24_2_w,25-34_2_m,25-34_2_w,35-44_2_m,35-44_2_w,45-54_2_m,45-54_2_w,55-64_2_m,55-64_2_w,65-74_2_m,65-74_2_w,75-84_2_m,75-84_2_w,>84_2_m,>84_2_w,bp_1,bp_2,mo_1,mo_2,az_1,az_2,ja
2021-06-18T23:59:59+02:00,25251,23403,38048,32121,44120,41755,62866,62179,76250,75743,53720,58104,35140,46333,9715,17810,6274,6239,10950,10732,12723,15463,21699,26738,53475,55604,42555,45668,32060,42265,9138,16717,506827,296106,75251,36294,108680,64100,11800
2021-06-17T23:59:59+02:00,24522,22673,37391,31580,43478,41133,62509,61854,76004,75504,53619,57995,35100,46279,9704,17789,6069,5970,10566,10209,12225,14693,20680,25260,52003,53799,41509,44462,31816,41941,9097,16648,501625,289151,75202,36171,108676,59994,11631
2021-06-16T23:59:59+02:00,23542,21562,36410,30671,42531,40199,62002,61421,75645,75216,53488,57858,35056,46201,9695,17768,5864,5793,10044,9905,11483,14198,18492,23428,48686,50655,39961,42654,31425,41455,9050,16546,494386,273249,74690,35980,108665,58886,11524
2021-06-15T23:59:59+02:00,22544,20541,35501,29830,41646,39359,61599,61008,75351,74928,53360,57708,35009,46139,9685,17743,5628,5653,9515,9637,10765,13700,16150,21551,45190,47156,38579,40995,31026,40935,8993,16434,487332,256350,74581,35948,108658,58229,11380
2021-06-14T23:59:59+02:00,21206,19117,34234,28524,40243,38003,61057,60513,75005,74607,53247,57584,34970,46076,9677,17730,5479,5544,9162,9423,10280,13366,14465,20112,43009,44959,37604,39944,30799,40598,8966,16364,477642,245293,74164,35924,108653,57523,11334
2021-06-13T23:59:59+02:00,20622,18631,33756,28125,39757,37627,60851,60348,74886,74518,53220,57546,34950,46056,9675,17722,5381,5485,9018,9359,10128,13292,13799,19607,42597,44615,37403,39735,30751,40532,8960,16352,474572,244377,73862,34516,108647,56912,11209
2021-06-12T23:59:59+02:00,20619,18613,33744,28114,39751,37624,60846,60346,74883,74516,53219,57544,34949,46056,9675,17722,5374,5479,9008,9354,10116,13287,13783,19588,42417,44471,37384,39724,30748,40530,8960,16351,474508,243949,73858,34516,108647,56901,11208
2021-06-11T23:59:59+02:00,20523,18544,33572,28046,39576,37576,60726,60306,74822,74496,53211,57539,34947,46055,9675,17721,5280,5231,8845,8797,9914,12557,13544,18424,41937,43326,37244,39605,30737,40509,8958,16349,474142,243464,73451,34514,108541,52078,11201
2021-06-10T23:59:59+02:00,19522,17699,32160,27172,38377,36688,60080,59878,74462,74245,53129,57463,34915,46014,9664,17706,4984,4986,8281,8299,9233,11787,12743,17293,39061,40302,36597,38953,30596,40361,8945,16323,470262,236470,70495,34385,108260,47732,10157
2021-06-09T23:59:59+02:00,18584,16876,30911,26281,37206,35838,59536,59519,74160,74050,53060,57364,34889,45974,9653,17688,4787,4813,7912,8109,8764,11576,12080,16868,33740,35199,35470,37775,30403,40147,8929,16282,465575,222763,68132,34264,108223,46168,9659
2021-06-08T23:59:59+02:00,17513,15898,29588,25225,35903,34893,58969,59146,73913,73865,52995,57303,34868,45943,9649,17680,4694,4737,7752,7998,8625,11467,11766,16654,30703,32152,34769,37111,30278,39979,8911,16254,461120,215376,64739,34209,108184,44957,9308
2021-06-07T23:59:59+02:00,16764,15209,28237,24433,34811,34160,58549,58932,73714,73774,52966,57264,34855,45936,9649,17676,4586,4656,7542,7870,8332,11340,11331,16349,26058,27392,33766,36065,30089,39760,8892,16231,458018,203763,61797,34147,108152,43387,8962
2021-06-06T23:59:59+02:00,16374,14965,27453,24029,34193,33762,58267,58780,73582,73718,52945,57246,34845,45929,9648,17675,4510,4618,7397,7821,8173,11254,10978,16113,22986,24213,33093,35360,29973,39638,8887,16220,456899,201003,59756,28995,108129,42609,8627
2021-06-05T23:59:59+02:00,16342,14926,27406,23989,34165,33743,58257,58770,73573,73712,52940,57241,34841,45927,9648,17675,4486,4603,7364,7801,8124,11240,10904,16063,21394,22468,32487,34685,29918,39576,8883,16214,456759,196075,59651,28993,108118,42515,8627
2021-06-04T23:59:59+02:00,16075,14630,27079,23670,33840,33434,58200,58705,73532,73693,52934,57237,34840,45925,9648,17674,4449,4570,7292,7725,8066,11160,10815,15939,21294,22359,32420,34633,29890,39545,8880,16211,454814,195996,59589,28981,108086,41644,8627
2021-06-03T23:59:59+02:00,15391,14080,26031,22990,32766,32715,57738,58391,73268,73516,52871,57172,34811,45896,9644,17662,4295,4459,7012,7567,7808,10985,10430,15666,19206,20188,30691,32654,29679,39285,8860,16165,450490,187484,58159,28962,108073,40284,8220
2021-06-02T23:59:59+02:00,14600,13243,25043,22076,31695,31832,57512,58156,73086,73388,52831,57104,34796,45879,9637,17655,4255,4432,6960,7515,7748,10934,10342,15573,18478,19399,28976,30733,29600,39172,8853,16155,444266,181999,57984,28961,108071,39953,8212
2021-06-01T23:59:59+02:00,13280,12214,22901,20629,29241,30013,56181,57162,72182,72658,52565,56827,34701,45723,9605,17611,4004,4232,6442,7208,7153,10514,9438,14938,16351,17329,25423,26753,29056,38445,8791,16030,434906,168230,53619,28825,108032,38116,6936
2021-05-31T23:59:59+02:00,12252,11449,21063,19451,27263,28542,55168,56386,71571,72154,52373,56598,34635,45632,9594,17580,3833,4060,6109,6961,6752,10220,8856,14559,15237,16257,24320,25488,28751,38032,8740,15953,428182,162578,49405,28794,108015,36647,6109
2021-05-30T23:59:59+02:00,11836,11069,20358,18944,26584,27973,54867,56122,71361,71983,52309,56533,34614,45609,9587,17573,3616,3841,5766,6708,6468,9975,8638,14353,14971,15982,24042,25183,28655,37942,8729,15930,425641,161755,49038,28736,107985,35650,4658
2021-05-29T23:59:59+02:00,11818,11053,20342,18919,26566,27949,54856,56115,71357,71977,52307,56528,34612,45609,9587,17573,3614,3832,5761,6705,6465,9972,8630,14345,14960,15979,24032,25175,28652,37938,8728,15929,425487,161688,49038,28734,107985,35637,4658
2021-05-28T23:59:59+02:00,11742,10944,20186,18750,26319,27711,54707,55945,71220,71858,52276,56481,34600,45588,9584,17565,3564,3747,5671,6564,6361,9765,8509,14081,14773,15710,23886,25030,28613,37890,8722,15922,423850,161314,49001,28733,107968,34104,4657
2021-05-27T23:59:59+02:00,10243,9563,17789,16918,23622,25643,53704,55203,70612,71401,52090,56282,34528,45502,9574,17542,3202,3353,4829,5933,5488,8992,7675,13054,13672,14546,22975,24069,28295,37510,8676,15845,411974,157582,48050,28469,107834,29705,2358
2021-05-26T23:59:59+02:00,9778,9090,16865,16065,22479,24668,53141,54689,70233,71053,51955,56134,34468,45440,9566,17514,2986,3151,4447,5584,5027,8480,7161,12382,12684,13555,22150,23087,28032,37147,8638,15773,406438,153815,47323,28383,107767,26476,1610
2021-05-25T23:59:59+02:00,9089,8409,15616,15158,21077,23548,52725,54332,70009,70882,51892,56058,34449,45420,9563,17505,2890,3031,4257,5450,4785,8249,6867,12047,12088,12986,20042,20983,27739,36686,8612,15736,399709,148246,47082,28370,107724,24615,1217
2021-05-24T23:59:59+02:00,8983,8298,15390,15030,20795,23370,52637,54221,69972,70850,51891,56053,34448,45419,9561,17502,2838,2958,4175,5274,4696,8008,6734,11752,11958,12774,19932,20875,27696,36648,8607,15727,398573,148108,47006,28330,107638,23011,1203
2021-05-23T23:59:59+02:00,8964,8281,15349,15020,20746,23342,52629,54219,69970,70845,51890,56051,34448,45418,9561,17502,2835,2954,4168,5270,4687,8003,6731,11740,11937,12750,19793,20684,27668,36611,8605,15726,398394,147635,47006,28328,107638,23002,1197
2021-05-22T23:59:59+02:00,8961,8272,15337,15008,20739,23337,52629,54217,69967,70845,51890,56050,34448,45418,9561,17502,2830,2943,4162,5268,4685,8002,6729,11737,11926,12746,19783,20680,27667,36611,8605,15726,398342,147599,47006,28328,107638,22978,1195
2021-05-21T23:59:59+02:00,8876,8157,15203,14888,20508,23150,52414,54015,69841,70745,51866,56026,34442,45412,9556,17496,2754,2847,4073,5130,4581,7770,6604,11428,11765,12492,19730,20632,27655,36593,8604,15725,396786,147384,47004,28328,107613,21479,1192
2021-05-20T23:59:59+02:00,8552,7809,14614,14372,19274,22057,49957,51828,68785,69845,51569,55715,34345,45285,9533,17473,2467,2651,3705,4771,4147,7203,5994,10545,10640,11392,18546,19409,27232,36098,8544,15604,385874,142272,46850,28037,107311,17661,978
2021-05-19T23:59:59+02:00,8253,7555,13941,13885,17618,20748,46279,48575,67405,68617,51187,55241,34205,45094,9500,17428,2379,2412,3544,4442,3889,6663,5522,9810,9608,10256,17083,17796,26642,35295,8448,15430,371204,135205,46285,27894,107083,15161,959
2021-05-18T23:59:59+02:00,8022,7340,13373,13443,16248,19686,41745,44694,66042,67364,50713,54763,34078,44899,9464,17384,2325,2258,3400,4256,3703,6339,5154,9295,8666,9340,15530,16050,26041,34576,8372,15277,355209,128621,46226,27333,106929,13734,894
2021-05-17T23:59:59+02:00,7864,7226,13031,13190,15692,19203,39595,42874,65261,66615,50478,54497,34013,44805,9451,17354,2240,2184,3213,4078,3487,6109,4800,8887,7857,8594,12151,11904,25344,33658,8301,15143,351540,123449,41968,21273,106850,12437,791
2021-05-16T23:59:59+02:00,7790,7131,12906,13037,15518,19030,39101,42403,65086,66463,50435,54437,34005,44785,9446,17349,2169,2077,3122,3955,3404,6006,4688,8732,7662,8408,9855,9160,25003,33154,8275,15095,350074,122321,41466,15950,106816,11928,566
2021-05-15T23:59:59+02:00,7783,7121,12902,13032,15514,19025,39095,42402,65084,66461,50435,54436,34005,44785,9446,17349,2168,2076,3119,3949,3400,6002,4683,8730,7660,8405,9852,9158,25003,33154,8275,15095,350032,122291,41466,15950,106814,11925,563
2021-05-14T23:59:59+02:00,7558,7018,12664,12966,15293,18939,38064,41584,64612,66093,50359,54359,33993,44758,9444,17346,2041,1982,3011,3879,3352,5896,4631,8572,7613,8297,9851,9155,25002,33154,8275,15094,346707,122239,41435,15946,106356,11068,552
2021-05-13T23:59:59+02:00,7260,6808,12254,12708,14714,18478,34300,38570,62318,64184,49838,53776,33887,44564,9433,17303,1990,1935,2957,3805,3317,5800,4591,8465,7532,8185,9818,9101,24980,33116,8273,15091,332766,121996,41213,15923,105927,10548,489
2021-05-12T23:59:59+02:00,7239,6781,12177,12640,14598,18361,33616,37973,61851,63761,49700,53616,33852,44523,9428,17294,1990,1932,2956,3805,3314,5800,4591,8463,7530,8178,9811,9099,24980,33114,8273,15090,329796,121977,41203,15913,105922,10547,489
2021-05-11T23:59:59+02:00,6880,6628,11710,12356,14076,17969,29129,34301,59645,61881,49144,53017,33700,44314,9407,17241,1942,1792,2841,3528,3200,5422,4447,8006,7386,7897,9731,9025,24958,33078,8270,15081,314941,121743,41148,15723,104943,8772,366
2021-05-10T23:59:59+02:00,6739,6543,11547,12246,13857,17794,25566,31456,58530,60866,48822,52709,33624,44201,9395,17216,1897,1673,2757,3307,3104,5069,4331,7478,7275,7525,9699,8983,24947,33060,8269,15077,305166,121617,40987,15576,104655,6955,303
2021-05-09T23:59:59+02:00,6658,6505,11459,12182,13755,17710,23911,30226,58132,60552,48732,52620,33602,44171,9390,17211,1873,1633,2699,3194,3055,4925,4288,7348,7215,7447,9688,8969,24941,33056,8268,15077,304645,121556,37424,15532,104457,6298,290
2021-05-08T23:59:59+02:00,6653,6501,11449,12176,13746,17703,23905,30221,58123,60546,48729,52613,33597,44168,9389,17208,1872,1632,2699,3193,3055,4925,4285,7344,7214,7446,9687,8969,24940,33054,8268,15077,304556,121540,37424,15532,104457,6298,290
2021-05-07T23:59:59+02:00,6604,6459,11385,12129,13645,17622,23101,29601,57452,59979,48628,52510,33575,44143,9386,17195,1756,1579,2628,3154,3018,4897,4254,7320,7192,7416,9681,8963,24938,33053,8268,15076,301407,121509,37408,15526,104314,5873,285
2021-05-06T23:59:59+02:00,6321,6320,10843,11809,12915,17161,20801,27787,54137,57016,47585,51316,33302,43786,9343,17108,1499,1422,2408,2997,2854,4721,4097,7125,7042,7263,9611,8891,24921,33023,8265,15068,286405,121223,37222,15389,103767,4439,156
2021-05-05T23:59:59+02:00,6037,6203,10315,11557,12128,16696,18712,26114,50384,53376,46133,49608,32929,43298,9289,17007,1448,1305,2347,2880,2773,4531,4001,6887,6931,7078,9501,8803,24873,32956,8259,15054,269369,120760,36996,15346,103378,3478,43
2021-05-04T23:59:59+02:00,5932,6098,9982,11340,11671,16271,17510,25042,48665,51428,45149,48420,32611,42883,9231,16908,1432,1282,2320,2837,2735,4446,3945,6773,6858,7012,9464,8765,24855,32941,8258,15050,259048,120545,36973,15286,103100,3122,20
2021-05-03T23:59:59+02:00,5808,6000,9619,11160,11192,15991,16327,24073,47136,49819,44372,47562,32432,42586,9206,16834,1410,1250,2291,2812,2693,4381,3899,6719,6780,6958,8609,7661,23392,31009,8145,14853,250067,114762,36963,15204,103075,2884,12
2021-05-02T23:59:59+02:00,5736,5975,9507,11124,11051,15930,15627,23509,46697,49474,44256,47413,32390,42532,9199,16826,1405,1245,2277,2810,2678,4371,3878,6709,6761,6944,7953,6890,21899,29130,8106,14782,248866,114745,35352,10232,103021,2854,7
2021-05-01T23:59:59+02:00,5736,5972,9502,11119,11048,15929,15623,23505,46695,49470,44255,47413,32390,42532,9199,16826,1404,1245,2277,2810,2678,4371,3876,6709,6760,6944,7953,6889,21899,29130,8106,14782,248835,114741,35352,10232,103020,2853,7
2021-04-30T23:59:59+02:00,5683,5949,9434,11099,10997,15907,15532,23468,45147,47994,43996,47141,32359,42495,9197,16819,1174,1139,2092,2730,2582,4305,3799,6657,6696,6888,7949,6876,21898,29128,8106,14782,244850,114734,35352,10230,103008,1830,7
2021-04-29T23:59:59+02:00,5397,5852,8953,10953,10392,15735,14763,23204,40042,43454,43292,46400,32266,42401,9194,16791,973,1052,1933,2655,2498,4242,3691,6584,6627,6839,7930,6863,21895,29122,8106,14782,231159,114694,35251,10128,102672,963,7
2021-04-28T23:59:59+02:00,5205,5811,8701,10866,10032,15648,14403,23034,35052,38564,42432,45554,32159,42285,9184,16776,929,1015,1897,2614,2467,4157,3654,6474,6577,6755,7911,6850,21886,29108,8102,14776,218004,114611,35234,10080,102461,474,7
2021-04-27T23:59:59+02:00,4940,5553,8363,10400,9646,15076,13908,22391,33895,37398,42251,45365,32145,42262,9181,16774,900,998,1863,2593,2452,4139,3634,6454,6545,6731,7900,6843,21882,29103,8099,14770,215288,114555,35224,10051,99029,293,7
2021-04-26T23:59:59+02:00,4910,5520,8286,10360,9539,15026,13683,22269,29097,32577,41522,44674,32083,42180,9172,16767,864,987,1833,2577,2423,4113,3608,6433,6494,6689,7853,6790,21857,29080,8099,14763,203492,114357,35217,10008,98949,91,7
2021-04-25T23:59:59+02:00,4885,5504,8252,10334,9472,14996,13594,22224,26863,30222,41094,44224,32041,42140,9171,16763,850,978,1822,2564,2408,4098,3579,6412,6463,6657,7829,6771,21843,29061,8098,14760,202845,114333,30114,9765,98814,89,6
2021-04-24T23:59:59+02:00,4863,5489,8225,10306,9428,14981,13547,22199,25143,28343,40549,43597,31990,42083,9168,16758,849,977,1818,2562,2408,4093,3579,6410,6463,6653,7827,6770,21842,29061,8098,14760,197803,114313,30114,9764,98746,87,6
2021-04-23T23:59:59+02:00,4545,5299,7762,10010,8998,14618,12969,21797,24716,28075,40478,43543,31974,42055,9162,16753,835,967,1798,2547,2388,4077,3557,6389,6443,6634,7812,6750,21838,29052,8098,14760,197459,114298,30099,9566,95190,75,6
2021-04-22T23:59:59+02:00,4435,5224,7564,9899,8723,14415,12483,21435,22069,25291,38021,40669,31540,41502,9100,16643,819,955,1771,2518,2326,4016,3481,6324,6334,6539,7735,6663,21788,29007,8096,14750,184463,114180,29910,8864,94634,72,6
2021-04-21T23:59:59+02:00,4404,5189,7423,9813,8535,14238,12112,21114,20542,23749,35061,37254,31149,40914,9046,16532,793,937,1734,2489,2284,3991,3448,6292,6297,6499,7703,6634,21772,28988,8093,14746,172772,114075,29738,8551,94559,68,6
2021-04-20T23:59:59+02:00,4367,5154,7299,9744,8323,14070,11705,20800,19243,22357,31936,33796,30751,40408,8998,16442,786,926,1715,2478,2253,3966,3404,6238,6252,6464,7670,6590,21748,28967,8088,14743,161169,113920,29716,8296,94502,66,6
2021-04-19T23:59:59+02:00,4339,5135,7222,9702,8203,13956,11424,20597,18520,21598,31097,32729,30519,40098,8963,16377,776,920,1694,2464,2226,3934,3368,6204,6220,6433,7617,6555,21727,28944,8086,14740,156336,113787,29699,8051,94438,64,6
2021-04-18T23:59:59+02:00,4333,5128,7209,9687,8183,13939,11388,20561,18426,21514,30985,32617,30494,40076,8960,16372,774,916,1677,2452,2210,3917,3343,6174,6192,6413,7594,6543,21710,28923,8083,14738,155845,113728,29631,7862,94390,63,6
2021-04-17T23:59:59+02:00,4332,5125,7205,9686,8181,13939,11384,20552,18411,21505,30966,32605,30492,40075,8960,16372,774,915,1676,2452,2209,3916,3340,6172,6190,6412,7594,6543,21710,28923,8083,14738,155770,113716,29630,7862,94384,63,6
2021-04-16T23:59:59+02:00,4137,5075,6858,9548,7817,13751,10977,20292,17969,21248,30784,32454,30424,39995,8951,16357,761,896,1663,2439,2182,3902,3281,6133,6148,6358,7499,6445,21303,28371,8056,14681,155021,112394,29622,7658,91988,60,6
2021-04-15T23:59:59+02:00,4018,4973,6478,9173,7232,13224,10153,19390,16619,20007,29638,31193,29971,39442,8891,16204,727,871,1607,2397,2101,3817,3157,6000,5810,6111,6985,6035,20627,27497,7979,14539,149284,109078,29328,7121,87988,55,6
2021-04-14T23:59:59+02:00,3948,4906,6233,8933,6877,12826,9497,18799,15490,18926,28244,29716,29433,38665,8803,16042,688,842,1557,2359,2026,3739,3006,5868,5481,5846,6419,5512,19665,26238,7911,14394,142535,104828,29128,6668,85669,49,6
2021-04-13T23:59:59+02:00,3914,4871,6137,8849,6724,12701,9176,18528,14545,18101,24922,26149,28640,37654,8721,15894,681,832,1543,2333,1998,3703,2901,5796,5254,5644,6044,5163,19400,25935,7879,14332,130937,102746,29118,6638,85465,48,6
2021-04-12T23:59:59+02:00,3889,4843,6082,8793,6636,12619,8927,18298,13892,17508,23919,25012,28292,37174,8664,15787,671,824,1533,2324,1975,3683,2839,5743,5092,5525,5722,4878,19129,25647,7845,14283,125872,101164,29102,6495,85355,48,6
2021-04-11T23:59:59+02:00,3882,4836,6063,8769,6608,12600,8887,18271,13791,17438,23797,24877,28245,37109,8656,15765,668,818,1519,2314,1962,3675,2821,5727,5054,5482,5659,4816,18961,25421,7828,14256,125330,100503,29036,6424,85222,48,6
2021-04-10T23:59:59+02:00,3870,4835,6042,8769,6584,12599,8867,18270,13772,17436,23791,24873,28242,37109,8656,15765,665,816,1514,2309,1957,3672,2815,5719,5038,5472,5646,4798,18799,25169,7815,14234,125308,99994,28947,6390,85219,48,6
2021-04-09T23:59:59+02:00,3824,4821,5998,8759,6529,12579,8825,18245,13718,17384,21724,22320,27884,36644,8630,15727,649,800,1491,2285,1929,3654,2766,5674,4963,5416,5525,4691,18233,24434,7783,14176,124621,98232,23845,6191,85139,40,6
2021-04-08T23:59:59+02:00,3794,4801,5928,8730,6457,12533,8730,18181,13566,17263,18991,19068,27521,36174,8599,15689,599,765,1407,2199,1828,3558,2559,5475,4453,5040,4698,4025,16504,22273,7633,13909,123759,91272,17996,5618,84265,30,5
2021-04-07T23:59:59+02:00,3696,4768,5723,8685,6248,12472,8504,18110,13314,17158,16066,15687,27144,35721,8574,15643,575,730,1353,2145,1725,3468,2397,5315,4012,4706,3960,3431,15716,21449,7540,13756,123550,86976,16467,5272,77492,26,4
2021-04-06T23:59:59+02:00,3664,4757,5675,8665,6182,12447,8416,18072,13237,17082,13790,12978,26819,35372,8564,15618,539,706,1280,2086,1639,3385,2220,5178,3623,4437,3424,2985,14926,20495,7476,13656,123424,83359,16266,4671,71644,21,4
2021-04-05T23:59:59+02:00,3660,4752,5636,8652,6147,12437,8365,18052,13171,17047,13744,12932,26811,35358,8563,15617,505,668,1221,2052,1588,3345,2155,5119,3537,4361,3365,2942,14793,20326,7467,13640,123402,82876,16058,4184,71481,21,3
2021-04-04T23:59:59+02:00,3659,4751,5636,8651,6146,12437,8364,18049,13171,17047,13742,12932,26810,35358,8563,15617,505,667,1221,2052,1588,3345,2155,5119,3537,4361,3365,2942,14792,20326,7467,13640,123395,82874,16058,4184,71477,21,3
2021-04-03T23:59:59+02:00,3658,4751,5636,8650,6146,12437,8364,18049,13171,17047,13741,12930,26809,35356,8563,15617,505,666,1221,2052,1587,3345,2155,5117,3530,4358,3360,2932,14706,20188,7458,13626,123389,82598,16058,4184,71475,21,3
2021-04-02T23:59:59+02:00,3657,4748,5634,8645,6141,12428,8355,18036,13141,17016,13696,12874,26787,35345,8560,15613,501,658,1220,2048,1575,3338,2145,5093,3498,4323,3330,2902,13763,18921,7410,13545,123226,80143,16055,4103,71392,21,3
2021-04-01T23:59:59+02:00,3640,4734,5598,8625,6077,12393,8272,17999,13024,16940,13588,12750,26734,35276,8553,15602,442,609,1128,1976,1473,3255,1996,4978,3292,4181,3099,2700,11771,16331,7321,13405,122910,74617,15932,3316,70960,21,3
2021-03-31T23:59:59+02:00,3636,4717,5577,8590,6046,12357,8228,17953,12947,16863,13466,12631,26695,35228,8547,15593,403,585,1086,1933,1402,3213,1879,4864,3034,3972,2650,2394,9241,13102,7167,13199,122607,67127,15893,2974,70571,20,3
2021-03-30T23:59:59+02:00,3628,4706,5551,8560,6016,12327,8186,17910,12868,16787,13379,12504,26667,35185,8542,15584,381,564,1062,1901,1340,3175,1742,4780,2783,3793,2254,2135,8409,12031,7119,13096,122480,63844,15864,2700,70054,19,2
2021-03-29T23:59:59+02:00,3614,4699,5524,8543,5981,12294,8144,17876,12788,16708,12440,11316,25095,33101,8423,15371,373,562,1057,1884,1317,3150,1699,4734,2630,3707,1957,1979,7784,11321,7081,13032,116509,61551,15695,2697,69711,17,2
2021-03-28T23:59:59+02:00,3582,4674,5474,8513,5930,12250,8060,17823,12681,16631,11711,10477,23586,31179,8376,15292,372,560,1055,1883,1310,3147,1692,4732,2618,3699,1932,1958,7765,11308,7079,13028,116449,61425,10528,2694,69260,17,2
2021-03-27T23:59:59+01:00,3569,4669,5435,8504,5893,12236,8010,17808,12639,16579,11682,10439,23583,31173,8376,15292,372,560,1055,1883,1310,3147,1691,4729,2616,3697,1930,1957,7710,11223,7052,12988,116383,61207,10527,2694,68975,17,2
2021-03-26T23:59:59+01:00,3415,4231,4959,7350,5398,10878,7383,15640,11858,14577,11495,10262,23099,30462,8338,15229,371,556,1050,1880,1303,3143,1690,4726,2610,3691,1922,1951,7550,11009,6938,12829,114837,60529,10273,2682,59462,6,2
2021-03-25T23:59:59+01:00,3278,3876,4789,6593,5164,9679,7035,13831,11108,12929,10616,9454,22466,29689,8279,15093,366,548,1042,1869,1291,3125,1668,4688,2568,3640,1855,1888,7229,10502,6705,12470,111931,58768,9582,2679,52364,5,2
2021-03-24T23:59:59+01:00,3222,3832,4720,6523,5026,9574,6812,13655,10571,12480,9771,8613,21523,28492,8201,14944,364,542,1033,1864,1272,3114,1654,4658,2517,3586,1788,1807,6800,9937,6364,11909,107928,56539,9237,2665,50794,5,0
2021-03-23T23:59:59+01:00,3191,3793,4635,6452,4925,9478,6580,13473,10106,12037,9058,7944,21068,27952,8158,14847,351,528,1015,1855,1258,3094,1622,4634,2461,3533,1705,1744,6453,9450,6049,11403,105577,54487,8905,2664,49215,4,0
2021-03-22T23:59:59+01:00,3170,3755,4579,6411,4843,9408,6425,13327,9722,11730,8451,7385,20705,27563,8109,14766,345,523,1004,1849,1244,3077,1608,4620,2435,3507,1680,1724,6228,9145,5695,10723,104098,52744,8645,2659,47606,4,0
2021-03-21T23:59:59+01:00,3160,3739,4530,6387,4794,9370,6329,13249,9521,11528,8135,7123,20572,27426,8100,14744,345,523,1003,1849,1243,3077,1607,4619,2432,3507,1671,1718,6215,9135,5671,10671,103898,52640,8416,2642,46393,4,0
2021-03-20T23:59:59+01:00,3159,3734,4522,6381,4788,9368,6325,13242,9498,11511,8104,7093,20398,27150,8085,14720,345,523,1003,1848,1242,3077,1606,4618,2428,3498,1658,1704,6169,9050,5528,10472,103341,52147,8404,2618,46333,4,0
2021-03-19T23:59:59+01:00,3115,3702,4444,6343,4682,9320,6164,13177,9239,11312,7796,6869,19934,26576,8061,14668,345,523,1002,1846,1242,3075,1603,4616,2421,3493,1643,1696,6060,8917,5196,9946,102042,51022,8163,2598,45197,4,0
2021-03-18T23:59:59+01:00,3038,3618,4266,6201,4438,9114,5756,12845,8283,10603,6534,5806,18781,25330,7941,14463,341,519,998,1836,1225,3061,1562,4596,2350,3451,1568,1651,5865,8613,4594,9045,97155,48717,7621,2556,42241,2,0
2021-03-17T23:59:59+01:00,3000,3571,4176,6102,4296,8988,5476,12545,7569,10025,5527,4880,17517,23853,7801,14248,337,518,994,1827,1220,3052,1546,4575,2275,3422,1505,1608,5729,8385,4115,8332,91761,46938,7119,2500,40694,2,0
2021-03-16T23:59:59+01:00,2976,3540,4110,6030,4200,8891,5283,12376,7089,9630,4752,4222,16724,22922,7716,14102,333,516,991,1822,1216,3044,1539,4565,2250,3402,1477,1590,5596,8206,3706,7664,88124,45494,7083,2421,39356,2,0
2021-03-15T23:59:59+01:00,2972,3526,4093,6015,4168,8866,5232,12326,6960,9509,4603,4050,16423,22534,7693,14048,331,512,990,1816,1210,3037,1522,4553,2225,3379,1436,1576,5413,7975,3253,6961,87353,43909,6991,2279,38674,1,0
2021-03-14T23:59:59+01:00,2964,3515,4076,5994,4136,8849,5183,12290,6865,9412,4501,3944,16303,22369,7677,14018,329,511,989,1814,1204,3030,1518,4543,2212,3372,1426,1568,5406,7967,3248,6950,87038,43849,6973,2237,38085,1,0
2021-03-13T23:59:59+01:00,2960,3509,4073,5984,4128,8844,5175,12278,6844,9400,4478,3916,15989,21931,7658,13986,329,511,989,1814,1204,3030,1518,4543,2212,3372,1426,1568,5406,7966,3248,6950,86156,43848,6949,2237,38048,1,0
2021-03-12T23:59:59+01:00,2885,3418,3971,5816,4002,8615,5036,11967,6667,9156,4336,3780,15065,20664,7607,13905,329,509,987,1812,1204,3027,1515,4537,2212,3366,1418,1566,5398,7942,3246,6939,83696,43770,6887,2236,36307,1,0
2021-03-11T23:59:59+01:00,2740,3160,3750,5484,3747,8150,4674,11171,6038,8376,3821,3295,13519,18699,7525,13783,329,509,983,1808,1202,3014,1505,4520,2199,3343,1372,1536,5360,7908,3236,6913,79403,43621,6724,2115,31805,1,0
2021-03-10T23:59:59+01:00,2597,2998,3602,5249,3554,7819,4382,10660,5476,7819,3237,2855,11297,16007,7402,13587,326,505,977,1797,1197,3004,1498,4505,2174,3326,1342,1529,5330,7892,3229,6906,73109,43552,6554,1985,28878,0,0
2021-03-09T23:59:59+01:00,2565,2930,3536,5172,3441,7719,4191,10453,5064,7471,2738,2486,9850,14019,7326,13467,325,503,977,1790,1190,2996,1493,4497,2167,3315,1328,1525,5323,7888,3226,6905,68288,43514,6404,1934,27736,0,0
2021-03-08T23:59:59+01:00,2535,2856,3481,5103,3363,7636,4055,10330,4761,7273,2275,2223,7964,11607,7221,13331,325,498,976,1782,1183,2979,1487,4486,2162,3309,1319,1514,5304,7868,3221,6897,62605,43402,6069,1908,27340,0,0
2021-03-07T23:59:59+01:00,2468,2789,3381,4996,3266,7552,3949,10234,4640,7189,2223,2172,7947,11588,7221,13324,325,497,975,1782,1183,2979,1487,4486,2162,3309,1319,1514,5304,7868,3221,6897,62477,43400,5388,1908,27074,0,0
2021-03-06T23:59:59+01:00,2460,2773,3369,4990,3262,7547,3940,10225,4629,7185,2221,2171,7895,11509,7195,13284,325,497,974,1778,1182,2977,1487,4483,2158,3305,1316,1509,5300,7862,3219,6889,62268,43353,5328,1908,27059,0,0
2021-03-05T23:59:59+01:00,2310,2668,3142,4800,3029,7223,3651,9817,4310,6884,2155,2117,7656,11167,7034,13056,325,495,972,1775,1182,2976,1486,4477,2154,3298,1310,1508,5294,7855,3219,6884,61291,43302,4490,1908,25238,0,0
2021-03-04T23:59:59+01:00,2029,2411,2722,4350,2577,6572,3043,8853,3667,6174,1961,1974,7342,10714,6797,12694,323,494,971,1766,1179,2958,1486,4462,2142,3289,1301,1506,5283,7842,3212,6874,59653,43183,3215,1905,21012,0,0
2021-03-03T23:59:59+01:00,1952,2308,2611,4182,2450,6342,2897,8560,3499,5947,1881,1901,6948,10151,6504,12212,322,489,971,1755,1177,2934,1479,4435,2139,3279,1277,1494,5279,7837,3208,6866,57651,43036,3069,1905,19625,0,0
2021-03-02T23:59:59+01:00,1911,2211,2543,4068,2365,6186,2789,8376,3388,5813,1805,1834,6566,9595,6183,11664,318,482,970,1736,1174,2914,1475,4417,2137,3268,1254,1489,5269,7819,3202,6861,55554,42880,2828,1905,18915,0,0
2021-03-01T23:59:59+01:00,1896,2180,2502,3952,2317,6075,2752,8275,3338,5740,1763,1813,6336,9297,5805,10935,317,478,967,1732,1172,2903,1474,4402,2135,3253,1248,1486,5267,7817,3201,6855,53693,42802,2816,1905,18467,0,0
2021-02-28T23:59:59+01:00,1876,2136,2467,3886,2289,6014,2707,8199,3314,5700,1758,1810,6320,9285,5778,10883,317,478,966,1732,1172,2903,1474,4401,2135,3252,1248,1485,5267,7817,3201,6855,53573,42799,2814,1904,18035,0,0
2021-02-27T23:59:59+01:00,1872,2126,2465,3883,2285,6014,2706,8198,3312,5697,1752,1798,6279,9209,5639,10697,317,478,956,1727,1161,2893,1465,4395,2121,3243,1247,1482,5267,7816,3201,6855,53109,42795,2814,1829,18009,0,0
2021-02-26T23:59:59+01:00,1671,1947,2349,3640,2205,5587,2610,7676,3230,5297,1743,1781,6204,9118,5428,10364,316,475,949,1720,1153,2872,1458,4374,2109,3233,1242,1473,5260,7800,3197,6846,52361,42717,2793,1760,15696,0,0
2021-02-25T23:59:59+01:00,1432,1624,2134,3204,2033,4802,2398,6666,3011,4521,1660,1725,6060,8887,4954,9680,313,463,941,1657,1119,2771,1420,4267,2056,3166,1209,1455,5218,7751,3182,6803,50487,42256,2780,1535,11524,0,0
2021-02-24T23:59:59+01:00,1368,1380,2028,2939,1927,4456,2266,6253,2838,4280,1594,1682,5881,8589,4321,8718,310,452,899,1608,1066,2678,1363,4147,1964,3046,1178,1432,5201,7728,3175,6787,48158,42001,2768,1033,9594,0,0
2021-02-23T23:59:59+01:00,1352,1323,1993,2876,1901,4355,2241,6165,2806,4230,1587,1669,5723,8369,3809,7867,310,451,868,1574,1017,2620,1309,4072,1852,2978,1136,1411,5182,7701,3165,6755,46382,41806,2742,595,9142,0,0
2021-02-22T23:59:59+01:00,1339,1271,1943,2734,1855,4209,2182,5958,2763,4145,1577,1659,5560,8153,3332,7150,308,439,823,1533,960,2531,1214,3964,1707,2888,1061,1359,5140,7628,3141,6658,44774,41348,2721,6,8335,0,0
2021-02-21T23:59:59+01:00,1335,1249,1911,2672,1829,4113,2157,5845,2742,4099,1570,1653,5558,8143,3332,7148,305,436,819,1522,952,2503,1212,3925,1695,2850,1051,1346,5121,7601,3122,6619,44723,41073,2710,6,7923,0,0
2021-02-20T23:59:59+01:00,1335,1249,1911,2672,1828,4113,2157,5845,2740,4093,1561,1646,5554,8137,3330,7145,305,436,819,1520,951,2500,1211,3920,1694,2849,1051,1346,5061,7529,3084,6574,44709,40845,2685,5,7922,0,0
2021-02-19T23:59:59+01:00,1335,1246,1908,2665,1827,4106,2156,5836,2737,4089,1541,1637,5541,8122,3328,7139,303,434,815,1511,942,2473,1206,3877,1663,2799,1022,1308,4849,7235,2935,6321,44629,39688,2666,5,7918,0,0
2021-02-18T23:59:59+01:00,1302,1149,1870,2545,1787,3968,2093,5614,2682,3942,1528,1624,5527,8085,3324,7117,273,394,767,1384,892,2262,1123,3527,1542,2528,910,1111,4321,6387,2592,5565,44477,35573,2633,5,7047,0,0
2021-02-17T23:59:59+01:00,1246,989,1789,2324,1707,3657,1987,5232,2609,3744,1510,1616,5505,8071,3316,7113,267,386,758,1371,881,2238,1110,3491,1525,2510,903,1108,3894,5791,2349,5222,44436,33799,2576,5,5403,0,0
2021-02-16T23:59:59+01:00,1202,944,1729,2215,1639,3480,1918,5031,2532,3653,1474,1600,5480,8052,3309,7102,260,378,740,1333,863,2184,1074,3368,1492,2435,880,1085,3482,5165,2070,4816,44383,31621,2413,4,4564,0,0
2021-02-15T23:59:59+01:00,1192,920,1712,2139,1620,3383,1897,4918,2513,3582,1450,1589,5444,8028,3286,7054,247,365,723,1297,845,2135,1053,3300,1453,2371,850,1056,3018,4536,1787,4335,44255,29368,2328,3,4144,0,0
2021-02-14T23:59:59+01:00,1089,876,1640,2114,1559,3363,1854,4897,2479,3570,1442,1585,5438,8016,3283,7050,240,353,711,1277,829,2101,1036,3225,1420,2308,819,1007,2921,4392,1730,4160,44213,28526,2292,3,3750,0,0
2021-02-13T23:59:59+01:00,1026,848,1619,2093,1542,3356,1841,4891,2471,3569,1441,1584,5438,8016,3282,7049,237,352,710,1277,829,2097,1036,3224,1418,2306,819,1007,2809,4255,1676,4074,44207,28123,2292,3,3567,0,0
2021-02-12T23:59:59+01:00,644,684,1292,1979,1386,3256,1703,4805,2367,3510,1427,1578,5428,8005,3277,7044,224,344,699,1252,813,2049,1012,3137,1357,2210,762,934,2560,3910,1562,3810,44094,26633,2292,2,1999,0,0
2021-02-11T23:59:59+01:00,449,589,1123,1876,1283,3135,1611,4690,2273,3428,1324,1534,5370,7960,3259,6998,180,270,595,989,675,1587,807,2438,1071,1671,539,693,1902,2923,1142,2751,43743,20232,2095,1,1064,0,0
2021-02-10T23:59:59+01:00,324,498,988,1783,1198,2999,1509,4505,2169,3325,1289,1520,5351,7949,3255,6997,155,180,409,628,508,1072,635,1816,913,1401,523,679,1439,2293,887,2329,43666,15867,1989,0,4,0,0
2021-02-09T23:59:59+01:00,324,495,987,1778,1195,2991,1509,4500,2168,3320,1282,1517,5349,7947,3254,6995,152,175,398,601,488,1043,616,1786,890,1374,521,676,1010,1769,659,1986,43642,14144,1966,0,3,0,0
2021-02-08T23:59:59+01:00,324,493,986,1776,1192,2982,1503,4494,2166,3315,1277,1514,5346,7947,3253,6993,146,168,388,589,478,1025,605,1753,871,1352,515,671,563,1200,413,1640,43615,12377,1943,0,3,0,0
2021-02-07T23:59:59+01:00,324,493,984,1776,1191,2982,1501,4492,2166,3315,1277,1514,5346,7946,3253,6993,142,163,383,584,478,1018,601,1740,861,1337,509,668,562,1187,408,1628,43611,12269,1942,0,0,0,0
2021-02-06T23:59:59+01:00,324,493,984,1776,1191,2982,1501,4492,2166,3315,1277,1514,5346,7946,3253,6993,138,159,381,582,478,1017,601,1738,860,1335,509,668,562,1187,408,1628,43611,12251,1942,0,0,0,0
2021-02-05T23:59:59+01:00,324,492,983,1776,1191,2981,1499,4491,2165,3315,1277,1514,5345,7943,3253,6991,136,150,378,578,470,1005,597,1724,845,1316,505,658,555,1171,400,1606,43598,12094,1942,0,0,0,0
2021-02-04T23:59:59+01:00,319,483,977,1737,1185,2936,1496,4434,2153,3280,1270,1507,5316,7909,3243,6965,104,100,251,393,349,751,465,1312,635,993,387,532,471,973,348,1378,43269,9442,1941,0,0,0,0
2021-02-03T23:59:59+01:00,316,472,971,1713,1182,2897,1486,4385,2145,3246,1261,1494,5291,7877,3234,6941,60,48,87,165,162,368,225,607,310,495,209,290,274,619,206,870,42970,4995,1941,0,0,0,0
2021-02-02T23:59:59+01:00,315,470,969,1699,1179,2876,1482,4354,2138,3221,1253,1488,5284,7863,3227,6920,18,15,28,48,61,108,74,161,96,114,44,74,65,143,47,173,42797,1269,1941,0,0,0,0
2021-02-01T23:59:59+01:00,315,466,969,1697,1178,2875,1481,4348,2137,3217,1252,1488,5284,7863,3227,6920,15,14,25,41,51,98,60,133,73,96,39,64,56,135,46,160,42776,1106,1941,0,0,0,0
2021-01-31T23:59:59+01:00,315,463,969,1695,1177,2871,1481,4342,2137,3215,1251,1487,5284,7863,3227,6920,14,12,23,38,44,87,52,123,63,92,37,53,45,127,44,154,42756,1008,1941,0,0,0,0
2021-01-30T23:59:59+01:00,315,463,964,1691,1168,2863,1474,4336,2133,3213,1251,1487,5224,7791,3189,6875,14,12,23,37,44,87,51,122,63,92,37,53,45,127,44,154,42530,1005,1907,0,0,0,0
2021-01-29T23:59:59+01:00,313,462,950,1681,1156,2842,1462,4305,2111,3189,1244,1481,5036,7550,3051,6710,12,12,23,37,41,87,50,119,60,92,35,48,44,127,44,154,41745,985,1798,0,0,0,0
2021-01-28T23:59:59+01:00,308,438,929,1600,1114,2726,1422,4211,2044,3115,1220,1473,4661,7017,2825,6421,8,6,10,16,23,42,19,58,36,59,20,32,34,84,33,102,39971,582,1553,0,0,0,0
2021-01-27T23:59:59+01:00,301,428,884,1545,1062,2628,1362,4117,1970,3014,1185,1446,4200,6375,2560,6046,4,5,9,7,14,25,5,21,15,26,11,15,15,44,13,51,38018,280,1105,0,0,0,0
2021-01-26T23:59:59+01:00,294,417,844,1491,999,2540,1297,3987,1848,2919,1137,1398,3796,5744,2270,5614,2,2,4,2,6,7,3,3,2,7,7,5,3,7,3,8,35937,71,658,0,0,0,0
2021-01-25T23:59:59+01:00,283,406,790,1427,936,2419,1188,3838,1687,2812,1073,1370,3362,5155,2001,5230,2,2,4,1,4,7,1,3,2,7,7,5,3,7,3,8,33920,66,57,0,0,0,0
2021-01-24T23:59:59+01:00,280,406,782,1421,926,2403,1184,3822,1657,2783,1070,1369,3332,5119,1988,5209,2,2,2,1,4,7,1,3,2,7,7,5,3,7,3,8,33746,64,5,0,0,0,0
2021-01-23T23:59:59+01:00,278,405,782,1421,926,2399,1183,3821,1653,2781,1070,1369,3217,4981,1932,5122,2,2,2,1,3,7,1,3,2,7,7,5,3,7,3,8,33336,63,4,0,0,0,0
2021-01-22T23:59:59+01:00,276,401,781,1407,924,2386,1177,3807,1649,2778,1068,1368,3035,4761,1853,5004,2,2,2,1,3,7,1,3,2,7,7,5,3,7,3,8,32671,63,4,0,0,0,0
2021-01-21T23:59:59+01:00,267,362,716,1242,857,2172,1096,3517,1553,2595,1029,1332,2639,4223,1617,4640,2,1,2,0,3,7,1,3,2,7,7,4,3,7,3,8,29853,60,4,0,0,0,0
2021-01-20T23:59:59+01:00,241,272,542,884,684,1659,885,2801,1328,2187,941,1193,2039,3390,1280,3974,2,1,2,0,3,7,1,3,2,5,6,4,3,7,3,8,24296,57,4,0,0,0,0
2021-01-19T23:59:59+01:00,211,247,492,776,627,1489,796,2478,1150,1899,776,935,1338,2366,895,3025,0,1,1,0,0,0,0,0,1,1,1,0,0,0,0,0,19498,5,2,0,0,0,0
2021-01-18T23:59:59+01:00,159,183,406,640,503,1115,648,1904,946,1457,573,722,632,1334,462,1836,0,0,0,0,0,0,0,0,0,0,0,0,0,0,0,0,13519,0,1,0,0,0,0
2021-01-17T23:59:59+01:00,147,166,392,603,488,1045,617,1782,885,1362,526,684,585,1235,423,1698,0,0,0,0,0,0,0,0,0,0,0,0,0,0,0,0,12638,0,0,0,0,0,0
2021-01-16T23:59:59+01:00,139,161,390,598,486,1035,611,1770,878,1355,526,684,584,1230,419,1685,0,0,0,0,0,0,0,0,0,0,0,0,0,0,0,0,12551,0,0,0,0,0,0
2021-01-15T23:59:59+01:00,136,153,387,592,478,1021,607,1755,862,1335,521,672,576,1214,413,1663,0,0,0,0,0,0,0,0,0,0,0,0,0,0,0,0,12385,0,0,0,0,0,0
2021-01-14T23:59:59+01:00,114,122,296,475,405,849,506,1464,702,1078,412,547,499,1033,364,1493,0,0,0,0,0,0,0,0,0,0,0,0,0,0,0,0,10359,0,0,0,0,0,0
2021-01-13T23:59:59+01:00,74,74,180,287,266,554,354,949,469,698,254,338,314,689,234,942,0,0,0,0,0,0,0,0,0,0,0,0,0,0,0,0,6676,0,0,0,0,0,0
2021-01-12T23:59:59+01:00,34,30,54,101,119,234,146,391,201,301,138,185,163,392,135,515,0,0,0,0,0,0,0,0,0,0,0,0,0,0,0,0,3139,0,0,0,0,0,0
2021-01-11T23:59:59+01:00,21,17,36,62,59,121,74,166,92,116,39,64,59,140,47,161,0,0,0,0,0,0,0,0,0,0,0,0,0,0,0,0,1274,0,0,0,0,0,0
2021-01-10T23:59:59+01:00,17,12,31,51,51,109,63,148,74,106,36,54,49,130,44,153,0,0,0,0,0,0,0,0,0,0,0,0,0,0,0,0,1128,0,0,0,0,0,0
2021-01-09T23:59:59+01:00,16,12,30,49,50,107,60,147,74,105,36,54,49,130,44,153,0,0,0,0,0,0,0,0,0,0,0,0,0,0,0,0,1116,0,0,0,0,0,0
2021-01-08T23:59:59+01:00,13,12,28,47,45,99,55,136,69,102,34,49,48,130,44,153,0,0,0,0,0,0,0,0,0,0,0,0,0,0,0,0,1064,0,0,0,0,0,0
2021-01-07T23:59:59+01:00,8,6,9,17,22,42,19,59,38,61,21,34,37,89,33,101,0,0,0,0,0,0,0,0,0,0,0,0,0,0,0,0,596,0,0,0,0,0,0
2021-01-06T23:59:59+01:00,8,6,8,14,16,31,13,43,25,49,16,24,31,78,31,90,0,0,0,0,0,0,0,0,0,0,0,0,0,0,0,0,483,0,0,0,0,0,0
2021-01-05T23:59:59+01:00,8,6,8,14,16,31,13,43,25,49,16,24,30,78,31,90,0,0,0,0,0,0,0,0,0,0,0,0,0,0,0,0,482,0,0,0,0,0,0
2021-01-04T23:59:59+01:00,3,5,6,4,6,14,1,8,6,15,6,6,6,15,4,13,0,0,0,0,0,0,0,0,0,0,0,0,0,0,0,0,118,0,0,0,0,0,0
2021-01-03T23:59:59+01:00,2,2,1,1,3,7,1,4,2,8,5,4,3,8,3,8,0,0,0,0,0,0,0,0,0,0,0,0,0,0,0,0,62,0,0,0,0,0,0
2021-01-02T23:59:59+01:00,2,2,1,1,3,7,1,4,2,8,5,4,3,8,3,8,0,0,0,0,0,0,0,0,0,0,0,0,0,0,0,0,62,0,0,0,0,0,0
2021-01-01T23:59:59+01:00,2,2,1,1,3,7,1,4,2,8,5,4,3,8,3,8,0,0,0,0,0,0,0,0,0,0,0,0,0,0,0,0,62,0,0,0,0,0,0
2020-12-31T23:59:59+01:00,2,2,1,0,3,7,1,3,2,7,5,4,3,8,3,8,0,0,0,0,0,0,0,0,0,0,0,0,0,0,0,0,59,0,0,0,0,0,0
2020-12-30T23:59:59+01:00,2,2,1,0,3,7,1,3,2,5,5,4,3,8,3,8,0,0,0,0,0,0,0,0,0,0,0,0,0,0,0,0,57,0,0,0,0,0,0
2020-12-29T23:59:59+01:00,2,2,0,0,3,6,1,3,2,5,3,2,2,8,2,7,0,0,0,0,0,0,0,0,0,0,0,0,0,0,0,0,48,0,0,0,0,0,0
2020-12-28T23:59:59+01:00,1,1,0,0,1,2,0,0,0,3,0,1,0,1,1,4,0,0,0,0,0,0,0,0,0,0,0,0,0,0,0,0,15,0,0,0,0,0,0
2020-12-27T23:59:59+01:00,0,0,0,0,1,1,0,0,0,2,0,1,0,1,1,4,0,0,0,0,0,0,0,0,0,0,0,0,0,0,0,0,11,0,0,0,0,0,0
