Datum,<24_1_m,<24_1_w,25-34_1_m,25-34_1_w,35-44_1_m,35-44_1_w,45-54_1_m,45-54_1_w,55-64_1_m,55-64_1_w,65-74_1_m,65-74_1_w,75-84_1_m,75-84_1_w,>84_1_m,>84_1_w,<24_2_m,<24_2_w,25-34_2_m,25-34_2_w,35-44_2_m,35-44_2_w,45-54_2_m,45-54_2_w,55-64_2_m,55-64_2_w,65-74_2_m,65-74_2_w,75-84_2_m,75-84_2_w,>84_2_m,>84_2_w,bp_1,bp_2,mo_1,mo_2,az_1,az_2,ja
2021-06-01T23:59:59+02:00,13140,12070,22654,20435,28941,29748,55938,56888,71842,72327,52376,56584,34733,45702,9690,17771,3962,4162,6358,7111,7084,10396,9358,14809,16192,17152,25317,26635,29082,38436,8868,16168,433348,167885,53213,28703,107471,37695,6807
2021-05-31T23:59:59+02:00,12168,11384,20905,19345,27081,28384,54987,56179,71287,71857,52188,56368,34671,45618,9679,17743,3805,4046,6061,6924,6708,10161,8796,14490,15113,16122,24222,25386,28783,38026,8819,16092,426990,162357,49362,28673,107455,36487,6037
2021-05-30T23:59:59+02:00,11758,11018,20213,18846,26421,27830,54696,55926,71091,71696,52124,56306,34650,45596,9673,17736,3589,3827,5720,6674,6425,9919,8580,14287,14850,15848,23944,25082,28688,37936,8808,16069,424558,161539,49004,28622,107424,35491,4594
2021-05-29T23:59:59+02:00,11741,11002,20196,18821,26403,27808,54686,55919,71087,71690,52122,56301,34648,45596,9673,17736,3587,3819,5715,6671,6421,9916,8573,14280,14840,15845,23934,25074,28685,37932,8807,16068,424407,161474,49004,28621,107424,35478,4594
2021-05-28T23:59:59+02:00,11666,10893,20040,18652,26157,27570,54537,55749,70950,71571,52091,56254,34636,45575,9670,17728,3537,3734,5626,6532,6318,9711,8452,14018,14654,15579,23788,24929,28646,37884,8801,16061,422770,161102,48967,28621,107409,33954,4593
2021-05-27T23:59:59+02:00,10174,9517,17665,16831,23477,25513,53538,55017,70343,71115,51907,56057,34564,45489,9661,17705,3178,3343,4794,5904,5455,8952,7635,13005,13581,14452,22905,23994,28335,37515,8756,15988,410956,157465,48040,28446,107277,29581,2300
2021-05-26T23:59:59+02:00,9715,9049,16740,15984,22337,24541,52977,54509,69967,70769,51773,55910,34504,45427,9653,17678,2964,3147,4417,5568,4997,8452,7124,12351,12602,13471,22082,23012,28072,37153,8717,15918,405437,153705,47318,28381,107219,26402,1559
2021-05-25T23:59:59+02:00,9028,8372,15499,15079,20939,23426,52561,54152,69742,70599,51712,55838,34486,45408,9650,17670,2870,3028,4231,5434,4758,8221,6832,12016,12012,12904,19981,20912,27781,36693,8691,15881,398721,148148,47075,28367,107188,24553,1177
2021-05-24T23:59:59+02:00,8930,8263,15280,14954,20663,23253,52478,54045,69706,70568,51711,55833,34485,45407,9648,17667,2818,2955,4149,5260,4670,7982,6703,11721,11886,12692,19873,20805,27738,36655,8686,15872,397617,148016,47008,28330,107103,22956,1163
2021-05-23T23:59:59+02:00,8912,8246,15238,14944,20613,23226,52471,54043,69704,70563,51710,55831,34485,45406,9648,17667,2816,2951,4142,5256,4662,7977,6700,11710,11865,12668,19734,20615,27710,36618,8684,15871,397439,147544,47008,28328,107103,22950,1157
2021-05-22T23:59:59+02:00,8907,8237,15226,14932,20606,23221,52471,54041,69702,70563,51710,55830,34485,45406,9648,17667,2811,2940,4136,5254,4660,7976,6699,11707,11854,12664,19724,20611,27709,36618,8684,15871,397386,147509,47008,28328,107103,22926,1155
2021-05-21T23:59:59+02:00,8822,8122,15093,14812,20376,23034,52257,53840,69576,70464,51688,55806,34478,45400,9643,17661,2735,2844,4048,5116,4556,7744,6574,11399,11693,12410,19671,20563,27697,36600,8683,15870,395832,147294,47006,28328,107082,21429,1152
2021-05-20T23:59:59+02:00,8499,7774,14507,14299,19146,21944,49806,51660,68527,69577,51391,55495,34386,45278,9621,17638,2452,2648,3683,4759,4123,7178,5970,10518,10571,11322,18491,19344,27274,36107,8623,15749,384964,142204,46854,28037,106779,17620,951
2021-05-19T23:59:59+02:00,8201,7521,13836,13816,17506,20638,46136,48416,67151,68351,51010,55022,34246,45090,9589,17593,2364,2410,3522,4432,3867,6639,5499,9784,9541,10190,17032,17735,26683,35304,8526,15577,370344,135156,46293,27895,106553,15122,932
2021-05-18T23:59:59+02:00,7973,7307,13278,13380,16145,19585,41614,44548,65803,67112,50536,54548,34120,44896,9553,17549,2311,2257,3384,4248,3682,6321,5135,9273,8602,9274,15485,15998,26083,34588,8450,15424,354427,128599,46235,27338,106406,13699,879
2021-05-17T23:59:59+02:00,7814,7194,12939,13128,15589,19110,39466,42731,65026,66366,50302,54282,34055,44801,9540,17521,2226,2181,3198,4072,3467,6092,4785,8869,7800,8533,12124,11880,25397,33678,8379,15291,350780,123495,41979,21290,106329,12411,776
2021-05-16T23:59:59+02:00,7741,7099,12815,12976,15417,18938,38973,42261,64850,66214,50257,54221,34048,44781,9535,17516,2156,2074,3108,3950,3385,5989,4672,8714,7606,8349,9827,9135,25055,33174,8353,15243,349314,122367,41478,15965,106298,11906,552
2021-05-15T23:59:59+02:00,7734,7089,12811,12971,15413,18933,38967,42260,64849,66212,50257,54220,34048,44781,9535,17516,2155,2073,3105,3944,3381,5985,4667,8712,7604,8346,9824,9133,25055,33174,8353,15243,349273,122337,41478,15965,106296,11903,549
2021-05-14T23:59:59+02:00,7511,6985,12575,12907,15192,18848,37938,41442,64375,65844,50181,54143,34036,44754,9533,17513,2029,1979,2997,3874,3333,5880,4615,8554,7557,8238,9824,9130,25054,33174,8353,15242,345953,122287,41448,15961,105837,11046,539
2021-05-13T23:59:59+02:00,7211,6776,12167,12650,14617,18395,34178,38430,62082,63945,49660,53563,33930,44561,9522,17469,1979,1932,2943,3799,3298,5784,4575,8447,7476,8127,9791,9077,25032,33136,8351,15239,332045,122047,41227,15937,105408,10526,476
2021-05-12T23:59:59+02:00,7190,6749,12091,12583,14501,18278,33497,37837,61617,63523,49523,53405,33895,44520,9517,17460,1979,1929,2942,3799,3295,5784,4575,8445,7474,8120,9784,9076,25032,33134,8351,15238,329089,122029,41217,15927,105404,10525,476
2021-05-11T23:59:59+02:00,6830,6597,11630,12299,13981,17887,29012,34167,59417,61644,48968,52807,33743,44312,9495,17407,1930,1790,2828,3523,3182,5407,4430,7988,7330,7843,9704,9002,25010,33098,8348,15229,314249,121802,41165,15735,104428,8751,354
2021-05-10T23:59:59+02:00,6689,6515,11473,12192,13762,17713,25458,31329,58307,60629,48647,52500,33667,44198,9483,17382,1886,1672,2747,3306,3088,5055,4315,7460,7220,7473,9675,8961,24999,33080,8347,15225,304499,121682,41004,15587,104141,6940,300
2021-05-09T23:59:59+02:00,6608,6477,11387,12129,13660,17628,23804,30101,57911,60318,48557,52411,33646,44168,9478,17377,1862,1633,2689,3193,3040,4912,4272,7331,7181,7409,9665,8950,24994,33076,8346,15225,303983,121663,37447,15545,103943,6283,287
2021-05-08T23:59:59+02:00,6607,6474,11381,12126,13656,17624,23799,30097,57902,60313,48554,52404,33641,44165,9478,17374,1861,1632,2689,3192,3040,4912,4269,7328,7180,7408,9664,8950,24993,33074,8346,15225,303918,121648,37447,15545,103943,6283,287
2021-05-07T23:59:59+02:00,6558,6432,11316,12078,13556,17544,23001,29477,57234,59748,48452,52301,33619,44140,9475,17361,1747,1579,2619,3152,3003,4884,4238,7304,7158,7378,9658,8944,24991,33074,8346,15224,300778,121618,37431,15539,103801,5860,282
2021-05-06T23:59:59+02:00,6285,6298,10781,11757,12838,17087,20723,27693,53965,56820,47426,51124,33355,43791,9434,17278,1494,1422,2401,2996,2840,4711,4085,7111,7013,7229,9593,8872,24975,33047,8343,15218,285977,121367,37261,15404,103264,4426,153
2021-05-05T23:59:59+02:00,6007,6182,10258,11509,12057,16623,18641,26029,50235,53197,45981,49422,32985,43306,9382,17177,1443,1304,2341,2880,2761,4523,3991,6873,6902,7045,9484,8784,24927,32980,8337,15203,269034,120912,37036,15361,102880,3464,41
2021-05-04T23:59:59+02:00,5903,6077,9926,11294,11605,16203,17442,24963,48532,51259,45005,48248,32670,42897,9323,17079,1427,1281,2314,2837,2724,4438,3935,6759,6831,6979,9449,8746,24909,32966,8336,15199,258795,120703,37013,15301,102600,3108,18
2021-05-03T23:59:59+02:00,5781,5979,9565,11115,11131,15926,16264,23998,47014,49658,44238,47392,32492,42605,9298,17007,1405,1249,2285,2813,2683,4373,3889,6705,6753,6926,8595,7643,23446,31033,8223,15001,249876,114922,37003,15219,102574,2871,10
2021-05-02T23:59:59+02:00,5709,5956,9454,11079,10992,15865,15566,23434,46575,49314,44123,47243,32451,42551,9291,16999,1401,1244,2271,2811,2668,4363,3868,6695,6734,6912,7938,6872,21953,29154,8184,14930,248685,114904,35392,10247,102520,2842,5
2021-05-01T23:59:59+02:00,5709,5953,9449,11074,10989,15864,15562,23430,46573,49310,44122,47243,32451,42551,9291,16999,1400,1244,2271,2811,2668,4363,3866,6695,6733,6912,7938,6871,21953,29154,8184,14930,248654,114900,35392,10247,102519,2841,5
2021-04-30T23:59:59+02:00,5656,5930,9381,11054,10938,15843,15471,23393,45035,47847,43863,46971,32420,42514,9289,16992,1170,1139,2087,2731,2573,4297,3789,6643,6670,6857,7934,6858,21952,29152,8184,14930,244693,114894,35392,10245,102507,1822,5
2021-04-29T23:59:59+02:00,5371,5836,8900,10909,10337,15670,14709,23131,39955,43331,43164,46229,32327,42420,9286,16964,970,1053,1929,2657,2491,4234,3683,6570,6606,6813,7915,6845,21950,29145,8184,14930,231072,114872,35291,10142,102171,956,5
2021-04-28T23:59:59+02:00,5178,5795,8649,10822,9980,15585,14351,22961,34981,38464,42307,45383,32220,42304,9276,16949,928,1015,1893,2616,2460,4149,3646,6460,6556,6731,7896,6832,21941,29131,8180,14924,217960,114790,35275,10093,101965,470,5
2021-04-27T23:59:59+02:00,4913,5537,8312,10360,9594,15014,13858,22320,33827,37302,42125,45194,32206,42281,9273,16947,899,998,1859,2595,2445,4131,3626,6440,6524,6707,7885,6825,21937,29126,8177,14918,215257,114734,35264,10063,98537,290,5
2021-04-26T23:59:59+02:00,4883,5507,8236,10320,9490,14964,13631,22198,29019,32463,41395,44500,32144,42198,9264,16940,864,987,1829,2580,2417,4105,3600,6419,6474,6666,7838,6772,21914,29103,8177,14911,203432,114544,35257,10019,98458,88,5
2021-04-25T23:59:59+02:00,4859,5491,8202,10295,9424,14934,13544,22154,26789,30112,40968,44051,32102,42158,9263,16935,850,979,1818,2567,2402,4090,3573,6400,6444,6634,7816,6756,21900,29084,8176,14908,202792,114521,30159,9786,98326,86,4
2021-04-24T23:59:59+02:00,4837,5476,8176,10268,9379,14919,13497,22129,25072,28238,40423,43426,32051,42101,9260,16930,849,978,1814,2565,2402,4085,3573,6398,6444,6630,7814,6755,21899,29084,8176,14908,197761,114501,30159,9785,98258,84,4
2021-04-23T23:59:59+02:00,4519,5286,7713,9974,8949,14556,12919,21727,24646,27969,40350,43372,32035,42073,9254,16925,835,968,1794,2550,2382,4069,3551,6377,6424,6611,7799,6735,21895,29075,8176,14908,197418,114486,30144,9587,94701,72,4
2021-04-22T23:59:59+02:00,4410,5210,7518,9864,8675,14354,12434,21368,22004,25203,37944,40546,31601,41520,9192,16813,820,956,1767,2521,2321,4008,3475,6313,6316,6515,7722,6648,21844,29030,8174,14898,184551,114374,29955,8881,94146,69,4
2021-04-21T23:59:59+02:00,4379,5175,7378,9778,8488,14179,12062,21049,20481,23666,34993,37140,31212,40935,9136,16702,794,938,1730,2492,2277,3983,3442,6281,6279,6475,7689,6619,21828,29011,8171,14894,172896,114269,29781,8565,94072,65,4
2021-04-20T23:59:59+02:00,4344,5140,7255,9709,8278,14013,11656,20737,19191,22283,31895,33706,30816,40437,9090,16610,787,927,1711,2481,2247,3958,3399,6227,6235,6442,7656,6574,21804,28990,8166,14891,161381,114119,29759,8309,94016,63,4
2021-04-19T23:59:59+02:00,4317,5121,7179,9667,8160,13900,11376,20534,18470,21528,31063,32652,30589,40132,9055,16546,777,921,1690,2467,2220,3927,3363,6193,6203,6411,7603,6539,21783,28967,8164,14888,156591,113987,29743,8064,93951,61,4
2021-04-18T23:59:59+02:00,4311,5114,7167,9652,8140,13883,11340,20498,18378,21443,30950,32540,30564,40110,9052,16541,775,917,1673,2455,2205,3910,3338,6163,6174,6391,7579,6527,21766,28946,8161,14886,156100,113928,29673,7874,93906,60,4
2021-04-17T23:59:59+02:00,4310,5112,7163,9651,8138,13883,11336,20490,18363,21434,30931,32528,30562,40109,9052,16541,775,916,1672,2455,2204,3909,3336,6161,6172,6390,7579,6527,21766,28946,8161,14886,156026,113917,29673,7874,93900,60,4
2021-04-16T23:59:59+02:00,4115,5062,6817,9513,7774,13696,10930,20230,17921,21178,30749,32377,30494,40029,9042,16526,762,897,1659,2440,2177,3895,3277,6122,6131,6337,7484,6429,21359,28395,8134,14829,155276,112595,29666,7671,91507,57,4
2021-04-15T23:59:59+02:00,3996,4959,6437,9138,7190,13169,10106,19330,16570,19939,29601,31115,30042,39476,8980,16373,728,872,1603,2398,2096,3811,3153,5989,5793,6092,6970,6021,20682,27520,8058,14686,149540,109283,29371,7133,87506,52,4
2021-04-14T23:59:59+02:00,3928,4895,6216,8915,6855,12796,9477,18764,15463,18868,28208,29642,29503,38696,8890,16211,690,842,1553,2360,2021,3734,3002,5857,5464,5827,6399,5501,19719,26253,7989,14540,142801,105022,29171,6680,85351,45,4
2021-04-13T23:59:59+02:00,3894,4860,6119,8832,6702,12673,9157,18496,14522,18046,24894,26091,28711,37690,8808,16064,683,832,1539,2334,1993,3698,2897,5785,5237,5628,6024,5153,19453,25951,7957,14478,131245,102944,29161,6650,85149,44,4
2021-04-12T23:59:59+02:00,3869,4832,6065,8777,6614,12591,8909,18267,13870,17454,23892,24955,28363,37213,8751,15954,673,824,1529,2325,1970,3678,2835,5731,5075,5509,5701,4868,19181,25664,7922,14428,126185,101359,29146,6506,85041,44,4
2021-04-11T23:59:59+02:00,3862,4825,6046,8753,6586,12572,8868,18241,13770,17384,23770,24820,28316,37148,8743,15933,670,818,1515,2315,1957,3670,2817,5715,5037,5466,5639,4806,19013,25438,7905,14400,125645,100698,29080,6435,84908,44,4
2021-04-10T23:59:59+02:00,3850,4824,6025,8753,6562,12571,8848,18240,13752,17382,23764,24816,28313,37148,8743,15933,667,816,1510,2310,1952,3667,2811,5707,5021,5456,5626,4788,18851,25187,7892,14378,125623,100190,28992,6401,84905,44,4
2021-04-09T23:59:59+02:00,3804,4810,5981,8743,6507,12551,8806,18215,13698,17330,21697,22263,27953,36683,8717,15895,651,799,1487,2286,1924,3650,2762,5663,4946,5400,5505,4681,18284,24456,7860,14320,124935,98432,23889,6202,84825,36,4
2021-04-08T23:59:59+02:00,3774,4790,5911,8716,6435,12505,8717,18151,13545,17207,18963,19009,27589,36212,8686,15856,601,764,1404,2200,1825,3555,2556,5466,4441,5028,4692,4019,16552,22304,7710,14054,124083,91513,18031,5629,83949,26,3
2021-04-07T23:59:59+02:00,3676,4758,5706,8671,6227,12444,8491,18081,13293,17103,16041,15632,27213,35759,8661,15810,577,729,1350,2146,1723,3466,2394,5307,3998,4695,3954,3426,15766,21481,7614,13899,123877,87217,16502,5283,77184,22,3
2021-04-06T23:59:59+02:00,3644,4747,5658,8651,6160,12419,8403,18043,13217,17027,13762,12924,26887,35410,8650,15785,541,705,1277,2087,1637,3383,2216,5170,3608,4426,3417,2980,14972,20525,7550,13796,123752,83591,16301,4679,71331,17,3
2021-04-05T23:59:59+02:00,3640,4742,5619,8638,6126,12409,8351,18023,13150,16992,13716,12878,26879,35396,8649,15784,507,667,1218,2053,1586,3343,2151,5111,3523,4352,3359,2938,14838,20356,7541,13780,123731,83112,16091,4192,71168,17,2
2021-04-04T23:59:59+02:00,3639,4741,5619,8637,6125,12409,8350,18020,13150,16992,13714,12878,26879,35396,8649,15784,507,666,1218,2053,1586,3343,2151,5111,3523,4352,3359,2938,14837,20356,7541,13780,123725,83110,16091,4192,71164,17,2
2021-04-03T23:59:59+02:00,3639,4741,5619,8636,6125,12409,8350,18020,13150,16992,13713,12876,26878,35394,8649,15784,507,665,1218,2053,1585,3343,2151,5109,3516,4349,3354,2928,14751,20218,7532,13766,123719,82834,16091,4192,71163,17,2
2021-04-02T23:59:59+02:00,3638,4738,5617,8631,6120,12401,8341,18007,13120,16961,13668,12821,26856,35383,8646,15780,503,657,1217,2049,1573,3336,2140,5085,3484,4314,3324,2898,13807,18950,7484,13685,123558,80376,16088,4111,71080,17,2
2021-04-01T23:59:59+02:00,3621,4723,5581,8612,6058,12366,8257,17971,13004,16885,13561,12698,26803,35314,8639,15769,444,608,1125,1977,1470,3252,1991,4970,3278,4170,3092,2694,11814,16359,7394,13544,123244,74841,15965,3322,70651,17,2
2021-03-31T23:59:59+02:00,3617,4707,5560,8578,6026,12330,8213,17926,12927,16808,13439,12579,26764,35266,8633,15761,405,584,1083,1934,1398,3210,1874,4856,3019,3962,2642,2392,9274,13128,7237,13337,122945,67339,15926,2978,70261,16,2
2021-03-30T23:59:59+02:00,3608,4696,5534,8549,5997,12300,8171,17883,12850,16732,13352,12453,26736,35223,8628,15752,383,563,1059,1902,1336,3172,1738,4772,2770,3783,2252,2135,8443,12063,7190,13235,122820,64075,15896,2704,69747,16,1
2021-03-29T23:59:59+02:00,3595,4689,5508,8532,5962,12268,8128,17849,12770,16654,12415,11268,25163,33137,8509,15538,376,561,1054,1884,1313,3147,1694,4726,2618,3696,1956,1979,7818,11356,7152,13170,116848,61784,15726,2701,69410,14,1
2021-03-28T23:59:59+02:00,3563,4664,5458,8501,5911,12224,8044,17796,12664,16577,11686,10429,23653,31213,8462,15459,375,559,1052,1883,1306,3144,1687,4724,2606,3688,1931,1958,7798,11343,7150,13166,116787,61657,10555,2698,68961,14,1
2021-03-27T23:59:59+01:00,3550,4659,5419,8493,5874,12210,7994,17781,12622,16525,11657,10391,23650,31207,8462,15459,375,559,1052,1883,1306,3144,1686,4721,2604,3686,1929,1957,7743,11259,7122,13126,116722,61439,10554,2698,68676,14,1
2021-03-26T23:59:59+01:00,3396,4222,4943,7338,5381,10853,7368,15616,11841,14527,11469,10214,23166,30493,8424,15396,374,555,1048,1880,1299,3140,1685,4718,2598,3680,1921,1951,7583,11043,7008,12966,115173,60757,10299,2686,59174,5,1
2021-03-25T23:59:59+01:00,3264,3873,4775,6581,5150,9662,7022,13819,11094,12884,10597,9416,22534,29718,8365,15260,369,547,1040,1869,1287,3122,1663,4680,2557,3629,1853,1887,7262,10538,6770,12608,112279,58993,9597,2683,52137,4,1
2021-03-24T23:59:59+01:00,3208,3829,4706,6511,5013,9557,6800,13643,10557,12439,9753,8586,21588,28515,8286,15109,367,541,1031,1864,1269,3111,1649,4650,2506,3575,1787,1806,6833,9975,6428,12044,108258,56763,9250,2669,50592,4,0
2021-03-23T23:59:59+01:00,3177,3790,4621,6440,4911,9462,6568,13461,10092,11999,9041,7919,21132,27974,8243,15011,354,527,1013,1855,1255,3090,1618,4626,2451,3522,1705,1743,6482,9486,6109,11536,105908,54701,8916,2668,49017,3,0
2021-03-22T23:59:59+01:00,3157,3752,4565,6400,4830,9392,6416,13313,9713,11694,8437,7362,20768,27584,8193,14930,348,522,1002,1849,1241,3073,1604,4612,2425,3495,1680,1723,6255,9181,5754,10854,104426,52952,8656,2663,47424,3,0
2021-03-21T23:59:59+01:00,3148,3736,4516,6376,4781,9354,6321,13236,9511,11493,8121,7100,20635,27447,8184,14906,348,522,1001,1849,1240,3073,1603,4611,2422,3495,1671,1717,6242,9171,5729,10802,104225,52847,8425,2646,46215,3,0
2021-03-20T23:59:59+01:00,3147,3731,4508,6370,4775,9352,6317,13229,9486,11477,8096,7071,20462,27172,8169,14882,348,522,1001,1848,1239,3073,1602,4610,2418,3486,1658,1703,6195,9086,5585,10602,103667,52352,8413,2621,46164,3,0
2021-03-19T23:59:59+01:00,3103,3700,4431,6332,4669,9305,6156,13164,9227,11280,7796,6852,19999,26605,8145,14830,348,522,1000,1846,1239,3071,1599,4608,2411,3481,1643,1694,6085,8953,5250,10076,102372,51224,8172,2599,45050,3,0
2021-03-18T23:59:59+01:00,3026,3616,4253,6191,4426,9099,5747,12833,8273,10575,6535,5791,18843,25366,8025,14625,344,518,996,1836,1222,3057,1558,4588,2340,3438,1569,1649,5890,8648,4646,9172,97487,48914,7630,2557,42107,0,0
2021-03-17T23:59:59+01:00,2991,3568,4163,6092,4285,8974,5468,12533,7561,9999,5529,4867,17580,23889,7882,14410,340,517,992,1827,1217,3047,1542,4567,2265,3410,1506,1605,5754,8418,4163,8456,92088,47126,7128,2500,40575,0,0
2021-03-16T23:59:59+01:00,2967,3536,4097,6020,4190,8878,5276,12365,7081,9607,4757,4222,16790,22962,7797,14261,336,515,989,1822,1213,3039,1535,4557,2240,3390,1478,1587,5620,8238,3752,7781,88448,45671,7094,2421,39264,0,0
2021-03-15T23:59:59+01:00,2963,3522,4080,6005,4159,8853,5225,12316,6952,9486,4608,4051,16487,22574,7775,14208,334,511,988,1816,1207,3031,1518,4545,2216,3368,1435,1573,5435,8006,3299,7077,87676,44084,7002,2275,38586,0,0
2021-03-14T23:59:59+01:00,2957,3511,4063,5986,4127,8836,5176,12281,6857,9389,4508,3946,16367,22408,7758,14176,332,510,987,1814,1201,3024,1514,4535,2203,3361,1425,1565,5428,7998,3294,7065,87359,44023,6984,2233,38003,0,0
2021-03-13T23:59:59+01:00,2953,3505,4060,5976,4120,8831,5168,12269,6836,9377,4485,3918,16053,21969,7739,14144,332,510,987,1814,1201,3024,1514,4535,2203,3361,1425,1565,5428,7997,3294,7065,86476,44022,6960,2233,37967,0,0
2021-03-12T23:59:59+01:00,2878,3413,3959,5809,3995,8603,5028,11959,6659,9133,4343,3782,15128,20701,7688,14063,332,508,985,1812,1201,3021,1511,4529,2203,3355,1417,1563,5420,7973,3292,7053,84015,43943,6898,2232,36228,0,0
2021-03-11T23:59:59+01:00,2732,3157,3740,5476,3740,8138,4667,11165,6033,8354,3827,3297,13579,18737,7606,13940,332,508,981,1808,1200,3008,1501,4512,2190,3334,1371,1534,5383,7939,3282,7027,79715,43801,6735,2109,31738,0,0
2021-03-10T23:59:59+01:00,2590,2997,3593,5241,3547,7808,4376,10655,5470,7797,3242,2857,11353,16042,7480,13741,329,504,975,1797,1195,2999,1495,4497,2165,3317,1341,1527,5353,7923,3275,7020,73409,43732,6565,1980,28815,0,0
2021-03-09T23:59:59+01:00,2559,2929,3527,5164,3434,7708,4186,10448,5057,7453,2744,2487,9902,14057,7403,13620,328,502,975,1790,1188,2991,1490,4489,2159,3307,1327,1523,5346,7920,3272,7019,68584,43697,6415,1929,27679,0,0
2021-03-08T23:59:59+01:00,2529,2855,3474,5096,3357,7625,4050,10325,4753,7255,2279,2224,8005,11644,7298,13482,328,497,974,1781,1181,2974,1484,4478,2154,3301,1318,1512,5328,7900,3267,7011,62884,43586,6079,1902,27288,0,0
2021-03-07T23:59:59+01:00,2462,2788,3374,4989,3260,7541,3944,10229,4631,7171,2227,2173,7986,11625,7298,13475,328,496,973,1781,1181,2974,1484,4478,2154,3301,1318,1512,5328,7900,3267,7011,62754,43584,5397,1902,27022,0,0
2021-03-06T23:59:59+01:00,2454,2772,3362,4983,3256,7536,3935,10220,4620,7167,2225,2172,7934,11547,7271,13435,328,496,972,1777,1180,2972,1484,4475,2150,3297,1315,1507,5324,7893,3265,7003,62545,43536,5337,1902,27007,0,0
2021-03-05T23:59:59+01:00,2305,2667,3134,4794,3022,7211,3646,9812,4301,6866,2158,2117,7696,11203,7108,13207,328,494,970,1774,1180,2971,1483,4469,2146,3290,1309,1506,5318,7886,3265,6998,61565,43485,4494,1902,25188,0,0
2021-03-04T23:59:59+01:00,2023,2411,2714,4344,2570,6561,3037,8848,3660,6156,1963,1973,7381,10754,6867,12844,326,493,969,1765,1177,2953,1483,4454,2134,3281,1300,1504,5307,7873,3258,6988,59923,43366,3218,1899,20965,0,0
2021-03-03T23:59:59+01:00,1947,2309,2605,4176,2443,6337,2892,8557,3494,5932,1884,1900,6986,10190,6571,12359,325,488,969,1754,1175,2929,1476,4427,2131,3271,1276,1492,5303,7868,3254,6980,57913,43219,3072,1899,19597,0,0
2021-03-02T23:59:59+01:00,1907,2212,2537,4062,2358,6180,2785,8373,3383,5798,1808,1833,6599,9633,6249,11806,321,481,968,1735,1172,2909,1472,4409,2129,3260,1253,1487,5293,7850,3248,6975,55805,43063,2831,1899,18887,0,0
2021-03-01T23:59:59+01:00,1892,2180,2496,3948,2310,6069,2748,8273,3333,5724,1766,1811,6369,9335,5869,11075,320,477,965,1731,1170,2898,1471,4394,2127,3245,1247,1484,5291,7848,3247,6969,53939,42985,2819,1899,18440,0,0
2021-02-28T23:59:59+01:00,1873,2136,2461,3882,2283,6008,2703,8197,3309,5685,1761,1808,6353,9323,5841,11023,320,477,964,1731,1170,2898,1471,4393,2127,3244,1247,1483,5291,7848,3247,6969,53818,42982,2817,1898,18011,0,0
2021-02-27T23:59:59+01:00,1869,2126,2459,3879,2279,6008,2702,8196,3307,5682,1756,1796,6313,9247,5701,10836,320,477,954,1726,1159,2888,1462,4387,2113,3235,1246,1480,5291,7847,3247,6969,53354,42978,2817,1823,17985,0,0
2021-02-26T23:59:59+01:00,1669,1947,2343,3635,2199,5581,2606,7674,3225,5282,1747,1779,6238,9156,5487,10503,319,474,947,1718,1151,2867,1455,4366,2101,3225,1242,1471,5284,7831,3242,6959,52603,42898,2796,1754,15672,0,0
2021-02-25T23:59:59+01:00,1433,1625,2129,3199,2027,4794,2395,6664,3006,4506,1665,1723,6093,8925,5012,9817,316,462,939,1655,1117,2766,1417,4258,2048,3158,1208,1453,5242,7782,3225,6916,50724,42433,2784,1529,11505,0,0
2021-02-24T23:59:59+01:00,1369,1381,2024,2935,1922,4449,2263,6251,2833,4267,1598,1680,5912,8626,4375,8850,313,451,897,1607,1064,2673,1361,4139,1957,3038,1176,1430,5225,7758,3218,6899,48383,42177,2774,1029,9578,0,0
2021-02-23T23:59:59+01:00,1353,1324,1989,2873,1896,4348,2239,6163,2801,4218,1591,1667,5752,8405,3858,7992,313,450,865,1573,1015,2615,1308,4064,1846,2970,1134,1409,5207,7731,3206,6864,46592,41977,2749,593,9128,0,0
2021-02-22T23:59:59+01:00,1340,1272,1939,2733,1850,4202,2180,5957,2758,4135,1581,1657,5588,8190,3380,7274,311,438,820,1532,958,2526,1213,3956,1701,2880,1060,1355,5164,7658,3182,6766,44982,41514,2730,6,8324,0,0
2021-02-21T23:59:59+01:00,1335,1250,1908,2673,1824,4107,2155,5844,2737,4089,1574,1651,5586,8180,3380,7272,308,435,816,1521,950,2498,1211,3919,1689,2843,1050,1342,5144,7631,3162,6727,44932,41240,2719,6,7914,0,0
2021-02-20T23:59:59+01:00,1335,1250,1908,2673,1823,4107,2155,5844,2735,4083,1565,1644,5581,8174,3378,7269,308,435,816,1519,949,2495,1210,3914,1688,2842,1050,1342,5084,7559,3124,6682,44918,41012,2693,5,7913,0,0
2021-02-19T23:59:59+01:00,1335,1247,1905,2666,1822,4100,2154,5835,2732,4079,1545,1634,5567,8158,3376,7263,306,433,812,1510,940,2468,1205,3871,1657,2792,1021,1304,4872,7265,2975,6426,44837,39852,2672,5,7909,0,0
2021-02-18T23:59:59+01:00,1302,1149,1867,2546,1782,3962,2091,5613,2678,3935,1533,1621,5554,8121,3372,7240,276,393,764,1384,890,2258,1122,3521,1536,2522,908,1106,4338,6414,2626,5657,44688,35710,2639,5,7039,0,0
2021-02-17T23:59:59+01:00,1247,988,1786,2326,1702,3651,1985,5231,2605,3737,1515,1612,5531,8107,3364,7236,270,385,755,1371,879,2234,1109,3485,1519,2504,901,1103,3911,5816,2382,5310,44647,33929,2580,5,5396,0,0
2021-02-16T23:59:59+01:00,1203,943,1726,2216,1633,3474,1916,5030,2528,3646,1478,1596,5506,8086,3357,7225,263,377,737,1333,861,2180,1073,3364,1486,2432,878,1081,3498,5190,2103,4900,44594,31752,2414,4,4555,0,0
2021-02-15T23:59:59+01:00,1193,919,1709,2140,1614,3376,1895,4917,2509,3575,1453,1585,5469,8062,3334,7178,250,364,720,1297,843,2131,1052,3296,1447,2369,847,1052,3033,4559,1818,4417,44466,29492,2327,3,4135,0,0
2021-02-14T23:59:59+01:00,1091,875,1637,2115,1553,3356,1852,4896,2475,3563,1445,1581,5463,8051,3331,7174,243,352,708,1277,827,2097,1035,3221,1413,2306,816,1003,2936,4414,1758,4239,44425,28642,2291,3,3742,0,0
2021-02-13T23:59:59+01:00,1028,847,1616,2094,1536,3349,1839,4890,2467,3562,1444,1580,5463,8051,3330,7173,240,351,707,1277,827,2093,1035,3220,1411,2304,816,1003,2823,4277,1704,4153,44419,28238,2291,3,3559,0,0
2021-02-12T23:59:59+01:00,647,683,1291,1980,1382,3250,1701,4804,2363,3503,1430,1574,5453,8040,3325,7168,227,343,696,1252,811,2046,1011,3133,1350,2208,759,930,2573,3928,1588,3885,44306,26738,2291,2,1997,0,0
2021-02-11T23:59:59+01:00,452,588,1122,1877,1280,3131,1609,4689,2268,3421,1326,1530,5395,7993,3307,7122,183,269,592,989,673,1585,806,2434,1064,1669,537,689,1911,2932,1162,2801,43954,20295,2093,1,1063,0,0
2021-02-10T23:59:59+01:00,328,497,987,1784,1195,2995,1507,4504,2164,3319,1291,1516,5376,7984,3303,7121,157,179,408,628,506,1070,634,1815,907,1399,522,675,1448,2304,906,2376,43880,15934,1987,0,4,0,0
2021-02-09T23:59:59+01:00,328,494,986,1779,1192,2987,1507,4499,2163,3314,1284,1513,5374,7982,3302,7119,154,174,398,601,486,1041,615,1785,884,1372,520,672,1019,1780,677,2033,43856,14211,1964,0,3,0,0
2021-02-08T23:59:59+01:00,328,492,985,1776,1189,2978,1501,4493,2161,3309,1279,1510,5372,7982,3302,7117,147,167,388,589,476,1023,604,1752,865,1350,515,667,570,1210,433,1687,43831,12443,1940,0,3,0,0
2021-02-07T23:59:59+01:00,328,492,983,1776,1188,2978,1499,4491,2161,3309,1279,1510,5372,7981,3302,7117,143,162,383,584,476,1016,600,1739,855,1335,509,664,569,1197,428,1675,43827,12335,1939,0,0,0,0
2021-02-06T23:59:59+01:00,328,492,983,1776,1188,2978,1499,4491,2161,3309,1279,1510,5372,7981,3302,7117,139,158,381,582,476,1015,600,1737,854,1333,509,664,569,1197,428,1675,43827,12317,1939,0,0,0,0
2021-02-05T23:59:59+01:00,328,491,982,1776,1188,2977,1497,4490,2160,3309,1279,1510,5371,7978,3302,7115,137,149,378,578,468,1003,596,1723,839,1314,505,654,562,1181,420,1652,43814,12159,1939,0,0,0,0
2021-02-04T23:59:59+01:00,323,482,976,1737,1183,2932,1494,4433,2148,3274,1271,1504,5341,7945,3291,7089,105,99,251,393,348,750,465,1310,632,992,388,529,480,982,366,1418,43485,9508,1938,0,0,0,0
2021-02-03T23:59:59+01:00,320,471,970,1714,1180,2893,1484,4384,2140,3240,1261,1491,5316,7913,3282,7064,60,48,87,164,161,368,225,606,309,495,210,290,278,628,221,895,43185,5045,1938,0,0,0,0
2021-02-02T23:59:59+01:00,319,469,968,1700,1177,2872,1480,4353,2133,3215,1253,1485,5309,7899,3275,7043,18,15,28,48,60,108,74,161,96,114,45,74,66,146,49,179,43012,1281,1938,0,0,0,0
2021-02-01T23:59:59+01:00,319,465,968,1698,1176,2871,1479,4346,2132,3211,1252,1485,5309,7899,3275,7043,15,14,25,41,50,98,60,133,73,96,40,64,57,138,47,165,42990,1116,1938,0,0,0,0
2021-01-31T23:59:59+01:00,319,462,968,1696,1175,2867,1479,4340,2132,3209,1251,1484,5309,7899,3275,7043,14,12,23,39,43,87,52,123,63,92,38,53,46,130,45,158,42970,1018,1938,0,0,0,0
2021-01-30T23:59:59+01:00,319,462,963,1692,1166,2859,1472,4334,2128,3207,1251,1484,5249,7827,3237,6998,14,12,23,38,43,87,51,122,63,92,38,53,46,130,45,158,42744,1015,1904,0,0,0,0
2021-01-29T23:59:59+01:00,317,461,949,1681,1154,2838,1460,4303,2106,3183,1245,1478,5061,7586,3099,6830,12,12,23,38,40,87,50,119,60,92,36,48,45,130,45,158,41956,995,1795,0,0,0,0
2021-01-28T23:59:59+01:00,312,437,928,1601,1112,2722,1420,4209,2039,3109,1221,1470,4684,7050,2871,6538,8,6,10,17,22,42,19,58,36,59,20,32,35,87,33,104,40173,588,1550,0,0,0,0
2021-01-27T23:59:59+01:00,305,427,883,1546,1060,2624,1360,4115,1965,3008,1186,1443,4222,6406,2605,6158,4,5,9,7,14,24,5,21,15,25,11,15,16,46,13,53,38211,283,1102,0,0,0,0
2021-01-26T23:59:59+01:00,298,416,843,1492,997,2536,1295,3985,1843,2914,1137,1395,3817,5774,2314,5723,2,2,4,2,6,6,3,3,2,6,7,5,4,8,3,8,36124,71,655,0,0,0,0
2021-01-25T23:59:59+01:00,287,405,789,1428,934,2415,1187,3836,1682,2808,1074,1367,3382,5184,2044,5337,2,2,4,1,4,6,1,3,2,6,7,5,4,8,3,8,34103,66,56,0,0,0,0
2021-01-24T23:59:59+01:00,284,405,781,1422,924,2399,1183,3820,1653,2779,1071,1366,3351,5148,2031,5316,2,2,2,1,4,6,1,3,2,6,7,5,4,8,3,8,33928,64,5,0,0,0,0
2021-01-23T23:59:59+01:00,282,404,781,1422,924,2395,1182,3819,1649,2777,1071,1366,3235,5010,1975,5228,2,2,2,1,3,6,1,3,2,6,7,5,4,8,3,8,33516,63,4,0,0,0,0
2021-01-22T23:59:59+01:00,280,400,780,1408,922,2382,1176,3805,1645,2774,1069,1365,3052,4790,1895,5110,2,2,2,1,3,6,1,3,2,6,7,5,4,8,3,8,32849,63,4,0,0,0,0
2021-01-21T23:59:59+01:00,271,361,715,1242,855,2168,1095,3515,1549,2591,1030,1329,2652,4250,1656,4742,2,1,2,0,3,6,1,3,2,6,7,4,4,8,3,8,30017,60,4,0,0,0,0
2021-01-20T23:59:59+01:00,244,271,542,883,682,1657,884,2801,1324,2185,943,1191,2052,3418,1317,4066,2,1,2,0,3,6,1,3,2,5,6,4,4,8,3,8,24456,58,4,0,0,0,0
2021-01-19T23:59:59+01:00,213,246,492,775,625,1487,795,2477,1146,1897,777,933,1350,2389,923,3102,0,1,1,0,0,0,0,0,1,1,1,0,0,1,0,0,19625,6,2,0,0,0,0
2021-01-18T23:59:59+01:00,161,182,406,639,501,1113,647,1903,942,1456,573,717,638,1344,485,1892,0,0,0,0,0,0,0,0,0,0,0,0,0,1,0,0,13598,1,1,0,0,0,0
2021-01-17T23:59:59+01:00,149,165,392,602,486,1043,616,1781,881,1361,526,679,592,1245,446,1749,0,0,0,0,0,0,0,0,0,0,0,0,0,0,0,0,12713,0,0,0,0,0,0
2021-01-16T23:59:59+01:00,141,160,390,597,484,1033,610,1769,874,1354,526,679,591,1240,442,1736,0,0,0,0,0,0,0,0,0,0,0,0,0,0,0,0,12626,0,0,0,0,0,0
2021-01-15T23:59:59+01:00,138,152,387,591,476,1019,606,1754,858,1334,521,667,583,1223,436,1713,0,0,0,0,0,0,0,0,0,0,0,0,0,0,0,0,12458,0,0,0,0,0,0
2021-01-14T23:59:59+01:00,116,121,296,475,404,848,506,1462,701,1078,413,542,507,1042,386,1537,0,0,0,0,0,0,0,0,0,0,0,0,0,0,0,0,10434,0,0,0,0,0,0
2021-01-13T23:59:59+01:00,75,74,180,287,264,553,354,948,468,698,254,335,318,697,251,972,0,0,0,0,0,0,0,0,0,0,0,0,0,0,0,0,6728,0,0,0,0,0,0
2021-01-12T23:59:59+01:00,35,30,54,101,117,234,146,391,201,301,138,183,166,401,144,535,0,0,0,0,0,0,0,0,0,0,0,0,0,0,0,0,3177,0,0,0,0,0,0
2021-01-11T23:59:59+01:00,22,17,36,62,58,121,74,166,92,116,40,64,59,143,48,166,0,0,0,0,0,0,0,0,0,0,0,0,0,0,0,0,1284,0,0,0,0,0,0
2021-01-10T23:59:59+01:00,18,12,31,52,50,109,63,148,74,106,37,54,49,133,44,157,0,0,0,0,0,0,0,0,0,0,0,0,0,0,0,0,1137,0,0,0,0,0,0
2021-01-09T23:59:59+01:00,17,12,30,50,49,107,60,147,74,105,37,54,49,133,44,157,0,0,0,0,0,0,0,0,0,0,0,0,0,0,0,0,1125,0,0,0,0,0,0
2021-01-08T23:59:59+01:00,14,12,28,48,44,99,55,136,69,102,35,49,48,133,44,157,0,0,0,0,0,0,0,0,0,0,0,0,0,0,0,0,1073,0,0,0,0,0,0
2021-01-07T23:59:59+01:00,8,6,9,18,21,42,19,59,38,61,21,34,37,92,33,103,0,0,0,0,0,0,0,0,0,0,0,0,0,0,0,0,601,0,0,0,0,0,0
2021-01-06T23:59:59+01:00,8,6,8,14,16,30,13,43,25,48,16,24,31,81,31,92,0,0,0,0,0,0,0,0,0,0,0,0,0,0,0,0,486,0,0,0,0,0,0
2021-01-05T23:59:59+01:00,8,6,8,14,16,30,13,43,25,48,16,24,30,81,31,92,0,0,0,0,0,0,0,0,0,0,0,0,0,0,0,0,485,0,0,0,0,0,0
2021-01-04T23:59:59+01:00,3,5,6,4,6,13,1,8,6,14,6,6,6,16,4,13,0,0,0,0,0,0,0,0,0,0,0,0,0,0,0,0,117,0,0,0,0,0,0
2021-01-03T23:59:59+01:00,2,2,1,1,3,6,1,4,2,7,5,4,3,9,3,8,0,0,0,0,0,0,0,0,0,0,0,0,0,0,0,0,61,0,0,0,0,0,0
2021-01-02T23:59:59+01:00,2,2,1,1,3,6,1,4,2,7,5,4,3,9,3,8,0,0,0,0,0,0,0,0,0,0,0,0,0,0,0,0,61,0,0,0,0,0,0
2021-01-01T23:59:59+01:00,2,2,1,1,3,6,1,4,2,7,5,4,3,9,3,8,0,0,0,0,0,0,0,0,0,0,0,0,0,0,0,0,61,0,0,0,0,0,0
2020-12-31T23:59:59+01:00,2,2,1,0,3,6,1,3,2,6,5,4,3,9,3,8,0,0,0,0,0,0,0,0,0,0,0,0,0,0,0,0,58,0,0,0,0,0,0
2020-12-30T23:59:59+01:00,2,2,1,0,3,6,1,3,2,5,5,4,3,9,3,8,0,0,0,0,0,0,0,0,0,0,0,0,0,0,0,0,57,0,0,0,0,0,0
2020-12-29T23:59:59+01:00,2,2,0,0,3,5,1,3,2,5,3,2,2,9,2,7,0,0,0,0,0,0,0,0,0,0,0,0,0,0,0,0,48,0,0,0,0,0,0
2020-12-28T23:59:59+01:00,1,1,0,0,1,1,0,0,0,3,0,1,0,2,1,4,0,0,0,0,0,0,0,0,0,0,0,0,0,0,0,0,15,0,0,0,0,0,0
2020-12-27T23:59:59+01:00,0,0,0,0,1,1,0,0,0,2,0,1,0,1,1,4,0,0,0,0,0,0,0,0,0,0,0,0,0,0,0,0,11,0,0,0,0,0,0
