Datum,<15_1_m,<15_1_w,15-24_1_m,15-24_1_w,25-34_1_m,25-34_1_w,35-44_1_m,35-44_1_w,45-54_1_m,45-54_1_w,55-64_1_m,55-64_1_w,65-74_1_m,65-74_1_w,75-84_1_m,75-84_1_w,>84_1_m,>84_1_w,<15_2_m,<15_2_w,15-24_2_m,15-24_2_w,25-34_2_m,25-34_2_w,35-44_2_m,35-44_2_w,45-54_2_m,45-54_2_w,55-64_2_m,55-64_2_w,65-74_2_m,65-74_2_w,75-84_2_m,75-84_2_w,>84_2_m,>84_2_w,bp_1,bp_2,mo_1,mo_2,az_1,az_2,ja,unb_1,unb_2
2021-11-05T23:59:59+01:00,6563,6355,47442,45152,61868,53467,64915,60776,75947,73797,89388,86937,60964,65184,39850,51219,12652,22747,5375,5208,42299,40544,56291,48468,60216,56086,71051,68829,85066,82910,59044,62976,38642,49590,12149,21803,691193,641757,79719,76306,109698,103817,44606,48,61
2021-11-04T23:59:59+01:00,6430,6236,46959,44729,61380,53052,64517,60449,75648,73533,89211,86815,60935,65134,39834,51200,12645,22739,5313,5127,42131,40362,56137,48295,60081,55953,70953,68714,84973,82839,59016,62943,38627,49548,12144,21796,687667,640379,79665,76287,109698,103816,44409,48,61
2021-11-03T23:59:59+01:00,6356,6149,46551,44389,60860,52702,64166,60159,75351,73297,89019,86673,60906,65088,39820,51180,12640,22725,5278,5071,41971,40225,55935,48133,59967,55826,70842,68604,84892,82767,58982,62907,38610,49523,12140,21783,684463,639061,79610,76268,109698,103813,44253,48,61
2021-11-02T23:59:59+01:00,6304,6094,46284,44177,60493,52465,63877,59988,75148,73162,88901,86589,60885,65057,39809,51158,12633,22715,5254,5047,41864,40144,55841,48050,59880,55764,70771,68536,84842,82717,58959,62880,38597,49508,12133,21770,682349,638320,79583,76262,109698,103813,44101,48,61
2021-11-01T23:59:59+01:00,6250,6040,46067,43993,60240,52296,63642,59816,74976,73048,88814,86534,60873,65041,39799,51152,12631,22712,5229,5021,41797,40077,55749,47973,59781,55715,70698,68489,84792,82685,58952,62864,38589,49493,12129,21756,680810,637818,79572,76260,109696,103812,43838,48,61
2021-10-31T23:59:59+01:00,6245,6040,46063,43990,60235,52292,63638,59813,74975,73045,88813,86532,60873,65041,39799,51152,12631,22712,5227,5019,41797,40075,55749,47972,59780,55715,70697,68489,84792,82685,58952,62864,38589,49492,12129,21755,680776,637808,79572,76260,109696,103812,43837,48,61
2021-10-30T23:59:59+02:00,6245,6040,46063,43989,60233,52288,63638,59813,74973,73044,88812,86532,60873,65041,39799,51152,12631,22712,5227,5019,41797,40075,55748,47967,59779,55714,70697,68489,84792,82685,58952,62864,38588,49490,12129,21755,680766,637800,79572,76258,109696,103812,43836,48,61
2021-10-29T23:59:59+02:00,6219,6010,45935,43871,60017,52134,63444,59696,74835,72929,88719,86496,60864,65036,39788,51143,12629,22706,5208,5006,41739,40021,55671,47901,59697,55670,70639,68440,84762,82668,58946,62859,38586,49487,12128,21753,679671,637502,79543,76253,109696,103812,43553,48,61
2021-10-28T23:59:59+02:00,6147,5943,45669,43642,59686,51934,63183,59505,74615,72791,88599,86413,60834,65016,39780,51132,12628,22702,5180,4957,41625,39917,55520,47800,59582,55594,70545,68362,84692,82618,58928,62838,38570,49470,12122,21740,677702,636643,79509,76241,109696,103811,43304,48,61
2021-10-27T23:59:59+02:00,6076,5876,45437,43445,59412,51724,63008,59341,74462,72667,88503,86337,60817,64996,39778,51120,12624,22697,5141,4911,41446,39761,55363,47648,59480,55476,70450,68281,84642,82543,58904,62813,38548,49445,12117,21730,675973,635444,79489,76228,109695,103811,43155,48,61
2021-10-26T23:59:59+02:00,5973,5781,45134,43185,59062,51493,62786,59150,74271,72516,88404,86250,60799,64963,39770,51105,12615,22692,5065,4833,41248,39547,55187,47472,59355,55359,70368,68169,84560,82472,58873,62775,38527,49416,12115,21716,673797,633992,79475,76218,109694,103811,42975,48,61
2021-10-25T23:59:59+02:00,5967,5775,45106,43167,59023,51471,62763,59139,74246,72503,88389,86235,60798,64961,39768,51105,12615,22692,5061,4833,41237,39545,55169,47465,59340,55357,70360,68160,84555,82464,58873,62772,38526,49416,12115,21716,673621,633948,79474,76218,109694,103811,42926,48,61
2021-10-24T23:59:59+02:00,5940,5752,45012,43102,58904,51382,62672,59072,74159,72450,88343,86205,60790,64950,39765,51098,12613,22689,5052,4822,41180,39501,55099,47412,59293,55316,70326,68129,84530,82442,58861,62759,38520,49410,12114,21715,672951,633623,79467,76209,109694,103811,42777,48,61
2021-10-23T23:59:59+02:00,5940,5752,45012,43102,58904,51381,62672,59071,74159,72450,88343,86205,60790,64950,39765,51098,12613,22689,5052,4822,41180,39501,55098,47412,59293,55316,70326,68129,84530,82442,58861,62759,38520,49410,12114,21715,672949,633622,79467,76209,109694,103811,42777,48,61
2021-10-22T23:59:59+02:00,5916,5720,44917,43034,58797,51292,62561,58992,74084,72385,88293,86177,60790,64946,39763,51096,12611,22689,5034,4803,41111,39447,55043,47360,59232,55271,70296,68094,84492,82430,58854,62754,38515,49403,12113,21715,672294,633280,79455,76207,109694,103809,42610,48,61
2021-10-21T23:59:59+02:00,5855,5678,44769,42910,58632,51156,62407,58874,73963,72294,88205,86124,60772,64932,39752,51079,12607,22682,4986,4765,40987,39314,54932,47245,59130,55146,70211,68022,84432,82383,58832,62720,38498,49385,12108,21706,671081,632268,79437,76195,109694,103809,42469,48,61
2021-10-20T23:59:59+02:00,5819,5626,44631,42779,58459,51003,62284,58777,73862,72220,88157,86078,60763,64915,39734,51063,12602,22670,4936,4693,40838,39155,54769,47086,59010,55004,70121,67925,84358,82319,58795,62683,38480,49363,12105,21695,669950,630915,79414,76176,109693,103809,42374,48,61
2021-10-19T23:59:59+02:00,5791,5587,44506,42673,58324,50900,62213,58706,73819,72152,88115,86046,60739,64898,39717,51048,12595,22658,4872,4636,40635,38971,54602,46921,58907,54861,70036,67829,84293,82259,58755,62640,38464,49342,12103,21673,669068,629455,79405,76165,109693,103808,42310,48,61
2021-10-18T23:59:59+02:00,5773,5574,44451,42613,58265,50847,62182,58667,73790,72118,88093,86033,60721,64883,39714,51039,12593,22653,4857,4622,40580,38922,54549,46859,58874,54810,70000,67787,84258,82230,58737,62625,38457,49325,12100,21663,668655,628985,79403,76156,109693,103806,42247,48,61
2021-10-17T23:59:59+02:00,5761,5556,44415,42592,58234,50818,62151,58643,73772,72099,88071,86017,60714,64879,39708,51030,12591,22644,4839,4599,40540,38893,54527,46823,58850,54783,69983,67771,84238,82211,58727,62616,38455,49321,12099,21658,668375,628694,79395,76151,109693,103806,42221,48,61
2021-10-16T23:59:59+02:00,5759,5554,44415,42592,58234,50816,62151,58643,73772,72099,88071,86017,60714,64879,39708,51030,12591,22644,4839,4598,40539,38891,54527,46821,58850,54783,69983,67771,84238,82211,58727,62616,38455,49321,12099,21658,668369,628689,79395,76150,109693,103806,42221,48,61
2021-10-15T23:59:59+02:00,5744,5533,44356,42542,58178,50769,62106,58613,73735,72061,88041,85992,60701,64876,39703,51025,12588,22641,4817,4577,40483,38840,54484,46788,58810,54741,69949,67741,84210,82193,58722,62611,38446,49318,12098,21654,667972,628328,79393,76150,109691,103806,42137,48,61
2021-10-14T23:59:59+02:00,5698,5502,44280,42453,58103,50676,62036,58544,73673,71999,87980,85956,60688,64857,39691,51007,12581,22627,4770,4518,40377,38703,54420,46710,58729,54646,69875,67662,84172,82153,58688,62589,38439,49301,12095,21645,667240,627469,79384,76133,109691,103804,42025,48,61
2021-10-13T23:59:59+02:00,5657,5439,44177,42338,57994,50574,61961,58458,73617,71931,87932,85915,60670,64830,39683,50996,12578,22618,4682,4448,40193,38467,54271,46481,58603,54474,69789,67534,84085,82076,58658,62551,38419,49261,12090,21631,666326,625769,79371,76110,109691,103804,41969,48,61
2021-10-12T23:59:59+02:00,5618,5409,44051,42214,57878,50456,61875,58374,73530,71867,87871,85869,60646,64798,39677,50979,12574,22605,4630,4382,39951,38239,54059,46284,58454,54324,69696,67422,84005,82005,58624,62507,38398,49231,12081,21618,665333,624046,79366,76108,109690,103804,41891,48,61
2021-10-11T23:59:59+02:00,5600,5395,44005,42160,57828,50395,61836,58332,73490,71835,87842,85845,60631,64785,39670,50965,12568,22593,4612,4367,39904,38192,54004,46234,58408,54279,69666,67385,83982,81971,58603,62483,38385,49204,12073,21596,664862,623528,79359,76103,109690,103803,41853,48,61
2021-10-10T23:59:59+02:00,5586,5382,43978,42131,57793,50370,61803,58304,73470,71815,87827,85833,60623,64780,39669,50961,12567,22590,4603,4357,39873,38168,53966,46200,58374,54257,69642,67368,83968,81959,58598,62476,38379,49198,12071,21594,664620,623283,79354,76098,109690,103802,41807,48,61
2021-10-09T23:59:59+02:00,5585,5381,43977,42126,57793,50370,61801,58304,73470,71815,87827,85833,60623,64780,39669,50961,12567,22590,4602,4357,39871,38166,53965,46200,58372,54257,69642,67368,83968,81959,58597,62476,38379,49198,12071,21594,664612,623278,79354,76098,109690,103800,41805,48,61
2021-10-08T23:59:59+02:00,5561,5360,43929,42079,57739,50313,61752,58270,73423,71788,87803,85821,60615,64771,39663,50952,12565,22587,4590,4335,39836,38126,53936,46166,58336,54215,69607,67347,83951,81946,58593,62464,38376,49194,12070,21592,664215,623002,79353,76095,109690,103800,41722,48,61
2021-10-07T23:59:59+02:00,5497,5282,43782,41943,57614,50185,61661,58184,73346,71713,87749,85783,60602,64747,39653,50942,12562,22579,4499,4241,39646,37899,53794,45973,58209,54053,69502,67238,83896,81884,58564,62420,38355,49178,12063,21584,663160,621431,79338,76081,109690,103800,41625,48,61
2021-10-06T23:59:59+02:00,5471,5241,43642,41828,57499,50097,61581,58092,73279,71646,87690,85739,60586,64722,39640,50917,12559,22562,4438,4187,39482,37721,53662,45819,58106,53916,69411,67129,83831,81810,58529,62380,38340,49152,12061,21566,662232,620063,79319,76078,109689,103800,41538,48,61
2021-10-05T23:59:59+02:00,5431,5203,43512,41686,57386,49962,61463,58013,73209,71582,87638,85680,60567,64702,39629,50899,12555,22544,4391,4139,39351,37574,53545,45691,58010,53794,69311,67051,83772,81750,58504,62348,38322,49127,12055,21562,661188,618909,79313,76070,109689,103799,41458,48,61
2021-10-04T23:59:59+02:00,5402,5190,43434,41616,57317,49887,61416,57972,73156,71536,87604,85655,60548,64683,39624,50891,12551,22532,4372,4120,39279,37522,53477,45629,57973,53746,69274,66998,83743,81723,58478,62328,38312,49117,12053,21559,660635,618431,79309,76048,109689,103795,41368,48,61
2021-10-03T23:59:59+02:00,5392,5174,43403,41579,57265,49852,61381,57937,73127,71510,87580,85631,60537,64674,39614,50883,12548,22521,4364,4110,39248,37490,53446,45610,57947,53715,69254,66978,83722,81705,58467,62314,38306,49116,12052,21554,660309,618205,79307,76047,109689,103795,41290,48,61
2021-10-02T23:59:59+02:00,5392,5174,43402,41578,57262,49851,61381,57936,73127,71509,87580,85631,60537,64674,39614,50883,12548,22521,4364,4110,39248,37490,53446,45610,57947,53715,69254,66978,83722,81705,58467,62314,38306,49116,12052,21554,660303,618205,79305,76047,109689,103795,41290,48,61
2021-10-01T23:59:59+02:00,5379,5153,43327,41512,57194,49787,61319,57901,73076,71471,87542,85600,60522,64664,39609,50875,12548,22521,4347,4098,39193,37436,53398,45581,57907,53677,69219,66952,83698,81682,58460,62313,38303,49114,12052,21553,659824,617912,79304,76046,109689,103794,41170,48,61
2021-09-30T23:59:59+02:00,5307,5073,43149,41322,57033,49618,61196,57758,72981,71362,87470,85552,60499,64625,39591,50855,12544,22513,4228,3969,38960,37166,53238,45390,57767,53506,69117,66832,83622,81609,58443,62276,38287,49088,12046,21550,658516,616258,79291,76045,109689,103791,40939,48,61
2021-09-29T23:59:59+02:00,5271,5037,43005,41172,56890,49484,61100,57657,72896,71274,87412,85502,60474,64602,39574,50836,12540,22503,4144,3910,38771,36942,53096,45241,57675,53379,69023,66723,83556,81524,58400,62250,38275,49072,12043,21540,657487,614897,79264,76040,109689,103790,40776,48,61
2021-09-28T23:59:59+02:00,5229,4993,42797,41014,56743,49346,60996,57550,72814,71185,87352,85435,60445,64578,39560,50815,12533,22482,4085,3856,38576,36755,52954,45104,57575,53266,68940,66638,83480,81454,58372,62219,38259,49052,12041,21533,656294,613656,79256,76039,109688,103787,40616,48,61
2021-09-27T23:59:59+02:00,5197,4971,42705,40935,56647,49262,60910,57471,72751,71131,87303,85394,60422,64551,39538,50793,12524,22448,4071,3840,38490,36696,52872,45053,57502,53212,68903,66595,83437,81419,58349,62197,38249,49037,12038,21522,655633,613262,79249,76008,109688,103781,40370,48,61
2021-09-26T23:59:59+02:00,5184,4945,42660,40901,56616,49227,60892,57447,72727,71111,87289,85372,60414,64544,39534,50788,12523,22447,4061,3833,38468,36679,52837,45024,57479,53195,68881,66572,83418,81405,58343,62189,38244,49033,12038,21522,655388,613087,79243,76003,109688,103781,40289,48,61
2021-09-25T23:59:59+02:00,5184,4944,42656,40899,56616,49226,60892,57446,72726,71109,87289,85372,60414,64544,39534,50788,12523,22447,4061,3833,38465,36676,52836,45024,57479,53193,68880,66570,83418,81405,58342,62188,38244,49033,12038,21522,655382,613077,79241,76003,109688,103781,40285,48,61
2021-09-24T23:59:59+02:00,5165,4933,42569,40817,56551,49161,60826,57391,72665,71049,87250,85333,60402,64535,39529,50784,12522,22445,4056,3825,38406,36625,52787,44979,57428,53151,68834,66514,83384,81381,58331,62182,38241,49030,12037,21520,655035,612916,79237,76000,109688,103781,39953,48,61
2021-09-23T23:59:59+02:00,5092,4832,42298,40546,56323,48949,60655,57189,72511,70912,87118,85240,60349,64493,39511,50746,12516,22416,3978,3738,38167,36446,52595,44814,57277,53011,68702,66404,83284,81296,58294,62143,38228,49004,12030,21503,653440,611755,79224,75989,109687,103779,39330,48,61
2021-09-22T23:59:59+02:00,5053,4777,42144,40362,56146,48768,60507,57033,72401,70776,87026,85159,60313,64444,39491,50709,12513,22400,3937,3688,38029,36300,52435,44679,57149,52885,68624,66305,83194,81214,58260,62108,38210,48983,12027,21493,652135,610721,79210,75985,109686,103777,38976,48,61
2021-09-21T23:59:59+02:00,5017,4721,41944,40116,55920,48544,60342,56884,72308,70655,86937,85077,60274,64400,39474,50669,12504,22386,3890,3654,37867,36154,52283,44538,57028,52788,68555,66225,83118,81150,58231,62084,38186,48961,12021,21480,650560,609689,79209,75985,109686,103776,38702,48,61
2021-09-20T23:59:59+02:00,4991,4699,41837,40034,55789,48449,60239,56800,72230,70590,86879,85022,60249,64380,39461,50649,12498,22367,3882,3641,37785,36081,52167,44463,56945,52728,68493,66174,83067,81107,58208,62066,38176,48934,12018,21475,649851,609241,79199,75933,109686,103763,38412,48,61
2021-09-19T23:59:59+02:00,4986,4695,41792,40006,55714,48402,60189,56759,72189,70577,86852,85008,60242,64371,39460,50641,12498,22365,3872,3638,37753,36058,52122,44445,56911,52717,68457,66158,83044,81088,58200,62060,38173,48930,12018,21473,649592,609104,79197,75931,109683,103762,38259,48,61
2021-09-18T23:59:59+02:00,4984,4693,41780,40001,55696,48388,60170,56749,72177,70565,86842,85004,60237,64368,39459,50641,12498,22364,3871,3638,37749,36055,52106,44440,56898,52707,68448,66150,83034,81084,58195,62057,38171,48929,12018,21473,649539,609087,79196,75931,109683,103762,38182,48,61
2021-09-17T23:59:59+02:00,4929,4642,41631,39881,55580,48241,60028,56625,72041,70450,86773,84931,60201,64346,39450,50635,12495,22358,3839,3611,37642,35968,52010,44323,56807,52614,68340,66072,82974,81026,58164,62040,38164,48921,12016,21469,648707,608612,79195,75931,109683,103762,37634,48,61
2021-09-16T23:59:59+02:00,4832,4541,41350,39608,55324,47955,59793,56353,71850,70271,86644,84799,60149,64289,39427,50612,12484,22343,3734,3508,37364,35749,51805,44087,56624,52410,68194,65926,82864,80927,58111,62005,38146,48897,12007,21458,646785,607129,79191,75925,109676,103747,36954,48,61
2021-09-15T23:59:59+02:00,4767,4476,41115,39354,55086,47671,59578,56134,71693,70128,86524,84694,60106,64233,39399,50582,12475,22319,3674,3460,37158,35563,51631,43877,56485,52266,68086,65825,82768,80825,58065,61972,38122,48872,12005,21444,644992,605911,79189,75922,109676,103747,36457,48,61
2021-09-14T23:59:59+02:00,4739,4446,40992,39228,54958,47580,59489,56018,71595,70034,86447,84635,60087,64206,39385,50570,12472,22315,3660,3447,37084,35490,51538,43821,56413,52196,68010,65763,82710,80788,58047,61946,38107,48852,11999,21436,644231,605498,79189,75922,109676,103746,36080,48,61
2021-09-13T23:59:59+02:00,4711,4432,40888,39124,54868,47484,59425,55918,71523,69978,86404,84594,60057,64174,39379,50559,12468,22310,3639,3429,37009,35420,51451,43760,56354,52131,67945,65729,82670,80761,58023,61919,38098,48841,11998,21430,643522,605053,79188,75871,109675,103731,35891,48,61
2021-09-12T23:59:59+02:00,4702,4418,40856,39097,54847,47461,59399,55887,71494,69946,86390,84574,60049,64165,39377,50556,12466,22306,3630,3425,36972,35389,51433,43741,56329,52113,67924,65701,82649,80742,58012,61906,38093,48830,11998,21428,643306,604848,79179,75866,109674,103729,35811,48,61
2021-09-11T23:59:59+02:00,4693,4416,40841,39071,54820,47434,59380,55870,71471,69934,86379,84566,60048,64162,39376,50555,12466,22304,3627,3423,36955,35378,51412,43722,56316,52100,67902,65690,82636,80738,58010,61905,38091,48830,11998,21427,643211,604803,79179,75865,109674,103729,35702,48,61
2021-09-10T23:59:59+02:00,4648,4376,40662,38900,54663,47298,59262,55718,71346,69831,86291,84484,60020,64134,39366,50543,12462,22297,3609,3404,36829,35289,51303,43629,56223,52009,67808,65624,82563,80682,57991,61884,38082,48816,11991,21421,642306,604380,79177,75865,109674,103729,35122,48,61
2021-09-09T23:59:59+02:00,4574,4288,40420,38682,54469,47076,59085,55498,71199,69664,86189,84389,59995,64091,39347,50518,12454,22292,3551,3340,36617,35115,51127,43478,56072,51844,67665,65504,82453,80603,57951,61838,38065,48794,11986,21413,640832,603239,79176,75863,109674,103729,34525,48,60
2021-09-08T23:59:59+02:00,4475,4193,40193,38423,54270,46894,58909,55330,71088,69547,86097,84310,59959,64051,39339,50486,12448,22285,3441,3235,36332,34846,50892,43263,55871,51658,67528,65373,82339,80499,57917,61782,38042,48755,11975,21399,639410,601485,79171,75855,109674,103729,34018,48,60
2021-09-07T23:59:59+02:00,4401,4131,39991,38253,54139,46774,58807,55222,71011,69458,86035,84243,59935,64023,39328,50471,12445,22282,3412,3209,36203,34739,50787,43182,55788,51594,67458,65304,82274,80442,57884,61749,38030,48732,11969,21391,638393,600822,79165,75841,109670,103728,33696,48,60
2021-09-06T23:59:59+02:00,4360,4083,39889,38151,54059,46702,58740,55146,70966,69403,85991,84205,59915,64006,39325,50466,12443,22278,3379,3185,36088,34624,50691,43111,55705,51509,67398,65233,82220,80380,57857,61718,38019,48719,11968,21389,637715,600060,79165,75803,109668,103716,33554,48,60
2021-09-05T23:59:59+02:00,4347,4065,39854,38121,54037,46671,58704,55119,70938,69380,85967,84182,59912,64003,39322,50461,12442,22274,3375,3179,36062,34603,50662,43088,55672,51488,67379,65216,82202,80364,57849,61713,38016,48713,11966,21386,637492,599908,79164,75799,109667,103716,33450,48,60
2021-09-04T23:59:59+02:00,4347,4063,39845,38118,54034,46663,58703,55117,70936,69376,85963,84175,59912,64001,39322,50461,12442,22274,3374,3178,36050,34600,50659,43081,55668,51487,67377,65212,82199,80360,57848,61711,38016,48713,11966,21386,637472,599890,79164,75798,109667,103714,33423,48,60
2021-09-03T23:59:59+02:00,4309,4033,39732,38006,53934,46593,58624,55035,70866,69316,85899,84144,59894,63985,39316,50456,12439,22271,3361,3163,35971,34532,50573,43034,55605,51431,67318,65169,82154,80328,57833,61697,38008,48707,11960,21385,636900,599568,79164,75792,109667,103714,33095,48,60
2021-09-02T23:59:59+02:00,4268,3990,39554,37848,53791,46433,58483,54908,70740,69198,85821,84079,59846,63948,39293,50428,12437,22261,3344,3149,35844,34446,50460,42950,55505,51343,67217,65088,82080,80266,57786,61665,37991,48683,11955,21378,635886,599007,79164,75791,109667,103709,32583,48,60
2021-09-01T23:59:59+02:00,4207,3920,39360,37675,53628,46291,58363,54794,70646,69111,85760,84002,59802,63917,39277,50415,12435,22250,3210,3028,35509,34101,50226,42687,55306,51147,67055,64921,81948,80159,57737,61608,37959,48656,11950,21372,634764,596786,79153,75781,109666,103708,32244,48,60
2021-08-31T23:59:59+02:00,4158,3873,39224,37525,53496,46178,58259,54688,70559,69037,85682,83946,59773,63889,39259,50386,12433,22247,3189,3011,35388,33998,50082,42587,55193,51062,66960,64854,81866,80105,57698,61572,37945,48636,11944,21369,633834,596200,79151,75780,109664,103481,31938,47,60
2021-08-30T23:59:59+02:00,4107,3828,39114,37399,53392,46093,58174,54609,70497,68959,85621,83899,59755,63864,39248,50375,12431,22241,3176,2992,35314,33925,50004,42527,55117,50991,66899,64791,81812,80047,57672,61545,37931,48615,11943,21358,632992,595608,79148,75745,109664,103469,31777,47,60
2021-08-29T23:59:59+02:00,4096,3819,39096,37381,53373,46076,58159,54590,70489,68949,85605,83882,59753,63862,39244,50371,12430,22240,3170,2985,35285,33900,49973,42508,55105,50965,66876,64764,81789,80033,57662,61529,37926,48610,11940,21357,632873,595412,79145,75728,109664,103469,31708,47,60
2021-08-28T23:59:59+02:00,4096,3819,39095,37381,53372,46075,58159,54590,70488,68947,85605,83882,59753,63862,39244,50371,12430,22240,3170,2985,35285,33899,49973,42508,55103,50965,66875,64763,81789,80033,57662,61529,37926,48610,11940,21357,632869,595409,79145,75728,109664,103469,31706,47,60
2021-08-27T23:59:59+02:00,4060,3777,38974,37282,53271,45969,58077,54495,70398,68869,85542,83823,59727,63838,39232,50361,12430,22238,3164,2969,35182,33841,49871,42445,55031,50892,66783,64700,81735,79994,57637,61509,37915,48600,11939,21356,632228,595002,79145,75728,109659,103467,31306,47,60
2021-08-26T23:59:59+02:00,3976,3714,38781,37099,53099,45801,57940,54345,70268,68754,85414,83731,59680,63791,39208,50341,12423,22228,3137,2931,35004,33668,49717,42277,54870,50731,66652,64570,81588,79881,57589,61447,37886,48574,11934,21348,631040,593835,79142,75717,109656,103462,30730,47,60
2021-08-25T23:59:59+02:00,3880,3645,38613,36900,52945,45606,57824,54203,70167,68653,85320,83638,59644,63750,39190,50322,12421,22221,3020,2797,34622,33253,49443,41956,54630,50467,66458,64367,81407,79709,57501,61365,37864,48536,11922,21336,629790,591086,79141,75715,109656,103462,30330,47,60
2021-08-24T23:59:59+02:00,3859,3629,38526,36826,52866,45536,57767,54150,70113,68607,85274,83598,59612,63724,39181,50305,12418,22211,2977,2767,34474,33125,49321,41867,54542,50382,66355,64273,81316,79632,57452,61320,37856,48520,11917,21327,629351,590160,79137,75711,109654,103457,30035,47,60
2021-08-23T23:59:59+02:00,3831,3593,38431,36730,52783,45472,57710,54085,70054,68554,85220,83559,59594,63697,39171,50292,12416,22203,2959,2736,34334,32989,49196,41790,54441,50297,66261,64177,81226,79569,57416,61270,37836,48500,11916,21316,628816,589279,79133,75677,109652,103444,29769,47,60
2021-08-22T23:59:59+02:00,3823,3592,38401,36716,52768,45453,57693,54072,70028,68535,85203,83545,59584,63687,39169,50283,12411,22201,2951,2718,34286,32950,49168,41753,54405,50270,66218,64152,81190,79542,57401,61256,37833,48491,11911,21313,628709,588991,79131,75666,109651,103443,29648,47,60
2021-08-21T23:59:59+02:00,3820,3589,38381,36710,52758,45442,57678,54066,70014,68523,85197,83536,59577,63685,39168,50283,12411,22201,2951,2718,34274,32946,49157,41744,54391,50265,66206,64141,81184,79535,57397,61255,37833,48491,11911,21313,628667,588978,79130,75664,109650,103443,29567,47,60
2021-08-20T23:59:59+02:00,3800,3557,38311,36639,52675,45370,57601,54002,69940,68470,85134,83488,59560,63665,39165,50279,12411,22195,2933,2704,34176,32840,49042,41675,54298,50190,66111,64073,81114,79481,57377,61231,37827,48486,11910,21309,628297,588454,79128,75661,109650,103440,29162,47,60
2021-08-19T23:59:59+02:00,3772,3523,38140,36497,52514,45230,57479,53898,69811,68349,85035,83412,59530,63621,39150,50262,12407,22183,2899,2651,33823,32590,48754,41429,54080,49994,65903,63885,80938,79347,57322,61158,37781,48448,11905,21298,627405,586540,79126,75563,109641,103426,28616,47,60
2021-08-18T23:59:59+02:00,3722,3473,37951,36341,52384,45106,57383,53793,69702,68254,84959,83348,59491,63578,39135,50242,12405,22175,2829,2578,33441,32178,48451,41172,53823,49715,65682,63671,80753,79185,57240,61071,37745,48406,11901,21286,626401,583960,79123,75434,109639,103419,28254,47,60
2021-08-17T23:59:59+02:00,3661,3425,37787,36181,52262,44978,57302,53696,69607,68168,84885,83286,59456,63545,39122,50219,12400,22166,2729,2501,33050,31734,48123,40854,53531,49424,65436,63428,80552,78975,57131,60960,37703,48357,11889,21275,625435,580845,79123,75420,109634,103398,27929,47,60
2021-08-16T23:59:59+02:00,3605,3370,37641,36039,52166,44882,57229,53626,69537,68099,84832,83241,59434,63516,39108,50202,12394,22158,2596,2393,32489,31175,47730,40440,53138,49036,65130,63159,80329,78779,57055,60844,37670,48302,11880,21253,624527,576801,79119,75385,109634,103378,27774,47,60
2021-08-15T23:59:59+02:00,3596,3361,37607,36015,52133,44864,57202,53592,69521,68083,84821,83230,59422,63512,39105,50193,12394,22156,2579,2382,32410,31078,47658,40376,53074,48974,65086,63117,80286,78751,57037,60824,37662,48289,11879,21249,624337,576236,79119,75355,109633,103367,27693,47,60
2021-08-14T23:59:59+02:00,3591,3356,37599,36008,52127,44860,57196,53585,69517,68080,84813,83226,59415,63507,39104,50191,12394,22156,2578,2380,32402,31070,47647,40372,53065,48965,65083,63114,80279,78749,57032,60819,37661,48287,11879,21249,624304,576203,79116,75354,109633,103367,27647,47,60
2021-08-13T23:59:59+02:00,3574,3342,37528,35966,52066,44808,57129,53534,69448,68039,84747,83190,59393,63495,39093,50176,12391,22150,2555,2352,32261,30955,47520,40273,52943,48864,64981,63034,80190,78699,57009,60798,37648,48277,11877,21244,623991,575396,79116,75353,109633,103367,27304,47,60
2021-08-12T23:59:59+02:00,3535,3315,37399,35843,51976,44718,57058,53451,69354,67966,84673,83124,59364,63471,39081,50163,12391,22147,2476,2262,31731,30468,47136,39921,52549,48509,64655,62801,79969,78487,56917,60711,37603,48234,11872,21227,623274,571903,79115,75321,109631,103260,26984,47,60
2021-08-11T23:59:59+02:00,3493,3275,37247,35699,51864,44609,56935,53328,69256,67876,84588,83043,59324,63433,39060,50147,12387,22143,2356,2182,31084,29846,46627,39533,52120,48073,64352,62523,79756,78283,56821,60605,37567,48161,11859,21210,622370,567856,79109,75297,109629,103172,26573,47,60
2021-08-10T23:59:59+02:00,3445,3230,37089,35552,51750,44487,56830,53223,69191,67806,84522,82986,59300,63396,39042,50133,12380,22138,2189,2033,30197,28866,45890,38834,51452,47467,63965,62159,79507,78040,56716,60500,37522,48092,11851,21198,621430,561642,79107,75296,109626,103169,26311,47,60
2021-08-09T23:59:59+02:00,3409,3201,36993,35444,51671,44419,56771,53180,69160,67763,84492,82954,59283,63382,39030,50114,12379,22136,2053,1913,29486,28121,45219,38248,50880,46881,63594,61801,79226,77790,56595,60403,37478,48037,11844,21184,620844,557520,79105,73849,109625,103143,26181,47,60
2021-08-08T23:59:59+02:00,3400,3187,36965,35426,51646,44393,56754,53169,69142,67744,84472,82938,59279,63377,39025,50107,12378,22135,2019,1888,29359,27980,45074,38153,50781,46796,63538,61744,79177,77749,56558,60385,37468,48026,11844,21181,620667,556592,79104,73841,109624,103111,26116,47,60
2021-08-07T23:59:59+02:00,3400,3187,36963,35420,51636,44392,56752,53169,69138,67741,84471,82936,59278,63377,39025,50107,12378,22135,2019,1888,29350,27972,45059,38150,50780,46791,63535,61739,79174,77746,56555,60384,37467,48026,11844,21180,620659,556557,79103,73839,109624,103110,26093,47,60
2021-08-06T23:59:59+02:00,3389,3172,36897,35365,51555,44327,56686,53129,69096,67708,84439,82909,59266,63358,39014,50101,12375,22133,1981,1845,29111,27738,44846,37966,50597,46644,63397,61619,79075,77678,56530,60358,37452,48016,11841,21177,620386,555088,79099,73831,109624,103108,25784,47,60
2021-08-05T23:59:59+02:00,3356,3134,36744,35233,51441,44192,56565,53014,68981,67594,84313,82833,59223,63305,38991,50081,12366,22123,1861,1714,28412,27118,44260,37479,50038,46187,63039,61320,78783,77458,56420,60263,37413,47962,11833,21161,619590,550761,79098,73821,109624,102928,25151,47,60
2021-08-04T23:59:59+02:00,3297,3071,36543,35064,51292,44044,56427,52899,68857,67465,84197,82720,59156,63247,38973,50052,12362,22113,1660,1537,27266,26001,43301,36602,49077,45281,62448,60713,78286,77018,56209,60081,37354,47872,11819,21141,618506,542417,79087,73780,109624,102875,24534,47,60
2021-08-03T23:59:59+02:00,3223,3013,36325,34868,51140,43906,56303,52777,68726,67352,84109,82647,59113,63203,38953,50022,12353,22098,1458,1332,26185,24885,42359,35702,48178,44393,61902,60181,77838,76613,56040,59894,37292,47784,11800,21109,617164,534065,79079,73731,109620,102849,24240,47,60
2021-08-02T23:59:59+02:00,3178,2959,36182,34718,51031,43794,56211,52678,68640,67261,84024,82572,59073,63155,38938,50002,12345,22086,1269,1167,25283,23895,41508,34958,47450,43651,61419,59705,77451,76269,55876,59745,37242,47705,11783,21088,616189,527089,79078,73676,109619,102706,23933,47,60
2021-08-01T23:59:59+02:00,3173,2953,36165,34696,51004,43775,56191,52651,68610,67248,84010,82560,59067,63150,38936,49998,12345,22086,1224,1136,25024,23646,41259,34756,47217,43454,61278,59568,77335,76172,55840,59716,37227,47692,11779,21084,616043,525221,79075,73634,109618,102638,23854,47,60
2021-07-31T23:59:59+02:00,3172,2952,36160,34695,51004,43774,56189,52650,68609,67247,84010,82559,59067,63150,38936,49998,12345,22085,1221,1135,25017,23630,41251,34747,47212,43448,61269,59566,77333,76169,55840,59712,37227,47692,11779,21083,616030,525150,79075,73633,109618,102637,23851,47,60
2021-07-30T23:59:59+02:00,3155,2939,36099,34632,50935,43724,56126,52589,68553,67206,83972,82519,59055,63137,38932,49991,12342,22082,1164,1080,24694,23322,40979,34533,46951,43253,61080,59435,77183,76053,55808,59673,37213,47680,11779,21083,615740,523214,79071,73630,109615,102526,23534,47,59
2021-07-29T23:59:59+02:00,3132,2911,35960,34510,50806,43598,56031,52489,68482,67141,83901,82467,59030,63119,38920,49982,12342,22081,1020,963,23738,22340,40096,33781,46049,42468,60532,58990,76822,75748,55688,59535,37173,47625,11772,21072,614867,516152,79052,73504,109615,102357,23340,47,59
2021-07-28T23:59:59+02:00,3082,2856,35718,34272,50587,43424,55833,52338,68336,66998,83787,82369,58979,63072,38898,49944,12332,22073,821,807,22518,21107,38772,32673,44730,41289,59729,58328,76316,75287,55493,59347,37104,47521,11758,21047,613493,506340,79045,73333,109614,102199,22716,47,59
2021-07-27T23:59:59+02:00,3057,2837,35610,34154,50502,43342,55754,52287,68274,66929,83726,82297,58938,63029,38886,49929,12331,22064,666,648,21282,19721,37347,31342,43363,39986,59100,57731,75895,74875,55330,59170,37046,47466,11747,21024,612767,495933,79029,73154,109613,102086,22507,47,59
2021-07-26T23:59:59+02:00,3038,2818,35549,34058,50444,43288,55712,52238,68230,66893,83690,82270,58924,63013,38874,49917,12330,22062,564,563,20265,18624,36098,30226,42092,38835,58605,57326,75608,74621,55233,59070,37025,47431,11741,21010,612245,487690,79022,72828,109613,101922,22438,47,59
2021-07-25T23:59:59+02:00,3028,2813,35502,34016,50399,43240,55684,52215,68207,66868,83660,82247,58908,63006,38871,49914,12327,22056,495,492,19867,18260,35680,29895,41683,38528,58409,57170,75449,74512,55186,59031,37003,47412,11738,21006,611950,484961,79016,72553,109613,101891,22352,47,59
2021-07-24T23:59:59+02:00,3028,2813,35496,34013,50397,43236,55682,52214,68206,66868,83658,82246,58908,63006,38870,49914,12327,22056,495,492,19859,18246,35668,29884,41676,38527,58405,57167,75445,74510,55186,59031,37002,47412,11738,21006,611942,484911,79015,72552,109613,101889,22338,47,59
2021-07-23T23:59:59+02:00,3004,2787,35346,33895,50249,43135,55564,52108,68109,66773,83567,82195,58877,62978,38860,49909,12322,22053,469,476,19620,18023,35405,29706,41405,38342,58238,57037,75309,74432,55147,59007,36990,47402,11732,21000,611315,483777,79015,72259,109613,101887,21758,47,59
2021-07-22T23:59:59+02:00,2953,2703,34907,33528,49942,42903,55302,51882,67880,66590,83391,82046,58791,62885,38824,49862,12311,22035,425,427,18831,17362,34309,28972,40278,37509,57499,56568,74756,74057,54966,58827,36924,47318,11711,20974,609179,478251,79001,70824,109609,101667,20913,47,58
2021-07-21T23:59:59+02:00,2898,2645,34597,33204,49702,42691,55114,51693,67688,66405,83263,81921,58726,62832,38793,49823,12300,22025,383,386,18005,16543,32994,27978,39018,36551,56802,56004,74304,73694,54820,58652,36858,47234,11699,20941,607357,472349,78948,68632,109608,101453,20374,47,58
2021-07-20T23:59:59+02:00,2822,2582,34239,32816,49420,42459,54944,51497,67508,66248,83123,81801,58664,62776,38765,49778,12299,22010,327,307,16857,15430,31281,26581,37282,35094,56003,55354,73757,73246,54650,58463,36807,47148,11681,20903,605265,463174,78913,66894,109606,101112,19933,47,58
2021-07-19T23:59:59+02:00,2738,2511,33679,32254,49113,42149,54670,51232,67312,66035,82949,81632,58597,62694,38720,49726,12292,21995,293,259,16199,14864,30330,25901,36415,34378,55563,54931,73428,73007,54563,58377,36770,47096,11675,20881,602066,459465,78852,64728,109605,100938,19741,47,58
2021-07-18T23:59:59+02:00,2710,2493,33580,32136,49021,42094,54614,51172,67251,65986,82905,81590,58570,62668,38709,49713,12290,21988,277,238,15881,14604,29762,25523,35921,34026,55307,54768,73282,72906,54521,58337,36762,47081,11674,20877,601457,458017,78836,63204,109604,100910,19559,47,57
2021-07-17T23:59:59+02:00,2710,2493,33579,32133,49015,42093,54611,51170,67251,65985,82905,81589,58570,62667,38709,49713,12290,21988,277,238,15876,14597,29746,25507,35916,34021,55302,54767,73282,72906,54521,58337,36762,47081,11674,20877,601446,457965,78834,63200,109599,100907,19558,47,57
2021-07-16T23:59:59+02:00,2651,2428,32971,31612,48523,41744,54218,50834,66869,65662,82592,81358,58451,62554,38659,49664,12286,21981,269,227,15460,14274,29252,25131,35468,33689,54964,54512,73022,72714,54410,58249,36727,47043,11671,20873,599226,456562,78830,63071,109598,100900,17365,47,57
2021-07-15T23:59:59+02:00,2519,2297,32110,30828,47904,41170,53646,50353,66442,65314,82338,81116,58360,62457,38625,49621,12278,21963,240,201,14624,13602,27925,24305,34163,32873,54283,54111,72608,72488,54316,58152,36698,47009,11664,20857,594211,452361,78818,60708,109597,100317,16676,47,57
2021-07-14T23:59:59+02:00,2413,2211,31568,30301,47416,40735,53229,49956,66115,65036,82100,80866,58257,62361,38592,49571,12268,21950,193,162,13384,12472,25929,22846,32259,31349,53531,53514,72096,72147,54176,58026,36655,46948,11654,20841,590367,443207,78799,58797,109596,99979,16143,47,56
2021-07-13T23:59:59+02:00,2356,2141,31303,30031,47145,40511,52980,49727,65910,64849,81932,80718,58190,62285,38566,49534,12258,21938,169,140,12393,11630,24197,21537,30315,29758,52336,52342,71274,71353,53927,57749,36568,46833,11636,20814,588216,436470,78785,55878,109588,96822,15745,47,56
2021-07-12T23:59:59+02:00,2129,1934,30443,29102,46491,39977,52409,49159,65519,64460,81654,80447,58055,62159,38524,49477,12248,21917,148,123,11643,11006,22803,20555,28573,28379,51373,51479,70531,70733,53668,57468,36501,46715,11623,20783,581989,428352,78766,53308,109588,96667,15721,47,56
2021-07-11T23:59:59+02:00,2084,1896,30323,28995,46426,39906,52356,49096,65462,64405,81593,80404,58034,62139,38518,49459,12243,21912,145,115,11481,10858,22529,20365,28207,28106,51168,51333,70358,70588,53615,57388,36479,46698,11614,20776,581170,426280,78760,53265,109586,96530,15695,47,53
2021-07-10T23:59:59+02:00,2084,1894,30320,28988,46422,39900,52354,49094,65459,64404,81591,80401,58034,62137,38517,49459,12243,21912,145,115,11469,10840,22514,20349,28191,28093,51161,51328,70355,70585,53615,57388,36478,46698,11614,20776,581140,426191,78759,53263,109586,96519,15688,47,53
2021-07-09T23:59:59+02:00,2040,1856,30087,28758,46206,39719,52170,48924,65297,64291,81486,80320,58004,62107,38502,49444,12239,21910,144,109,11085,10569,21869,19910,27524,27540,50453,50759,69772,70173,53513,57301,36455,46664,11609,20765,579943,425109,78753,52948,109581,93060,15044,46,53
2021-07-08T23:59:59+02:00,1901,1729,29427,28228,45598,39215,51615,48456,64894,63980,81185,80085,57912,62015,38470,49393,12234,21896,106,81,9906,9470,19925,18281,25054,25558,49416,49956,69144,69633,53287,57087,36379,46577,11594,20739,575681,414572,78731,50523,109565,92828,14217,46,53
2021-07-07T23:59:59+02:00,1688,1531,28311,27027,44551,38248,50518,47459,64236,63340,80642,79601,57709,61784,38403,49308,12221,21855,82,70,9370,8996,18835,17441,23656,24355,48590,49308,68597,69142,53087,56846,36303,46478,11578,20699,566404,408227,78715,48907,109563,92535,13711,46,53
2021-07-06T23:59:59+02:00,1486,1373,27234,25990,43532,37326,49580,46524,63636,62778,80207,79192,57526,61601,38347,49213,12197,21828,61,45,8658,8257,17504,16436,22043,23074,47981,48854,68220,68875,52970,56732,36253,46441,11571,20684,558148,400765,78704,48479,109560,92243,13119,46,53
2021-07-05T23:59:59+02:00,1329,1249,26093,24748,42455,36331,48527,45453,62971,62202,79770,78788,57352,61413,38294,49137,12188,21805,49,35,8406,8030,17001,16111,21477,22686,47673,48626,68024,68727,52917,56659,36227,46421,11568,20679,548854,398160,78696,48162,109560,91988,12955,46,51
2021-07-04T23:59:59+02:00,1264,1185,25771,24424,42145,36070,48275,45266,62825,62066,79656,78691,57316,61373,38283,49118,12186,21802,42,34,8150,7871,16728,15914,21192,22488,47548,48526,67944,68650,52893,56635,36212,46416,11566,20678,546538,397120,78666,47500,109559,91903,12913,46,51
2021-07-03T23:59:59+02:00,1264,1184,25763,24409,42132,36064,48273,45266,62821,62065,79655,78690,57315,61373,38283,49118,12186,21802,42,34,8144,7863,16717,15904,21185,22481,47541,48525,67939,68649,52892,56635,36212,46416,11566,20678,546505,397086,78665,47499,109559,91893,12894,46,51
2021-07-02T23:59:59+02:00,1196,1127,25447,24058,41810,35787,48015,45009,62678,61919,79581,78619,57298,61350,38277,49106,12182,21797,41,31,7965,7714,16345,15638,20740,22174,46574,47745,67441,68299,52808,56543,36197,46398,11565,20675,544123,394597,78663,47496,109554,89873,12876,46,51
2021-07-01T23:59:59+02:00,1141,1077,25071,23694,41427,35436,47618,44658,62428,61678,79391,78448,57235,61287,38246,49065,12175,21787,35,27,7573,7375,15531,14853,19568,21139,45036,46258,66225,67221,52499,56240,36100,46278,11541,20648,540974,388763,78561,46670,109544,85920,12743,46,51
2021-06-30T23:59:59+02:00,1068,1011,24647,23251,40999,35066,47207,44277,62198,61470,79220,78299,57155,61209,38218,49014,12167,21766,28,20,7197,7016,14582,14052,18133,19930,41817,43527,64525,65775,52029,55739,35950,46084,11514,20598,537522,376718,78528,45972,109540,83163,12612,46,51
2021-06-29T23:59:59+02:00,977,902,24141,22716,40478,34642,46775,43861,61937,61187,79007,78120,57076,61145,38189,48970,12161,21747,19,18,6920,6706,13913,13553,16972,19002,37483,39838,63167,64514,51541,55239,35817,45905,11483,20555,533434,361380,78519,45759,109540,82957,12498,46,51
2021-06-28T23:59:59+02:00,948,869,23803,22326,40017,34250,46357,43494,61697,60932,78815,77965,57002,61076,38160,48940,12158,21732,17,10,6609,6389,13256,13051,15953,18163,33841,36787,62040,63478,51186,54843,35722,45755,11458,20517,531668,352700,76833,41062,109538,82800,12462,46,51
2021-06-27T23:59:59+02:00,934,856,23711,22235,39942,34188,46298,43434,61664,60894,78779,77935,56987,61065,38154,48933,12157,21727,16,9,6516,6318,13018,12910,15530,17926,33002,36139,61781,63277,51095,54772,35705,45733,11456,20513,531057,349791,76827,40793,109532,82644,12437,46,51
2021-06-26T23:59:59+02:00,934,856,23705,22229,39932,34184,46296,43432,61662,60893,78779,77935,56987,61065,38154,48932,12157,21727,16,9,6513,6310,13009,12896,15522,17919,32998,36138,61774,63274,51093,54766,35705,45733,11456,20512,531025,349720,76826,40792,109531,82643,12437,46,51
2021-06-25T23:59:59+02:00,911,829,23592,22112,39845,34096,46214,43360,61617,60845,78732,77913,56976,61053,38151,48929,12156,21725,15,8,6417,6195,12901,12766,15383,17756,32281,35477,61383,62948,51015,54682,35697,45712,11453,20511,530225,346709,76825,40780,109530,82624,12436,46,51
2021-06-24T23:59:59+02:00,844,771,23205,21694,39490,33784,45863,43055,61412,60651,78572,77775,56922,60999,38129,48899,12151,21714,14,5,6078,5899,12338,12305,14673,17068,28974,32762,59094,61087,50429,54084,35561,45503,11435,20463,527268,332881,76775,40513,109528,82008,12319,46,51
2021-06-23T23:59:59+02:00,740,677,22561,21036,38918,33196,45205,42346,61045,60257,78322,77524,56818,60864,38082,48846,12141,21694,12,4,5922,5704,11969,11951,14163,16538,25613,30003,57448,59554,49906,53545,35440,45329,11414,20420,521682,323428,76718,37579,109525,81570,12307,46,51
2021-06-22T23:59:59+02:00,679,612,22137,20597,38512,32773,44769,41884,60771,59970,78115,77281,56721,60753,38046,48774,12128,21672,10,3,5733,5569,11641,11683,13730,16163,21269,26468,55365,57851,49304,52939,35262,45112,11393,20376,517874,309036,76590,37526,109520,81088,12170,46,51
2021-06-21T23:59:59+02:00,642,571,21884,20359,38259,32539,44523,41608,60581,59758,77982,77141,56667,60667,38021,48733,12119,21656,8,3,5602,5458,11332,11481,13389,15896,19717,25234,54445,57078,47081,50475,34661,44389,11370,20317,515816,303692,76390,37459,109501,74775,11959,45,51
2021-06-20T23:59:59+02:00,613,551,21596,20065,37958,32259,44239,41349,60429,59590,77844,76994,56618,60622,38001,48716,12116,21649,8,3,5544,5414,11199,11391,13233,15768,19318,24908,54176,56894,45419,48489,34093,43753,11350,20296,513418,303056,76307,36704,109488,69494,11953,44,49
2021-06-19T23:59:59+02:00,611,551,21591,20051,37942,32253,44236,41344,60422,59586,77842,76991,56615,60621,38001,48715,12116,21649,8,3,5538,5405,11194,11386,13223,15762,19310,24900,54162,56882,45410,48479,34092,43753,11350,20296,513352,302970,76301,36700,109488,69481,11953,44,49
2021-06-18T23:59:59+02:00,597,537,21493,19941,37873,32196,44160,41257,60366,59540,77797,76949,56593,60599,37996,48702,12115,21648,8,3,5446,5243,10896,10849,12847,15180,18769,23880,53304,55571,45205,48314,34064,43704,11344,20284,512588,301394,76294,36699,109482,64817,11952,44,49
2021-06-17T23:59:59+02:00,512,445,20774,19228,37116,31563,43365,40505,59956,59174,77499,76697,56476,60470,37946,48634,12102,21624,8,3,5256,5030,10515,10296,12322,14408,17834,22516,51727,53626,44052,46963,33746,43306,11297,20200,506602,294063,76201,36569,109472,60656,11768,44,49
2021-06-16T23:59:59+02:00,406,366,19974,18286,36127,30630,42354,39529,59413,58690,77103,76378,56332,60314,37889,48546,12092,21601,8,3,5067,4873,10000,9970,11585,13909,16287,21209,47842,50080,42294,44948,33278,42734,11234,20073,499220,277865,75663,36368,109457,59466,11647,44,48
2021-06-15T23:59:59+02:00,296,263,19165,17439,35205,29773,41425,38638,58974,58249,76769,76048,56190,60147,37830,48476,12077,21567,7,3,4868,4749,9476,9705,10875,13435,14774,20020,43566,45984,40741,43098,32796,42112,11168,19945,492007,260659,75544,36332,109446,58793,11491,44,47
2021-06-14T23:59:59+02:00,192,172,18053,16207,33952,28498,39957,37227,58385,57681,76376,75706,56061,60001,37787,48406,12068,21552,7,3,4745,4657,9129,9495,10394,13116,13601,19016,40920,43427,39666,41948,32503,41711,11136,19859,482244,249477,75109,36305,109443,58061,11443,43,47
2021-06-13T23:59:59+02:00,151,133,17547,15804,33471,28095,39464,36843,58172,57497,76227,75604,56034,59960,37765,48385,12065,21543,7,3,4657,4607,8979,9423,10230,13046,12996,18561,40450,43033,39429,41725,32443,41626,11130,19845,479161,248510,74807,34878,109436,57441,11314,43,47
2021-06-12T23:59:59+02:00,151,133,17539,15783,33454,28085,39457,36839,58165,57493,76223,75602,56033,59958,37764,48385,12065,21543,7,3,4650,4601,8969,9418,10218,13039,12984,18548,40266,42886,39406,41710,32439,41624,11130,19844,479078,248075,74803,34878,109436,57429,11313,43,47
2021-06-11T23:59:59+02:00,149,133,17454,15724,33306,28011,39283,36783,58045,57457,76152,75578,56019,59953,37762,48382,12065,21542,7,3,4571,4409,8810,8858,10027,12320,12750,17477,39777,41583,39251,41580,32421,41588,11128,19843,478734,247587,74390,34876,109328,52589,11304,43,47
2021-06-10T23:59:59+02:00,134,113,16613,15009,31895,27102,38041,35867,57361,56998,75742,75306,55929,59861,37723,48337,12054,21524,7,3,4321,4214,8251,8355,9345,11556,12013,16407,36920,38541,38449,40774,32255,41407,11112,19813,474842,240506,71424,34743,109054,48200,10247,43,47
2021-06-09T23:59:59+02:00,112,88,15834,14310,30611,26203,36824,34979,56781,56609,75396,75078,55844,59755,37696,48292,12041,21504,7,3,4137,4064,7890,8166,8878,11335,11392,16026,31832,33665,36949,39235,32010,41138,11091,19763,470172,226561,68991,34618,109010,46613,9744,41,45
2021-06-08T23:59:59+02:00,85,70,14919,13452,29229,25114,35458,33971,56163,56200,75101,74863,55768,59680,37673,48260,12037,21494,7,3,4055,4002,7731,8043,8725,11218,11098,15819,28996,30846,35990,38291,31850,40943,11067,19730,465590,219049,65563,34557,108964,45383,9380,41,45
2021-06-07T23:59:59+02:00,77,57,14281,12878,27863,24298,34297,33189,55685,55941,74858,74755,55732,59640,37657,48249,12037,21490,7,3,3962,3929,7534,7914,8424,11086,10731,15573,24654,26460,34522,36748,31628,40676,11039,19700,462459,207238,62526,34489,108932,43792,9026,41,45
2021-06-06T23:59:59+02:00,76,54,13960,12685,27077,23882,33643,32770,55375,55775,74702,74690,55711,59616,37643,48240,12035,21489,7,3,3896,3893,7382,7871,8266,11000,10408,15370,21827,23579,33520,35664,31488,40521,11032,19685,461315,204442,60475,29240,108905,42999,8687,41,44
2021-06-05T23:59:59+02:00,76,52,13930,12656,27028,23841,33614,32751,55370,55765,74696,74684,55707,59611,37638,48238,12035,21489,7,3,3874,3876,7347,7848,8219,10981,10345,15328,20400,22023,32722,34783,31418,40440,11028,19678,461184,199461,60370,29237,108900,42892,8686,41,44
2021-06-04T23:59:59+02:00,70,48,13699,12395,26715,23522,33275,32440,55309,55685,74657,74664,55697,59606,37637,48236,12035,21488,7,3,3845,3848,7268,7769,8163,10903,10266,15205,20293,21906,32648,34728,31386,40403,11025,19675,459279,199380,60307,29224,108866,42008,8685,41,44
2021-06-03T23:59:59+02:00,52,43,13133,11911,25677,22836,32140,31689,54812,55352,74341,74470,55627,59527,37602,48205,12028,21471,7,3,3716,3757,6993,7600,7881,10730,9938,14968,18405,20043,30669,32414,31113,40070,11002,19626,454946,190773,58804,29203,108851,40644,8274,41,41
2021-06-02T23:59:59+02:00,38,31,12447,11170,24681,21935,31003,30734,54546,55087,74149,74329,55574,59447,37585,48183,12020,21464,7,3,3682,3737,6934,7543,7825,10680,9855,14877,17885,19493,28739,30234,31014,39927,10995,19615,448645,185232,58625,29202,108849,40307,8263,41,41
2021-06-01T23:59:59+02:00,24,16,11319,10289,22554,20506,28465,28842,53129,54022,73140,73546,55272,59122,37462,48010,11985,21404,7,2,3454,3561,6437,7233,7224,10253,8995,14275,15934,17679,24948,25971,30326,39041,10919,19459,439135,171200,54163,29065,108811,38457,6957,41,39
2021-05-31T23:59:59+02:00,19,12,10458,9622,20716,19336,26416,27329,52019,53171,72433,72995,55057,58859,37389,47905,11970,21368,7,2,3313,3407,6101,6985,6825,9956,8456,13918,14865,16697,23749,24593,29936,38550,10859,19365,432325,165435,49787,29026,108793,36957,6128,41,38
2021-05-30T23:59:59+02:00,17,9,10111,9278,19995,18841,25710,26748,51681,52889,72196,72798,54980,58781,37364,47877,11962,21359,7,2,3133,3218,5755,6719,6537,9714,8238,13712,14606,16427,23458,24274,29826,38444,10844,19337,429737,164607,49377,28969,108761,35957,4680,41,38
2021-05-29T23:59:59+02:00,17,9,10096,9266,19977,18810,25690,26722,51669,52884,72191,72788,54978,58776,37363,47877,11961,21359,7,2,3130,3209,5750,6714,6530,9711,8230,13704,14596,16421,23447,24265,29822,38438,10843,19336,429574,164533,49377,28966,108761,35938,4680,41,38
2021-05-28T23:59:59+02:00,17,9,10030,9172,19836,18642,25427,26490,51508,52708,72044,72657,54939,58726,37349,47857,11958,21346,7,2,3083,3132,5658,6574,6427,9509,8113,13430,14404,16145,23294,24109,29768,38375,10836,19327,427914,164139,49340,28965,108742,34373,4679,40,37
2021-05-27T23:59:59+02:00,17,9,8774,7990,17440,16834,22649,24339,50413,51894,71378,72164,54740,58503,37254,47762,11944,21316,7,2,2786,2799,4813,5950,5536,8729,7319,12439,13276,14953,22301,23068,29379,37919,10781,19241,416018,160314,48382,28701,108600,29866,2380,40,37
2021-05-26T23:59:59+02:00,16,9,8373,7573,16559,16029,21460,23330,49808,51348,70956,71775,54589,58338,37186,47684,11933,21286,7,2,2602,2627,4446,5614,5060,8222,6842,11792,12305,13971,21399,22033,29067,37476,10734,19156,410411,156450,47649,28614,108519,26621,1634,39,36
2021-05-25T23:59:59+02:00,16,9,7806,6980,15316,15149,20014,22157,49330,50946,70708,71588,54513,58255,37162,47656,11929,21276,7,2,2528,2528,4257,5485,4816,7992,6562,11483,11748,13436,19238,19853,28692,36936,10699,19107,403651,150744,47408,28601,108471,24747,1241,39,36
2021-05-24T23:59:59+02:00,16,9,7718,6880,15091,15021,19729,21978,49228,50827,70664,71549,54510,58249,37159,47653,11928,21273,7,2,2488,2465,4171,5317,4723,7749,6437,11201,11608,13194,19122,19738,28641,36890,10692,19096,402517,150593,47328,28558,108372,23130,1226,39,34
2021-05-23T23:59:59+02:00,15,9,7702,6867,15053,15004,19674,21950,49217,50825,70659,71543,54509,58245,37159,47651,11928,21273,7,2,2485,2460,4165,5313,4712,7745,6431,11188,11586,13172,18979,19540,28610,36851,10690,19094,402328,150103,47328,28556,108371,23121,1217,39,33
2021-05-22T23:59:59+02:00,15,9,7699,6858,15044,14992,19663,21943,49217,50823,70656,71543,54509,58244,37159,47651,11928,21273,6,2,2483,2453,4158,5308,4710,7745,6427,11185,11578,13169,18966,19534,28609,36851,10690,19094,402273,150066,47328,28556,108371,23098,1215,39,33
2021-05-21T23:59:59+02:00,15,9,7625,6757,14917,14857,19458,21785,48978,50590,70513,71435,54481,58217,37151,47644,11922,21267,6,2,2413,2367,4069,5169,4606,7536,6303,10888,11405,12880,18900,19467,28593,36821,10687,19092,400700,149809,47325,28555,108346,21595,1212,38,33
2021-05-20T23:59:59+02:00,15,9,7349,6458,14329,14334,18520,20907,46299,48231,69354,70460,54123,57851,37042,47501,11890,21236,6,2,2152,2197,3709,4807,4164,6987,5747,10056,10317,11778,17619,18168,28085,36221,10611,18944,389677,144540,47157,28260,108041,17741,996,37,33
2021-05-19T23:59:59+02:00,14,8,7109,6234,13660,13847,17248,19907,42311,44751,67863,69149,53667,57327,36877,47272,11853,21185,6,2,2073,1994,3544,4470,3915,6465,5301,9373,9318,10660,16137,16519,27388,35299,10483,18734,374883,137353,46582,28116,107803,15210,977,37,25
2021-05-18T23:59:59+02:00,14,7,6914,6058,13110,13413,16149,19046,37588,40728,66407,67824,53112,56788,36726,47048,11811,21129,6,2,2027,1871,3403,4279,3730,6146,4967,8889,8452,9787,14552,14778,26679,34441,10392,18559,358764,130706,46517,27550,107643,13768,911,37,25
2021-05-17T23:59:59+02:00,14,7,6779,5963,12784,13161,15648,18656,35408,38859,65574,67036,52836,56473,36643,46939,11796,21092,6,2,1955,1807,3215,4096,3510,5913,4645,8517,7671,9087,11285,10747,25768,33289,10311,18388,355028,125474,42239,21445,107558,12462,806,37,25
2021-05-16T23:59:59+02:00,14,7,6714,5878,12658,13006,15477,18489,34915,38386,65388,66866,52780,56411,36631,46912,11791,21087,6,2,1896,1710,3111,3973,3430,5811,4537,8370,7487,8898,9089,8145,25282,32603,10277,18329,353548,124323,41729,16083,107522,11950,575,36,25
2021-05-15T23:59:59+02:00,14,7,6709,5869,12651,12999,15472,18483,34906,38383,65386,66864,52779,56410,36631,46912,11791,21087,6,2,1895,1710,3109,3968,3425,5808,4532,8367,7485,8895,9087,8143,25281,32603,10277,18329,353499,124293,41729,16083,107517,11949,572,36,25
2021-05-14T23:59:59+02:00,14,7,6508,5775,12410,12936,15239,18391,33932,37591,64849,66455,52683,56323,36614,46878,11789,21082,6,2,1779,1622,2997,3897,3369,5700,4482,8221,7437,8766,9080,8137,25280,32603,10277,18328,350126,124234,41698,16079,107055,11084,562,35,24
2021-05-13T23:59:59+02:00,14,7,6259,5591,12005,12682,14667,17943,30402,34802,62367,64373,52051,55650,36475,46657,11777,21034,5,2,1737,1582,2941,3821,3337,5609,4439,8118,7355,8647,9040,8077,25261,32561,10272,18323,336124,123982,41473,16055,106624,10566,500,35,24
2021-05-12T23:59:59+02:00,14,7,6242,5568,11932,12616,14554,17833,29768,34225,61859,63920,51877,55477,36438,46612,11770,21021,5,2,1737,1579,2939,3820,3334,5609,4436,8117,7353,8641,9033,8074,25261,32559,10272,18322,333120,123959,41460,16045,106619,10565,500,34,24
2021-05-11T23:59:59+02:00,13,7,5923,5436,11486,12331,14007,17448,25505,30737,59475,61910,51216,54798,36249,46365,11746,20958,5,2,1697,1464,2836,3558,3213,5235,4294,7676,7200,8319,8949,7991,25232,32519,10268,18311,318167,123717,41406,15855,105629,8797,376,32,24
2021-05-10T23:59:59+02:00,13,7,5796,5362,11325,12214,13787,17276,22030,27975,58219,60791,50855,54444,36157,46241,11731,20927,5,2,1657,1366,2751,3329,3110,4903,4183,7186,7079,7879,8909,7931,25220,32497,10266,18307,308228,123569,41246,15706,105335,6973,309,32,23
2021-05-09T23:59:59+02:00,13,7,5721,5330,11237,12150,13684,17194,20430,26793,57755,60405,50753,54344,36132,46200,11724,20922,5,2,1640,1344,2694,3204,3059,4761,4138,7066,7031,7785,8898,7919,25213,32491,10265,18307,307657,123529,37678,15660,105133,6315,295,31,23
2021-05-08T23:59:59+02:00,13,7,5718,5328,11226,12145,13674,17185,20422,26787,57746,60399,50750,54335,36128,46197,11722,20919,5,2,1639,1344,2693,3201,3059,4761,4135,7063,7030,7784,8896,7919,25212,32489,10265,18307,307566,123512,37677,15660,105132,6314,295,31,23
2021-05-07T23:59:59+02:00,13,7,5678,5293,11157,12097,13565,17104,19969,26429,56748,59589,50621,54205,36098,46166,11719,20905,5,2,1539,1302,2613,3156,3017,4732,4100,7039,7009,7752,8888,7911,25210,32488,10265,18306,304401,123476,37657,15652,104985,5893,290,30,23
2021-05-06T23:59:59+02:00,13,7,5427,5181,10642,11788,12857,16649,18670,25443,52483,55932,49424,52825,35766,45765,11667,20804,5,2,1322,1172,2373,2984,2845,4567,3949,6841,6856,7601,8813,7830,25190,32453,10262,18299,289257,123201,37466,15511,104427,4462,167,26,23
2021-05-05T23:59:59+02:00,13,7,5173,5085,10148,11549,12100,16196,17338,24459,48115,51794,47759,50904,35326,45193,11592,20681,5,2,1276,1079,2310,2856,2759,4388,3855,6601,6749,7402,8698,7733,25128,32378,10256,18283,272075,122715,37240,15466,104040,3503,51,26,23
2021-05-04T23:59:59+02:00,13,7,5088,5000,9831,11331,11647,15804,16357,23592,46239,49761,46687,49596,34950,44707,11524,20572,5,2,1265,1060,2282,2815,2718,4304,3802,6493,6677,7323,8656,7694,25107,32361,10255,18278,261677,122496,37216,15403,103759,3147,28,26,23
2021-05-03T23:59:59+02:00,13,7,4988,4912,9477,11159,11182,15539,15300,22730,44665,48144,45805,48642,34728,44363,11496,20479,5,2,1250,1035,2246,2782,2677,4240,3753,6437,6601,7269,8084,7002,23361,30026,10117,18039,252655,116661,37206,15322,103726,2904,16,26,23
2021-05-02T23:59:59+02:00,13,7,4926,4894,9362,11120,11034,15478,14688,22239,44146,47734,45663,48476,34678,44302,11489,20468,5,1,1246,1029,2227,2779,2664,4232,3724,6422,6581,7255,7894,6760,21384,27611,10070,17951,251441,116639,35568,10303,103671,2859,11,26,23
2021-05-01T23:59:59+02:00,13,7,4926,4892,9358,11114,11031,15476,14684,22235,44144,47730,45662,48476,34678,44302,11489,20468,5,1,1245,1029,2227,2779,2664,4232,3723,6422,6580,7255,7894,6759,21384,27611,10070,17951,251410,116636,35568,10303,103670,2858,11,26,23
2021-04-30T23:59:59+02:00,13,7,4880,4868,9291,11098,10975,15451,14608,22209,42662,46318,45328,48146,34641,44250,11484,20458,5,1,1040,934,2032,2689,2565,4172,3637,6362,6517,7196,7887,6742,21383,27609,10070,17951,247424,116627,35568,10300,103658,1832,11,26,22
2021-04-29T23:59:59+02:00,13,7,4641,4784,8814,10949,10373,15275,13923,22000,37724,42005,44317,47114,34519,44132,11480,20427,5,1,861,858,1859,2611,2480,4106,3527,6291,6448,7146,7864,6722,21378,27602,10070,17951,233680,116593,35464,10195,103316,959,11,26,22
2021-04-28T23:59:59+02:00,13,7,4464,4751,8564,10863,10020,15184,13567,21843,33073,37495,43071,45858,34393,43984,11465,20409,5,1,819,831,1821,2563,2448,4030,3491,6182,6400,7056,7844,6702,21365,27589,10065,17944,220441,116506,35445,10147,103102,472,10,26,21
2021-04-27T23:59:59+02:00,12,6,4235,4538,8219,10412,9631,14601,13095,21196,31940,36366,42789,45571,34377,43956,11461,20406,5,1,792,817,1786,2540,2430,4012,3473,6162,6365,7029,7833,6693,21360,27585,10062,17938,217704,116447,35430,10118,99641,287,10,26,21
2021-04-26T23:59:59+02:00,12,6,4213,4511,8146,10374,9525,14547,12945,21135,27530,31986,41570,44350,34297,43855,11448,20395,5,1,760,806,1757,2521,2401,3991,3448,6141,6313,6983,7785,6644,21329,27554,10062,17931,205832,116245,35420,10073,99557,84,10,26,20
2021-04-25T23:59:59+02:00,12,6,4191,4498,8114,10349,9462,14515,12852,21088,25561,29943,40870,43590,34250,43796,11444,20389,5,1,748,798,1745,2507,2383,3976,3423,6120,6280,6954,7765,6627,21312,27533,10061,17927,205166,116218,30307,9838,99422,80,9,26,20
2021-04-24T23:59:59+02:00,12,6,4172,4487,8084,10320,9420,14499,12800,21067,24059,28278,40112,42747,34185,43720,11441,20383,5,1,747,797,1742,2505,2382,3972,3423,6116,6280,6951,7763,6624,21310,27533,10061,17927,200099,116196,30307,9837,99351,77,9,26,20
2021-04-23T23:59:59+02:00,11,6,3907,4336,7612,10022,8991,14144,12238,20664,23578,27978,40023,42685,34164,43686,11435,20376,5,1,734,787,1725,2492,2362,3956,3401,6093,6258,6932,7749,6605,21305,27522,10061,17926,199748,116181,30291,9638,95784,66,9,24,20
2021-04-22T23:59:59+02:00,11,6,3814,4276,7422,9906,8712,13951,11792,20338,21249,25620,37265,39440,33637,43014,11364,20252,5,1,721,778,1696,2461,2303,3898,3330,6021,6148,6835,7670,6518,21249,27478,10058,17911,186718,116063,30099,8927,95219,64,9,24,18
2021-04-21T23:59:59+02:00,11,4,3786,4243,7292,9827,8530,13778,11455,20048,19990,24415,34051,35718,33155,42314,11299,20123,5,1,697,760,1661,2433,2259,3874,3297,5988,6108,6796,7638,6491,21229,27454,10054,17907,174946,115950,29923,8615,95137,60,9,24,18
2021-04-20T23:59:59+02:00,11,4,3753,4216,7187,9758,8318,13618,11085,19750,18893,23263,30739,32072,32678,41715,11242,20006,4,1,689,750,1646,2421,2225,3852,3254,5942,6067,6754,7596,6446,21204,27431,10048,17904,163300,115791,29900,8358,95075,58,9,24,18
2021-04-19T23:59:59+02:00,11,4,3735,4200,7112,9720,8200,13508,10830,19565,18227,22603,29864,30939,32385,41351,11200,19932,4,1,681,745,1625,2407,2201,3822,3218,5909,6033,6723,7553,6413,21173,27403,10046,17900,158462,115659,29882,8114,95009,57,9,24,18
2021-04-18T23:59:59+02:00,11,4,3732,4193,7096,9708,8186,13491,10793,19539,18140,22520,29742,30813,32357,41328,11197,19924,4,1,679,741,1610,2395,2184,3807,3193,5883,6003,6700,7530,6400,21155,27381,10043,17897,157970,115600,29814,7923,94958,56,9,23,18
2021-04-17T23:59:59+02:00,11,4,3731,4191,7093,9705,8182,13491,10787,19532,18127,22509,29719,30800,32355,41325,11197,19924,4,1,678,741,1608,2394,2182,3806,3189,5882,6001,6698,7530,6400,21155,27381,10043,17897,157886,115585,29813,7923,94952,55,9,23,18
2021-04-16T23:59:59+02:00,11,4,3564,4154,6748,9575,7811,13304,10388,19287,17673,22235,29514,30638,32272,41235,11182,19905,4,1,665,721,1596,2379,2155,3791,3135,5845,5959,6648,7437,6309,20742,26814,10013,17836,157127,114255,29805,7716,92536,52,9,23,18
2021-04-15T23:59:59+02:00,11,4,3464,4074,6396,9203,7232,12803,9610,18455,16350,21007,28314,29344,31753,40593,11101,19729,4,1,635,698,1543,2340,2069,3705,3026,5725,5631,6410,6939,5921,19999,25895,9914,17666,151379,110875,29511,7172,88521,47,9,23,18
2021-04-14T23:59:59+02:00,10,4,3411,4027,6160,8963,6902,12426,8989,17907,15228,19973,26897,27841,31122,39711,10989,19531,4,1,602,672,1498,2302,1994,3627,2884,5602,5323,6176,6394,5412,18975,24600,9827,17486,144559,106592,29312,6719,86189,41,9,22,18
2021-04-13T23:59:59+02:00,10,4,3379,3995,6070,8885,6754,12293,8686,17662,14428,19279,23551,24276,30187,38530,10883,19355,4,1,597,663,1485,2279,1962,3592,2786,5531,5105,5993,6027,5070,18673,24252,9785,17419,132915,104472,29301,6686,85980,40,9,22,17
2021-04-12T23:59:59+02:00,10,4,3357,3974,6019,8826,6666,12207,8468,17468,13811,18753,22545,23126,29762,37971,10814,19228,4,1,587,655,1475,2271,1939,3571,2729,5481,4956,5888,5706,4787,18377,23948,9746,17357,127828,102874,29282,6538,85868,40,9,22,17
2021-04-11T23:59:59+02:00,10,4,3351,3968,6001,8802,6637,12190,8426,17445,13719,18693,22416,22976,29710,37906,10804,19204,4,1,583,650,1462,2261,1926,3563,2712,5464,4919,5851,5647,4727,18204,23715,9725,17326,127285,102209,29216,6465,85730,40,9,22,17
2021-04-10T23:59:59+02:00,10,4,3343,3967,5978,8801,6615,12189,8404,17444,13695,18691,22411,22973,29706,37905,10804,19204,4,1,580,647,1454,2254,1921,3560,2705,5455,4903,5843,5634,4710,18040,23460,9711,17302,127264,101687,29125,6432,85725,40,8,22,17
2021-04-09T23:59:59+02:00,9,4,3306,3955,5930,8787,6556,12170,8365,17417,13645,18645,20456,20557,29220,37286,10774,19154,4,1,566,633,1428,2232,1894,3536,2663,5419,4830,5781,5518,4607,17462,22727,9673,17231,126564,99916,23999,6233,85645,32,7,21,17
2021-04-08T23:59:59+02:00,9,4,3281,3936,5862,8756,6482,12131,8276,17353,13500,18528,17856,17482,28699,36619,10736,19104,4,1,524,604,1340,2150,1799,3439,2483,5235,4330,5420,4715,4001,15669,20486,9483,16922,125698,92898,18123,5661,84766,23,6,21,17
2021-04-07T23:59:59+02:00,7,4,3202,3907,5655,8705,6274,12071,8066,17277,13237,18432,15184,14403,28020,35818,10706,19051,4,1,500,575,1286,2093,1703,3360,2330,5095,3917,5089,3992,3430,14809,19614,9367,16735,125484,88545,16580,5313,77929,20,5,21,17
2021-04-06T23:59:59+02:00,6,4,3173,3897,5610,8686,6203,12047,7980,17240,13164,18359,13193,12032,27384,35102,10693,19021,4,1,470,552,1217,2038,1617,3277,2168,4976,3545,4813,3467,3017,13961,18608,9291,16614,125350,84888,16376,4711,72042,16,5,21,16
2021-04-05T23:59:59+02:00,6,4,3171,3894,5575,8671,6166,12034,7935,17223,13091,18323,13148,11986,27373,35086,10692,19018,4,1,438,522,1165,2001,1566,3235,2101,4922,3456,4737,3410,2965,13817,18436,9282,16596,125325,84394,16167,4224,71879,16,4,21,16
2021-04-04T23:59:59+02:00,6,4,3170,3892,5575,8669,6164,12033,7934,17221,13091,18323,13145,11986,27372,35086,10692,19018,4,1,437,521,1164,2001,1565,3235,2100,4922,3456,4737,3410,2965,13816,18436,9282,16596,125315,84388,16167,4224,71874,16,4,21,16
2021-04-03T23:59:59+02:00,6,4,3169,3892,5575,8668,6164,12033,7934,17221,13091,18323,13145,11985,27371,35083,10692,19018,4,1,437,519,1164,2001,1564,3235,2100,4921,3450,4734,3404,2955,13729,18299,9273,16580,125310,84110,16167,4224,71872,16,4,21,16
2021-04-02T23:59:59+02:00,6,4,3169,3889,5572,8663,6160,12024,7926,17208,13064,18292,13098,11932,27343,35064,10689,19014,4,1,434,512,1162,1997,1552,3226,2089,4899,3419,4701,3372,2926,12792,17048,9206,16471,125141,81635,16164,4142,71787,16,4,21,14
2021-04-01T23:59:59+02:00,6,4,3155,3875,5533,8644,6093,11991,7855,17173,12951,18220,12984,11805,27285,34988,10680,18999,4,1,386,468,1063,1929,1452,3137,1937,4786,3214,4570,3136,2724,10757,14448,9093,16290,124826,76013,16041,3349,71351,16,3,20,14
2021-03-31T23:59:59+02:00,6,4,3154,3861,5516,8610,6058,11956,7811,17128,12870,18151,12870,11683,27234,34925,10672,18989,3,1,348,445,1027,1886,1379,3097,1832,4682,2955,4369,2720,2409,8159,11214,8912,16048,124515,68449,16001,3005,70960,15,3,19,14
2021-03-30T23:59:59+02:00,6,4,3148,3849,5492,8584,6025,11924,7771,17088,12792,18085,12784,11545,27196,34877,10666,18979,3,1,327,427,1005,1854,1320,3062,1708,4601,2708,4198,2353,2161,7269,10132,8845,15919,124382,65132,15970,2730,70442,15,2,19,14
2021-03-29T23:59:59+02:00,6,4,3136,3845,5463,8564,5989,11889,7727,17055,12717,18008,12136,10787,25327,32387,10517,18722,3,1,321,424,998,1839,1300,3037,1674,4560,2559,4110,2065,2010,6609,9420,8801,15841,118383,62816,15800,2727,70076,13,2,18,14
2021-03-28T23:59:59+02:00,6,4,3106,3829,5415,8526,5938,11844,7646,17000,12606,17938,11871,10484,23343,29920,10462,18623,3,1,320,422,995,1838,1291,3033,1670,4558,2547,4102,2040,1990,6585,9405,8799,15836,118325,62683,10613,2725,69603,13,2,18,12
2021-03-27T23:59:59+01:00,6,4,3094,3824,5375,8515,5902,11829,7598,16985,12560,17891,11836,10440,23339,29912,10462,18623,3,1,320,422,995,1838,1291,3033,1669,4556,2545,4099,2038,1988,6537,9330,8767,15787,118254,62467,10612,2725,69309,13,2,18,12
2021-03-26T23:59:59+01:00,6,4,2966,3503,4924,7363,5407,10511,6986,14938,11753,15604,11615,10255,22854,29183,10417,18552,3,1,319,419,990,1835,1285,3028,1666,4554,2540,4092,2030,1982,6408,9141,8623,15598,116700,61784,10355,2713,59766,3,2,18,12
2021-03-25T23:59:59+01:00,6,3,2846,3241,4765,6597,5176,9363,6661,13216,11027,13802,10754,9452,22124,28335,10340,18395,3,1,314,410,983,1826,1270,3009,1647,4520,2504,4042,1962,1923,6116,8712,8342,15145,113775,60005,9650,2709,52658,2,2,18,11
2021-03-24T23:59:59+01:00,6,3,2800,3196,4689,6533,5042,9256,6455,13045,10514,13396,9918,8629,21104,27074,10242,18207,3,1,312,405,976,1820,1253,2998,1632,4496,2457,3986,1894,1847,5750,8237,7925,14470,109740,57751,9303,2698,51049,2,0,17,11
2021-03-23T23:59:59+01:00,6,3,2772,3163,4620,6464,4931,9163,6242,12883,10056,12974,9199,7960,20590,26467,10187,18100,3,1,300,392,959,1810,1238,2975,1602,4474,2407,3937,1815,1781,5466,7853,7520,13844,107339,55668,8970,2697,49454,1,0,17,11
2021-03-22T23:59:59+01:00,6,3,2754,3124,4561,6425,4855,9095,6103,12744,9694,12701,8597,7392,20170,26029,10126,18006,1,1,298,389,948,1803,1224,2961,1589,4461,2380,3909,1788,1759,5327,7679,7070,13018,105852,53902,8712,2692,47804,1,0,17,10
2021-03-21T23:59:59+01:00,6,3,2747,3108,4515,6401,4804,9059,6009,12677,9505,12514,8290,7132,20002,25862,10114,17978,1,1,298,389,947,1803,1222,2961,1588,4460,2377,3909,1781,1753,5318,7674,7039,12960,105649,53795,8480,2675,46580,1,0,17,10
2021-03-20T23:59:59+01:00,6,3,2746,3101,4508,6396,4797,9056,6005,12669,9485,12500,8257,7100,19829,25585,10098,17952,1,1,298,389,947,1802,1221,2961,1587,4459,2373,3901,1769,1740,5303,7625,6861,12720,105093,53297,8467,2650,46516,1,0,17,10
2021-03-19T23:59:59+01:00,6,3,2710,3074,4437,6351,4690,9006,5865,12611,9217,12312,7953,6873,19344,24994,10066,17893,1,1,298,388,946,1801,1221,2958,1585,4458,2366,3896,1753,1729,5266,7582,6448,12098,103789,52157,8225,2627,45374,1,0,17,10
2021-03-18T23:59:59+01:00,6,3,2644,3001,4273,6213,4440,8801,5507,12304,8304,11641,6689,5857,18083,23631,9911,17661,1,1,295,383,941,1791,1207,2945,1546,4442,2301,3850,1674,1687,5191,7475,5703,10979,98866,49818,7681,2585,42405,0,0,17,9
2021-03-17T23:59:59+01:00,6,3,2607,2961,4192,6116,4302,8693,5252,12028,7628,11074,5700,4956,16730,22091,9744,17401,1,1,291,381,937,1783,1203,2936,1529,4421,2235,3825,1610,1642,5146,7409,5122,10087,93422,48022,7181,2528,40864,0,0,17,9
2021-03-16T23:59:59+01:00,5,3,2587,2933,4129,6049,4208,8596,5075,11872,7179,10685,4934,4337,15869,21108,9638,17227,1,1,287,379,934,1778,1200,2929,1521,4411,2213,3806,1577,1625,5108,7366,4612,9267,89759,46559,7142,2449,39516,0,0,17,7
2021-03-15T23:59:59+01:00,5,3,2584,2922,4114,6029,4177,8570,5025,11825,7061,10568,4787,4175,15548,20695,9606,17168,1,1,285,375,933,1772,1194,2922,1507,4402,2192,3784,1533,1608,5048,7292,4027,8404,88984,44966,7043,2307,38818,0,0,17,7
2021-03-14T23:59:59+01:00,5,2,2578,2914,4093,6008,4147,8550,4984,11791,6967,10480,4681,4061,15415,20525,9589,17128,1,1,283,374,933,1770,1188,2915,1502,4391,2181,3777,1523,1602,5040,7284,4021,8390,88676,44903,7024,2266,38202,0,0,16,7
2021-03-13T23:59:59+01:00,5,2,2571,2904,4085,5996,4139,8543,4976,11781,6948,10467,4658,4035,15099,20087,9569,17092,1,1,283,374,933,1770,1188,2915,1502,4391,2181,3777,1522,1602,5040,7283,4021,8390,87785,44902,7002,2265,38154,0,0,16,7
2021-03-12T23:59:59+01:00,5,2,2507,2828,3975,5824,4019,8320,4839,11482,6769,10197,4505,3897,14169,18826,9507,16990,1,1,283,373,931,1767,1188,2911,1500,4386,2180,3770,1515,1600,5033,7264,4019,8373,85303,44824,6941,2264,36403,0,0,14,7
2021-03-11T23:59:59+01:00,4,2,2383,2603,3747,5497,3763,7886,4512,10720,6138,9386,3983,3393,12555,16826,9405,16841,1,1,283,372,927,1762,1185,2897,1491,4374,2167,3743,1474,1572,4992,7227,4007,8346,80942,44674,6778,2140,31910,0,0,14,7
2021-03-10T23:59:59+01:00,4,2,2264,2472,3590,5259,3568,7563,4240,10237,5581,8817,3408,2951,10267,14106,9256,16609,1,1,280,368,922,1752,1178,2886,1487,4358,2145,3728,1445,1565,4961,7212,3998,8336,74603,44609,6606,2007,28971,0,0,14,7
2021-03-09T23:59:59+01:00,4,2,2239,2421,3524,5170,3454,7473,4070,10040,5186,8468,2927,2591,8740,12087,9150,16458,1,1,279,367,922,1746,1171,2876,1483,4350,2137,3717,1430,1559,4953,7207,3995,8334,69716,44568,6458,1954,27816,0,0,14,6
2021-03-08T23:59:59+01:00,4,2,2215,2346,3465,5102,3380,7389,3948,9928,4890,8274,2485,2327,6803,9687,9029,16280,1,1,279,364,921,1736,1165,2860,1477,4339,2133,3710,1419,1552,4937,7187,3988,8324,64010,44459,6121,1928,27409,0,0,14,6
2021-03-07T23:59:59+01:00,4,2,2153,2290,3369,4994,3283,7300,3849,9841,4753,8179,2434,2275,6780,9666,9029,16272,1,1,279,363,920,1736,1165,2858,1477,4339,2133,3710,1419,1552,4936,7187,3988,8324,63881,44456,5438,1926,27140,0,0,14,6
2021-03-06T23:59:59+01:00,4,2,2145,2277,3355,4984,3279,7295,3840,9831,4743,8174,2432,2272,6734,9596,8997,16222,1,1,279,363,919,1732,1164,2857,1477,4336,2129,3705,1418,1547,4930,7182,3986,8314,63670,44408,5378,1926,27120,0,0,14,6
2021-03-05T23:59:59+01:00,4,2,2015,2191,3130,4798,3040,6983,3562,9436,4409,7838,2343,2210,6526,9274,8800,15957,1,1,279,361,917,1729,1164,2856,1476,4330,2126,3699,1412,1545,4924,7176,3985,8307,62677,44356,4531,1926,25296,0,0,14,6
2021-03-04T23:59:59+01:00,4,2,1764,1971,2717,4361,2583,6344,2996,8535,3724,7025,2124,2050,6230,8907,8516,15494,1,1,276,360,916,1721,1162,2839,1475,4314,2117,3687,1401,1543,4912,7162,3978,8296,61016,44232,3251,1923,21066,0,0,14,6
2021-03-03T23:59:59+01:00,4,2,1694,1883,2610,4178,2450,6117,2855,8248,3536,6762,2040,1972,5889,8430,8152,14905,1,1,275,357,916,1711,1159,2816,1471,4290,2112,3672,1376,1531,4907,7156,3974,8288,58989,44085,3107,1923,19617,0,0,14,5
2021-03-02T23:59:59+01:00,4,2,1659,1807,2540,4058,2369,5965,2748,8067,3421,6610,1965,1904,5572,7988,7738,14226,1,1,273,352,913,1692,1156,2796,1468,4272,2111,3661,1351,1525,4897,7139,3969,8280,56856,43929,2865,1923,18908,0,0,14,5
2021-03-01T23:59:59+01:00,2,2,1649,1780,2502,3950,2321,5850,2712,7966,3368,6531,1923,1883,5434,7825,7257,13349,1,1,272,350,909,1686,1154,2784,1466,4259,2109,3646,1346,1520,4894,7137,3967,8273,54975,43846,2854,1923,18461,0,0,14,5
2021-02-28T23:59:59+01:00,2,2,1633,1742,2468,3878,2290,5795,2669,7885,3341,6483,1917,1879,5426,7820,7220,13289,1,1,272,350,908,1686,1154,2784,1466,4258,2109,3645,1346,1520,4894,7136,3967,8273,54850,43843,2852,1922,18023,0,0,14,5
2021-02-27T23:59:59+01:00,2,2,1631,1735,2465,3871,2287,5795,2667,7884,3338,6481,1911,1869,5416,7776,7047,13065,1,1,272,350,898,1681,1144,2777,1456,4249,2092,3636,1345,1517,4894,7135,3967,8273,54379,43839,2852,1844,17997,0,0,14,5
2021-02-26T23:59:59+01:00,2,1,1443,1576,2336,3631,2209,5388,2574,7380,3251,6023,1896,1844,5391,7743,6777,12670,1,1,270,348,890,1674,1136,2757,1450,4227,2082,3622,1338,1508,4887,7123,3963,8260,53619,43758,2832,1775,15670,0,0,14,4
2021-02-25T23:59:59+01:00,2,1,1230,1294,2117,3199,2037,4635,2376,6438,3009,5125,1805,1773,5339,7663,6193,11817,1,1,268,340,883,1614,1102,2661,1417,4117,2026,3547,1300,1487,4843,7081,3943,8205,51716,43285,2820,1547,11505,0,0,12,4
2021-02-24T23:59:59+01:00,2,1,1177,1086,2012,2934,1931,4299,2243,6034,2839,4856,1728,1718,5278,7574,5428,10625,1,1,266,334,847,1566,1052,2570,1356,4001,1937,3418,1260,1459,4825,7054,3933,8184,49361,43020,2809,1040,9583,0,0,12,4
2021-02-23T23:59:59+01:00,2,1,1160,1035,1977,2870,1905,4200,2217,5949,2805,4793,1719,1703,5242,7526,4781,9592,1,1,266,333,820,1539,1002,2518,1303,3923,1831,3343,1208,1432,4801,7028,3920,8146,47561,42814,2782,597,9123,0,0,11,4
2021-02-22T23:59:59+01:00,2,1,1152,993,1928,2726,1861,4054,2161,5755,2751,4688,1708,1692,5208,7478,4166,8699,1,1,265,324,778,1501,949,2435,1214,3815,1692,3245,1118,1373,4758,6956,3891,8035,45933,42337,2764,10,8316,0,0,10,4
2021-02-21T23:59:59+01:00,2,1,1149,979,1899,2664,1834,3957,2134,5650,2731,4625,1701,1686,5205,7469,4166,8695,1,1,263,322,773,1495,941,2403,1212,3779,1679,3205,1109,1358,4740,6930,3866,7991,45880,42054,2754,10,7903,0,0,10,4
2021-02-20T23:59:59+01:00,2,1,1149,979,1899,2663,1833,3957,2134,5650,2729,4619,1692,1677,5198,7462,4164,8692,1,1,263,322,773,1494,940,2399,1211,3775,1678,3203,1109,1358,4688,6870,3819,7934,45865,41825,2726,9,7899,0,0,10,4
2021-02-19T23:59:59+01:00,2,1,1149,977,1896,2658,1833,3947,2133,5641,2725,4615,1673,1668,5183,7444,4161,8687,1,1,262,320,769,1484,931,2374,1204,3733,1649,3150,1081,1319,4495,6617,3640,7633,45785,40650,2704,9,7894,0,0,10,4
2021-02-18T23:59:59+01:00,2,1,1118,895,1856,2539,1795,3810,2080,5435,2663,4442,1656,1651,5167,7412,4156,8658,1,1,235,291,724,1359,883,2168,1118,3395,1533,2853,971,1129,4000,5834,3223,6731,45632,36436,2671,9,7023,0,0,10,4
2021-02-17T23:59:59+01:00,2,1,1072,768,1775,2307,1718,3514,1971,5075,2588,4195,1631,1642,5146,7397,4147,8655,1,1,230,288,714,1341,874,2146,1106,3360,1514,2832,965,1126,3617,5307,2924,6304,45591,34637,2611,9,5392,0,0,10,4
2021-02-16T23:59:59+01:00,2,1,1031,729,1720,2203,1649,3342,1901,4868,2509,4087,1591,1628,5119,7374,4138,8643,1,1,223,282,698,1305,852,2092,1075,3242,1475,2745,941,1102,3259,4757,2580,5805,45537,32426,2444,6,4546,0,0,8,3
2021-02-15T23:59:59+01:00,2,1,1025,710,1700,2126,1631,3242,1882,4759,2495,4008,1561,1614,5089,7358,4105,8587,1,1,211,272,682,1272,833,2042,1054,3176,1433,2680,911,1071,2830,4198,2242,5226,45410,30127,2358,5,4119,0,0,8,3
2021-02-14T23:59:59+01:00,2,1,930,677,1624,2093,1569,3223,1839,4737,2460,3995,1554,1612,5080,7346,4102,8581,1,1,204,261,673,1254,815,2002,1038,3110,1402,2612,881,1025,2738,4057,2163,5028,45366,29259,2323,4,3729,0,0,7,2
2021-02-13T23:59:59+01:00,2,1,878,653,1594,2070,1554,3215,1823,4730,2452,3994,1553,1611,5080,7345,4101,8580,1,1,202,260,671,1253,815,1998,1038,3108,1401,2609,880,1024,2634,3932,2097,4927,45359,28846,2323,3,3547,0,0,7,2
2021-02-12T23:59:59+01:00,2,1,551,507,1246,1953,1383,3113,1683,4648,2345,3924,1534,1603,5070,7334,4091,8570,1,1,190,254,656,1227,801,1954,1011,3022,1346,2509,818,949,2406,3616,1949,4604,45237,27310,2323,2,1991,0,0,7,2
2021-02-11T23:59:59+01:00,2,1,389,433,1058,1839,1280,2995,1586,4534,2256,3833,1425,1558,5007,7282,4068,8520,1,1,154,192,557,983,666,1508,810,2350,1066,1916,575,697,1787,2727,1437,3323,44879,20749,2115,1,1065,0,0,7,0
2021-02-10T23:59:59+01:00,2,1,276,364,931,1733,1178,2873,1491,4349,2142,3711,1386,1545,4986,7271,4064,8518,1,1,133,129,387,623,494,1019,641,1738,898,1582,555,681,1381,2167,1120,2820,44803,16370,2006,0,6,0,0,6,0
2021-02-09T23:59:59+01:00,2,1,276,363,930,1727,1175,2864,1491,4343,2141,3706,1378,1542,4984,7269,4063,8516,1,1,130,127,378,590,475,992,620,1709,873,1552,553,678,997,1700,840,2412,44778,14628,1982,0,5,0,0,6,0
2021-02-08T23:59:59+01:00,2,1,276,361,929,1725,1172,2854,1484,4338,2139,3702,1373,1538,4982,7269,4062,8513,1,1,125,121,367,577,467,972,609,1676,855,1526,545,673,603,1209,534,1984,44750,12845,1959,0,5,0,0,6,0
2021-02-07T23:59:59+01:00,2,1,276,361,926,1725,1171,2854,1482,4336,2139,3702,1373,1538,4982,7268,4061,8513,1,1,121,118,362,573,466,965,606,1664,845,1510,537,670,602,1199,529,1969,44746,12738,1958,0,0,0,0,6,0
2021-02-06T23:59:59+01:00,2,1,276,361,926,1725,1171,2854,1482,4336,2139,3702,1373,1538,4982,7268,4061,8513,1,1,118,115,360,569,465,963,606,1662,845,1509,536,669,602,1199,529,1969,44746,12718,1958,0,0,0,0,6,0
2021-02-05T23:59:59+01:00,2,1,275,360,924,1725,1171,2853,1480,4335,2138,3702,1373,1538,4981,7266,4061,8510,1,1,117,106,357,564,457,950,602,1652,832,1486,531,659,596,1183,519,1944,44731,12557,1958,0,0,0,0,6,0
2021-02-04T23:59:59+01:00,2,1,271,355,918,1686,1164,2806,1480,4283,2126,3659,1365,1531,4952,7234,4049,8476,1,0,89,71,239,392,331,692,473,1259,623,1118,401,521,501,967,454,1678,44395,9810,1957,0,0,0,0,6,0
2021-02-03T23:59:59+01:00,2,1,269,346,914,1661,1160,2771,1469,4233,2117,3623,1357,1515,4927,7204,4035,8446,1,0,55,34,85,167,152,346,230,593,300,545,211,278,286,603,265,1046,44087,5197,1957,0,0,0,0,6,0
2021-02-02T23:59:59+01:00,2,1,268,344,913,1649,1156,2752,1466,4201,2110,3597,1349,1509,4919,7190,4027,8420,1,0,16,10,29,52,61,101,73,165,96,124,45,75,69,133,57,207,43910,1314,1957,0,0,0,0,6,0
2021-02-01T23:59:59+01:00,2,1,268,339,913,1646,1155,2751,1465,4197,2109,3591,1348,1508,4917,7189,4027,8420,1,0,13,9,25,45,51,92,60,140,74,105,39,67,61,124,55,194,43883,1155,1957,0,0,0,0,6,0
2021-01-31T23:59:59+01:00,2,1,268,338,913,1642,1154,2746,1465,4192,2109,3588,1347,1508,4916,7188,4027,8420,1,0,12,8,22,40,44,84,54,129,64,99,34,56,52,114,52,187,43863,1052,1955,0,0,0,0,6,0
2021-01-30T23:59:59+01:00,2,1,268,338,908,1639,1146,2738,1457,4186,2105,3585,1347,1508,4863,7128,3981,8362,1,0,12,8,22,38,44,84,53,128,64,99,34,56,52,114,52,187,43635,1048,1921,0,0,0,0,6,0
2021-01-29T23:59:59+01:00,2,1,267,336,893,1631,1134,2717,1445,4156,2081,3558,1338,1502,4698,6927,3813,8153,1,0,10,8,22,38,41,84,52,126,61,98,33,52,51,114,52,187,42837,1030,1809,0,0,0,0,6,0
2021-01-28T23:59:59+01:00,2,1,263,323,874,1545,1095,2607,1408,4054,2011,3484,1312,1489,4361,6457,3536,7794,1,0,7,4,10,18,22,42,21,58,36,65,20,34,35,74,40,125,41045,612,1565,0,0,0,0,6,0
2021-01-27T23:59:59+01:00,2,1,257,320,832,1490,1048,2513,1344,3956,1937,3377,1272,1462,3949,5884,3209,7322,1,0,3,4,10,9,11,21,8,23,14,30,12,15,17,42,17,63,39057,300,1112,0,0,0,0,6,0
2021-01-26T23:59:59+01:00,2,1,250,311,796,1443,981,2428,1283,3829,1821,3269,1211,1410,3600,5325,2854,6799,1,0,1,1,6,4,4,7,4,3,3,9,7,5,5,7,4,8,36945,79,664,0,0,0,0,4,0
2021-01-25T23:59:59+01:00,2,1,240,302,745,1383,920,2309,1181,3684,1662,3148,1131,1378,3201,4810,2537,6323,1,0,1,1,6,3,2,7,2,2,3,9,7,5,5,7,4,8,34891,73,63,0,0,0,0,3,0
2021-01-24T23:59:59+01:00,2,1,237,302,739,1379,909,2293,1176,3668,1634,3118,1125,1375,3174,4774,2520,6301,1,0,1,1,4,3,2,7,2,2,3,9,7,5,5,7,4,8,34716,71,9,0,0,0,0,2,0
2021-01-23T23:59:59+01:00,2,1,236,301,738,1378,909,2289,1175,3666,1631,3116,1124,1375,3069,4648,2453,6200,1,0,1,1,4,3,2,7,2,2,3,9,7,5,5,7,4,8,34301,71,8,0,0,0,0,2,0
2021-01-22T23:59:59+01:00,2,1,235,298,735,1362,907,2276,1169,3650,1627,3112,1122,1374,2907,4453,2350,6055,1,0,1,1,4,3,2,7,2,2,3,9,7,5,5,7,4,8,33625,71,8,0,0,0,0,2,0
2021-01-21T23:59:59+01:00,2,1,230,270,671,1206,840,2064,1088,3365,1531,2906,1079,1331,2559,3989,2055,5614,1,0,1,0,3,2,2,7,2,2,3,9,7,4,5,7,4,8,30793,67,8,0,0,0,0,0,0
2021-01-20T23:59:59+01:00,2,1,206,206,511,854,665,1573,888,2664,1294,2439,981,1197,2018,3236,1631,4803,1,0,1,0,3,2,2,7,2,2,3,7,6,4,5,7,4,8,25161,64,8,0,0,0,0,0,0
2021-01-19T23:59:59+01:00,2,1,181,189,463,744,611,1418,802,2367,1119,2131,813,939,1364,2295,1145,3667,0,0,0,0,2,1,0,0,0,0,2,1,1,0,0,0,0,0,20247,7,4,0,0,0,0,0,0
2021-01-18T23:59:59+01:00,1,1,137,134,386,620,489,1061,646,1823,929,1640,603,729,691,1346,600,2239,0,0,0,0,1,0,0,0,0,0,1,0,0,0,0,0,0,0,14072,2,3,0,0,0,0,0,0
2021-01-17T23:59:59+01:00,1,1,126,119,371,585,474,996,617,1706,870,1541,554,688,641,1244,554,2074,0,0,0,0,0,0,0,0,0,0,0,0,0,0,0,0,0,0,13161,0,1,0,0,0,0,0,0
2021-01-16T23:59:59+01:00,1,1,119,115,368,581,472,984,611,1693,864,1534,553,687,640,1238,549,2060,0,0,0,0,0,0,0,0,0,0,0,0,0,0,0,0,0,0,13069,0,1,0,0,0,0,0,0
2021-01-15T23:59:59+01:00,1,1,117,108,365,575,464,968,607,1682,850,1510,547,674,632,1221,541,2035,0,0,0,0,0,0,0,0,0,0,0,0,0,0,0,0,0,0,12898,0,0,0,0,0,0,0,0
2021-01-14T23:59:59+01:00,1,1,97,87,282,467,392,789,503,1411,694,1221,430,541,549,1022,478,1835,0,0,0,0,0,0,0,0,0,0,0,0,0,0,0,0,0,0,10800,0,0,0,0,0,0,0,0
2021-01-13T23:59:59+01:00,1,1,67,47,169,284,257,522,353,923,473,787,264,328,333,672,308,1166,0,0,0,0,0,0,0,0,0,0,0,0,0,0,0,0,0,0,6955,0,0,0,0,0,0,0,0
2021-01-12T23:59:59+01:00,1,1,31,20,54,103,115,215,151,384,196,336,137,180,174,371,177,647,0,0,0,0,0,0,0,0,0,0,0,0,0,0,0,0,0,0,3293,0,0,0,0,0,0,0,0
2021-01-11T23:59:59+01:00,1,0,17,10,38,65,63,114,78,172,91,127,40,67,66,130,55,200,0,0,0,0,0,0,0,0,0,0,0,0,0,0,0,0,0,0,1334,0,0,0,0,0,0,0,0
2021-01-10T23:59:59+01:00,1,0,14,7,31,54,56,102,68,157,75,113,34,57,56,119,50,190,0,0,0,0,0,0,0,0,0,0,0,0,0,0,0,0,0,0,1184,0,0,0,0,0,0,0,0
2021-01-09T23:59:59+01:00,1,0,13,7,30,52,55,101,65,156,75,111,34,57,56,119,50,190,0,0,0,0,0,0,0,0,0,0,0,0,0,0,0,0,0,0,1172,0,0,0,0,0,0,0,0
2021-01-08T23:59:59+01:00,1,0,10,7,28,49,50,96,60,143,69,107,32,52,55,119,50,190,0,0,0,0,0,0,0,0,0,0,0,0,0,0,0,0,0,0,1118,0,0,0,0,0,0,0,0
2021-01-07T23:59:59+01:00,1,0,7,4,10,19,22,43,23,58,38,67,19,35,40,79,39,126,0,0,0,0,0,0,0,0,0,0,0,0,0,0,0,0,0,0,630,0,0,0,0,0,0,0,0
2021-01-06T23:59:59+01:00,1,0,7,4,10,16,14,30,15,40,25,54,16,25,33,69,37,110,0,0,0,0,0,0,0,0,0,0,0,0,0,0,0,0,0,0,506,0,0,0,0,0,0,0,0
2021-01-05T23:59:59+01:00,1,0,7,4,10,16,14,30,15,40,25,54,16,25,32,69,37,110,0,0,0,0,0,0,0,0,0,0,0,0,0,0,0,0,0,0,505,0,0,0,0,0,0,0,0
2021-01-04T23:59:59+01:00,1,0,2,4,9,6,4,14,4,8,6,17,7,5,9,16,5,15,0,0,0,0,0,0,0,0,0,0,0,0,0,0,0,0,0,0,132,0,0,0,0,0,0,0,0
2021-01-03T23:59:59+01:00,1,0,1,1,4,3,2,7,3,3,3,10,5,4,6,8,4,9,0,0,0,0,0,0,0,0,0,0,0,0,0,0,0,0,0,0,74,0,0,0,0,0,0,0,0
2021-01-02T23:59:59+01:00,1,0,1,1,4,3,2,7,3,3,3,10,5,4,6,8,4,9,0,0,0,0,0,0,0,0,0,0,0,0,0,0,0,0,0,0,74,0,0,0,0,0,0,0,0
2021-01-01T23:59:59+01:00,1,0,1,1,4,3,2,7,2,3,3,10,5,4,6,8,4,9,0,0,0,0,0,0,0,0,0,0,0,0,0,0,0,0,0,0,73,0,0,0,0,0,0,0,0
2020-12-31T23:59:59+01:00,1,0,1,1,4,2,2,7,2,2,3,9,5,4,6,8,4,9,0,0,0,0,0,0,0,0,0,0,0,0,0,0,0,0,0,0,70,0,0,0,0,0,0,0,0
2020-12-30T23:59:59+01:00,1,0,1,1,4,2,2,7,2,2,3,7,5,4,6,8,4,9,0,0,0,0,0,0,0,0,0,0,0,0,0,0,0,0,0,0,68,0,0,0,0,0,0,0,0
2020-12-29T23:59:59+01:00,1,0,1,1,3,1,2,6,2,2,3,6,3,2,5,8,3,8,0,0,0,0,0,0,0,0,0,0,0,0,0,0,0,0,0,0,57,0,0,0,0,0,0,0,0
2020-12-28T23:59:59+01:00,1,0,0,0,3,1,0,2,1,0,1,3,0,1,0,1,1,5,0,0,0,0,0,0,0,0,0,0,0,0,0,0,0,0,0,0,20,0,0,0,0,0,0,0,0
2020-12-27T23:59:59+01:00,0,0,0,0,0,0,0,1,1,0,1,2,0,1,0,1,1,5,0,0,0,0,0,0,0,0,0,0,0,0,0,0,0,0,0,0,13,0,0,0,0,0,0,0,0
