Datum,<15_1_m,<15_1_w,15-24_1_m,15-24_1_w,25-34_1_m,25-34_1_w,35-44_1_m,35-44_1_w,45-54_1_m,45-54_1_w,55-64_1_m,55-64_1_w,65-74_1_m,65-74_1_w,75-84_1_m,75-84_1_w,>84_1_m,>84_1_w,<15_2_m,<15_2_w,15-24_2_m,15-24_2_w,25-34_2_m,25-34_2_w,35-44_2_m,35-44_2_w,45-54_2_m,45-54_2_w,55-64_2_m,55-64_2_w,65-74_2_m,65-74_2_w,75-84_2_m,75-84_2_w,>84_2_m,>84_2_w,bp_1,bp_2,mo_1,mo_2,az_1,az_2,ja,unb_1,unb_2
2021/12/14,15740,14900,57062,53126,71271,62673,72139,67656,81802,79471,93563,91301,62634,67417,40590,52473,12919,23439,7930,7698,50485,47460,64965,56167,67017,62239,77080,74453,89710,87202,60840,65163,39503,50876,12392,22370,782448,715262,81530,77920,109948,104055,46233,68,80
2021/12/13,15362,14565,56935,53019,71171,62532,72066,67548,81744,79403,93506,91229,62586,67356,40550,52427,12900,23390,7814,7589,50256,47264,64748,55905,66840,62039,76929,74288,89567,87026,60753,65064,39471,50820,12382,22339,780600,712868,81498,77865,109948,104055,46226,68,80
2021/12/12,15189,14404,56851,52915,71091,62433,72004,67482,81700,79341,93454,91167,62554,67305,40534,52407,12897,23359,7721,7515,50083,47130,64565,55721,66702,61909,76807,74167,89445,86903,60709,64991,39434,50777,12374,22324,779435,711127,81466,77795,109948,104054,46221,68,80
2021/12/11,15138,14358,56801,52868,71055,62398,71987,67454,81689,79328,93452,91159,62549,67302,40532,52400,12897,23358,7692,7492,50017,47082,64507,55673,66666,61867,76771,74139,89431,86882,60701,64984,39429,50774,12374,22324,779074,710662,81466,77790,109948,104053,46220,68,80
2021/12/10,14904,14116,56711,52781,70982,62307,71924,67403,81637,79285,93421,91107,62535,67282,40525,52389,12891,23354,7619,7417,49786,46869,64323,55491,66509,61709,76619,74005,89349,86805,60674,64942,39420,50761,12372,22318,777958,708946,81412,77690,109948,104053,46219,68,80
2021/12/09,14485,13665,56528,52592,70833,62133,71816,67262,81557,79189,93343,91002,62495,67221,40509,52354,12883,23328,7306,7081,49287,46416,63874,54948,66140,61333,76297,73684,89103,86547,60578,64835,39385,50692,12359,22278,775623,704166,81392,77631,109948,104051,46215,68,80
2021/12/08,14247,13419,56384,52479,70694,61999,71718,67157,81494,79103,93273,90916,62446,67164,40492,52323,12868,23309,7116,6906,48843,46051,63469,54538,65814,61035,76035,73419,88887,86335,60495,64723,39350,50646,12354,22247,773956,700390,81355,77533,109948,104051,46209,68,80
2021/12/07,13911,13106,56305,52418,70643,61939,71679,67116,81475,79080,93251,90887,62438,67155,40492,52318,12864,23308,7078,6878,48704,45923,63354,54432,65725,60971,75969,73368,88837,86293,60481,64708,39346,50639,12352,22246,772868,699470,81346,77497,109948,104051,46206,68,80
2021/12/06,13577,12822,56212,52310,70548,61827,71593,67043,81422,79006,93189,90812,62404,67109,40477,52281,12853,23282,6958,6768,48344,45663,63002,54137,65464,60714,75725,73160,88636,86103,60399,64615,39322,50581,12344,22221,771278,696428,81320,77392,109947,104051,46205,68,80
2021/12/05,13398,12699,56150,52249,70489,61740,71534,66985,81394,78960,93163,90776,62371,67075,40465,52249,12852,23271,6909,6705,48152,45500,62765,53936,65288,60567,75586,73016,88520,85988,60348,64548,39309,50547,12337,22204,770339,694584,81314,77309,109947,104049,46203,68,80
2021/12/04,13319,12638,56103,52202,70446,61687,71507,66955,81363,78939,93144,90759,62363,67070,40462,52245,12852,23268,6854,6642,47894,45269,62507,53685,65101,60411,75444,72886,88407,85898,60328,64521,39304,50531,12336,22199,769842,692576,81313,77309,109947,104049,46203,68,80
2021/12/03,13052,12379,55981,52135,70389,61594,71447,66880,81313,78879,93103,90703,62344,67050,40452,52232,12851,23259,6727,6510,47387,44840,62061,53295,64755,60118,75169,72634,88227,85745,60293,64471,39285,50503,12333,22193,768570,688934,81306,77280,109947,104049,46203,68,80
2021/12/02,12615,11976,55812,51999,70230,61427,71332,66742,81232,78785,93024,90591,62302,66984,40435,52185,12838,23234,6527,6322,46795,44331,61529,52795,64297,59717,74784,72290,87980,85501,60209,64358,39239,50442,12320,22167,766311,684077,81272,77200,109946,104049,46197,68,80
2021/12/01,12296,11718,55673,51871,70090,61223,71225,66615,81129,78685,92939,90495,62255,66906,40415,52147,12827,23205,6397,6213,46338,43936,60993,52311,63886,59354,74455,71974,87704,85252,60139,64252,39204,50381,12315,22134,764343,679811,81216,77106,109946,104049,46192,68,80
2021/11/30,11910,11391,55555,51770,69956,61077,71150,66507,81067,78620,92869,90418,62222,66846,40397,52109,12814,23179,6340,6140,46016,43681,60673,52040,63641,59136,74224,71791,87558,85092,60073,64189,39173,50337,12312,22120,762507,677149,81197,77068,109946,104049,46190,68,80
2021/11/29,11361,10875,55418,51678,69817,60925,71054,66404,80986,78523,92795,90335,62173,66784,40381,52077,12803,23156,6265,6075,45674,43446,60300,51720,63361,58929,73979,71562,87387,84937,60026,64138,39143,50301,12305,22108,760210,674347,81185,76996,109946,104047,46186,68,80
2021/11/28,10859,10401,55353,51603,69742,60833,70980,66328,80933,78463,92736,90274,62153,66748,40367,52058,12786,23143,6216,6021,45552,43329,60138,51584,63230,58818,73865,71443,87288,84850,59993,64097,39123,50275,12301,22094,758445,672952,81168,76955,109946,104047,46183,68,80
2021/11/27,10622,10213,55325,51575,69706,60811,70969,66312,80918,78454,92730,90272,62151,66742,40367,52055,12785,23142,6207,6014,45528,43314,60102,51564,63213,58802,73843,71426,87269,84835,59989,64093,39123,50275,12301,22093,757838,672731,81166,76952,109946,104047,46181,68,80
2021/11/26,10045,9636,55221,51487,69607,60707,70908,66234,80848,78391,92674,90211,62132,66716,40353,52031,12785,23139,6170,5970,45366,43172,59923,51460,63070,58689,73729,71344,87195,84781,59975,64077,39114,50268,12299,22091,755824,671449,81162,76944,109946,104045,46175,68,80
2021/11/25,9309,8995,55001,51283,69399,60443,70737,66018,80698,78194,92554,90083,62085,66647,40327,51979,12772,23104,6027,5861,44983,42823,59515,51109,62736,58385,73432,71033,86993,84611,59925,64011,39081,50229,12292,22077,752364,667923,81127,76903,109946,104045,46172,68,80
2021/11/24,9089,8748,54811,51100,69210,60221,70560,65847,80551,78055,92440,89937,62028,66558,40301,51924,12763,23070,5965,5802,44689,42527,59102,50783,62418,58121,73143,70816,86764,84449,59864,63940,39056,50175,12281,22058,749998,664799,81089,76870,109946,104043,46161,68,80
2021/11/23,8882,8576,54619,50930,69000,59987,70406,65680,80410,77886,92331,89803,61963,66480,40262,51864,12744,23050,5930,5773,44510,42375,58887,50618,62237,57976,72964,70655,86626,84344,59829,63875,39029,50124,12266,22038,747697,662944,81064,76847,109946,104038,46147,68,80
2021/11/22,8746,8451,54444,50773,68818,59780,70244,65523,80288,77740,92220,89694,61906,66391,40225,51806,12730,23021,5900,5738,44372,42252,58697,50479,62067,57845,72830,70531,86504,84258,59788,63817,39009,50092,12258,22015,745674,661373,81030,76831,109946,104037,46131,68,80
2021/11/21,8663,8361,54289,50673,68656,59605,70124,65407,80192,77638,92147,89603,61869,66326,40200,51777,12729,23007,5889,5726,44327,42217,58622,50432,62003,57798,72779,70475,86446,84211,59766,63784,38991,50068,12254,22011,744183,660745,81006,76821,109942,104037,46116,68,80
2021/11/20,8612,8311,54205,50624,68565,59502,70032,65333,80141,77575,92111,89565,61862,66307,40196,51771,12729,23004,5885,5712,44308,42198,58592,50415,61983,57777,72752,70454,86436,84195,59764,63776,38990,50065,12254,22011,743439,660535,80932,76802,109942,104037,46113,68,80
2021/11/19,8493,8201,54012,50428,68389,59336,69896,65184,80026,77465,92022,89477,61829,66272,40187,51754,12724,22998,5870,5699,44210,42137,58488,50343,61901,57719,72657,70377,86376,84154,59743,63756,38984,50057,12253,22009,741793,659754,80842,76767,109942,104036,46096,68,80
2021/11/18,8174,7882,53607,50085,68028,58900,69600,64863,79797,77229,91846,89282,61746,66179,40155,51699,12722,22966,5760,5595,43910,41910,58203,50112,61684,57517,72461,70171,86203,84013,59673,63689,38948,50012,12242,21994,737930,657183,80801,76736,109942,104033,46065,68,80
2021/11/17,7950,7667,53255,49758,67714,58558,69305,64621,79576,77041,91691,89101,61676,66095,40124,51664,12717,22940,5693,5520,43684,41689,57885,49880,61465,57307,72260,69984,86043,83864,59611,63606,38925,49965,12237,21973,734724,654792,80735,76655,109941,104033,46031,68,80
2021/11/16,7808,7529,52798,49417,67338,58211,69027,64344,79331,76816,91523,88908,61608,66009,40086,51612,12707,22909,5673,5499,43548,41594,57730,49772,61359,57203,72140,69883,85945,83769,59564,63541,38890,49924,12234,21962,731433,653532,80614,76614,109941,104033,45971,68,80
2021/11/15,7704,7434,52487,49141,66962,57882,68757,64109,79124,76626,91369,88743,61535,65918,40069,51562,12700,22894,5653,5485,43459,41531,57613,49690,61282,57126,72072,69818,85888,83706,59526,63503,38874,49890,12229,21950,728585,652675,80557,76597,109941,104032,45911,68,80
2021/11/14,7641,7380,52220,48970,66668,57619,68556,63933,78974,76478,91252,88632,61486,65872,40055,51535,12697,22887,5649,5477,43382,41484,57535,49620,61225,57059,72006,69768,85839,83657,59489,63468,38864,49873,12224,21945,726543,652032,80515,76586,109941,104032,45834,68,80
2021/11/13,7522,7281,51787,48558,66246,57227,68239,63647,78700,76282,91086,88518,61459,65832,40039,51514,12694,22882,5630,5469,43335,41432,57481,49572,61184,57024,71957,69712,85792,83623,59476,63453,38853,49861,12221,21941,723219,651492,80503,76585,109941,104031,45828,68,80
2021/11/12,7358,7122,51167,48099,65689,56764,67814,63275,78385,75971,90886,88349,61423,65756,40008,51476,12690,22868,5606,5442,43190,41343,57369,49479,61084,56937,71861,69619,85709,83559,59441,63418,38845,49846,12213,21934,718911,650438,80462,76582,109940,104030,45765,68,80
2021/11/11,7154,6902,50339,47474,65021,56114,67294,62810,77943,75581,90630,88094,61350,65660,39977,51429,12679,22847,5531,5370,43005,41154,57186,49274,60923,56761,71725,69467,85578,83444,59388,63361,38811,49805,12203,21919,713305,648594,80371,76545,109940,104026,45660,68,80
2021/11/10,6955,6765,49536,46824,64184,55412,66656,62271,77455,75101,90320,87802,61262,65544,39942,51370,12672,22828,5496,5318,42796,40975,56965,49059,60746,56594,71573,69288,85451,83299,59323,63302,38771,49758,12196,21902,707172,646695,80256,76501,109938,104025,45511,68,80
2021/11/09,6844,6637,48874,46258,63506,54868,66184,61860,77040,74703,90045,87532,61186,65454,39912,51330,12668,22811,5469,5297,42644,40872,56832,48940,60644,56484,71478,69170,85360,83206,59272,63239,38748,49719,12188,21892,702347,645544,80083,76477,109930,104024,45329,68,80
2021/11/08,6740,6530,48220,45790,62866,54361,65707,61433,76637,74367,89801,87301,61109,65392,39884,51291,12664,22796,5445,5276,42537,40751,56703,48844,60559,56400,71387,69088,85297,83132,59227,63194,38737,49697,12182,21871,697954,644645,79839,76436,109930,104023,45143,68,80
2021/11/07,6696,6481,47945,45573,62574,54110,65470,61251,76430,74195,89686,87195,61074,65351,39877,51275,12662,22790,5433,5254,42475,40699,56627,48786,60500,56348,71331,69034,85262,83098,59206,63177,38726,49686,12180,21865,695874,644139,79795,76431,109929,104023,45014,68,80
2021/11/06,6683,6463,47910,45535,62515,54065,65436,61227,76405,74170,89668,87184,61074,65351,39877,51275,12662,22789,5430,5254,42471,40692,56613,48777,60494,56342,71326,69030,85256,83095,59206,63177,38726,49686,12180,21865,695539,644079,79790,76430,109929,104023,45008,68,80
2021/11/05,6615,6391,47651,45305,62217,53803,65186,61034,76207,73997,89548,87103,61066,65333,39876,51268,12662,22783,5406,5230,42403,40642,56535,48697,60433,56274,71260,68976,85222,83064,59195,63165,38718,49680,12178,21862,693475,643573,79783,76427,109926,104023,44837,68,80
2021/11/04,6461,6253,47091,44827,61655,53309,64720,60646,75862,73692,89347,86963,61034,65277,39855,51247,12655,22775,5333,5143,42222,40436,56357,48502,60278,56122,71139,68846,85109,82975,59157,63126,38705,49634,12174,21854,689387,642005,79733,76406,109926,104022,44599,68,80
2021/11/03,6377,6164,46629,44443,61057,52900,64329,60306,75533,73431,89135,86805,61003,65231,39844,51225,12649,22760,5292,5083,42039,40282,56126,48322,60148,55984,71016,68726,85025,82897,59120,63089,38685,49605,12169,21839,685801,640571,79678,76384,109926,104020,44392,68,80
2021/11/02,6324,6109,46356,44229,60682,52660,64032,60134,75325,73294,89014,86722,60986,65201,39835,51204,12644,22751,5268,5059,41931,40200,56027,48239,60056,55921,70943,68658,84971,82848,59096,63060,38670,49588,12162,21815,683670,639800,79650,76378,109923,104020,44234,68,80
2021/11/01,6267,6051,46139,44045,60425,52492,63796,59962,75153,73180,88924,86667,60973,65185,39825,51198,12642,22748,5242,5032,41865,40132,55933,48160,59955,55872,70870,68610,84919,82815,59087,63043,38663,49572,12157,21802,682119,639282,79639,76376,109917,104019,43972,68,80
2021/10/31,6262,6051,46135,44043,60420,52488,63792,59959,75152,73176,88922,86667,60973,65185,39825,51198,12642,22748,5240,5030,41865,40130,55933,48159,59953,55871,70868,68609,84919,82815,59087,63043,38663,49571,12157,21801,682087,639268,79638,76376,109917,104019,43971,68,80
2021/10/30,6262,6051,46135,44042,60418,52484,63792,59959,75150,73175,88921,86666,60973,65185,39825,51198,12642,22748,5240,5030,41865,40130,55932,48154,59952,55870,70868,68609,84919,82815,59087,63043,38662,49569,12157,21801,682076,639260,79638,76374,109917,104019,43970,68,80
2021/10/29,6236,6020,45998,43923,60201,52328,63598,59844,75011,73060,88828,86631,60968,65181,39819,51192,12642,22745,5220,5017,41804,40075,55852,48086,59867,55823,70807,68560,84889,82798,59081,63037,38660,49566,12156,21799,680976,638948,79626,76369,109917,104019,43681,68,80
2021/10/28,6162,5953,45731,43691,59863,52124,63336,59653,74790,72919,88706,86546,60938,65162,39811,51181,12641,22741,5192,4968,41686,39971,55697,47980,59750,55744,70711,68480,84818,82748,59063,63016,38644,49549,12150,21786,678984,638069,79593,76357,109917,104018,43429,68,80
2021/10/27,6091,5886,45493,43494,59585,51913,63161,59488,74636,72796,88611,86470,60921,65142,39809,51169,12637,22736,5152,4922,41505,39816,55537,47829,59647,55622,70614,68398,84765,82673,59039,62991,38621,49524,12145,21776,677248,636860,79573,76343,109916,104017,43276,68,80
2021/10/26,5987,5792,45189,43233,59233,51684,62934,59296,74445,72644,88513,86382,60904,65110,39804,51157,12631,22730,5076,4843,41306,39603,55355,47651,59520,55507,70531,68286,84683,82601,59009,62953,38600,49495,12142,21762,675078,635401,79558,76333,109915,104017,43092,68,80
2021/10/25,5981,5786,45161,43214,59193,51661,62909,59285,74419,72630,88498,86367,60903,65108,39802,51157,12631,22730,5072,4843,41294,39599,55336,47644,59505,55505,70523,68277,84678,82594,59009,62950,38599,49495,12141,21762,674898,635356,79557,76333,109913,104015,43042,68,80
2021/10/24,5953,5761,45068,43147,59072,51570,62817,59216,74330,72576,88452,86337,60895,65096,39799,51150,12629,22727,5062,4832,41237,39551,55266,47589,59456,55465,70488,68246,84653,82572,58996,62937,38594,49489,12140,21761,674214,635025,79550,76323,109913,104013,42893,68,80
2021/10/23,5953,5761,45067,43147,59071,51569,62817,59215,74330,72576,88452,86337,60895,65096,39799,51150,12629,22727,5062,4832,41237,39551,55265,47589,59456,55465,70488,68246,84653,82572,58995,62937,38594,49489,12140,21761,674210,635023,79550,76323,109913,104013,42893,68,80
2021/10/22,5928,5728,44970,43079,58960,51480,62703,59136,74255,72511,88402,86309,60895,65092,39797,51148,12627,22727,5044,4813,41168,39495,55208,47536,59395,55419,70456,68211,84616,82560,58988,62932,38589,49482,12139,21761,673546,634676,79539,76321,109912,104011,42724,68,80
2021/10/21,5868,5686,44818,42955,58790,51344,62548,59019,74132,72419,88313,86255,60876,65077,39786,51131,12624,22720,4996,4775,41044,39362,55095,47419,59295,55294,70368,68139,84555,82513,58966,62898,38572,49464,12135,21752,672319,633659,79520,76308,109912,104011,42584,68,80
2021/10/20,5831,5634,44679,42823,58613,51192,62424,58922,74031,72342,88265,86209,60866,65059,39768,51114,12619,22704,4946,4703,40895,39202,54929,47258,59172,55151,70277,68040,84482,82448,58929,62861,38554,49442,12132,21740,671174,632297,79497,76286,109910,104011,42487,68,80
2021/10/19,5803,5595,44551,42714,58479,51087,62351,58850,73988,72274,88224,86180,60844,65042,39751,51101,12612,22692,4882,4646,40691,39018,54760,47092,59067,55008,70192,67944,84416,82387,58890,62818,38538,49421,12130,21719,670294,630836,79488,76274,109909,104009,42420,68,80
2021/10/18,5782,5582,44493,42651,58418,51031,62318,58808,73958,72239,88200,86167,60826,65027,39748,51092,12610,22687,4867,4632,40635,38968,54706,47031,59035,54956,70155,67902,84380,82358,58872,62803,38531,49404,12127,21709,669859,630364,79486,76264,109909,104007,42356,68,80
2021/10/17,5769,5563,44457,42630,58384,51002,62287,58786,73940,72219,88178,86151,60819,65023,39742,51083,12608,22677,4849,4609,40596,38939,54684,46994,59012,54927,70137,67884,84360,82339,58862,62794,38529,49400,12126,21704,669572,630071,79480,76257,109909,104007,42330,68,80
2021/10/16,5767,5561,44457,42630,58384,51000,62287,58786,73940,72219,88178,86151,60819,65023,39742,51083,12608,22677,4849,4608,40595,38937,54684,46992,59012,54927,70137,67883,84360,82339,58862,62794,38529,49400,12126,21704,669566,630066,79480,76255,109909,104007,42330,68,80
2021/10/15,5752,5541,44399,42579,58324,50951,62241,58756,73903,72179,88146,86126,60806,65020,39737,51078,12605,22674,4827,4587,40539,38886,54640,46959,58972,54885,70103,67853,84332,82321,58857,62789,38520,49397,12125,21700,669160,629705,79478,76255,109907,104007,42245,68,80
2021/10/14,5706,5509,44321,42490,58248,50857,62171,58684,73838,72116,88085,86090,60793,65002,39725,51060,12598,22659,4780,4528,40433,38750,54575,46881,58891,54791,70027,67776,84294,82280,58823,62767,38514,49382,12122,21691,668416,628849,79469,76238,109907,104005,42133,68,80
2021/10/13,5665,5445,44217,42374,58139,50756,62093,58595,73782,72048,88036,86048,60775,64976,39718,51049,12595,22650,4692,4458,40248,38515,54427,46651,58766,54621,69941,67649,84207,82203,58793,62730,38495,49340,12117,21677,667494,627152,79456,76216,109907,104005,42077,68,80
2021/10/12,5626,5415,44090,42251,58017,50637,62008,58512,73695,71984,87974,86002,60752,64946,39712,51032,12591,22637,4640,4392,40006,38286,54216,46453,58618,54469,69848,67537,84127,82131,58759,62686,38475,49312,12109,21664,666498,625430,79451,76214,109906,104005,41999,68,80
2021/10/11,5608,5401,44044,42197,57965,50577,61968,58469,73655,71950,87941,85978,60736,64933,39706,51018,12585,22625,4622,4377,39958,38241,54161,46402,58572,54423,69818,67499,84103,82097,58738,62662,38463,49285,12101,21642,666018,624910,79444,76209,109906,104004,41961,68,80
2021/10/10,5594,5388,44018,42168,57930,50552,61935,58441,73635,71930,87926,85966,60729,64928,39705,51014,12584,22622,4613,4367,39925,38217,54122,46368,58538,54401,69794,67482,84089,82085,58734,62655,38457,49279,12098,21640,665777,624661,79439,76204,109906,104003,41916,68,80
2021/10/09,5593,5387,44017,42163,57930,50552,61933,58441,73635,71930,87926,85966,60729,64928,39705,51014,12584,22622,4612,4367,39923,38215,54121,46368,58535,54401,69794,67482,84089,82085,58733,62655,38457,49279,12098,21640,665769,624656,79439,76204,109906,104000,41914,68,80
2021/10/08,5566,5366,43966,42116,57874,50494,61883,58407,73587,71902,87903,85954,60721,64919,39699,51005,12582,22618,4600,4345,39886,38173,54091,46333,58500,54359,69758,67461,84072,82072,58729,62643,38454,49275,12097,21638,665361,624376,79439,76201,109906,104000,41829,68,80
2021/10/07,5501,5288,43817,41979,57744,50364,61791,58321,73509,71827,87850,85915,60708,64895,39689,50995,12579,22610,4509,4252,39689,37944,53944,46137,58373,54197,69652,67351,84017,82011,58700,62599,38433,49259,12090,21630,664299,622793,79423,76187,109906,104000,41727,68,80
2021/10/06,5475,5247,43676,41865,57628,50276,61709,58228,73440,71760,87791,85870,60693,64870,39676,50971,12576,22593,4447,4198,39526,37765,53810,45983,58271,54061,69561,67241,83952,81937,58665,62560,38418,49234,12089,21611,663365,621428,79406,76183,109905,103999,41639,68,80
2021/10/05,5435,5209,43545,41722,57515,50139,61591,58150,73369,71695,87737,85811,60674,64850,39665,50953,12573,22575,4400,4150,39393,37616,53692,45854,58171,53938,69461,67163,83892,81877,58639,62527,38399,49210,12083,21607,662318,620266,79400,76174,109905,103996,41556,68,80
2021/10/04,5406,5196,43467,41652,57443,50063,61544,58107,73316,71649,87703,85786,60655,64831,39660,50945,12569,22563,4381,4131,39318,37565,53623,45791,58134,53890,69425,67110,83863,81850,58613,62507,38389,49200,12081,21604,661760,619785,79394,76151,109905,103992,41467,68,80
2021/10/03,5396,5180,43437,41615,57388,50026,61508,58070,73285,71622,87679,85762,60644,64820,39650,50937,12566,22554,4373,4121,39287,37533,53592,45772,58108,53860,69405,67090,83843,81832,58602,62493,38384,49199,12080,21601,661422,619562,79392,76150,109905,103992,41391,68,80
2021/10/02,5396,5180,43436,41614,57385,50025,61508,58069,73285,71622,87679,85762,60644,64820,39650,50937,12566,22554,4373,4121,39286,37533,53592,45772,58108,53860,69404,67089,83843,81832,58601,62492,38384,49199,12080,21601,661417,619561,79390,76150,109905,103988,41391,68,80
2021/10/01,5383,5159,43361,41547,57316,49959,61448,58034,73232,71584,87641,85731,60628,64809,39645,50929,12566,22554,4356,4109,39232,37479,53544,45741,58070,53822,69369,67063,83819,81809,58594,62491,38381,49197,12080,21600,660929,619266,79389,76149,109905,103987,41274,68,80
2021/09/30,5309,5079,43184,41356,57155,49790,61327,57890,73137,71474,87568,85683,60604,64770,39627,50908,12562,22546,4237,3980,38998,37209,53386,45548,57929,53652,69267,66942,83742,81735,58577,62454,38365,49171,12074,21597,659612,617604,79376,76148,109905,103984,41047,68,80
2021/09/29,5273,5042,43039,41206,57008,49655,61232,57790,73051,71387,87509,85634,60579,64747,39612,50891,12559,22537,4152,3921,38809,36986,53243,45398,57835,53525,69174,66834,83676,81651,58533,62428,38353,49154,12071,21587,658578,616239,79354,76143,109905,103983,40885,68,80
2021/09/28,5231,4998,42831,41048,56861,49516,61126,57683,72969,71298,87448,85564,60549,64724,39598,50870,12554,22516,4093,3868,38614,36798,53099,45259,57735,53414,69091,66746,83600,81579,58505,62398,38340,49136,12069,21583,657382,615002,79346,76142,109904,103980,40723,68,80
2021/09/27,5199,4976,42738,40968,56765,49432,61038,57602,72907,71244,87399,85524,60526,64697,39576,50848,12546,22485,4079,3852,38529,36739,53015,45208,57660,53359,69054,66702,83557,81544,58482,62376,38329,49122,12066,21572,656726,614607,79338,76111,109904,103974,40473,68,80
2021/09/26,5186,4950,42692,40933,56734,49397,61020,57578,72883,71223,87385,85502,60518,64690,39572,50844,12545,22484,4068,3845,38507,36721,52978,45177,57636,53342,69031,66679,83538,81530,58475,62368,38324,49118,12066,21572,656480,614424,79332,76106,109904,103974,40391,68,80
2021/09/25,5186,4949,42688,40931,56734,49396,61020,57577,72882,71221,87385,85502,60518,64690,39572,50844,12545,22484,4068,3845,38503,36718,52977,45177,57635,53340,69031,66677,83538,81530,58474,62367,38324,49118,12066,21572,656474,614415,79330,76104,109904,103974,40387,68,80
2021/09/24,5167,4938,42600,40849,56667,49330,60953,57521,72819,71161,87345,85461,60505,64681,39567,50840,12544,22482,4063,3837,38444,36667,52928,45131,57584,53298,68985,66621,83504,81505,58463,62361,38321,49115,12065,21570,656116,614254,79326,76101,109904,103973,40054,68,80
2021/09/23,5094,4837,42326,40578,56442,49119,60782,57316,72661,71025,87213,85367,60453,64641,39548,50804,12539,22455,3985,3750,38206,36486,52738,44967,57433,53158,68848,66512,83405,81418,58425,62322,38308,49092,12060,21556,654523,613098,79313,76090,109903,103971,39430,68,80
2021/09/22,5055,4782,42173,40395,56265,48936,60635,57160,72551,70890,87121,85288,60418,64593,39529,50767,12536,22440,3944,3700,38067,36339,52577,44829,57303,53032,68768,66413,83314,81335,58391,62287,38291,49072,12057,21547,653225,612055,79299,76086,109903,103969,39076,68,80
2021/09/21,5019,4727,41972,40149,56036,48709,60472,57010,72458,70770,87033,85205,60379,64549,39512,50727,12527,22426,3897,3665,37903,36192,52419,44688,57180,52934,68697,66334,83238,81271,58362,62262,38267,49050,12052,21534,651650,611013,79298,76086,109903,103968,38798,68,80
2021/09/20,4993,4705,41865,40065,55904,48611,60369,56926,72380,70705,86975,85150,60354,64529,39499,50707,12521,22407,3889,3651,37821,36118,52303,44610,57097,52874,68635,66283,83187,81227,58339,62245,38257,49024,12049,21529,650941,610564,79285,76034,109903,103955,38505,68,80
2021/09/19,4988,4701,41821,40037,55829,48563,60320,56885,72339,70692,86949,85136,60347,64520,39498,50699,12521,22405,3879,3648,37789,36094,52258,44592,57064,52863,68599,66267,83164,81208,58331,62239,38254,49020,12049,21527,650682,610426,79283,76032,109900,103953,38354,68,80
2021/09/18,4986,4699,41809,40032,55811,48549,60302,56875,72327,70680,86939,85132,60342,64517,39497,50699,12521,22404,3878,3648,37785,36091,52242,44587,57053,52853,68590,66259,83154,81204,58326,62236,38252,49019,12049,21527,650628,610409,79282,76032,109900,103953,38279,68,80
2021/09/17,4931,4648,41659,39910,55698,48404,60161,56753,72190,70565,86870,85059,60307,64495,39488,50693,12518,22398,3846,3621,37678,36004,52149,44470,56965,52761,68482,66182,83094,81146,58294,62219,38245,49011,12047,21523,649796,609934,79281,76032,109898,103953,37738,68,80
2021/09/16,4834,4547,41378,39639,55444,48116,59926,56479,71997,70385,86741,84927,60255,64438,39466,50670,12507,22383,3741,3518,37402,35786,51942,44233,56780,52556,68336,66034,82984,81047,58241,62184,38226,48988,12038,21512,647877,608450,79274,76026,109893,103938,37054,68,80
2021/09/15,4769,4483,41142,39383,55199,47834,59710,56262,71840,70242,86622,84822,60213,64383,39440,50646,12503,22366,3681,3470,37198,35600,51767,44022,56642,52412,68228,65934,82887,80945,58194,62150,38203,48963,12036,21498,646103,607233,79272,76023,109892,103938,36556,68,80
2021/09/14,4741,4453,41019,39254,55070,47741,59617,56141,71740,70145,86544,84763,60194,64356,39426,50634,12500,22362,3667,3457,37125,35526,51673,43966,56570,52341,68152,65871,82829,80908,58176,62124,38188,48943,12030,21490,645322,606818,79272,76023,109892,103937,36178,68,80
2021/09/13,4713,4439,40914,39150,54979,47645,59553,56041,71668,70090,86500,84722,60164,64324,39420,50623,12496,22357,3646,3439,37048,35456,51585,43906,56510,52277,68087,65834,82788,80881,58152,62097,38179,48932,12029,21484,644612,606368,79271,75972,109891,103922,35988,68,80
2021/09/12,4704,4425,40881,39124,54958,47621,59526,56010,71639,70058,86486,84702,60156,64315,39418,50620,12495,22353,3637,3435,37011,35426,51566,43886,56484,52259,68066,65806,82767,80862,58141,62083,38174,48921,12029,21482,644396,606161,79262,75966,109890,103921,35907,68,80
2021/09/11,4695,4423,40866,39098,54931,47594,59507,55993,71616,70046,86475,84694,60155,64312,39417,50619,12495,22351,3634,3433,36994,35415,51545,43867,56471,52246,68043,65795,82754,80858,58139,62082,38172,48921,12029,21481,644301,606115,79262,75965,109890,103921,35798,68,80
2021/09/10,4649,4383,40686,38927,54773,47458,59389,55841,71489,69943,86387,84613,60127,64284,39407,50607,12491,22344,3616,3414,36868,35325,51435,43774,56377,52154,67949,65729,82681,80802,58120,62061,38163,48907,12022,21475,643394,605689,79259,75965,109890,103921,35217,68,80
2021/09/09,4575,4295,40443,38708,54581,47231,59212,55621,71341,69772,86285,84518,60102,64241,39388,50581,12483,22339,3558,3349,36655,35150,51259,43621,56224,51989,67808,65610,82571,80723,58078,62014,38147,48886,12019,21467,641912,604548,79258,75963,109890,103921,34617,68,79
2021/09/08,4476,4200,40218,38449,54379,47048,59038,55452,71230,69654,86192,84439,60067,64201,39380,50548,12477,22332,3448,3244,36371,34880,51022,43404,56024,51801,67671,65479,82457,80619,58043,61959,38124,48848,12008,21456,640490,602798,79252,75952,109889,103921,34108,68,79
2021/09/07,4402,4138,40016,38280,54247,46927,58933,55344,71152,69564,86130,84373,60043,64173,39369,50533,12474,22329,3419,3218,36243,34773,50917,43323,55939,51736,67601,65412,82392,80563,58011,61927,38112,48826,12002,21448,639470,602134,79244,75942,109884,103920,33787,68,79
2021/09/06,4361,4090,39911,38177,54166,46854,58866,55270,71106,69509,86086,84335,60024,64156,39366,50529,12472,22325,3386,3194,36128,34658,50822,43251,55854,51651,67541,65341,82338,80501,57985,61896,38102,48814,12001,21446,638791,601375,79244,75904,109882,103908,33643,68,79
2021/09/05,4348,4073,39877,38147,54144,46821,58828,55243,71078,69484,86062,84312,60020,64153,39363,50524,12471,22321,3382,3187,36101,34637,50792,43227,55820,51630,67522,65324,82320,80485,57977,61891,38099,48808,11999,21443,638563,601219,79243,75900,109881,103907,33539,68,79
2021/09/04,4348,4071,39868,38144,54141,46813,58827,55241,71076,69480,86058,84305,60020,64151,39363,50524,12471,22321,3381,3186,36089,34634,50789,43219,55816,51629,67520,65320,82317,80481,57976,61889,38099,48808,11999,21443,638543,601200,79243,75899,109881,103905,33512,68,79
2021/09/03,4311,4042,39755,38033,54041,46741,58749,55159,71007,69420,85993,84276,60003,64136,39357,50518,12468,22318,3367,3170,36009,34565,50701,43171,55752,51572,67462,65277,82271,80447,57962,61874,38091,48802,11993,21442,637977,600867,79242,75893,109881,103905,33184,68,79
2021/09/02,4270,3999,39578,37874,53897,46581,58607,55031,70880,69301,85916,84211,59955,64099,39334,50490,12466,22308,3349,3155,35884,34479,50590,43087,55650,51482,67361,65196,82198,80383,57915,61842,38074,48778,11988,21435,636956,600299,79241,75892,109881,103900,32676,68,79
2021/09/01,4209,3929,39384,37701,53733,46438,58486,54917,70786,69214,85854,84134,59912,64068,39318,50477,12464,22297,3215,3034,35550,34134,50355,42823,55451,51286,67201,65030,82064,80277,57868,61785,38042,48752,11984,21429,635833,598087,79230,75881,109880,103899,32335,68,78
2021/08/31,4160,3881,39247,37548,53600,46325,58383,54811,70698,69140,85776,84078,59883,64040,39300,50448,12462,22294,3194,3017,35429,34030,50211,42723,55339,51203,67108,64962,81983,80224,57830,61749,38028,48732,11978,21426,634893,597503,79228,75880,109878,103672,32033,67,78
2021/08/30,4109,3836,39135,37423,53496,46241,58298,54732,70636,69062,85715,84030,59865,64015,39289,50437,12460,22288,3181,2998,35355,33958,50134,42663,55264,51132,67047,64899,81930,80166,57804,61722,38014,48711,11977,21415,634048,596913,79225,75845,109878,103660,31874,67,78
2021/08/29,4098,3827,39116,37404,53478,46224,58282,54712,70628,69052,85699,84013,59863,64012,39285,50433,12459,22287,3175,2991,35324,33932,50104,42644,55250,51104,67022,64872,81907,80151,57794,61706,38009,48705,11974,21414,633926,596709,79221,75827,109878,103659,31805,67,78
2021/08/28,4098,3827,39114,37404,53477,46223,58282,54712,70627,69050,85699,84013,59863,64012,39285,50433,12459,22287,3175,2991,35324,33931,50103,42643,55248,51104,67021,64871,81907,80151,57794,61706,38009,48705,11974,21414,633921,596705,79221,75827,109878,103658,31803,67,78
2021/08/27,4063,3786,38993,37305,53376,46118,58200,54618,70538,68972,85635,83954,59837,63989,39273,50423,12459,22285,3168,2974,35221,33872,49998,42577,55176,51030,66927,64808,81852,80111,57769,61685,37998,48695,11973,21413,633286,596286,79221,75827,109873,103655,31402,67,77
2021/08/26,3978,3723,38802,37120,53207,45948,58064,54468,70408,68858,85506,83864,59791,63943,39249,50403,12452,22275,3141,2936,35042,33696,49843,42406,55015,50868,66795,64677,81706,79997,57720,61624,37970,48669,11968,21405,632100,595107,79218,75816,109870,103649,30829,67,77
2021/08/25,3882,3655,38632,36921,53050,45754,57948,54326,70305,68756,85413,83769,59753,63901,39231,50384,12450,22268,3024,2801,34655,33280,49565,42085,54774,50603,66600,64472,81526,79825,57635,61542,37948,48631,11956,21393,630845,592351,79217,75814,109869,103648,30425,67,77
2021/08/24,3861,3639,38545,36848,52971,45684,57891,54272,70251,68710,85368,83729,59722,63875,39222,50367,12447,22258,2981,2771,34507,33153,49442,41996,54685,50517,66497,64378,81435,79748,57585,61497,37940,48615,11952,21384,630407,591424,79213,75809,109868,103643,30130,67,77
2021/08/23,3833,3603,38447,36752,52888,45620,57834,54207,70192,68659,85313,83689,59704,63848,39212,50354,12445,22250,2963,2740,34367,33016,49316,41919,54584,50432,66402,64282,81345,79684,57549,61447,37920,48595,11951,21373,629870,590541,79209,75775,109866,103629,29863,67,77
2021/08/22,3825,3602,38417,36738,52873,45601,57817,54193,70165,68640,85296,83675,59694,63838,39210,50345,12440,22248,2955,2721,34317,32977,49287,41882,54548,50405,66359,64257,81309,79657,57534,61433,37917,48586,11946,21370,629761,590250,79207,75763,109865,103628,29742,67,77
2021/08/21,3822,3599,38397,36732,52863,45590,57803,54187,70150,68629,85290,83666,59687,63836,39209,50345,12440,22248,2955,2721,34304,32972,49274,41871,54534,50400,66347,64245,81303,79650,57530,61432,37917,48586,11946,21370,629719,590230,79206,75761,109864,103627,29662,67,77
2021/08/20,3802,3567,38327,36662,52781,45515,57726,54123,70075,68576,85227,83618,59669,63815,39206,50341,12440,22242,2937,2707,34205,32867,49158,41800,54441,50323,66251,64177,81233,79596,57510,61408,37911,48581,11945,21366,629347,589701,79204,75758,109862,103623,29257,67,77
2021/08/19,3774,3533,38157,36521,52617,45374,57603,54019,69946,68456,85127,83542,59639,63771,39191,50324,12436,22230,2902,2654,33852,32618,48865,41554,54222,50126,66043,63989,81056,79461,57454,61336,37864,48543,11940,21355,628454,587780,79202,75659,109853,103609,28709,67,77
2021/08/18,3724,3483,37970,36365,52486,45251,57506,53913,69836,68360,85051,83478,59599,63727,39176,50304,12434,22222,2832,2581,33470,32206,48559,41298,53966,49846,65823,63777,80872,79299,57371,61248,37828,48500,11936,21343,627444,585198,79199,75529,109851,103602,28349,67,77
2021/08/17,3663,3435,37808,36206,52363,45125,57426,53816,69740,68273,84977,83416,59564,63694,39163,50281,12430,22214,2732,2504,33075,31761,48231,40981,53672,49556,65574,63534,80670,79089,57262,61137,37787,48451,11923,21331,626484,582074,79199,75516,109846,103580,28023,67,77
2021/08/16,3607,3380,37664,36064,52268,45026,57353,53745,69670,68204,84924,83371,59543,63665,39149,50264,12424,22206,2599,2396,32516,31202,47838,40566,53280,49167,65269,63265,80446,78892,57185,61021,37754,48396,11914,21309,625577,578031,79195,75480,109846,103560,27867,67,77
2021/08/15,3598,3371,37630,36039,52235,45008,57327,53711,69653,68188,84913,83361,59531,63661,39146,50255,12424,22204,2582,2385,32434,31106,47766,40500,53217,49105,65224,63223,80401,78865,57167,61002,37746,48383,11913,21305,625386,577462,79195,75450,109845,103548,27787,67,77
2021/08/14,3593,3366,37622,36032,52228,45004,57321,53704,69649,68185,84905,83357,59524,63657,39145,50253,12424,22204,2581,2383,32425,31098,47755,40496,53208,49096,65221,63220,80394,78863,57162,60998,37745,48381,11913,21305,625352,577428,79192,75449,109845,103548,27742,67,77
2021/08/13,3576,3352,37550,35989,52165,44952,57255,53653,69580,68144,84839,83321,59502,63645,39134,50238,12421,22198,2558,2355,32283,30980,47626,40396,53087,48995,65119,63140,80305,78813,57139,60976,37732,48371,11911,21300,625037,576617,79192,75446,109845,103548,27398,67,77
2021/08/12,3537,3324,37422,35866,52073,44861,57181,53566,69486,68071,84766,83254,59473,63620,39122,50225,12421,22195,2479,2265,31752,30493,47242,40042,52693,48640,64791,62908,80085,78601,57046,60887,37688,48328,11906,21283,624309,573121,79191,75414,109843,103440,27077,67,77
2021/08/11,3494,3282,37267,35720,51961,44750,57062,53443,69387,67979,84680,83173,59432,63582,39101,50209,12417,22191,2359,2185,31104,29870,46732,39653,52263,48204,64487,62629,79873,78397,56948,60781,37652,48255,11893,21266,623398,569069,79183,75391,109841,103351,26664,67,76
2021/08/10,3446,3237,37107,35572,51849,44627,56956,53338,69323,67907,84614,83116,59407,63545,39083,50195,12410,22186,2192,2035,30219,28888,45997,38950,51594,47598,64101,62265,79622,78156,56843,60676,37607,48187,11885,21254,622451,562851,79181,75390,109838,103348,26404,67,76
2021/08/09,3409,3208,37011,35463,51768,44558,56896,53296,69292,67864,84584,83084,59389,63530,39071,50176,12409,22184,2056,1915,29508,28143,45327,38363,51020,47013,63730,61907,79343,77907,56721,60579,37564,48132,11878,21240,621856,558728,79179,73944,109837,103322,26276,67,76
2021/08/08,3400,3194,36983,35445,51743,44529,56880,53286,69274,67845,84563,83067,59384,63525,39066,50169,12408,22183,2022,1890,29381,28001,45177,38268,50920,46928,63674,61848,79294,77866,56684,60560,37554,48121,11878,21237,621676,557790,79177,73936,109836,103290,26211,67,76
2021/08/07,3400,3194,36981,35439,51733,44528,56877,53286,69270,67841,84562,83065,59383,63525,39066,50169,12408,22183,2022,1890,29371,27993,45162,38264,50918,46923,63671,61842,79290,77863,56682,60559,37553,48121,11878,21236,621668,557754,79176,73933,109836,103289,26186,67,76
2021/08/06,3389,3179,36916,35384,51653,44462,56811,53244,69227,67809,84530,83037,59371,63505,39055,50162,12405,22181,1984,1847,29130,27761,44951,38079,50738,46776,63534,61722,79191,77795,56657,60533,37538,48111,11874,21233,621387,556286,79172,73924,109836,103287,25881,67,76
2021/08/05,3356,3140,36761,35252,51540,44327,56688,53127,69110,67695,84403,82961,59328,63452,39032,50142,12395,22171,1864,1716,28432,27142,44364,37592,50174,46318,63174,61423,78899,77576,56547,60439,37500,48057,11865,21217,620582,551952,79169,73914,109835,103107,25250,67,76
2021/08/04,3297,3077,36560,35081,51390,44176,56548,53012,68985,67565,84287,82847,59260,63394,39014,50114,12391,22161,1663,1538,27287,26024,43403,36713,49213,45411,62583,60814,78402,77134,56336,60258,37441,47968,11851,21197,619487,543602,79159,73872,109835,103054,24632,67,76
2021/08/03,3223,3019,36340,34882,51241,44037,56424,52890,68854,67451,84198,82774,59216,63349,38994,50084,12382,22146,1461,1333,26204,24909,42459,35813,48312,44524,62037,60280,77954,76730,56165,60071,37379,47880,11833,21165,618142,535244,79151,73823,109827,103028,24338,67,76
2021/08/02,3178,2965,36197,34733,51132,43925,56330,52791,68766,67359,84113,82700,59176,63300,38979,50064,12374,22134,1271,1168,25301,23920,41611,35067,47583,43780,61553,59804,77568,76385,56000,59921,37330,47801,11816,21144,617170,528267,79148,73768,109825,102885,24027,67,76
2021/08/01,3173,2959,36180,34711,51103,43905,56310,52764,68735,67346,84099,82688,59170,63295,38977,50060,12374,22134,1226,1137,25041,23671,41362,34864,47350,43582,61412,59667,77452,76287,55964,59892,37315,47788,11812,21140,617021,526399,79145,73724,109824,102816,23947,67,76
2021/07/31,3172,2958,36174,34710,51103,43903,56308,52763,68733,67344,84099,82686,59169,63294,38977,50060,12374,22133,1223,1136,25034,23655,41354,34853,47345,43575,61404,59665,77450,76284,55964,59888,37315,47788,11812,21139,617006,526326,79145,73723,109820,102815,23944,66,76
2021/07/30,3155,2945,36112,34647,51031,43853,56243,52700,68677,67304,84061,82646,59157,63281,38973,50053,12371,22130,1166,1081,24711,23347,41080,34639,47083,43378,61215,59534,77300,76168,55932,59849,37301,47776,11812,21139,616710,524387,79141,73720,109817,102703,23626,66,75
2021/07/29,3131,2916,35973,34526,50901,43725,56149,52600,68606,67240,83990,82594,59132,63263,38960,50044,12371,22129,1022,964,23754,22364,40197,33883,46180,42594,60669,59088,76939,75861,55811,59711,37261,47721,11805,21128,615838,517320,79123,73594,109816,102535,23428,66,75
2021/07/28,3081,2861,35730,34287,50680,43551,55952,52449,68458,67097,83875,82496,59079,63216,38937,50007,12361,22121,823,808,22532,21129,38871,32777,44858,41411,59859,58425,76428,75404,55616,59521,37193,47615,11791,21103,614461,507495,79118,73423,109816,102375,22796,66,75
2021/07/27,3056,2842,35622,34170,50593,43468,55872,52399,68396,67028,83814,82423,59039,63173,38925,49992,12360,22112,668,649,21297,19743,37443,31447,43489,40110,59230,57828,76005,74989,55453,59343,37135,47560,11780,21080,613733,497082,79102,73242,109815,102263,22587,66,75
2021/07/26,3037,2823,35561,34074,50534,43413,55831,52350,68352,66992,83778,82394,59025,63157,38913,49980,12359,22110,566,564,20279,18646,36193,30333,42214,38960,58734,57422,75717,74735,55356,59243,37114,47525,11774,21066,613209,488834,79095,72916,109815,102099,22517,66,75
2021/07/25,3027,2818,35513,34033,50488,43365,55803,52327,68329,66967,83746,82370,59009,63150,38910,49977,12356,22104,497,493,19881,18282,35770,30001,41799,38653,58537,57265,75558,74625,55309,59203,37092,47506,11771,21062,612912,486092,79089,72640,109815,102068,22429,66,75
2021/07/24,3027,2818,35506,34030,50485,43361,55801,52326,68328,66967,83744,82369,59009,63150,38909,49977,12356,22104,497,493,19872,18268,35758,29989,41791,38652,58532,57262,75554,74623,55309,59203,37091,47506,11771,21062,612903,486040,79088,72639,109815,102065,22414,66,75
2021/07/23,3003,2792,35354,33912,50337,43260,55684,52219,68230,66873,83654,82317,58978,63122,38899,49972,12351,22101,471,477,19632,18046,35497,29809,41520,38466,58364,57131,75417,74543,55269,59179,37079,47496,11765,21056,612278,484903,79088,72346,109815,102063,21830,66,75
2021/07/22,2952,2708,34916,33545,50028,43025,55422,51992,68001,66690,83479,82169,58892,63029,38863,49925,12340,22083,427,428,18841,17387,34403,29071,40391,37631,57624,56659,74862,74168,55086,58999,37014,47413,11744,21030,610138,479366,79074,70911,109810,101840,20987,66,74
2021/07/21,2897,2650,34604,33224,49784,42812,55234,51803,67807,66506,83350,82043,58827,62976,38832,49887,12329,22073,385,387,18015,16572,33088,28077,39128,36670,56925,56096,74408,73803,54940,58823,36948,47329,11732,20997,608308,473457,79023,68718,109809,101626,20448,66,74
2021/07/20,2821,2588,34247,32837,49501,42579,55063,51607,67625,66348,83209,81923,58764,62920,38804,49842,12328,22058,329,307,16870,15456,31368,26682,37392,35211,56123,55442,73861,73355,54770,58634,36897,47244,11714,20959,606215,464272,78988,66983,109808,101283,20002,66,74
2021/07/19,2737,2516,33687,32277,49192,42269,54788,51342,67429,66135,83033,81754,58697,62838,38759,49790,12321,22043,295,259,16212,14892,30417,26002,36526,34495,55680,55020,73531,73115,54683,58548,36860,47193,11708,20937,603014,460559,78927,64824,109807,101109,19808,66,73
2021/07/18,2709,2498,33587,32159,49098,42214,54732,51280,67368,66084,82990,81712,58669,62812,38748,49778,12319,22036,279,238,15890,14628,29846,25625,36031,34142,55427,54858,73386,73014,54641,58509,36852,47179,11707,20933,602399,459109,78910,63296,109806,101081,19627,66,72
2021/07/17,2709,2498,33586,32157,49092,42212,54728,51278,67368,66083,82990,81711,58669,62811,38748,49778,12319,22036,279,238,15885,14621,29829,25608,36026,34137,55422,54857,73386,73014,54641,58509,36852,47179,11707,20933,602388,459055,78909,63292,109799,101078,19626,66,72
2021/07/16,2650,2433,32980,31639,48600,41864,54338,50942,66986,65762,82677,81478,58551,62698,38699,49729,12315,22029,271,227,15471,14298,29335,25233,35579,33805,55084,54602,73126,72820,54530,58420,36818,47141,11704,20929,600171,457647,78904,63162,109798,101071,17441,66,72
2021/07/15,2518,2302,32121,30856,47982,41288,53763,50460,66559,65413,82423,81236,58461,62601,38665,49686,12307,22011,242,201,14640,13624,28011,24403,34269,32989,54403,54199,72711,72595,54437,58323,36789,47107,11697,20913,595153,453441,78892,60800,109797,100486,16754,66,72
2021/07/14,2412,2215,31581,30330,47495,40856,53345,50065,66230,65137,82184,80986,58359,62505,38632,49636,12297,21998,195,162,13397,12495,26013,22940,32362,31465,53652,53600,72200,72254,54296,58198,36746,47046,11687,20897,591313,444277,78873,58887,109796,100148,16222,66,71
2021/07/13,2355,2145,31315,30062,47222,40629,53096,49840,66023,64951,82016,80838,58293,62429,38606,49599,12287,21986,171,140,12407,11657,24284,21634,30421,29871,52455,52425,71380,71457,54045,57921,36659,46931,11669,20869,589159,437531,78858,55974,109789,96993,15827,66,71
2021/07/12,2129,1938,30454,29132,46570,40093,52525,49271,65633,64562,81738,80568,58157,62303,38564,49542,12277,21965,149,123,11655,11029,22891,20652,28678,28488,51489,51561,70636,70838,53787,57641,36593,46813,11656,20838,582930,429405,78840,53400,109789,96839,15803,66,70
2021/07/11,2084,1900,30333,29027,46504,40021,52472,49208,65576,64507,81677,80525,58135,62283,38558,49524,12272,21960,146,115,11493,10882,22617,20460,28312,28213,51283,51415,70463,70693,53734,57561,36571,46796,11647,20831,582113,427332,78832,53357,109787,96700,15776,65,67
2021/07/10,2084,1898,30330,29019,46498,40015,52469,49205,65573,64506,81675,80522,58135,62281,38557,49524,12272,21960,146,115,11480,10864,22599,20442,28296,28200,51276,51410,70459,70690,53734,57561,36570,46796,11647,20831,582080,427238,78830,53355,109787,96688,15768,65,67
2021/07/09,2040,1860,30097,28788,46281,39833,52285,49035,65411,64393,81569,80441,58105,62251,38542,49509,12268,21958,145,109,11096,10593,21956,20002,27627,27648,50568,50841,69875,70278,53632,57472,36547,46761,11642,20820,580881,426152,78824,53040,109782,93231,15122,64,67
2021/07/08,1901,1733,29436,28257,45671,39329,51729,48566,65009,64081,81268,80206,58011,62159,38510,49458,12263,21944,108,81,9920,9492,20015,18369,25153,25663,49527,50037,69244,69737,53405,57258,36471,46674,11627,20794,576614,415614,78802,50607,109766,92995,14292,64,67
2021/07/07,1688,1535,28323,27055,44627,38361,50638,47568,64351,63441,80725,79722,57808,61928,38443,49373,12250,21903,84,70,9387,9021,18920,17535,23751,24461,48700,49388,68694,69244,53203,57015,36394,46575,11611,20755,567340,409260,78786,48990,109764,92699,13792,64,67
2021/07/06,1486,1377,27246,26017,43606,37440,49699,46635,63751,62880,80288,79310,57625,61744,38387,49278,12226,21876,63,45,8676,8283,17589,16528,22134,23181,48091,48935,68314,68975,53085,56902,36344,46538,11604,20740,559078,401793,78776,48559,109761,92409,13199,64,67
2021/07/05,1329,1253,26104,24776,42528,36442,48649,45565,63085,62303,79850,78907,57452,61554,38334,49202,12217,21853,51,35,8422,8056,17083,16203,21569,22792,47780,48708,68116,68826,53031,56827,36318,46518,11601,20735,549784,399181,78767,48240,109761,92152,13033,64,65
2021/07/04,1264,1189,25783,24450,42215,36180,48395,45376,62938,62167,79736,78810,57416,61513,38323,49183,12215,21850,44,34,8164,7894,16808,16006,21285,22592,47656,48609,68031,68746,53007,56803,36303,46513,11599,20734,547461,398133,78737,47578,109760,92065,12987,64,65
2021/07/03,1264,1188,25775,24436,42202,36173,48393,45376,62934,62166,79735,78809,57415,61513,38323,49183,12215,21850,44,34,8157,7887,16797,15996,21278,22585,47649,48608,68025,68744,53006,56802,36303,46513,11599,20734,547427,398094,78736,47577,109760,92056,12969,64,65
2021/07/02,1196,1131,25458,24087,41881,35896,48134,45119,62791,62019,79661,78738,57398,61490,38317,49171,12211,21845,43,31,7978,7736,16421,15730,20832,22279,46682,47827,67525,68393,52921,56709,36288,46495,11598,20731,545048,395598,78734,47572,109754,90035,12949,64,65
2021/07/01,1141,1079,25083,23723,41496,35545,47737,44768,62541,61779,79472,78566,57335,61427,38286,49130,12204,21835,37,27,7587,7396,15606,14940,19659,21242,45138,46342,66306,67316,52611,56405,36189,46375,11574,20704,541896,389750,78633,46744,109744,86079,12816,64,65
2021/06/30,1068,1013,24661,23279,41067,35173,47325,44388,62311,61572,79303,78417,57254,61347,38258,49077,12196,21814,30,20,7211,7037,14654,14141,18221,20035,41915,43608,64608,65865,52142,55903,36039,46180,11546,20655,538441,377697,78599,46046,109741,83318,12684,64,65
2021/06/29,977,904,24159,22746,40550,34751,46894,43971,62051,61287,79090,78237,57175,61283,38229,49033,12190,21795,21,18,6934,6727,13986,13636,17059,19108,37577,39920,63250,64606,51652,55402,35905,45999,11515,20611,534359,362344,78590,45832,109741,83111,12574,64,65
2021/06/28,948,871,23821,22354,40090,34358,46474,43601,61811,61031,78899,78080,57101,61214,38200,49003,12187,21780,19,10,6624,6409,13325,13133,16039,18268,33928,36867,62122,63570,51297,55003,35810,45848,11490,20573,532587,353654,76904,41125,109738,82955,12536,64,65
2021/06/27,934,858,23725,22262,40011,34295,46416,43540,61778,60992,78862,78049,57086,61203,38194,48996,12186,21775,18,9,6530,6338,13087,12991,15614,18030,33090,36220,61860,63368,51207,54932,35793,45826,11488,20569,531965,350743,76897,40853,109732,82799,12510,64,65
2021/06/26,934,858,23719,22255,40002,34292,46413,43537,61777,60991,78861,78049,57086,61203,38194,48995,12186,21775,17,9,6527,6329,13078,12975,15604,18020,33084,36218,61852,63365,51205,54926,35793,45826,11488,20568,531936,350663,76896,40852,109730,82797,12507,64,65
2021/06/25,911,831,23608,22138,39916,34204,46332,43465,61732,60942,78814,78026,57074,61191,38191,48992,12185,21773,16,8,6430,6213,12968,12844,15465,17856,32364,35556,61461,63038,51127,54843,35785,45805,11485,20567,531138,347646,76894,40838,109729,82776,12506,64,65
2021/06/24,844,773,23218,21720,39559,33891,45980,43160,61526,60747,78654,77887,57020,61136,38169,48962,12180,21762,15,5,6090,5918,12402,12378,14754,17167,29056,32838,59175,61177,50537,54244,35649,45596,11467,20519,528176,333811,76844,40571,109726,82158,12384,64,63
2021/06/23,740,679,22572,21065,38987,33302,45324,42452,61159,60354,78405,77636,56914,61001,38123,48909,12170,21742,13,4,5934,5725,12033,12019,14241,16632,25696,30078,57531,59640,50011,53698,35527,45423,11446,20475,522594,324340,76788,37635,109723,81718,12371,64,62
2021/06/22,679,614,22147,20625,38583,32878,44887,41990,60886,60068,78200,77395,56817,60892,38087,48838,12157,21720,11,3,5747,5590,11706,11750,13804,16256,21352,26545,55445,57934,49407,53085,35347,45206,11425,20431,518793,309935,76661,37580,109718,81234,12233,64,62
2021/06/21,642,573,21894,20386,38331,32644,44640,41714,60695,59856,78068,77254,56763,60806,38062,48798,12148,21704,9,3,5616,5479,11397,11548,13461,15987,19794,25311,54522,57161,47181,50615,34746,44479,11402,20372,516733,304574,76461,37512,109700,74914,12022,63,61
2021/06/20,613,553,21606,20093,38031,32362,44354,41452,60543,59688,77930,77107,56714,60759,38042,48781,12145,21697,9,3,5556,5433,11262,11456,13302,15856,19394,24983,54249,56977,45519,48630,34178,43842,11381,20351,514325,303921,76380,36756,109688,69629,12016,62,59
2021/06/19,611,553,21601,20079,38015,32353,44350,41446,60536,59684,77928,77104,56711,60758,38042,48780,12145,21697,9,3,5550,5424,11257,11451,13292,15848,19386,24973,54234,56965,45510,48620,34177,43842,11381,20351,514254,303833,76374,36750,109688,69615,12016,62,59
2021/06/18,597,539,21502,19967,37946,32295,44274,41359,60480,59638,77883,77062,56689,60736,38037,48767,12144,21696,9,3,5456,5259,10958,10915,12914,15267,18843,23952,53375,55651,45303,48455,34149,43793,11375,20339,513488,302246,76367,36748,109682,64949,12014,61,59
2021/06/17,511,447,20782,19255,37187,31662,43479,40606,60069,59270,77583,76810,56574,60607,37987,48698,12131,21671,8,3,5265,5046,10571,10360,12386,14493,17904,22587,51799,53700,44148,47101,33832,43392,11327,20255,507495,294894,76274,36617,109672,60781,11828,61,57
2021/06/16,406,368,19983,18312,36201,30733,42469,39634,59525,58784,77192,76490,56430,60454,37929,48610,12121,21648,8,3,5079,4890,10053,10035,11645,13987,16351,21283,47910,50151,42389,45079,33362,42818,11264,20127,500129,278661,75736,36418,109657,59592,11707,61,56
2021/06/15,296,265,19177,17465,35276,29880,41539,38743,59086,58341,76859,76158,56286,60286,37872,48540,12105,21614,7,3,4879,4765,9528,9767,10933,13512,14830,20092,43626,46052,40836,43226,32877,42196,11198,19999,492917,261424,75615,36382,109647,58915,11549,61,56
2021/06/14,192,173,18062,16233,34027,28603,40069,37331,58498,57773,76465,75816,56158,60142,37829,48470,12096,21599,7,3,4757,4673,9182,9557,10449,13192,13655,19086,40981,43489,39761,42071,32584,41794,11166,19912,483152,250226,75182,36353,109641,58183,11501,61,56
2021/06/13,151,134,17556,15830,33544,28201,39576,36949,58285,57588,76316,75713,56131,60101,37807,48449,12093,21590,7,3,4669,4623,9032,9484,10285,13121,13051,18630,40510,43094,39525,41847,32524,41709,11159,19898,480069,249253,74880,34928,109634,57563,11371,61,56
2021/06/12,151,134,17548,15808,33527,28190,39569,36944,58277,57584,76312,75711,56130,60099,37806,48449,12093,21590,7,3,4662,4617,9022,9479,10273,13112,13039,18617,40325,42947,39503,41832,32520,41707,11159,19897,479983,248818,74876,34927,109634,57551,11369,61,56
2021/06/11,149,134,17461,15749,33380,28116,39396,36888,58156,57548,76241,75686,56117,60094,37804,48446,12093,21589,7,3,4583,4426,8864,8918,10081,12392,12803,17545,39835,41642,39347,41702,32501,41670,11157,19896,479636,248328,74463,34925,109528,52705,11360,61,54
2021/06/10,134,114,16619,15033,31974,27203,38148,35968,57472,57089,75829,75413,56028,60002,37765,48401,12081,21571,7,3,4333,4231,8310,8416,9392,11626,12063,16472,36975,38599,38544,40896,32335,41489,11141,19866,475735,241240,71497,34790,109255,48317,10297,61,54
2021/06/09,112,89,15839,14336,30686,26305,36928,35081,56892,56701,75484,75187,55943,59896,37738,48356,12068,21551,7,3,4147,4079,7947,8227,8923,11403,11441,16089,31875,33717,37040,39351,32090,41218,11119,19815,471059,227254,69069,34662,109211,46728,9795,59,52
2021/06/08,85,71,14928,13477,29304,25214,35562,34073,56274,56293,75188,74972,55867,59822,37715,48324,12064,21541,7,3,4062,4016,7787,8104,8770,11285,11145,15880,29043,30896,36081,38403,31929,41022,11095,19782,466477,219736,65644,34601,109166,45491,9430,58,52
2021/06/07,77,58,14292,12903,27941,24402,34399,33287,55793,56034,74944,74866,55833,59782,37699,48313,12064,21537,7,3,3969,3944,7589,7973,8468,11152,10777,15634,24698,26509,34608,36857,31707,40754,11067,19752,463345,207917,62610,34533,109137,43892,9074,58,52
2021/06/06,76,55,13971,12710,27152,23986,33746,32869,55482,55868,74787,74800,55812,59758,37685,48304,12062,21536,7,3,3904,3908,7436,7929,8308,11066,10452,15432,21871,23623,33607,35773,31567,40598,11060,19737,462198,205123,60563,29280,109109,43097,8731,58,50
2021/06/05,76,53,13941,12681,27100,23942,33717,32849,55477,55858,74781,74794,55808,59754,37680,48302,12062,21536,7,3,3882,3890,7401,7906,8259,11046,10389,15390,20446,22071,32808,34890,31497,40517,11056,19730,462060,200147,60459,29274,109104,42987,8730,58,50
2021/06/04,70,49,13711,12421,26784,23622,33377,32537,55416,55778,74742,74773,55799,59749,37679,48300,12062,21535,7,3,3854,3863,7322,7827,8203,10964,10309,15268,20339,21953,32731,34835,31465,40480,11053,19727,460152,200063,60396,29261,109070,42101,8728,58,50
2021/06/03,52,43,13147,11936,25744,22932,32241,31785,54917,55444,74425,74578,55727,59668,37643,48270,12056,21519,7,3,3724,3770,7046,7654,7918,10788,9978,15030,18448,20092,30745,32519,31188,40144,11029,19677,455805,191430,58894,29236,109056,40733,8314,58,47
2021/06/02,37,31,12460,11192,24747,22026,31104,30830,54648,55178,74233,74436,55674,59587,37626,48248,12048,21512,7,3,3690,3748,6990,7595,7861,10738,9892,14937,17928,19542,28816,30338,31089,40001,11022,19665,449493,185884,58712,29235,109053,40395,8301,58,47
2021/06/01,23,16,11332,10311,22623,20598,28561,28936,53229,54109,73223,73654,55372,59263,37503,48077,12013,21452,7,2,3463,3572,6495,7280,7260,10311,9033,14332,15972,17725,25018,26062,30401,39114,10947,19510,439983,171826,54246,29096,109015,38545,6993,58,44
2021/05/31,18,12,10468,9645,20779,19426,26509,27422,52120,53257,72514,73102,55155,59002,37430,47972,11998,21416,7,2,3323,3418,6159,7031,6861,10013,8493,13972,14902,16743,23818,24678,30011,38620,10887,19416,433170,166052,49863,29057,108992,37040,6162,58,43
2021/05/30,16,9,10119,9301,20059,18929,25802,26842,51780,52976,72276,72905,55079,58925,37405,47943,11990,21407,7,2,3142,3229,5813,6764,6570,9771,8274,13766,14641,16473,23525,24360,29901,38514,10872,19388,430581,165220,49452,28998,108961,36040,4711,58,43
2021/05/29,16,9,10104,9288,20040,18898,25781,26816,51768,52971,72271,72895,55077,58920,37404,47943,11989,21407,7,2,3139,3219,5808,6758,6561,9767,8266,13758,14632,16466,23514,24351,29897,38508,10871,19387,430417,165144,49452,28995,108960,36020,4710,58,42
2021/05/28,16,9,10037,9191,19899,18729,25516,26584,51605,52793,72123,72763,55039,58871,37391,47923,11986,21394,7,2,3092,3142,5715,6617,6458,9566,8150,13484,14440,16191,23358,24193,29841,38445,10864,19378,428748,164742,49415,28994,108940,34456,4709,57,42
2021/05/27,16,9,8782,8008,17507,16919,22734,24433,50509,51978,71457,72270,54841,58649,37298,47828,11972,21365,7,2,2794,2809,4868,5994,5564,8781,7353,12489,13311,14996,22361,23143,29450,37986,10809,19291,416860,160900,48453,28730,108801,29932,2404,57,42
2021/05/26,15,9,8382,7591,16625,16116,21544,23424,49901,51434,71037,71885,54689,58483,37230,47750,11961,21335,7,2,2609,2636,4497,5657,5084,8269,6875,11839,12330,14009,21456,22100,29140,37541,10762,19207,411263,157011,47717,28643,108722,26673,1653,56,40
2021/05/25,15,9,7815,7000,15378,15235,20094,22249,49422,51032,70789,71697,54616,58402,37206,47723,11957,21325,7,2,2534,2536,4305,5527,4841,8038,6596,11530,11774,13472,19287,19912,28764,37000,10726,19158,404508,151283,47472,28630,108669,24798,1259,56,39
2021/05/24,15,9,7728,6900,15152,15109,19808,22070,49319,50912,70745,71657,54613,58396,37205,47721,11956,21322,7,2,2493,2473,4217,5360,4748,7792,6470,11248,11633,13228,19170,19796,28711,36953,10719,19147,403371,151126,47392,28586,108575,23173,1243,56,39
2021/05/23,14,9,7709,6887,15114,15092,19753,22040,49308,50909,70740,71651,54612,58392,37205,47719,11956,21322,7,2,2489,2468,4208,5356,4737,7785,6461,11235,11611,13206,19027,19598,28680,36914,10717,19145,403178,150629,47392,28584,108574,23163,1232,56,38
2021/05/22,14,9,7706,6879,15105,15079,19742,22033,49308,50907,70737,71651,54611,58390,37205,47719,11956,21322,6,2,2487,2461,4200,5351,4735,7784,6455,11229,11603,13203,19014,19592,28679,36914,10717,19145,403121,150590,47392,28582,108574,23137,1230,56,38
2021/05/21,14,9,7631,6778,14977,14943,19533,21875,49069,50674,70594,71542,54583,58363,37197,47712,11950,21316,6,2,2416,2375,4109,5211,4630,7573,6331,10930,11428,12914,18947,19525,28663,36883,10714,19143,401540,150323,47388,28581,108549,21632,1227,56,37
2021/05/20,14,9,7354,6479,14389,14420,18596,20995,46386,48317,69436,70563,54224,57994,37088,47570,11918,21285,6,2,2153,2205,3748,4848,4186,7019,5777,10096,10335,11808,17655,18214,28153,36278,10636,18992,390509,145013,47221,28286,108242,17764,1011,54,37
2021/05/19,13,8,7115,6253,13721,13932,17316,19993,42398,44834,67946,69252,53764,57470,36924,47340,11882,21234,6,2,2074,2002,3581,4510,3937,6490,5331,9412,9333,10684,16175,16558,27454,35356,10508,18782,375698,137807,46646,28142,108006,15226,992,53,28
2021/05/18,13,7,6920,6078,13172,13496,16213,19128,37674,40810,66491,67926,53211,56928,36775,47118,11840,21178,6,2,2028,1879,3441,4317,3752,6169,4995,8925,8465,9812,14586,14818,26736,34497,10417,18607,359575,131141,46580,27573,107844,13784,926,53,28
2021/05/17,13,7,6785,5982,12845,13240,15713,18736,35488,38942,65656,67138,52935,56611,36693,47009,11825,21141,6,2,1956,1816,3252,4132,3530,5935,4673,8551,7682,9111,11318,10788,25825,33348,10336,18436,355825,125898,42302,21474,107758,12476,821,53,28
2021/05/16,13,7,6720,5897,12721,13085,15540,18566,34994,38469,65468,66967,52878,56550,36681,46982,11820,21136,6,2,1897,1718,3146,4009,3449,5834,4564,8404,7498,8921,9119,8179,25338,32665,10302,18377,354338,124735,41793,16112,107723,11963,591,49,27
2021/05/15,13,7,6715,5888,12715,13077,15534,18558,34985,38464,65465,66965,52877,56549,36681,46982,11820,21136,6,2,1896,1718,3143,4005,3445,5831,4558,8401,7496,8918,9117,8176,25337,32665,10302,18377,354284,124704,41792,16112,107718,11962,588,49,27
2021/05/14,13,7,6514,5792,12474,13013,15300,18464,34011,37672,64928,66556,52781,56463,36664,46948,11818,21131,6,2,1781,1629,3032,3933,3388,5722,4508,8254,7448,8788,9110,8170,25336,32665,10302,18376,350909,124641,41761,16108,107253,11097,578,48,26
2021/05/13,13,7,6265,5608,12066,12756,14726,18015,30481,34881,62447,64471,52149,55788,36526,46728,11806,21083,5,2,1739,1589,2975,3856,3354,5629,4464,8149,7367,8668,9070,8109,25316,32622,10297,18371,336897,124381,41536,16083,106820,10577,515,48,26
2021/05/12,13,7,6245,5583,11992,12688,14612,17905,29846,34301,61939,64017,51975,55615,36489,46683,11799,21070,5,2,1739,1586,2973,3854,3350,5629,4459,8147,7365,8662,9063,8106,25316,32620,10297,18370,333883,124354,41522,16073,106813,10576,514,47,26
2021/05/11,12,7,5926,5450,11546,12401,14058,17520,25583,30807,59548,62003,51313,54934,36301,46435,11775,21007,5,2,1700,1472,2870,3592,3228,5255,4316,7706,7211,8340,8975,8020,25287,32579,10293,18359,318907,124103,41466,15880,105820,8813,388,45,26
2021/05/10,12,7,5799,5377,11380,12282,13837,17345,22102,28043,58288,60884,50949,54578,36208,46311,11760,20976,5,2,1660,1374,2783,3363,3125,4923,4203,7214,7090,7901,8935,7959,25275,32557,10291,18355,308949,123952,41304,15731,105521,6986,320,44,26
2021/05/09,12,7,5723,5344,11292,12216,13731,17262,20500,26859,57823,60498,50845,54478,36183,46270,11753,20971,5,2,1643,1352,2726,3238,3074,4780,4157,7094,7043,7808,8924,7947,25268,32551,10290,18355,308368,123912,37732,15685,105319,6328,306,42,26
2021/05/08,12,7,5720,5342,11279,12211,13719,17247,20492,26853,57814,60492,50842,54469,36179,46267,11751,20968,5,2,1642,1352,2721,3235,3074,4779,4154,7091,7041,7807,8922,7947,25267,32549,10290,18355,308275,123893,37727,15685,105316,6325,304,42,26
2021/05/07,12,7,5680,5307,11210,12163,13610,17166,20039,26496,56816,59680,50713,54338,36150,46236,11748,20954,5,2,1543,1309,2641,3191,3032,4750,4119,7067,7019,7774,8913,7939,25264,32547,10290,18354,305108,123854,37706,15677,105170,5904,299,42,25
2021/05/06,12,7,5427,5196,10691,11852,12898,16712,18735,25510,52543,56016,49514,52954,35817,45835,11695,20852,5,2,1326,1180,2402,3020,2859,4584,3967,6869,6866,7622,8835,7855,25243,32512,10287,18347,289937,123576,37511,15536,104609,4474,170,39,25
2021/05/05,12,7,5172,5102,10199,11612,12139,16255,17395,24524,48170,51872,47849,51030,35377,45262,11620,20729,5,2,1280,1087,2340,2891,2773,4404,3873,6630,6759,7421,8721,7757,25181,32436,10281,18331,272724,123085,37287,15491,104221,3516,55,39,25
2021/05/04,12,7,5086,5014,9879,11392,11686,15864,16408,23657,46292,49835,46778,49720,35000,44777,11551,20620,5,2,1269,1068,2311,2849,2731,4317,3820,6522,6687,7342,8679,7718,25159,32419,10280,18326,262305,122863,37262,15426,103940,3158,32,39,25
2021/05/03,12,7,4986,4926,9524,11220,11218,15597,15350,22794,44719,48215,45894,48763,34779,44433,11523,20528,5,2,1254,1043,2276,2816,2690,4253,3771,6466,6610,7287,8108,7028,23406,30083,10141,18086,253270,117019,37251,15345,103907,2915,21,39,25
2021/05/02,12,7,4924,4908,9407,11181,11071,15534,14739,22303,44199,47805,45752,48597,34729,44372,11516,20517,5,1,1250,1037,2257,2812,2677,4245,3741,6451,6590,7273,7918,6785,21426,27666,10094,17998,252052,116995,35615,10320,103851,2870,16,39,25
2021/05/01,12,7,4924,4906,9403,11176,11067,15531,14733,22298,44197,47801,45751,48597,34729,44372,11516,20517,5,1,1249,1037,2257,2812,2676,4245,3740,6451,6589,7273,7918,6784,21426,27666,10094,17998,252018,116992,35615,10320,103850,2869,15,39,25
2021/04/30,12,7,4878,4882,9336,11157,11011,15506,14657,22270,42713,46389,45418,48268,34692,44320,11511,20507,5,1,1042,943,2060,2723,2577,4184,3653,6391,6524,7214,7911,6766,21425,27664,10094,17998,248028,116982,35615,10317,103838,1837,15,38,24
2021/04/29,12,7,4640,4797,8861,11008,10406,15326,13969,22061,37773,42077,44407,47235,34570,44202,11507,20476,5,1,864,865,1886,2645,2492,4118,3543,6320,6456,7164,7888,6746,21420,27657,10094,17997,234280,116948,35510,10210,103492,964,15,37,24
2021/04/28,12,7,4464,4763,8610,10922,10050,15235,13612,21900,33117,37560,43160,45974,34444,44053,11492,20457,5,1,822,839,1848,2596,2459,4040,3507,6211,6408,7073,7866,6725,21407,27644,10089,17990,221013,116857,35491,10162,103279,474,14,35,23
2021/04/27,11,6,4233,4550,8265,10471,9663,14652,13138,21252,31984,36434,42877,45687,34428,44025,11488,20454,5,1,795,825,1813,2572,2441,4022,3489,6190,6373,7046,7856,6715,21402,27640,10086,17984,218272,116797,35476,10133,99822,289,14,34,22
2021/04/26,11,6,4211,4522,8192,10433,9557,14596,12987,21191,27570,32046,41659,44465,34348,43924,11475,20443,5,1,763,814,1782,2553,2411,4001,3464,6169,6321,6999,7806,6666,21372,27609,10086,17977,206385,116593,35466,10087,99737,84,14,34,21
2021/04/25,11,6,4189,4510,8158,10408,9493,14563,12894,21144,25599,30003,40958,43703,34301,43864,11471,20437,5,1,751,806,1770,2539,2393,3986,3439,6148,6288,6970,7787,6649,21355,27588,10085,17973,205714,116566,30349,9853,99602,80,13,34,21
2021/04/24,11,6,4170,4499,8128,10379,9452,14547,12838,21123,24098,28340,40200,42859,34236,43788,11468,20431,5,1,750,805,1766,2536,2391,3982,3439,6144,6288,6967,7785,6646,21353,27588,10085,17973,200650,116542,30346,9851,99530,77,13,34,21
2021/04/23,11,6,3906,4348,7658,10081,9023,14192,12276,20720,23616,28039,40107,42796,34215,43754,11462,20424,5,1,737,794,1749,2523,2371,3966,3416,6121,6266,6947,7771,6627,21348,27576,10085,17972,200291,116524,30330,9652,95968,65,13,32,21
2021/04/22,11,6,3813,4288,7466,9963,8740,13999,11829,20392,21286,25681,37344,39547,33689,43081,11391,20299,5,1,724,785,1719,2492,2312,3909,3345,6049,6155,6850,7692,6540,21292,27532,10082,17957,187244,116407,30136,8941,95400,62,13,32,18
2021/04/21,11,4,3785,4254,7336,9883,8557,13824,11489,20103,20025,24474,34132,35823,33206,42380,11326,20170,5,1,700,767,1683,2464,2268,3885,3312,6015,6115,6811,7660,6513,21272,27508,10077,17953,175460,116292,29959,8628,95318,58,13,32,18
2021/04/20,11,4,3752,4227,7230,9812,8343,13663,11119,19803,18928,23320,30818,32170,32729,41781,11269,20053,4,1,692,757,1668,2452,2234,3863,3269,5969,6074,6769,7618,6468,21247,27485,10071,17950,163797,116133,29936,8371,95254,56,13,32,18
2021/04/19,11,4,3734,4211,7153,9774,8225,13553,10863,19616,18262,22658,29941,31035,32436,41417,11227,19979,4,1,684,752,1647,2438,2210,3833,3233,5935,6040,6737,7575,6435,21216,27457,10068,17946,158949,116001,29918,8125,95187,54,13,32,18
2021/04/18,11,4,3731,4204,7137,9761,8210,13535,10825,19590,18175,22574,29818,30909,32408,41394,11224,19971,4,1,682,747,1632,2427,2193,3817,3207,5909,6010,6714,7552,6422,21198,27435,10065,17943,158453,115941,29848,7933,95137,53,13,30,18
2021/04/17,11,4,3729,4202,7132,9758,8206,13534,10819,19583,18161,22563,29796,30896,32406,41391,11224,19971,4,1,681,747,1629,2425,2191,3816,3203,5908,6008,6712,7552,6422,21198,27435,10065,17943,158366,115925,29847,7932,95130,52,13,30,18
2021/04/16,11,4,3561,4165,6787,9628,7835,13347,10418,19338,17706,22290,29587,30730,32321,41299,11209,19952,4,1,668,727,1617,2410,2164,3800,3149,5871,5967,6662,7458,6331,20785,26867,10035,17882,157594,114594,29839,7724,92713,49,13,29,18
2021/04/15,11,4,3461,4084,6433,9254,7255,12843,9640,18503,16381,21061,28379,29428,31802,40655,11128,19776,4,1,638,704,1564,2370,2079,3714,3041,5751,5638,6423,6957,5943,20039,25938,9935,17712,151822,111197,29544,7179,88690,44,13,29,18
2021/04/14,10,4,3407,4037,6193,9013,6925,12463,9022,17955,15260,20023,26958,27918,31169,39774,11016,19579,4,1,605,677,1516,2332,2004,3635,2899,5628,5330,6190,6411,5433,19015,24646,9847,17532,144984,106911,29345,6724,86357,39,13,27,18
2021/04/13,10,4,3376,4004,6102,8934,6777,12330,8715,17707,14456,19327,23606,24348,30229,38593,10910,19404,4,1,600,668,1503,2308,1972,3600,2797,5556,5112,6006,6041,5089,18714,24298,9804,17465,133310,104781,29334,6689,86148,38,13,27,17
2021/04/12,10,4,3356,3983,6051,8875,6689,12242,8497,17512,13839,18800,22598,23198,29804,38034,10841,19277,4,1,590,660,1492,2301,1949,3579,2740,5506,4964,5901,5716,4807,18418,23992,9765,17403,128219,103179,29315,6542,86036,38,13,27,16
2021/04/11,10,4,3350,3977,6032,8851,6660,12224,8455,17489,13746,18738,22469,23048,29752,37969,10831,19253,4,1,585,655,1479,2290,1936,3571,2722,5488,4927,5863,5657,4747,18244,23760,9744,17372,127675,102509,29249,6469,85896,38,13,25,16
2021/04/10,10,4,3342,3976,6009,8850,6637,12223,8433,17487,13722,18736,22464,23045,29748,37968,10831,19253,4,1,582,652,1471,2282,1930,3568,2715,5479,4910,5855,5643,4730,18080,23505,9730,17349,127653,101985,29158,6436,85891,38,11,25,16
2021/04/09,9,4,3305,3964,5961,8836,6578,12203,8394,17459,13672,18689,20507,20626,29263,37349,10801,19203,4,1,568,638,1443,2260,1903,3543,2672,5443,4837,5793,5528,4626,17500,22772,9692,17278,126948,100209,24030,6236,85810,30,10,25,16
2021/04/08,9,4,3280,3945,5893,8805,6504,12163,8304,17395,13527,18571,17905,17547,28741,36683,10762,19153,4,1,526,609,1353,2177,1808,3446,2492,5259,4333,5431,4724,4015,15701,20521,9501,16969,126079,93157,18147,5666,84931,22,9,25,16
2021/04/07,8,4,3200,3915,5686,8754,6296,12099,8092,17318,13263,18472,15230,14462,28060,35881,10732,19100,4,1,502,579,1298,2119,1711,3365,2338,5118,3919,5098,4001,3446,14839,19651,9385,16781,125854,88797,16602,5317,78085,19,6,25,16
2021/04/06,7,4,3171,3905,5640,8734,6225,12075,8005,17281,13188,18399,13240,12086,27424,35163,10718,19070,4,1,472,556,1229,2062,1625,3281,2176,4998,3546,4820,3475,3031,13991,18639,9309,16660,125711,85127,16397,4712,72196,15,6,25,15
2021/04/05,7,4,3169,3901,5606,8719,6188,12060,7959,17264,13115,18363,13195,12040,27413,35146,10717,19067,4,1,441,526,1177,2025,1574,3239,2110,4944,3456,4744,3419,2979,13846,18467,9300,16642,125683,84633,16187,4226,72033,15,5,25,15
2021/04/04,7,4,3168,3899,5606,8717,6186,12059,7958,17262,13113,18363,13191,12039,27412,35145,10717,19067,4,1,440,524,1176,2025,1573,3239,2109,4944,3456,4744,3419,2979,13843,18466,9300,16642,125669,84624,16187,4225,72027,15,5,25,15
2021/04/03,7,4,3167,3899,5604,8716,6186,12059,7958,17262,13113,18363,13191,12037,27411,35142,10717,19067,4,1,440,522,1176,2025,1572,3239,2109,4943,3450,4741,3413,2969,13757,18329,9291,16626,125661,84347,16187,4225,72025,15,5,25,15
2021/04/02,7,4,3167,3894,5600,8711,6181,12050,7950,17249,13086,18332,13144,11984,27383,35122,10714,19063,4,1,437,515,1174,2021,1560,3231,2098,4921,3419,4708,3381,2940,12821,17075,9224,16517,125489,81869,16183,4143,71939,15,5,25,15
2021/04/01,7,4,3153,3880,5561,8692,6114,12017,7879,17213,12973,18260,13029,11856,27325,35045,10705,19047,4,1,389,471,1075,1951,1460,3142,1946,4808,3214,4577,3144,2738,10773,14471,9108,16334,125174,76222,16058,3350,71501,15,4,23,15
2021/03/31,7,4,3152,3866,5544,8658,6078,11979,7834,17167,12891,18191,12914,11734,27274,34983,10697,19037,3,1,351,448,1038,1907,1386,3102,1841,4702,2955,4376,2727,2419,8174,11238,8927,16092,124859,68650,16017,3004,71108,14,4,22,15
2021/03/30,7,4,3145,3855,5520,8632,6045,11947,7794,17126,12813,18124,12828,11595,27236,34935,10691,19027,3,1,330,430,1016,1875,1327,3066,1716,4621,2707,4204,2356,2169,7286,10153,8858,15962,124724,65320,15987,2729,70589,14,3,21,14
2021/03/29,7,4,3133,3851,5492,8611,6009,11911,7749,17092,12739,18048,12179,10837,25366,32445,10541,18770,3,1,324,427,1009,1860,1307,3041,1682,4579,2557,4116,2068,2018,6625,9440,8814,15884,118721,63000,15818,2726,70222,12,3,20,14
2021/03/28,7,4,3103,3835,5444,8572,5958,11866,7667,17037,12627,17978,11913,10532,23380,29975,10488,18672,3,1,323,425,1006,1859,1298,3037,1678,4577,2545,4108,2043,1998,6601,9425,8811,15879,118664,62866,10627,2724,69744,12,3,20,12
2021/03/27,7,4,3091,3830,5403,8560,5920,11851,7617,17021,12580,17931,11877,10488,23376,29967,10488,18672,3,1,323,425,1006,1859,1298,3036,1677,4574,2543,4105,2041,1996,6553,9350,8778,15831,118592,62648,10625,2724,69443,12,3,20,12
2021/03/26,7,4,2963,3508,4953,7408,5424,10535,7004,14973,11771,15641,11653,10304,22891,29238,10443,18601,3,1,322,422,1004,1856,1292,3031,1674,4572,2538,4098,2033,1989,6424,9162,8634,15644,117035,61968,10368,2712,59895,4,3,20,12
2021/03/25,7,3,2843,3244,4794,6641,5193,9387,6678,13248,11042,13837,10791,9495,22159,28388,10366,18444,3,1,317,413,997,1847,1277,3012,1655,4539,2502,4048,1964,1930,6134,8735,8353,15191,114099,60193,9664,2708,52774,3,3,20,11
2021/03/24,7,3,2798,3198,4717,6578,5059,9279,6473,13077,10529,13430,9951,8672,21141,27131,10268,18257,3,1,314,408,990,1840,1260,3002,1640,4515,2455,3992,1894,1854,5769,8260,7935,14514,110065,57934,9317,2697,51166,3,1,19,11
2021/03/23,7,3,2770,3164,4648,6506,4949,9186,6258,12914,10069,13007,9230,8000,20627,26523,10213,18149,3,1,302,395,973,1828,1245,2978,1610,4493,2406,3944,1815,1788,5485,7875,7532,13885,107655,55848,8983,2696,49565,2,1,19,11
2021/03/22,7,3,2752,3124,4588,6466,4872,9118,6120,12775,9707,12733,8625,7429,20205,26083,10153,18055,1,1,300,392,962,1822,1231,2965,1596,4481,2380,3917,1788,1765,5346,7701,7083,13059,106166,54086,8724,2691,47905,2,1,19,10
2021/03/21,7,3,2745,3107,4541,6441,4821,9082,6025,12707,9518,12546,8317,7168,20038,25916,10141,18027,1,1,300,392,961,1822,1228,2965,1595,4480,2377,3917,1781,1759,5337,7696,7052,13001,105963,53978,8491,2674,46676,2,1,19,10
2021/03/20,7,3,2744,3100,4534,6435,4814,9079,6021,12699,9498,12532,8284,7136,19865,25639,10125,18001,1,1,300,392,961,1820,1227,2965,1594,4479,2373,3909,1769,1746,5322,7647,6874,12761,105406,53479,8478,2649,46612,2,1,19,10
2021/03/19,7,3,2709,3073,4462,6390,4707,9028,5881,12641,9230,12343,7980,6908,19380,25047,10093,17942,1,1,300,391,960,1819,1227,2962,1592,4478,2366,3904,1753,1735,5285,7604,6460,12135,104102,52334,8234,2626,45468,2,1,19,10
2021/03/18,7,3,2643,2999,4299,6250,4459,8823,5524,12333,8313,11669,6715,5882,18118,23678,9938,17710,1,1,297,386,955,1809,1213,2949,1553,4462,2303,3861,1675,1694,5210,7497,5716,11017,99167,50003,7691,2584,42485,1,1,19,10
2021/03/17,7,3,2607,2959,4217,6153,4321,8714,5268,12056,7639,11101,5727,4982,16763,22135,9771,17450,1,1,293,384,951,1801,1209,2939,1536,4440,2239,3838,1613,1652,5165,7430,5136,10126,93714,48215,7193,2527,40946,1,1,19,10
2021/03/16,6,3,2587,2931,4153,6087,4227,8617,5090,11900,7190,10712,4960,4363,15902,21150,9664,17276,1,1,289,382,948,1795,1206,2932,1528,4430,2217,3819,1581,1635,5128,7387,4625,9304,90047,46750,7153,2448,39598,0,1,19,9
2021/03/15,6,3,2584,2920,4137,6065,4195,8591,5041,11853,7072,10594,4812,4201,15581,20736,9632,17217,1,1,287,378,947,1788,1200,2925,1514,4421,2196,3797,1537,1618,5068,7312,4037,8440,89269,45152,7053,2305,38899,0,1,18,9
2021/03/14,6,2,2578,2912,4114,6043,4164,8571,5000,11819,6978,10505,4706,4085,15444,20566,9615,17176,1,1,284,377,947,1786,1194,2918,1509,4410,2185,3790,1527,1612,5061,7304,4031,8426,88955,45089,7034,2264,38277,0,1,17,9
2021/03/13,6,2,2571,2901,4105,6030,4156,8563,4992,11809,6958,10492,4682,4059,15130,20129,9595,17140,1,1,284,377,947,1786,1194,2918,1509,4410,2185,3790,1526,1611,5061,7303,4031,8426,88064,45087,7012,2263,38226,0,1,17,9
2021/03/12,6,2,2507,2825,3995,5858,4035,8340,4854,11509,6779,10219,4529,3921,14201,18864,9532,17038,1,1,284,376,945,1783,1194,2914,1506,4405,2184,3783,1519,1609,5053,7284,4029,8409,85574,45008,6951,2261,36471,0,1,17,9
2021/03/11,5,2,2383,2601,3762,5527,3778,7905,4526,10746,6146,9408,4004,3414,12575,16859,9430,16887,1,1,284,374,941,1778,1190,2901,1497,4393,2172,3756,1483,1582,5018,7247,4017,8382,81191,44859,6788,2148,31961,0,1,17,9
2021/03/10,5,2,2263,2470,3605,5289,3584,7580,4254,10260,5589,8838,3429,2965,10287,14130,9281,16649,1,1,280,370,935,1768,1183,2890,1493,4377,2150,3740,1454,1574,4988,7232,4007,8372,74831,44791,6616,2014,29015,0,1,17,9
2021/03/09,5,2,2238,2419,3539,5199,3468,7490,4083,10063,5194,8487,2944,2603,8759,12109,9174,16498,1,1,279,369,935,1762,1176,2880,1489,4369,2142,3729,1439,1568,4980,7227,4003,8370,69935,44750,6465,1960,27858,0,1,15,8
2021/03/08,5,2,2213,2344,3479,5130,3394,7406,3959,9947,4896,8293,2497,2339,6818,9707,9051,16319,1,1,279,366,934,1752,1170,2864,1483,4358,2137,3722,1428,1561,4964,7207,3997,8360,64206,44642,6127,1933,27450,0,1,15,8
2021/03/07,5,2,2151,2288,3384,5022,3296,7316,3860,9860,4759,8198,2446,2287,6795,9686,9051,16311,1,1,278,364,933,1752,1170,2862,1483,4358,2137,3722,1428,1561,4963,7207,3997,8359,64077,44636,5445,1931,27179,0,1,15,8
2021/03/06,5,2,2143,2275,3370,5012,3291,7310,3851,9849,4749,8193,2444,2284,6749,9616,9018,16261,1,1,278,364,932,1748,1169,2861,1483,4355,2133,3717,1427,1556,4957,7202,3995,8348,63863,44587,5385,1931,27158,0,1,15,8
2021/03/05,5,2,2014,2189,3146,4823,3050,6998,3573,9454,4415,7857,2354,2221,6542,9295,8821,15995,1,1,278,363,930,1745,1168,2860,1482,4349,2130,3710,1421,1553,4951,7196,3994,8341,62870,44535,4537,1931,25332,0,0,15,7
2021/03/04,5,2,1764,1970,2733,4384,2591,6357,3008,8553,3729,7044,2135,2061,6246,8928,8537,15532,1,1,275,362,929,1736,1166,2842,1481,4332,2121,3698,1410,1551,4939,7182,3987,8330,61208,44409,3256,1927,21100,0,0,15,7
2021/03/03,5,2,1693,1882,2625,4197,2458,6129,2866,8263,3542,6779,2051,1982,5905,8452,8171,14941,1,1,274,358,929,1726,1163,2819,1477,4308,2116,3683,1385,1539,4934,7176,3983,8322,59173,44261,3112,1927,19643,0,0,15,6
2021/03/02,5,2,1658,1805,2555,4078,2377,5976,2759,8081,3428,6626,1976,1914,5588,8011,7758,14261,1,1,272,353,926,1707,1160,2798,1474,4289,2115,3672,1360,1533,4924,7159,3978,8314,57039,44103,2869,1927,18935,0,0,15,6
2021/03/01,3,2,1648,1778,2518,3969,2329,5861,2723,7980,3374,6547,1932,1892,5450,7848,7276,13383,1,1,271,351,922,1701,1158,2786,1472,4276,2113,3656,1354,1528,4921,7157,3976,8307,55153,44018,2857,1927,18488,0,0,15,6
2021/02/28,3,2,1632,1740,2484,3897,2298,5808,2680,7899,3347,6499,1926,1888,5442,7843,7239,13323,1,1,271,351,921,1701,1158,2786,1472,4275,2113,3655,1354,1528,4921,7156,3976,8307,55028,44015,2855,1926,18052,0,0,15,6
2021/02/27,3,2,1630,1733,2481,3890,2295,5808,2678,7897,3344,6496,1920,1878,5432,7799,7066,13099,1,1,271,351,910,1696,1148,2779,1462,4265,2096,3646,1353,1525,4921,7155,3976,8307,54556,44010,2855,1847,18025,0,0,15,6
2021/02/26,3,1,1441,1574,2350,3649,2216,5400,2585,7392,3257,6038,1905,1853,5407,7766,6796,12704,1,1,269,349,901,1689,1140,2759,1456,4243,2086,3633,1346,1516,4913,7143,3972,8294,53796,43927,2835,1778,15691,0,0,15,6
2021/02/25,3,1,1228,1294,2130,3217,2043,4646,2387,6450,3014,5139,1814,1781,5355,7686,6210,11850,1,1,267,341,894,1629,1106,2665,1423,4132,2030,3558,1308,1495,4869,7101,3952,8239,51889,43454,2823,1551,11522,0,0,14,6
2021/02/24,3,1,1175,1086,2024,2953,1936,4308,2255,6046,2844,4870,1737,1727,5294,7596,5442,10657,1,1,265,335,856,1581,1056,2573,1362,4015,1941,3429,1268,1466,4851,7074,3942,8218,49530,43186,2812,1042,9598,0,0,14,6
2021/02/23,3,1,1158,1035,1988,2887,1910,4210,2229,5961,2810,4807,1729,1712,5257,7548,4794,9622,1,1,265,334,829,1554,1006,2521,1309,3936,1835,3354,1216,1439,4827,7048,3929,8179,47725,42978,2784,599,9138,0,0,14,6
2021/02/22,3,1,1149,992,1938,2742,1866,4064,2173,5767,2756,4702,1717,1701,5223,7500,4178,8729,1,1,264,325,787,1516,951,2438,1220,3828,1696,3257,1126,1380,4783,6977,3900,8068,46095,42502,2766,10,8328,0,0,12,6
2021/02/21,3,1,1145,978,1909,2680,1839,3967,2146,5662,2735,4639,1710,1695,5220,7491,4178,8725,1,1,262,323,782,1510,943,2405,1218,3791,1683,3217,1117,1365,4765,6950,3875,8024,46040,42216,2756,10,7915,0,0,12,6
2021/02/20,3,1,1145,978,1908,2679,1838,3966,2145,5662,2731,4633,1701,1686,5213,7484,4176,8722,1,1,262,323,782,1509,942,2401,1217,3787,1682,3215,1117,1365,4712,6890,3828,7966,46025,41985,2728,9,7906,0,0,12,6
2021/02/19,3,1,1145,976,1905,2674,1838,3954,2144,5653,2727,4629,1682,1677,5198,7466,4173,8717,1,1,261,321,778,1498,933,2376,1210,3745,1652,3161,1089,1326,4519,6636,3647,7665,45943,40804,2706,9,7901,0,0,12,6
2021/02/18,3,1,1113,895,1866,2555,1799,3818,2090,5447,2666,4456,1665,1661,5182,7433,4168,8688,1,1,235,292,732,1373,885,2170,1123,3406,1535,2864,977,1136,4021,5850,3230,6759,45789,36575,2673,9,7032,0,0,12,6
2021/02/17,3,1,1067,769,1784,2323,1721,3522,1980,5087,2591,4210,1640,1652,5162,7418,4159,8685,1,1,230,289,722,1356,876,2148,1111,3371,1516,2842,971,1133,3637,5322,2927,6332,45747,34770,2613,9,5402,0,0,12,6
2021/02/16,3,1,1027,730,1727,2219,1652,3349,1909,4880,2512,4101,1600,1638,5135,7395,4150,8673,1,1,223,283,705,1320,854,2093,1079,3253,1477,2755,947,1109,3278,4771,2583,5833,45693,32554,2446,6,4552,0,0,10,5
2021/02/15,3,1,1021,711,1707,2142,1634,3249,1889,4770,2498,4022,1570,1624,5105,7379,4117,8617,1,1,211,273,690,1284,835,2043,1058,3187,1435,2690,917,1078,2849,4212,2245,5249,45566,30248,2360,5,4123,0,0,10,5
2021/02/14,3,1,927,677,1631,2108,1572,3230,1846,4748,2463,4009,1563,1622,5096,7367,4114,8611,1,1,204,262,681,1266,817,2003,1042,3121,1404,2622,887,1032,2757,4069,2166,5048,45521,29375,2325,4,3733,0,0,9,4
2021/02/13,3,1,875,653,1601,2085,1557,3221,1830,4741,2455,4008,1562,1620,5096,7366,4113,8609,1,1,202,261,679,1265,817,1999,1042,3119,1403,2619,886,1031,2653,3943,2100,4947,45512,28961,2325,3,3550,0,0,9,4
2021/02/12,3,1,548,509,1253,1969,1386,3118,1689,4659,2348,3936,1543,1611,5086,7355,4103,8599,1,1,190,255,664,1238,803,1955,1015,3033,1348,2519,824,956,2425,3624,1952,4623,45390,27420,2324,2,1994,0,0,8,4
2021/02/11,3,1,387,435,1065,1855,1282,2999,1591,4543,2259,3845,1435,1567,5023,7302,4079,8549,1,1,154,193,563,991,667,1509,815,2360,1066,1925,581,701,1804,2733,1440,3343,45029,20844,2116,1,1067,0,0,8,2
2021/02/10,3,1,274,366,938,1748,1180,2877,1497,4358,2145,3723,1396,1554,5002,7292,4075,8547,1,1,133,130,392,630,494,1019,646,1749,898,1591,560,685,1398,2171,1122,2841,44954,16459,2008,0,7,0,0,7,2
2021/02/09,3,1,274,365,937,1742,1177,2866,1497,4352,2144,3718,1388,1551,5000,7290,4074,8545,1,1,130,128,384,598,475,992,624,1720,873,1560,558,682,1013,1702,841,2432,44928,14713,1984,0,5,0,0,7,1
2021/02/08,3,1,274,363,936,1740,1174,2856,1490,4347,2142,3714,1383,1547,4998,7290,4073,8542,1,1,125,122,372,584,467,972,612,1687,855,1534,550,677,616,1211,534,2004,44900,12923,1961,0,5,0,0,7,1
2021/02/07,3,1,274,363,932,1740,1173,2856,1488,4345,2142,3714,1383,1547,4998,7289,4072,8542,1,1,121,119,367,581,466,965,608,1675,845,1518,542,674,615,1201,529,1989,44895,12816,1960,0,0,0,0,7,1
2021/02/06,3,1,274,363,932,1740,1173,2856,1488,4344,2142,3714,1383,1547,4998,7289,4072,8542,1,1,118,116,365,578,465,962,608,1673,845,1517,541,673,615,1201,529,1989,44894,12796,1960,0,0,0,0,7,1
2021/02/05,3,1,273,362,930,1740,1173,2855,1486,4343,2141,3714,1383,1547,4997,7287,4072,8539,1,1,117,106,361,573,457,949,604,1663,832,1494,536,663,609,1185,519,1963,44879,12632,1960,0,0,0,0,7,1
2021/02/04,3,1,269,357,924,1701,1165,2807,1486,4291,2130,3671,1375,1540,4968,7255,4060,8505,1,0,89,71,243,398,331,693,475,1269,622,1125,406,525,514,969,454,1696,44542,9880,1959,0,0,0,0,7,1
2021/02/03,3,1,267,347,920,1675,1161,2772,1475,4241,2121,3635,1367,1523,4943,7225,4046,8475,1,0,55,34,87,171,152,347,232,600,300,549,214,281,292,604,264,1052,44232,5235,1958,0,0,0,0,7,0
2021/02/02,3,1,266,345,919,1663,1157,2753,1472,4208,2114,3609,1359,1517,4935,7211,4037,8449,1,0,16,10,30,56,60,101,74,168,96,127,47,77,71,133,57,209,44053,1333,1958,0,0,0,0,7,0
2021/02/01,3,1,266,340,919,1660,1156,2752,1471,4204,2113,3602,1357,1516,4933,7210,4037,8449,1,0,13,9,26,48,50,92,61,142,74,108,41,68,62,124,55,196,44024,1170,1958,0,0,0,0,7,0
2021/01/31,3,1,266,339,919,1656,1155,2746,1471,4199,2113,3599,1356,1516,4932,7209,4037,8448,1,0,12,8,23,43,44,84,55,131,64,102,36,57,53,114,52,188,44002,1067,1956,0,0,0,0,7,0
2021/01/30,3,1,266,339,913,1653,1147,2738,1463,4193,2109,3596,1356,1516,4879,7149,3990,8390,1,0,12,8,23,41,44,84,54,130,64,102,36,57,53,114,52,188,43773,1063,1921,0,0,0,0,7,0
2021/01/29,3,1,265,337,898,1645,1135,2717,1451,4163,2085,3569,1347,1510,4714,6945,3821,8181,1,0,10,8,23,41,41,84,53,128,61,101,34,52,52,114,52,188,42971,1043,1809,0,0,0,0,7,0
2021/01/28,3,1,261,324,878,1560,1097,2607,1413,4061,2015,3494,1321,1497,4377,6472,3543,7822,1,0,7,4,10,20,22,42,22,60,36,68,21,34,36,74,40,126,41174,623,1565,0,0,0,0,7,0
2021/01/27,3,1,255,321,835,1505,1050,2513,1349,3963,1941,3386,1281,1470,3964,5899,3214,7349,1,0,3,4,10,10,11,21,9,24,15,34,12,15,18,42,17,63,39181,309,1111,0,0,0,0,7,0
2021/01/26,3,1,248,312,798,1458,983,2427,1287,3836,1825,3278,1220,1418,3613,5340,2857,6826,1,0,1,1,6,5,4,7,5,4,4,12,7,4,5,7,4,8,37062,85,663,0,0,0,0,5,0
2021/01/25,3,1,238,303,747,1397,922,2308,1185,3691,1667,3157,1140,1386,3214,4825,2541,6349,1,0,1,1,6,4,2,7,2,3,3,12,7,4,5,7,4,8,35007,77,63,0,0,0,0,4,0
2021/01/24,3,1,235,303,741,1393,911,2292,1180,3675,1639,3127,1134,1383,3187,4789,2524,6327,1,0,1,1,4,4,2,7,2,3,3,12,7,4,5,7,4,8,34832,75,9,0,0,0,0,3,0
2021/01/23,3,1,234,302,740,1392,911,2288,1179,3673,1636,3125,1133,1383,3081,4663,2457,6225,1,0,1,1,4,4,2,7,2,3,3,12,7,4,5,7,4,8,34415,75,8,0,0,0,0,3,0
2021/01/22,3,1,233,299,737,1376,909,2275,1173,3657,1632,3121,1131,1382,2919,4467,2354,6080,1,0,1,1,4,4,2,7,2,2,3,12,7,4,5,7,4,8,33738,74,8,0,0,0,0,3,0
2021/01/21,3,1,229,271,671,1219,842,2063,1092,3372,1536,2916,1087,1338,2571,4002,2059,5638,1,0,1,0,3,3,2,7,2,2,3,12,7,4,5,7,4,8,30901,71,8,0,0,0,0,1,0
2021/01/20,3,1,206,207,512,867,667,1571,891,2671,1299,2449,989,1203,2030,3248,1636,4826,1,0,1,0,3,3,2,7,2,2,3,10,6,4,5,7,4,8,25268,68,8,0,0,0,0,0,0
2021/01/19,3,1,182,190,464,757,612,1416,805,2374,1122,2142,821,943,1375,2304,1150,3693,0,0,0,0,2,1,0,0,0,0,2,3,1,0,0,0,0,0,20350,9,4,0,0,0,0,0,0
2021/01/18,2,1,137,135,389,630,489,1060,649,1828,930,1647,609,732,700,1354,604,2258,0,0,0,0,1,0,0,0,0,0,1,0,0,0,0,0,0,0,14150,2,4,0,0,0,0,0,0
2021/01/17,2,1,126,120,374,595,474,995,620,1711,871,1548,560,691,649,1251,558,2092,0,0,0,0,0,0,0,0,0,0,0,0,0,0,0,0,0,0,13237,0,1,0,0,0,0,0,0
2021/01/16,2,1,119,116,371,592,472,982,614,1698,865,1541,559,690,648,1245,553,2078,0,0,0,0,0,0,0,0,0,0,0,0,0,0,0,0,0,0,13145,0,1,0,0,0,0,0,0
2021/01/15,2,1,117,108,367,585,464,966,610,1687,851,1517,553,677,640,1228,545,2052,0,0,0,0,0,0,0,0,0,0,0,0,0,0,0,0,0,0,12970,0,0,0,0,0,0,0,0
2021/01/14,2,1,97,87,283,473,392,788,506,1416,694,1228,435,544,557,1029,482,1851,0,0,0,0,0,0,0,0,0,0,0,0,0,0,0,0,0,0,10865,0,0,0,0,0,0,0,0
2021/01/13,2,1,67,47,170,290,257,521,354,926,473,791,267,330,337,678,310,1173,0,0,0,0,0,0,0,0,0,0,0,0,0,0,0,0,0,0,6994,0,0,0,0,0,0,0,0
2021/01/12,2,1,31,20,56,109,114,216,152,386,197,339,140,181,177,376,180,654,0,0,0,0,0,0,0,0,0,0,0,0,0,0,0,0,0,0,3331,0,0,0,0,0,0,0,0
2021/01/11,2,0,17,10,39,70,62,114,79,173,90,130,42,68,67,130,55,200,0,0,0,0,0,0,0,0,0,0,0,0,0,0,0,0,0,0,1348,0,0,0,0,0,0,0,0
2021/01/10,2,0,14,7,32,59,55,102,69,158,74,116,35,58,57,119,50,190,0,0,0,0,0,0,0,0,0,0,0,0,0,0,0,0,0,0,1197,0,0,0,0,0,0,0,0
2021/01/09,2,0,13,7,31,57,54,101,66,157,74,114,35,58,57,119,50,190,0,0,0,0,0,0,0,0,0,0,0,0,0,0,0,0,0,0,1185,0,0,0,0,0,0,0,0
2021/01/08,2,0,10,7,29,54,49,96,61,144,68,110,33,53,56,119,50,190,0,0,0,0,0,0,0,0,0,0,0,0,0,0,0,0,0,0,1131,0,0,0,0,0,0,0,0
2021/01/07,2,0,7,4,10,22,22,43,24,59,37,70,20,36,41,79,39,126,0,0,0,0,0,0,0,0,0,0,0,0,0,0,0,0,0,0,641,0,0,0,0,0,0,0,0
2021/01/06,2,0,7,4,10,18,14,30,16,42,26,58,16,26,33,69,37,110,0,0,0,0,0,0,0,0,0,0,0,0,0,0,0,0,0,0,518,0,0,0,0,0,0,0,0
2021/01/05,2,0,7,4,10,18,14,30,16,42,26,58,16,25,32,69,37,110,0,0,0,0,0,0,0,0,0,0,0,0,0,0,0,0,0,0,516,0,0,0,0,0,0,0,0
2021/01/04,2,0,2,4,9,8,4,14,4,9,6,21,7,5,9,16,5,15,0,0,0,0,0,0,0,0,0,0,0,0,0,0,0,0,0,0,140,0,0,0,0,0,0,0,0
2021/01/03,1,0,1,1,4,5,2,7,3,4,3,13,5,4,6,8,4,9,0,0,0,0,0,0,0,0,0,0,0,0,0,0,0,0,0,0,80,0,0,0,0,0,0,0,0
2021/01/02,1,0,1,1,4,4,2,7,3,4,3,13,5,4,6,8,4,9,0,0,0,0,0,0,0,0,0,0,0,0,0,0,0,0,0,0,79,0,0,0,0,0,0,0,0
2021/01/01,1,0,1,1,4,4,2,7,2,3,3,13,5,4,6,8,4,9,0,0,0,0,0,0,0,0,0,0,0,0,0,0,0,0,0,0,77,0,0,0,0,0,0,0,0
2020/12/31,1,0,1,1,4,3,2,7,2,2,3,12,5,4,6,8,4,9,0,0,0,0,0,0,0,0,0,0,0,0,0,0,0,0,0,0,74,0,0,0,0,0,0,0,0
2020/12/30,1,0,1,1,4,3,2,7,2,2,3,10,5,4,6,8,4,9,0,0,0,0,0,0,0,0,0,0,0,0,0,0,0,0,0,0,72,0,0,0,0,0,0,0,0
2020/12/29,1,0,1,1,3,1,2,6,2,2,3,8,3,2,5,8,3,8,0,0,0,0,0,0,0,0,0,0,0,0,0,0,0,0,0,0,59,0,0,0,0,0,0,0,0
2020/12/28,1,0,0,0,3,1,0,2,1,0,1,3,0,1,0,1,1,5,0,0,0,0,0,0,0,0,0,0,0,0,0,0,0,0,0,0,20,0,0,0,0,0,0,0,0
2020/12/27,0,0,0,0,0,0,0,1,1,0,1,2,0,1,0,1,1,5,0,0,0,0,0,0,0,0,0,0,0,0,0,0,0,0,0,0,13,0,0,0,0,0,0,0,0
