Datum,<15_m,<15_w,15-24_1_m,15-24_1_w,25-34_1_m,25-34_1_w,35-44_1_m,35-44_1_w,45-54_1_m,45-54_1_w,55-64_1_m,55-64_1_w,65-74_1_m,65-74_1_w,75-84_1_m,75-84_1_w,>84_1_m,>84_1_w,<24_2_m,<24_2_w,25-34_2_m,25-34_2_w,35-44_2_m,35-44_2_w,45-54_2_m,45-54_2_w,55-64_2_m,55-64_2_w,65-74_2_m,65-74_2_w,75-84_2_m,75-84_2_w,>84_2_m,>84_2_w,bp_1,bp_2,mo_1,mo_2,az_1,az_2,ja,unb_1,unb_2
2021-10-22T23:59:59+02:00,5894,5707,44948,43135,58760,51250,62562,58943,74070,72367,88261,86150,60788,64936,39774,51106,12619,22699,41119,39497,54968,47285,59187,55192,70250,68031,84426,82375,58829,62709,38503,49378,12107,21710,672248,632726,79450,76206,109667,103796,42581,48,63
2021-10-21T23:59:59+02:00,5845,5668,44803,43010,58604,51116,62410,58825,73951,72277,88175,86099,60770,64922,39763,51090,12615,22693,40996,39367,54859,47173,59088,55068,70167,67963,84367,82330,58807,62677,38487,49360,12102,21704,671072,631745,79433,76195,109667,103796,42441,48,63
2021-10-20T23:59:59+02:00,5809,5616,44667,42882,58436,50966,62288,58733,73851,72203,88128,86055,60760,64905,39745,51074,12610,22681,40852,39210,54699,47014,58969,54927,70078,67867,84296,82268,58769,62640,38469,49338,12099,21693,669963,630411,79408,76175,109666,103796,42348,48,63
2021-10-19T23:59:59+02:00,5781,5577,44542,42777,58301,50863,62219,58663,73808,72135,88086,86025,60737,64888,39731,51059,12603,22669,40650,39026,54534,46850,58867,54785,69995,67772,84230,82209,58731,62597,38452,49317,12097,21673,669093,628964,79398,76164,109666,103795,42283,48,63
2021-10-18T23:59:59+02:00,5762,5563,44487,42718,58243,50811,62186,58625,73779,72102,88064,86012,60719,64873,39728,51050,12601,22664,40596,38978,54482,46793,58834,54734,69958,67732,84194,82180,58713,62582,38445,49301,12095,21663,668681,628504,79396,76155,109666,103793,42220,48,63
2021-10-17T23:59:59+02:00,5750,5545,44451,42697,58213,50781,62155,58601,73761,72083,88042,85996,60712,64869,39722,51042,12599,22656,40556,38948,54460,46757,58811,54708,69941,67716,84174,82161,58703,62573,38443,49297,12094,21658,668403,628214,79388,76150,109666,103793,42194,48,63
2021-10-16T23:59:59+02:00,5748,5543,44451,42697,58213,50779,62155,58601,73761,72083,88042,85996,60712,64869,39722,51042,12599,22656,40555,38946,54460,46755,58811,54708,69941,67716,84174,82161,58703,62573,38443,49297,12094,21658,668397,628209,79388,76149,109666,103793,42194,48,63
2021-10-15T23:59:59+02:00,5733,5522,44393,42647,58158,50731,62111,58571,73724,72045,88012,85971,60699,64866,39717,51037,12596,22654,40502,38895,54417,46723,58771,54666,69908,67686,84146,82143,58698,62568,38435,49294,12093,21654,668002,627853,79386,76149,109664,103793,42111,48,63
2021-10-14T23:59:59+02:00,5687,5491,44317,42559,58086,50639,62040,58502,73664,71983,87951,85935,60686,64847,39703,51018,12586,22636,40397,38759,54353,46646,58689,54571,69837,67607,84108,82103,58664,62546,38428,49278,12090,21645,667262,626996,79377,76132,109664,103791,42003,48,63
2021-10-13T23:59:59+02:00,5646,5428,44217,42444,57978,50539,61966,58416,73608,71914,87903,85896,60669,64820,39695,51007,12583,22627,40214,38525,54204,46418,58563,54400,69752,67479,84023,82027,58634,62510,38408,49237,12085,21632,666355,625306,79365,76110,109664,103791,41948,48,63
2021-10-12T23:59:59+02:00,5609,5398,44094,42320,57865,50423,61882,58330,73521,71849,87841,85848,60645,64788,39688,50989,12578,22611,39973,38296,53994,46221,58416,54251,69659,67366,83943,81957,58600,62466,38387,49207,12076,21618,665362,623588,79360,76108,109663,103791,41870,48,63
2021-10-11T23:59:59+02:00,5591,5385,44049,42265,57815,50361,61843,58289,73482,71817,87811,85824,60630,64775,39681,50975,12572,22599,39926,38249,53939,46173,58370,54209,69629,67330,83923,81924,58579,62442,38374,49180,12068,21596,664892,623080,79353,76103,109663,103790,41832,48,63
2021-10-10T23:59:59+02:00,5577,5372,44022,42235,57780,50336,61810,58261,73462,71797,87796,85812,60621,64770,39680,50971,12571,22596,39893,38225,53901,46139,58336,54187,69605,67313,83909,81912,58574,62435,38369,49174,12066,21594,664648,622834,79348,76098,109663,103789,41786,48,63
2021-10-09T23:59:59+02:00,5576,5371,44021,42231,57780,50336,61808,58261,73462,71797,87796,85812,60621,64770,39680,50971,12571,22596,39891,38223,53900,46139,58334,54187,69605,67313,83909,81912,58573,62435,38369,49174,12066,21594,664641,622829,79348,76098,109663,103787,41784,48,63
2021-10-08T23:59:59+02:00,5552,5350,43974,42184,57727,50280,61758,58228,73414,71770,87771,85800,60613,64762,39674,50962,12569,22593,39856,38184,53872,46106,58298,54145,69572,67293,83892,81899,58569,62423,38366,49170,12065,21592,664247,622559,79346,76095,109663,103787,41701,48,63
2021-10-07T23:59:59+02:00,5488,5273,43829,42048,57613,50153,61669,58142,73338,71695,87717,85762,60600,64739,39664,50952,12566,22585,39666,37955,53734,45913,58173,53984,69467,67184,83837,81837,58540,62380,38345,49155,12058,21584,663204,620989,79331,76081,109663,103787,41611,48,63
2021-10-06T23:59:59+02:00,5463,5234,43690,41932,57499,50064,61590,58051,73273,71628,87657,85718,60583,64714,39650,50927,12563,22568,39504,37776,53603,45762,58070,53847,69376,67075,83772,81763,58506,62341,38330,49129,12056,21566,662283,619628,79309,76079,109662,103787,41524,48,63
2021-10-05T23:59:59+02:00,5422,5197,43562,41792,57386,49929,61472,57974,73203,71564,87604,85660,60564,64693,39639,50909,12559,22550,39372,37630,53486,45634,57975,53725,69276,66997,83713,81703,58481,62309,38312,49104,12050,21562,661243,618475,79303,76071,109662,103786,41445,48,63
2021-10-04T23:59:59+02:00,5393,5184,43484,41723,57317,49855,61424,57933,73149,71519,87571,85635,60545,64674,39634,50901,12555,22538,39299,37578,53418,45573,57937,53677,69239,66944,83683,81676,58455,62289,38302,49094,12048,21559,660692,617996,79299,76049,109662,103782,41355,48,63
2021-10-03T23:59:59+02:00,5383,5168,43456,41686,57264,49820,61388,57899,73120,71493,87547,85611,60535,64666,39623,50894,12552,22527,39269,37547,53388,45554,57911,53647,69219,66924,83663,81658,58444,62276,38296,49093,12047,21554,660368,617774,79297,76048,109662,103782,41279,48,63
2021-10-02T23:59:59+02:00,5383,5168,43455,41685,57261,49819,61388,57899,73120,71492,87547,85611,60535,64666,39623,50894,12552,22527,39269,37547,53388,45554,57911,53647,69219,66924,83663,81658,58444,62276,38296,49093,12047,21554,660363,617774,79295,76048,109662,103782,41279,48,63
2021-10-01T23:59:59+02:00,5370,5147,43380,41617,57194,49756,61326,57864,73068,71453,87509,85580,60520,64656,39618,50886,12552,22527,39213,37492,53340,45525,57871,53609,69184,66897,83639,81635,58437,62275,38293,49091,12047,21553,659882,617478,79294,76047,109662,103781,41159,48,63
2021-09-30T23:59:59+02:00,5299,5067,43203,41427,57035,49587,61205,57719,72973,71345,87436,85532,60497,64617,39599,50866,12548,22519,38982,37224,53180,45335,57731,53440,69083,66778,83563,81562,58420,62239,38277,49065,12041,21550,658571,615831,79282,76047,109662,103778,40933,48,63
2021-09-29T23:59:59+02:00,5264,5030,43062,41277,56896,49455,61109,57619,72888,71256,87378,85483,60472,64594,39582,50847,12544,22509,38793,37001,53038,45186,57639,53313,68988,66671,83497,81477,58377,62213,38265,49049,12038,21540,657548,614470,79257,76042,109662,103777,40772,48,63
2021-09-28T23:59:59+02:00,5222,4986,42854,41119,56751,49317,61004,57513,72803,71166,87318,85416,60443,64570,39568,50826,12537,22488,38598,36814,52895,45052,57539,53201,68905,66586,83421,81407,58349,62182,38249,49029,12036,21533,656354,613233,79249,76041,109661,103774,40611,48,63
2021-09-27T23:59:59+02:00,5190,4964,42763,41040,56658,49233,60919,57434,72740,71113,87268,85375,60420,64543,39546,50804,12528,22454,38511,36756,52815,45001,57466,53147,68868,66543,83378,81372,58326,62160,38239,49014,12033,21522,655696,612840,79243,76010,109661,103768,40366,48,63
2021-09-26T23:59:59+02:00,5177,4938,42719,41007,56627,49198,60901,57411,72716,71094,87254,85354,60412,64536,39542,50799,12527,22453,38489,36740,52781,44972,57443,53130,68846,66520,83359,81358,58320,62152,38234,49010,12033,21522,655455,612667,79238,76005,109661,103768,40285,48,63
2021-09-25T23:59:59+02:00,5177,4937,42715,41005,56627,49197,60901,57410,72715,71092,87254,85354,60412,64536,39542,50799,12527,22453,38485,36737,52780,44972,57443,53128,68845,66518,83359,81358,58319,62151,38234,49010,12033,21522,655449,612656,79236,76005,109661,103768,40281,48,63
2021-09-24T23:59:59+02:00,5158,4926,42629,40923,56563,49132,60835,57354,72654,71032,87216,85315,60400,64527,39537,50795,12526,22451,38427,36686,52730,44928,57392,53086,68799,66463,83326,81334,58308,62145,38231,49007,12032,21520,655102,612496,79232,76002,109661,103768,39951,48,63
2021-09-23T23:59:59+02:00,5086,4825,42359,40651,56338,48921,60664,57154,72500,70894,87083,85222,60345,64482,39518,50757,12520,22422,38186,36507,52539,44763,57241,52946,68668,66353,83226,81249,58271,62106,38218,48981,12025,21503,653506,611335,79219,75991,109660,103766,39328,48,63
2021-09-22T23:59:59+02:00,5047,4770,42205,40467,56161,48743,60516,56998,72390,70757,86990,85137,60309,64431,39496,50720,12517,22407,38049,36361,52378,44630,57112,52820,68591,66254,83137,81167,58237,62070,38201,48960,12022,21493,652194,610303,79205,75987,109659,103764,38975,48,63
2021-09-21T23:59:59+02:00,5011,4714,42006,40220,55937,48519,60352,56850,72299,70636,86901,85056,60269,64387,39478,50680,12508,22393,37887,36215,52225,44490,56992,52723,68523,66174,83061,81102,58208,62046,38177,48938,12016,21480,650621,609269,79204,75987,109659,103763,38704,48,63
2021-09-20T23:59:59+02:00,4985,4692,41900,40139,55806,48425,60250,56767,72221,70571,86843,85000,60244,64367,39465,50660,12502,22374,37805,36144,52110,44415,56909,52663,68461,66123,83010,81059,58185,62028,38167,48911,12013,21475,649913,608821,79194,75935,109659,103750,38417,48,63
2021-09-19T23:59:59+02:00,4980,4688,41855,40111,55732,48378,60201,56726,72180,70558,86816,84986,60237,64358,39464,50652,12502,22372,37773,36121,52065,44399,56875,52652,68425,66107,82988,81042,58177,62022,38164,48907,12013,21473,649655,608688,79192,75933,109656,103749,38265,48,63
2021-09-18T23:59:59+02:00,4978,4686,41843,40105,55714,48364,60182,56716,72168,70545,86806,84982,60232,64355,39463,50652,12502,22371,37769,36118,52049,44394,56862,52642,68416,66099,82978,81038,58172,62019,38162,48905,12013,21473,649600,608672,79191,75933,109656,103749,38187,48,63
2021-09-17T23:59:59+02:00,4923,4635,41697,39984,55596,48218,60040,56591,72032,70429,86737,84909,60196,64333,39454,50646,12499,22365,37662,36031,51952,44277,56771,52550,68308,66021,82918,80980,58141,62002,38155,48897,12011,21469,648768,608198,79190,75933,109656,103749,37638,48,63
2021-09-16T23:59:59+02:00,4826,4534,41411,39711,55341,47931,59805,56320,71842,70250,86608,84777,60144,64277,39431,50623,12488,22350,37386,35813,51750,44043,56587,52346,68163,65877,82808,80881,58088,61967,38137,48873,12002,21458,646844,606722,79186,75928,109646,103734,36961,48,63
2021-09-15T23:59:59+02:00,4761,4469,41170,39455,55096,47649,59590,56102,71684,70107,86488,84672,60101,64222,39403,50594,12479,22326,37176,35628,51576,43834,56446,52203,68056,65776,82712,80778,58042,61935,38113,48848,12000,21444,645051,605513,79184,75925,109646,103734,36453,48,63
2021-09-14T23:59:59+02:00,4733,4441,41047,39331,54966,47557,59501,55987,71586,70014,86411,84613,60082,64195,39389,50582,12476,22321,37103,35555,51484,43778,56373,52133,67981,65714,82653,80741,58024,61909,38098,48828,11994,21436,644290,605099,79184,75925,109646,103733,36078,48,63
2021-09-13T23:59:59+02:00,4705,4427,40944,39226,54875,47461,59437,55886,71514,69958,86368,84572,60051,64163,39383,50571,12472,22316,37028,35485,51397,43717,56314,52068,67916,65680,82613,80714,58001,61882,38089,48817,11993,21430,643578,604654,79183,75874,109645,103718,35889,48,63
2021-09-12T23:59:59+02:00,4696,4413,40913,39199,54854,47438,59411,55855,71486,69926,86354,84552,60043,64155,39381,50568,12470,22312,36991,35455,51379,43698,56289,52050,67896,65652,82592,80695,57990,61869,38084,48806,11993,21428,643364,604451,79174,75869,109644,103716,35810,48,63
2021-09-11T23:59:59+02:00,4687,4411,40898,39173,54825,47411,59392,55838,71462,69914,86343,84544,60042,64152,39380,50567,12470,22310,36974,35444,51357,43679,56276,52037,67873,65641,82579,80691,57988,61868,38082,48806,11993,21427,643268,604406,79174,75868,109644,103716,35699,48,63
2021-09-10T23:59:59+02:00,4642,4372,40717,38999,54669,47276,59272,55686,71335,69812,86254,84461,60014,64124,39369,50555,12466,22303,36848,35355,51247,43587,56185,51946,67780,65575,82507,80636,57969,61847,38073,48792,11986,21421,642356,603989,79172,75868,109644,103716,35118,48,63
2021-09-09T23:59:59+02:00,4568,4285,40473,38780,54472,47053,59095,55465,71187,69646,86150,84367,59988,64079,39345,50527,12457,22297,36637,35179,51072,43436,56032,51781,67637,65454,82399,80557,57930,61801,38056,48770,11981,21413,640862,602849,79171,75866,109644,103716,34520,48,62
2021-09-08T23:59:59+02:00,4469,4190,40245,38521,54272,46871,58920,55296,71074,69529,86057,84288,59951,64039,39337,50495,12451,22290,36351,34909,50837,43220,55832,51596,67502,65324,82285,80453,57897,61745,38033,48731,11970,21399,639434,601098,79166,75858,109644,103716,34013,48,62
2021-09-07T23:59:59+02:00,4395,4128,40041,38349,54142,46752,58817,55188,70997,69440,85995,84221,59927,64011,39326,50479,12448,22287,36223,34801,50732,43139,55750,51532,67432,65255,82220,80396,57864,61712,38021,48708,11964,21391,638415,600438,79160,75844,109640,103715,33689,48,62
2021-09-06T23:59:59+02:00,4354,4080,39936,38248,54062,46679,58749,55112,70951,69384,85950,84183,59907,63994,39323,50474,12446,22283,36107,34685,50636,43069,55666,51447,67373,65184,82166,80334,57837,61681,38010,48695,11963,21389,637731,599676,79160,75806,109638,103703,33546,48,62
2021-09-05T23:59:59+02:00,4341,4062,39901,38218,54040,46648,58713,55085,70923,69361,85926,84160,59904,63991,39320,50469,12445,22279,36081,34664,50608,43046,55633,51427,67354,65167,82148,80318,57829,61676,38007,48689,11961,21386,637508,599526,79159,75802,109637,103703,33442,48,62
2021-09-04T23:59:59+02:00,4341,4060,39892,38215,54037,46640,58712,55083,70921,69357,85922,84153,59904,63989,39320,50469,12445,22279,36070,34661,50605,43039,55629,51426,67352,65163,82145,80314,57828,61674,38007,48689,11961,21386,637488,599509,79159,75801,109637,103701,33415,48,62
2021-09-03T23:59:59+02:00,4302,4030,39778,38100,53936,46569,58631,55001,70851,69297,85858,84122,59886,63973,39314,50464,12442,22276,35991,34590,50520,42993,55566,51371,67293,65120,82100,80282,57813,61660,37999,48683,11955,21385,636909,599189,79159,75796,109637,103701,33085,48,62
2021-09-02T23:59:59+02:00,4263,3988,39600,37942,53792,46410,58490,54874,70724,69179,85780,84057,59838,63936,39291,50436,12440,22266,35864,34507,50407,42908,55466,51282,67193,65039,82027,80220,57766,61628,37982,48660,11950,21378,635898,598632,79159,75795,109637,103696,32572,48,62
2021-09-01T23:59:59+02:00,4202,3918,39406,37770,53629,46267,58372,54759,70632,69091,85719,83980,59794,63905,39275,50423,12438,22255,35529,34160,50176,42648,55269,51088,67032,64873,81895,80112,57717,61571,37950,48633,11945,21372,634773,596415,79148,75785,109636,103695,32238,48,62
2021-08-31T23:59:59+02:00,4152,3871,39269,37619,53497,46155,58268,54654,70545,69017,85641,83924,59764,63877,39258,50394,12436,22252,35409,34056,50034,42548,55157,51003,66937,64806,81813,80058,57677,61535,37936,48613,11939,21369,633841,595831,79146,75784,109634,103468,31933,47,62
2021-08-30T23:59:59+02:00,4101,3827,39157,37494,53391,46071,58181,54575,70483,68938,85580,83877,59746,63851,39246,50383,12434,22246,35336,33983,49957,42487,55080,50932,66877,64744,81759,80000,57650,61507,37921,48592,11938,21358,632997,595242,79143,75749,109634,103456,31768,47,62
2021-08-29T23:59:59+02:00,4090,3818,39139,37475,53372,46054,58166,54556,70475,68928,85564,83860,59744,63849,39243,50379,12433,22245,35307,33958,49926,42468,55068,50906,66854,64717,81736,79986,57640,61491,37916,48587,11935,21357,632878,595046,79140,75732,109634,103456,31699,47,62
2021-08-28T23:59:59+02:00,4090,3818,39138,37475,53371,46053,58165,54556,70474,68926,85564,83860,59744,63849,39243,50379,12433,22245,35307,33957,49926,42468,55065,50906,66853,64716,81736,79986,57640,61491,37916,48587,11935,21357,632874,595043,79140,75732,109634,103456,31696,47,62
2021-08-27T23:59:59+02:00,4054,3776,39016,37375,53270,45947,58082,54462,70385,68848,85503,83802,59718,63825,39231,50369,12433,22243,35205,33897,49824,42406,54992,50834,66762,64653,81682,79947,57615,61471,37905,48577,11934,21356,632236,594638,79140,75732,109629,103454,31295,47,62
2021-08-26T23:59:59+02:00,3970,3713,38819,37193,53098,45778,57945,54312,70256,68733,85376,83710,59670,63777,39207,50349,12426,22233,35030,33723,49671,42240,54831,50672,66634,64523,81537,79834,57568,61410,37876,48551,11929,21348,631042,593477,79137,75721,109623,103449,30724,47,62
2021-08-25T23:59:59+02:00,3875,3645,38650,36996,52943,45588,57831,54173,70155,68632,85282,83617,59634,63736,39189,50330,12424,22226,34646,33308,49398,41924,54593,50407,66439,64320,81357,79662,57480,61329,37854,48513,11917,21336,629799,590729,79136,75719,109623,103449,30329,47,62
2021-08-24T23:59:59+02:00,3854,3629,38562,36923,52863,45518,57775,54120,70101,68587,85236,83577,59602,63710,39180,50313,12421,22216,34498,33182,49277,41836,54505,50322,66336,64226,81266,79585,57431,61284,37846,48497,11912,21327,629360,589806,79132,75715,109621,103444,30035,47,62
2021-08-23T23:59:59+02:00,3826,3592,38466,36827,52783,45452,57720,54054,70042,68535,85182,83538,59584,63683,39170,50300,12419,22208,34358,33045,49152,41759,54404,50237,66242,64130,81177,79522,57395,61234,37826,48477,11911,21316,628825,588926,79129,75681,109619,103431,29769,47,62
2021-08-22T23:59:59+02:00,3818,3592,38437,36814,52768,45433,57703,54041,70016,68516,85165,83524,59574,63673,39168,50291,12414,22206,34310,33006,49124,41722,54368,50210,66199,64105,81141,79495,57380,61220,37823,48468,11906,21313,628721,588638,79127,75670,109618,103430,29648,47,62
2021-08-21T23:59:59+02:00,3816,3589,38417,36808,52759,45422,57688,54035,70002,68504,85159,83515,59567,63671,39167,50291,12414,22206,34298,33002,49114,41713,54354,50205,66187,64094,81135,79488,57376,61219,37823,48468,11906,21313,628680,588625,79126,75668,109617,103430,29568,47,62
2021-08-20T23:59:59+02:00,3796,3557,38347,36737,52675,45351,57612,53970,69929,68450,85097,83467,59550,63651,39164,50287,12414,22200,34198,32896,48999,41645,54262,50131,66092,64027,81065,79435,57356,61195,37817,48463,11905,21309,628312,588105,79124,75665,109617,103427,29162,47,62
2021-08-19T23:59:59+02:00,3768,3523,38175,36593,52513,45209,57488,53864,69797,68328,85000,83391,59520,63607,39149,50270,12410,22188,33847,32642,48711,41401,54045,49936,65884,63840,80889,79300,57300,61122,37771,48425,11900,21298,627412,586195,79122,75568,109608,103413,28612,47,62
2021-08-18T23:59:59+02:00,3718,3473,37985,36436,52386,45087,57391,53759,69687,68232,84924,83327,59481,63564,39134,50250,12408,22180,33465,32229,48408,41143,53788,49658,65665,63628,80705,79138,57218,61035,37735,48383,11896,21286,626407,583618,79119,75439,109606,103406,28251,47,62
2021-08-17T23:59:59+02:00,3657,3425,37822,36277,52266,44960,57309,53662,69592,68146,84852,83264,59446,63531,39121,50227,12403,22171,33074,31787,48080,40826,53497,49364,65417,63386,80505,78929,57108,60924,37693,48334,11884,21275,625445,580503,79119,75425,109601,103385,27927,47,62
2021-08-16T23:59:59+02:00,3601,3369,37674,36131,52169,44862,57234,53591,69522,68076,84796,83218,59424,63501,39106,50210,12397,22163,32514,31225,47688,40413,53105,48976,65111,63119,80286,78734,57032,60809,37661,48279,11875,21253,624518,576471,79115,75390,109601,103365,27771,47,62
2021-08-15T23:59:59+02:00,3592,3360,37640,36106,52136,44844,57207,53558,69507,68060,84785,83207,59412,63497,39103,50201,12397,22161,32436,31128,47615,40349,53042,48915,65067,63077,80243,78706,57014,60789,37653,48266,11874,21249,624330,575909,79115,75360,109600,103354,27689,47,62
2021-08-14T23:59:59+02:00,3587,3355,37632,36099,52130,44840,57201,53551,69503,68057,84777,83203,59405,63492,39103,50199,12397,22161,32428,31121,47604,40345,53033,48907,65064,63074,80236,78704,57009,60784,37653,48264,11874,21249,624297,575878,79112,75359,109600,103354,27644,47,62
2021-08-13T23:59:59+02:00,3570,3341,37562,36056,52069,44790,57134,53501,69434,68017,84711,83167,59383,63480,39092,50184,12394,22155,32287,31008,47475,40246,52911,48806,64962,62994,80146,78654,56986,60763,37640,48254,11872,21244,623989,575071,79112,75358,109600,103354,27300,47,62
2021-08-12T23:59:59+02:00,3530,3313,37433,35933,51979,44700,57062,53416,69340,67943,84636,83101,59354,63456,39080,50171,12394,22152,31758,30520,47090,39895,52519,48453,64636,62762,79925,78442,56894,60675,37595,48211,11867,21227,623265,571582,79111,75328,109598,103247,26980,47,62
2021-08-11T23:59:59+02:00,3488,3273,37275,35787,51867,44592,56938,53294,69244,67853,84553,83020,59314,63418,39059,50155,12390,22148,31114,29901,46583,39505,52090,48017,64333,62485,79712,78238,56798,60569,37559,48138,11854,21210,622359,567542,79105,75304,109596,103159,26569,47,62
2021-08-10T23:59:59+02:00,3440,3228,37116,35637,51753,44470,56832,53189,69178,67783,84486,82963,59290,63381,39041,50141,12383,22143,30227,28921,45845,38804,51422,47411,63947,62121,79464,77995,56693,60464,37514,48069,11846,21198,621412,561327,79103,75303,109593,103156,26307,47,62
2021-08-09T23:59:59+02:00,3404,3199,37022,35531,51676,44401,56772,53147,69147,67741,84456,82931,59273,63366,39029,50122,12382,22141,29516,28177,45175,38218,50850,46829,63575,61763,79186,77745,56572,60368,37470,48014,11839,21184,620826,557210,79102,73855,109592,103130,26181,47,62
2021-08-08T23:59:59+02:00,3395,3185,36996,35514,51651,44375,56754,53136,69129,67723,84436,82916,59269,63361,39024,50115,12381,22140,29391,28036,45031,38123,50753,46743,63519,61706,79137,77704,56535,60350,37460,48003,11839,21181,620650,556283,79101,73847,109591,103098,26119,47,62
2021-08-07T23:59:59+02:00,3395,3185,36994,35508,51641,44374,56752,53136,69125,67720,84435,82914,59268,63361,39024,50115,12381,22140,29382,28028,45016,38120,50752,46738,63516,61701,79134,77701,56532,60349,37459,48003,11839,21180,620642,556248,79100,73845,109591,103097,26096,47,62
2021-08-06T23:59:59+02:00,3384,3170,36927,35452,51559,44309,56685,53094,69083,67686,84403,82887,59256,63341,39013,50109,12378,22138,29143,27795,44807,37936,50568,46592,63378,61583,79034,77633,56507,60324,37444,47993,11836,21177,620360,554785,79097,73838,109591,103095,25787,47,62
2021-08-05T23:59:59+02:00,3351,3131,36775,35318,51445,44176,56564,52979,68967,67572,84278,82812,59213,63287,38990,50088,12369,22128,28443,27176,44219,37455,50012,46136,63019,61285,78742,77413,56398,60229,37404,47940,11828,21161,619560,550466,79096,73828,109591,102915,25157,47,62
2021-08-04T23:59:59+02:00,3292,3068,36574,35146,51293,44028,56424,52863,68842,67442,84163,82698,59145,63229,38971,50059,12364,22118,27298,26057,43258,36578,49052,45232,62426,60679,78245,76973,56188,60047,37345,47851,11815,21141,618462,542122,79085,73787,109591,102862,24542,47,62
2021-08-03T23:59:59+02:00,3219,3010,36357,34948,51136,43886,56299,52738,68709,67328,84075,82625,59102,63184,38950,50029,12355,22103,26218,24942,42325,35681,48153,44347,61882,60148,77795,76568,56019,59862,37284,47763,11796,21110,617100,533790,79077,73738,109587,102836,24250,47,62
2021-08-02T23:59:59+02:00,3174,2956,36214,34797,51026,43776,56206,52637,68623,67235,83989,82550,59063,63136,38935,50009,12347,22091,25317,23946,41474,34937,47423,43603,61397,59677,77409,76225,55855,59713,37234,47684,11779,21089,616122,526812,79076,73683,109586,102693,23941,47,62
2021-08-01T23:59:59+02:00,3169,2950,36197,34775,50999,43757,56186,52611,68593,67222,83975,82537,59057,63131,38933,50005,12347,22091,25058,23695,41227,34735,47191,43406,61256,59540,77293,76129,55819,59684,37219,47671,11775,21085,615976,524943,79073,73642,109585,102627,23862,47,62
2021-07-31T23:59:59+02:00,3168,2949,36192,34774,50999,43756,56184,52610,68592,67221,83975,82536,59057,63131,38933,50005,12347,22090,25051,23680,41219,34727,47186,43400,61247,59538,77291,76126,55819,59681,37219,47671,11775,21084,615963,524875,79073,73641,109585,102626,23859,47,62
2021-07-30T23:59:59+02:00,3151,2936,36131,34711,50929,43705,56121,52549,68536,67180,83937,82496,59045,63117,38929,49998,12344,22087,24730,23368,40946,34511,46926,43204,61058,59407,77141,76011,55787,59642,37205,47659,11775,21084,615671,522936,79069,73638,109582,102515,23541,47,61
2021-07-29T23:59:59+02:00,3128,2908,35991,34587,50798,43577,56027,52449,68465,67117,83866,82444,59019,63099,38917,49989,12344,22086,23775,22379,40063,33764,46024,42423,60510,58962,76780,75707,55667,59504,37165,47604,11768,21073,614793,515879,79050,73512,109582,102346,23347,47,61
2021-07-28T23:59:59+02:00,3079,2853,35748,34349,50574,43405,55825,52297,68318,66975,83752,82345,58967,63052,38895,49952,12334,22078,22557,21141,38740,32658,44707,41246,59708,58301,76274,75246,55472,59315,37096,47500,11754,21048,613411,506071,79043,73342,109581,102188,22724,47,61
2021-07-27T23:59:59+02:00,3053,2834,35640,34228,50491,43323,55742,52246,68256,66906,83692,82273,58926,63009,38883,49937,12333,22069,21318,19751,37312,31324,43340,39945,59081,57705,75853,74834,55309,59138,37038,47445,11743,21025,612680,495654,79027,73164,109580,102077,22515,47,61
2021-07-26T23:59:59+02:00,3034,2815,35578,34132,50432,43269,55697,52197,68212,66869,83656,82246,58913,62993,38871,49925,12332,22067,20299,18652,36065,30209,42071,38794,58584,57302,75567,74580,55211,59038,37017,47410,11737,21011,612153,487414,79020,72837,109580,101912,22446,47,61
2021-07-25T23:59:59+02:00,3024,2810,35531,34090,50387,43221,55670,52175,68189,66844,83627,82223,58897,62986,38868,49922,12329,22061,19898,18287,35649,29878,41663,38487,58388,57147,75408,74471,55164,59000,36995,47390,11734,21007,611861,484683,79014,72563,109580,101882,22360,47,61
2021-07-24T23:59:59+02:00,3024,2810,35526,34087,50385,43218,55668,52174,68187,66844,83625,82222,58897,62986,38867,49922,12329,22061,19891,18275,35638,29868,41657,38486,58384,57144,75404,74469,55164,59000,36994,47390,11734,21007,611854,484638,79012,72562,109580,101880,22347,47,61
2021-07-23T23:59:59+02:00,3000,2784,35375,33969,50236,43117,55549,52067,68090,66749,83533,82171,58866,62958,38857,49917,12324,22058,19652,18051,35376,29691,41385,38304,58218,57014,75267,74391,55125,58976,36982,47380,11728,21001,611225,483510,79012,72269,109580,101878,21764,47,61
2021-07-22T23:59:59+02:00,2949,2700,34937,33598,49928,42883,55282,51838,67859,66564,83357,82020,58779,62865,38821,49870,12313,22040,18861,17392,34281,28955,40262,37471,57477,56544,74715,74017,54945,58796,36916,47296,11707,20975,609071,477991,78999,70830,109576,101659,20918,47,60
2021-07-21T23:59:59+02:00,2894,2642,34626,33270,49685,42669,55094,51649,67668,66381,83230,81893,58714,62812,38790,49830,12302,22030,18036,16569,32967,27964,39000,36513,56782,55980,74266,73656,54799,58621,36850,47212,11695,20942,607239,472094,78948,68640,109575,101447,20378,47,60
2021-07-20T23:59:59+02:00,2818,2580,34270,32880,49400,42436,54920,51453,67486,66223,83089,81771,58649,62756,38761,49784,12301,22015,16886,15453,31253,26568,37269,35057,55987,55331,73719,73210,54633,58432,36800,47127,11677,20904,605131,462934,78913,66902,109573,101106,19936,47,60
2021-07-19T23:59:59+02:00,2734,2508,33709,32316,49087,42126,54647,51188,67289,66010,82919,81603,58582,62674,38716,49732,12294,22000,16229,14883,30310,25888,36404,34341,55547,54907,73391,72970,54546,58346,36763,47076,11671,20882,601926,459235,78852,64732,109572,100933,19745,47,60
2021-07-18T23:59:59+02:00,2706,2490,33611,32200,48996,42071,54591,51128,67228,65961,82875,81561,58555,62648,38705,49719,12292,21993,15910,14619,29742,25511,35910,33989,55291,54745,73245,72869,54504,58306,36755,47061,11670,20878,601321,457787,78836,63205,109571,100905,19563,47,59
2021-07-17T23:59:59+02:00,2706,2490,33610,32198,48990,42070,54588,51126,67228,65960,82875,81560,58555,62647,38705,49719,12292,21993,15905,14612,29730,25496,35905,33984,55286,54744,73245,72869,54504,58306,36755,47061,11670,20878,601311,457740,78834,63201,109566,100902,19562,47,59
2021-07-16T23:59:59+02:00,2647,2425,33004,31676,48493,41722,54193,50793,66846,65636,82561,81328,58436,62535,38655,49670,12288,21986,15489,14288,29237,25123,35458,33653,54947,54490,72985,72676,54392,58218,36720,47023,11667,20874,599093,456343,78830,63072,109565,100894,17367,47,59
2021-07-15T23:59:59+02:00,2514,2293,32142,30894,47871,41151,53618,50308,66417,65288,82307,81086,58345,62438,38621,49627,12280,21967,14651,13615,27912,24298,34157,32842,54267,54090,72571,72450,54298,58121,36690,46989,11660,20858,594066,452158,78818,60703,109564,100310,16679,47,59
2021-07-14T23:59:59+02:00,2408,2207,31597,30367,47382,40711,53197,49908,66089,65006,82068,80838,58240,62342,38587,49577,12270,21954,13408,12480,25913,22841,32256,31322,53518,53496,72061,72111,54160,57995,36648,46928,11650,20842,590200,443022,78801,58786,109563,99973,16144,47,58
2021-07-13T23:59:59+02:00,2351,2137,31332,30097,47112,40485,52946,49678,65886,64818,81901,80690,58173,62266,38562,49540,12260,21942,12418,11634,24180,21527,30309,29735,52323,52327,71242,71317,53911,57718,36561,46813,11633,20815,588050,436293,78787,55862,109555,96814,15744,47,58
2021-07-12T23:59:59+02:00,2124,1930,30473,29167,46459,39951,52375,49110,65496,64430,81621,80417,58037,62140,38520,49483,12251,21921,11667,11011,22782,20545,28568,28356,51364,51466,70501,70697,53653,57438,36494,46695,11620,20784,581820,428177,78768,53296,109555,96658,15722,47,58
2021-07-11T23:59:59+02:00,2079,1893,30353,29059,46395,39880,52323,49047,65439,64374,81560,80374,58016,62120,38514,49465,12246,21916,11505,10863,22509,20358,28203,28084,51159,51320,70328,70553,53600,57358,36472,46678,11611,20777,581001,426108,78762,53254,109553,96523,15697,47,55
2021-07-10T23:59:59+02:00,2079,1891,30350,29051,46392,39874,52321,49045,65436,64373,81559,80371,58016,62118,38513,49465,12246,21916,11493,10844,22495,20343,28187,28071,51152,51315,70325,70550,53600,57358,36471,46678,11611,20777,580972,426020,78761,53252,109553,96512,15690,47,55
2021-07-09T23:59:59+02:00,2035,1853,30118,28819,46176,39694,52136,48874,65274,64260,81455,80290,57986,62088,38498,49450,12242,21914,11110,10573,21851,19905,27519,27519,50444,50745,69742,70138,53498,57271,36448,46644,11606,20766,579775,424938,78755,52937,109548,93056,15045,46,55
2021-07-08T23:59:59+02:00,1897,1726,29455,28288,45568,39191,51581,48406,64872,63950,81154,80056,57894,61997,38466,49399,12237,21900,9928,9473,19907,18278,25055,25537,49409,49944,69115,69600,53273,57057,36372,46557,11591,20740,575518,414415,78733,50512,109532,92825,14215,46,55
2021-07-07T23:59:59+02:00,1684,1529,28342,27085,44518,38226,50482,47411,64213,63311,80613,79573,57690,61767,38400,49314,12224,21859,9395,8996,18820,17436,23656,24335,48584,49298,68568,69110,53073,56815,36296,46459,11575,20700,566247,408071,78717,48896,109530,92537,13708,46,55
2021-07-06T23:59:59+02:00,1483,1371,27262,26048,43496,37304,49547,46481,63613,62750,80178,79164,57508,61583,38343,49219,12200,21832,8679,8253,17492,16431,22042,23053,47977,48844,68192,68844,52956,56701,36247,46422,11568,20685,557992,400604,78706,48471,109527,92243,13118,46,55
2021-07-05T23:59:59+02:00,1327,1247,26118,24795,42416,36311,48495,45410,62946,62173,79741,78763,57335,61394,38290,49143,12191,21809,8425,8026,16990,16110,21479,22666,47669,48617,67997,68696,52904,56628,36221,46403,11565,20680,548683,398011,78698,48155,109527,91984,12956,46,53
2021-07-04T23:59:59+02:00,1262,1183,25796,24470,42108,36052,48243,45226,62799,62037,79628,78665,57299,61354,38279,49124,12189,21806,8169,7869,16718,15912,21195,22468,47544,48517,67918,68621,52880,56604,36206,46398,11563,20679,546368,396975,78670,47492,109526,91900,12916,46,53
2021-07-03T23:59:59+02:00,1262,1182,25788,24456,42095,36045,48241,45226,62795,62036,79627,78664,57298,61354,38279,49124,12189,21806,8163,7861,16707,15901,21188,22461,47537,48516,67913,68620,52879,56604,36206,46398,11563,20679,546336,396941,78669,47491,109526,91890,12896,46,53
2021-07-02T23:59:59+02:00,1194,1125,25473,24109,41774,35767,47983,44971,62651,61888,79553,78593,57281,61331,38273,49112,12185,21801,7985,7713,16338,15634,20744,22154,46571,47737,67416,68270,52795,56512,36191,46380,11562,20676,543955,394457,78668,47488,109521,89871,12880,46,53
2021-07-01T23:59:59+02:00,1139,1075,25098,23745,41391,35419,47587,44621,62401,61648,79363,78422,57218,61268,38242,49071,12178,21791,7594,7376,15522,14851,19571,21118,45032,46250,66200,67191,52486,56209,36094,46260,11538,20649,540809,388623,78566,46660,109512,85916,12750,46,53
2021-06-30T23:59:59+02:00,1066,1010,24674,23297,40964,35047,47177,44241,62172,61438,79191,78274,57139,61190,38214,49021,12170,21770,7220,7018,14574,14050,18136,19908,41814,43520,64500,65744,52018,55710,35945,46066,11511,20599,537358,376586,78533,45963,109508,83163,12616,46,52
2021-06-29T23:59:59+02:00,976,901,24172,22763,40443,34628,46744,43827,61912,61158,78978,78097,57060,61126,38186,48977,12164,21751,6944,6709,13909,13551,16973,18981,37481,39834,63144,64487,51530,55210,35812,45887,11480,20556,533285,361260,78524,45749,109508,82957,12506,46,52
2021-06-28T23:59:59+02:00,947,868,23834,22373,39984,34236,46324,43460,61673,60902,78786,77943,56986,61057,38157,48947,12161,21736,6633,6394,13254,13049,15955,18142,33835,36786,62018,63451,51175,54814,35717,45737,11455,20518,531521,352584,76838,41053,109506,82801,12469,46,52
2021-06-27T23:59:59+02:00,933,855,23742,22280,39908,34174,46265,43400,61641,60865,78750,77913,56971,61046,38151,48940,12160,21731,6541,6322,13017,12906,15530,17904,32999,36139,61759,63250,51084,54743,35699,45715,11453,20514,530908,349675,76833,40785,109500,82643,12444,46,52
2021-06-26T23:59:59+02:00,933,855,23736,22274,39898,34170,46263,43398,61639,60864,78750,77913,56971,61046,38151,48939,12160,21731,6538,6315,13009,12892,15522,17897,32995,36138,61752,63248,51082,54737,35699,45715,11453,20513,530876,349607,76832,40784,109499,82642,12444,46,52
2021-06-25T23:59:59+02:00,910,828,23623,22157,39815,34082,46181,43326,61594,60816,78703,77891,56960,61034,38148,48936,12159,21729,6441,6200,12901,12761,15383,17734,32278,35477,61360,62922,51004,54653,35691,45694,11450,20512,530080,346593,76831,40772,109498,82623,12443,46,52
2021-06-24T23:59:59+02:00,843,770,23236,21739,39461,33769,45831,43024,61388,60622,78543,77753,56906,60980,38125,48906,12154,21719,6103,5902,12339,12299,14674,17046,28972,32761,59073,61066,50418,54055,35555,45485,11432,20464,527125,332769,76782,40507,109496,82008,12326,46,52
2021-06-23T23:59:59+02:00,739,676,22592,21079,38888,33180,45175,42316,61021,60228,78293,77502,56802,60845,38078,48853,12144,21699,5948,5707,11971,11946,14164,16515,25611,30001,57427,59535,49895,53516,35434,45311,11411,20421,521537,323321,76726,37571,109493,81570,12314,46,52
2021-06-22T23:59:59+02:00,678,611,22164,20638,38481,32759,44739,41853,60747,59941,78087,77260,56705,60734,38042,48781,12131,21677,5759,5571,11644,11679,13733,16141,21267,26467,55348,57831,49294,52911,35257,45094,11390,20377,517724,308936,76599,37519,109488,81091,12177,46,52
2021-06-21T23:59:59+02:00,641,570,21909,20401,38225,32526,44494,41577,60556,59730,77954,77119,56651,60650,38017,48740,12122,21661,5627,5460,11334,11479,13392,15876,19715,25232,54428,57061,47070,50446,34658,44371,11367,20318,515664,303598,76398,37451,109471,74777,11966,45,52
2021-06-20T23:59:59+02:00,612,551,21618,20105,37927,32248,44210,41321,60405,59562,77817,76973,56602,60606,37997,48723,12119,21654,5569,5416,11201,11391,13236,15748,19317,24906,54159,56877,45411,48462,34092,43736,11347,20297,513271,302964,76316,36696,109460,69505,11960,44,50
2021-06-19T23:59:59+02:00,610,551,21613,20092,37911,32243,44207,41316,60399,59558,77815,76970,56599,60605,37997,48722,12119,21654,5563,5407,11196,11387,13226,15742,19309,24898,54145,56865,45402,48452,34091,43736,11347,20297,513207,302878,76311,36693,109460,69492,11960,44,50
2021-06-18T23:59:59+02:00,596,537,21517,19979,37843,32187,44132,41230,60344,59512,77770,76928,56577,60583,37992,48709,12118,21653,5470,5244,10899,10850,12851,15160,18768,23879,53288,55554,45198,48288,34063,43687,11341,20285,512446,301306,76304,36692,109455,64828,11959,44,50
2021-06-17T23:59:59+02:00,511,445,20797,19264,37086,31556,43338,40478,59935,59144,77471,76675,56460,60454,37942,48641,12105,21629,5280,5030,10516,10299,12325,14386,17834,22517,51711,53610,44045,46937,33745,43289,11294,20201,506457,293975,76211,36563,109444,60665,11776,44,50
2021-06-16T23:59:59+02:00,405,366,20000,18315,36096,30623,42330,39503,59392,58662,77076,76357,56315,60298,37884,48553,12095,21606,5092,4873,10002,9974,11589,13888,16287,21211,47828,50062,42287,44924,33277,42717,11231,20074,499076,277782,75674,36362,109428,59478,11655,44,49
2021-06-15T23:59:59+02:00,295,263,19190,17464,35171,29764,41400,38614,58955,58222,76741,76027,56172,60131,37825,48483,12080,21572,4892,4749,9479,9709,10879,13414,14774,20020,43552,45967,40734,43075,32795,42094,11164,19946,491856,260576,75556,36326,109418,58806,11496,44,48
2021-06-14T23:59:59+02:00,191,172,18078,16235,33925,28488,39938,37203,58364,57655,76348,75685,56043,59986,37782,48413,12071,21557,4769,4656,9132,9500,10397,13095,13602,19016,40907,43412,39660,41925,32502,41693,11132,19861,482108,249398,75121,36299,109415,58075,11448,43,48
2021-06-13T23:59:59+02:00,150,133,17571,15831,33448,28086,39445,36821,58150,57474,76199,75583,56016,59946,37760,48391,12068,21548,4682,4607,8983,9427,10233,13026,12996,18562,40437,43019,39423,41702,32442,41608,11126,19847,479031,248431,74818,34872,109408,57457,11321,43,48
2021-06-12T23:59:59+02:00,150,133,17564,15811,33432,28077,39438,36817,58143,57470,76195,75581,56015,59944,37759,48391,12068,21548,4675,4601,8972,9422,10221,13019,12984,18549,40253,42872,39400,41687,32438,41606,11126,19846,478952,247996,74814,34872,109408,57444,11320,43,48
2021-06-11T23:59:59+02:00,148,133,17480,15751,33284,28004,39266,36760,58023,57434,76124,75557,56002,59939,37757,48388,12068,21547,4593,4408,8814,8862,10030,12300,12750,17478,39764,41570,39245,41556,32420,41570,11124,19845,478609,247506,74400,34871,109303,52602,11311,43,48
2021-06-10T23:59:59+02:00,133,113,16640,15035,31872,27092,38023,35844,57340,56977,75715,75285,55912,59847,37718,48343,12057,21529,4341,4214,8255,8359,9347,11536,12013,16407,36907,38529,38443,40750,32254,41389,11108,19815,474722,240426,71432,34739,109027,48211,10252,43,48
2021-06-09T23:59:59+02:00,111,88,15865,14330,30591,26194,36808,34958,56761,56589,75371,75057,55828,59740,37691,48298,12044,21509,4157,4063,7894,8170,8878,11316,11392,16027,31821,33657,36944,39212,32009,41120,11087,19765,470059,226487,69001,34614,108983,46624,9750,41,46
2021-06-08T23:59:59+02:00,84,70,14951,13470,29211,25106,35444,33949,56145,56182,75073,74842,55753,59665,37668,48266,12040,21499,4075,4001,7736,8048,8726,11201,11097,15820,28989,30837,35985,38268,31849,40924,11063,19732,465486,218982,65568,34553,108937,45392,9387,41,46
2021-06-07T23:59:59+02:00,76,57,14314,12896,27843,24292,34283,33167,55668,55924,74829,74732,55717,59625,37652,48255,12040,21495,3982,3928,7541,7920,8426,11069,10729,15574,24650,26454,34517,36727,31627,40657,11035,19702,462356,207180,62529,34487,108905,43800,9034,41,46
2021-06-06T23:59:59+02:00,75,54,13992,12701,27055,23872,33628,32748,55358,55758,74671,74666,55696,59601,37638,48246,12038,21494,3915,3891,7388,7878,8268,10984,10406,15371,21822,23574,33514,35643,31487,40502,11028,19687,461209,204384,60469,29237,108878,43007,8694,41,45
2021-06-05T23:59:59+02:00,75,52,13962,12672,27012,23832,33599,32729,55353,55748,74665,74660,55691,59596,37633,48244,12038,21494,3893,3875,7353,7856,8221,10966,10343,15329,20394,22019,32716,34762,31417,40421,11024,19680,461085,199404,60364,29234,108872,42902,8693,41,45
2021-06-04T23:59:59+02:00,69,48,13732,12410,26698,23515,33261,32419,55292,55668,74626,74640,55682,59591,37632,48242,12038,21493,3864,3847,7274,7777,8166,10888,10264,15206,20287,21902,32642,34707,31385,40384,11021,19677,459182,199323,60301,29221,108839,42018,8693,41,45
2021-06-03T23:59:59+02:00,51,43,13165,11925,25663,22830,32125,31668,54797,55335,74310,74446,55611,59512,37597,48211,12031,21476,3735,3757,6998,7607,7884,10715,9936,14970,18399,20037,30662,32393,31112,40051,10998,19628,454852,190714,58797,29200,108824,40653,8282,41,42
2021-06-02T23:59:59+02:00,37,31,12475,11182,24664,21927,30988,30714,54531,55070,74119,74306,55558,59431,37580,48189,12023,21469,3701,3737,6938,7550,7828,10665,9853,14879,17879,19488,28733,30214,31013,39908,10991,19617,448542,185175,58619,29199,108822,40316,8271,40,42
2021-06-01T23:59:59+02:00,23,17,11346,10301,22537,20495,28451,28823,53118,54009,73112,73523,55256,59106,37457,48016,11988,21409,3472,3563,6439,7240,7227,10239,8993,14277,15929,17673,24942,25952,30324,39023,10914,19461,439042,171144,54156,29062,108784,38465,6965,40,40
2021-05-31T23:59:59+02:00,18,13,10484,9635,20699,19323,26402,27309,52008,53158,72406,72973,55041,58843,37383,47911,11973,21373,3331,3409,6104,6992,6828,9943,8452,13920,14860,16693,23743,24575,29935,38532,10854,19367,432232,165381,49779,29024,108765,36966,6136,40,39
2021-05-30T23:59:59+02:00,16,10,10136,9291,19976,18829,25696,26730,51669,52876,72169,72776,54964,58765,37358,47883,11965,21364,3150,3219,5756,6725,6540,9702,8234,13714,14601,16422,23451,24256,29825,38426,10839,19339,429645,164551,49369,28967,108733,35964,4686,40,39
2021-05-29T23:59:59+02:00,16,10,10120,9279,19958,18799,25676,26704,51658,52871,72165,72766,54962,58760,37357,47883,11964,21364,3148,3211,5752,6720,6534,9700,8226,13706,14591,16416,23440,24248,29821,38420,10838,19338,429484,164478,49369,28965,108733,35949,4686,40,39
2021-05-28T23:59:59+02:00,16,10,10054,9185,19818,18630,25412,26473,51498,52695,72018,72635,54923,58710,37343,47863,11961,21351,3101,3133,5659,6581,6431,9499,8110,13432,14399,16140,23287,24092,29767,38357,10831,19329,427826,164088,49332,28964,108713,34381,4685,39,38
2021-05-27T23:59:59+02:00,16,10,8796,7997,17416,16825,22635,24323,50405,51880,71352,72144,54725,58485,37248,47768,11947,21321,2802,2799,4815,5955,5538,8719,7318,12441,13270,14947,22295,23055,29380,37901,10776,19243,415923,160263,48376,28701,108571,29876,2384,39,38
2021-05-26T23:59:59+02:00,15,10,8395,7583,16540,16019,21446,23313,49800,51334,70930,71756,54574,58320,37180,47690,11936,21291,2618,2627,4446,5617,5060,8212,6840,11793,12300,13966,21393,22021,29068,37458,10729,19158,410322,156400,47644,28614,108490,26625,1638,38,37
2021-05-25T23:59:59+02:00,15,10,7826,6983,15297,15138,19999,22140,49321,50931,70682,71569,54499,58236,37155,47662,11932,21281,2542,2527,4255,5489,4814,7982,6559,11484,11742,13432,19230,19843,28694,36919,10694,19109,403552,150694,47404,28601,108442,24751,1240,38,37
2021-05-24T23:59:59+02:00,15,10,7738,6883,15073,15010,19714,21961,49220,50812,70638,71530,54496,58230,37152,47659,11931,21278,2500,2464,4169,5321,4721,7739,6434,11201,11604,13190,19114,19729,28643,36873,10687,19098,402418,150545,47325,28558,108344,23132,1225,38,35
2021-05-23T23:59:59+02:00,14,10,7722,6870,15035,14993,19659,21933,49209,50810,70633,71524,54495,58226,37152,47657,11931,21278,2497,2459,4163,5317,4710,7735,6428,11188,11581,13167,18972,19531,28612,36834,10685,19096,402229,150054,47325,28556,108343,23123,1216,38,34
2021-05-22T23:59:59+02:00,14,10,7719,6862,15026,14981,19648,21925,49209,50808,70630,71524,54495,58225,37152,47657,11931,21278,2495,2452,4156,5311,4708,7735,6424,11185,11573,13164,18959,19525,28611,36834,10685,19096,402174,150017,47325,28556,108343,23099,1214,38,34
2021-05-21T23:59:59+02:00,14,10,7644,6762,14900,14846,19443,21767,48970,50574,70487,71416,54468,58198,37144,47650,11925,21272,2425,2368,4067,5171,4604,7526,6300,10888,11401,12875,18893,19458,28595,36804,10682,19094,400602,149761,47322,28555,108318,21597,1211,37,34
2021-05-20T23:59:59+02:00,14,10,7368,6466,14315,14323,18506,20889,46292,48218,69329,70440,54110,57831,37035,47507,11893,21241,2162,2200,3707,4808,4162,6977,5745,10056,10312,11774,17612,18160,28088,36204,10606,18946,389590,144495,47155,28261,108013,17743,993,36,34
2021-05-19T23:59:59+02:00,13,9,7128,6245,13648,13836,17238,19888,42302,44738,67839,69131,53655,57305,36871,47276,11856,21190,2085,1996,3542,4470,3913,6456,5300,9373,9315,10657,16129,16511,27391,35284,10478,18736,374803,137311,46582,28117,107773,15217,974,36,24
2021-05-18T23:59:59+02:00,13,7,6932,6068,13098,13402,16141,19029,37579,40719,66384,67806,53100,56766,36720,47052,11814,21134,2039,1872,3402,4279,3728,6138,4966,8888,8449,9785,14545,14770,26681,34426,10387,18561,358689,130663,46517,27551,107613,13776,909,36,24
2021-05-17T23:59:59+02:00,13,7,6798,5973,12773,13151,15640,18639,35399,38853,65549,67019,52824,56451,36637,46943,11799,21097,1968,1809,3215,4096,3508,5907,4644,8516,7669,9085,11280,10739,25771,33274,10306,18390,354957,125437,42240,21446,107528,12473,804,36,24
2021-05-16T23:59:59+02:00,13,7,6734,5887,12648,12997,15468,18472,34907,38382,65363,66849,52768,56388,36624,46916,11794,21092,1909,1712,3111,3973,3428,5805,4536,8369,7486,8896,9085,8139,25286,32589,10272,18332,353477,124291,41731,16086,107492,11960,574,35,24
2021-05-15T23:59:59+02:00,13,7,6729,5878,12641,12991,15463,18466,34898,38379,65361,66847,52767,56387,36624,46916,11794,21092,1908,1712,3109,3968,3423,5802,4531,8366,7484,8893,9083,8137,25285,32589,10272,18332,353429,124261,41731,16086,107487,11959,571,35,24
2021-05-14T23:59:59+02:00,13,7,6529,5782,12400,12928,15231,18374,33924,37588,64824,66438,52671,56300,36607,46882,11792,21087,1791,1624,2997,3896,3366,5694,4481,8220,7436,8764,9076,8131,25284,32589,10272,18331,350057,124202,41700,16082,107025,11091,561,34,23
2021-05-13T23:59:59+02:00,13,7,6283,5597,11995,12673,14662,17926,30394,34797,62343,64359,52039,55627,36469,46662,11780,21039,1749,1584,2941,3820,3334,5603,4438,8117,7354,8645,9037,8071,25265,32547,10267,18327,336060,123951,41475,16058,106597,10574,499,34,23
2021-05-12T23:59:59+02:00,13,7,6266,5572,11922,12609,14549,17816,29759,34220,61835,63906,51866,55454,36432,46617,11773,21026,1749,1581,2939,3819,3330,5603,4435,8116,7352,8639,9030,8068,25265,32545,10267,18326,333057,123928,41461,16047,106592,10573,499,33,23
2021-05-11T23:59:59+02:00,12,7,5948,5439,11477,12325,14002,17432,25499,30732,59452,61897,51205,54775,36243,46370,11749,20963,1708,1466,2836,3557,3209,5229,4295,7674,7199,8317,8945,7985,25236,32505,10263,18315,318107,123686,41408,15857,105605,8803,376,31,23
2021-05-10T23:59:59+02:00,12,7,5822,5365,11317,12208,13781,17260,22023,27970,58198,60780,50844,54421,36151,46246,11734,20932,1668,1368,2751,3329,3106,4897,4184,7184,7077,7877,8905,7925,25224,32483,10261,18311,308170,123537,41249,15708,105312,6980,309,31,22
2021-05-09T23:59:59+02:00,12,7,5745,5333,11228,12142,13678,17179,20422,26788,57734,60395,50741,54321,36126,46205,11727,20927,1651,1346,2695,3205,3055,4756,4139,7064,7027,7783,8894,7913,25217,32477,10260,18311,307598,123495,37679,15662,105107,6324,296,30,22
2021-05-08T23:59:59+02:00,12,7,5742,5331,11217,12137,13668,17170,20414,26782,57725,60389,50738,54313,36122,46202,11725,20924,1650,1346,2694,3202,3055,4756,4136,7061,7026,7782,8892,7913,25216,32475,10260,18311,307508,123478,37678,15662,105106,6323,296,30,22
2021-05-07T23:59:59+02:00,12,7,5702,5295,11151,12089,13561,17090,19961,26425,56728,59579,50609,54183,36092,46171,11722,20910,1549,1303,2614,3157,3013,4727,4102,7037,7005,7750,8884,7904,25214,32474,10260,18310,304346,123443,37661,15653,104960,5900,291,29,22
2021-05-06T23:59:59+02:00,12,7,5452,5183,10635,11780,12852,16635,18663,25439,52465,55924,49413,52803,35760,45770,11670,20809,1328,1170,2377,2985,2842,4561,3950,6838,6852,7599,8809,7823,25194,32439,10257,18303,289210,123169,37471,15512,104402,4466,164,25,22
2021-05-05T23:59:59+02:00,12,7,5195,5085,10142,11543,12095,16182,17333,24455,48099,51784,47746,50882,35321,45198,11595,20686,1282,1077,2314,2857,2757,4382,3856,6598,6745,7400,8694,7727,25132,32364,10251,18287,272026,122685,37245,15467,104016,3507,48,25,22
2021-05-04T23:59:59+02:00,12,7,5112,5000,9826,11327,11642,15792,16353,23587,46223,49751,46676,49574,34946,44711,11526,20577,1271,1058,2286,2816,2716,4298,3803,6490,6673,7322,8652,7688,25111,32347,10250,18282,261633,122467,37221,15404,103738,3151,25,25,22
2021-05-03T23:59:59+02:00,12,7,5011,4912,9472,11155,11177,15527,15296,22726,44649,48134,45794,48621,34724,44367,11498,20485,1256,1033,2251,2783,2674,4234,3754,6436,6598,7268,8079,6996,23364,30011,10112,18044,252610,116630,37211,15322,103705,2909,16,25,22
2021-05-02T23:59:59+02:00,12,7,4948,4894,9356,11117,11029,15466,14684,22235,44130,47724,45654,48455,34674,44305,11491,20474,1252,1027,2233,2780,2661,4226,3725,6421,6578,7254,7889,6753,21385,27597,10065,17956,251397,116608,35572,10302,103650,2864,11,25,22
2021-05-01T23:59:59+02:00,12,7,4948,4892,9352,11112,11026,15464,14680,22231,44128,47720,45653,48455,34674,44305,11491,20474,1251,1027,2233,2780,2661,4226,3724,6421,6577,7254,7889,6752,21385,27597,10065,17956,251367,116605,35572,10302,103649,2863,11,25,22
2021-04-30T23:59:59+02:00,12,7,4902,4868,9285,11096,10970,15439,14604,22205,42648,46308,45319,48124,34637,44253,11486,20464,1045,933,2038,2690,2562,4166,3638,6361,6514,7195,7882,6735,21384,27595,10065,17956,247382,116596,35572,10299,103637,1837,11,25,21
2021-04-29T23:59:59+02:00,12,7,4665,4785,8809,10947,10365,15264,13919,21996,37711,41995,44309,47093,34515,44135,11482,20433,865,855,1864,2610,2477,4100,3529,6290,6445,7147,7859,6715,21379,27588,10065,17956,233641,116562,35469,10194,103296,961,11,25,21
2021-04-28T23:59:59+02:00,12,7,4488,4750,8558,10860,10012,15174,13563,21841,33062,37486,43063,45837,34389,43987,11467,20415,823,828,1826,2563,2445,4024,3493,6181,6397,7057,7839,6696,21366,27575,10060,17949,220407,116477,35450,10146,103081,474,10,23,20
2021-04-27T23:59:59+02:00,11,6,4258,4537,8213,10412,9624,14592,13092,21194,31930,36358,42781,45550,34373,43959,11463,20412,795,814,1791,2540,2427,4006,3475,6162,6362,7030,7828,6688,21361,27571,10057,17943,217673,116420,35435,10116,99624,289,10,23,20
2021-04-26T23:59:59+02:00,11,6,4236,4510,8141,10374,9519,14539,12942,21133,27522,31984,41562,44330,34293,43858,11450,20401,763,803,1761,2521,2398,3986,3450,6141,6310,6984,7780,6639,21330,27540,10057,17936,205812,116219,35426,10071,99540,85,10,23,19
2021-04-25T23:59:59+02:00,11,6,4213,4497,8109,10349,9456,14507,12849,21086,25552,29941,40861,43570,34246,43799,11446,20395,751,795,1749,2507,2380,3971,3426,6120,6278,6955,7760,6622,21313,27519,10056,17932,205145,116193,30311,9837,99405,81,9,23,19
2021-04-24T23:59:59+02:00,11,6,4194,4486,8078,10320,9414,14491,12797,21065,24049,28277,40102,42727,34181,43723,11443,20389,750,794,1746,2505,2379,3967,3426,6116,6278,6952,7758,6619,21312,27519,10056,17932,200076,116172,30311,9836,99334,78,9,23,19
2021-04-23T23:59:59+02:00,10,6,3929,4335,7609,10025,8986,14136,12235,20662,23567,27977,40013,42665,34160,43689,11437,20382,737,784,1729,2492,2359,3951,3403,6093,6256,6933,7744,6600,21307,27508,10056,17931,199726,116157,30296,9636,95771,67,9,21,19
2021-04-22T23:59:59+02:00,10,6,3836,4276,7420,9908,8707,13942,11789,20336,21237,25619,37255,39421,33633,43016,11366,20259,724,775,1700,2461,2301,3894,3332,6021,6146,6836,7665,6513,21251,27464,10053,17916,186696,116040,30104,8926,95206,65,9,21,17
2021-04-21T23:59:59+02:00,10,4,3809,4243,7289,9829,8525,13770,11453,20045,19978,24414,34042,35701,33150,42316,11301,20130,700,757,1665,2433,2257,3869,3299,5988,6106,6797,7633,6486,21231,27440,10049,17912,174923,115927,29929,8613,95127,61,9,21,17
2021-04-20T23:59:59+02:00,10,4,3775,4216,7184,9760,8314,13611,11083,19747,18881,23265,30730,32056,32673,41717,11243,20013,692,747,1650,2421,2223,3847,3256,5942,6065,6755,7591,6441,21205,27417,10043,17909,163281,115769,29906,8355,95065,59,9,21,17
2021-04-19T23:59:59+02:00,10,4,3757,4200,7110,9722,8196,13501,10828,19562,18216,22604,29854,30924,32380,41352,11201,19939,684,742,1628,2407,2199,3817,3220,5909,6031,6724,7547,6408,21174,27388,10041,17905,158442,115635,29888,8111,95000,57,9,21,17
2021-04-18T23:59:59+02:00,10,4,3754,4193,7094,9709,8182,13484,10791,19536,18128,22521,29732,30798,32352,41329,11198,19931,682,738,1613,2395,2182,3802,3195,5883,6001,6701,7524,6395,21156,27366,10038,17902,157949,115576,29819,7920,94949,56,9,20,17
2021-04-17T23:59:59+02:00,10,4,3753,4191,7091,9706,8179,13484,10785,19529,18115,22510,29709,30785,32350,41326,11198,19931,681,738,1612,2394,2180,3801,3191,5882,5999,6699,7524,6395,21156,27366,10038,17902,157866,115562,29818,7920,94943,55,9,20,17
2021-04-16T23:59:59+02:00,10,4,3586,4153,6746,9577,7809,13297,10387,19284,17662,22235,29504,30624,32267,41236,11183,19912,668,719,1600,2379,2153,3786,3137,5845,5957,6649,7431,6304,20743,26799,10008,17841,157109,114232,29810,7714,92528,52,9,20,17
2021-04-15T23:59:59+02:00,10,4,3485,4074,6395,9205,7230,12797,9609,18451,16339,21007,28305,29330,31748,40594,11102,19736,638,696,1547,2340,2068,3699,3027,5725,5628,6411,6932,5916,20000,25879,9909,17671,151363,110848,29516,7170,88513,47,9,20,17
2021-04-14T23:59:59+02:00,9,4,3433,4026,6161,8964,6899,12420,8988,17904,15218,19973,26889,27828,31117,39712,10990,19538,605,670,1501,2301,1993,3621,2885,5602,5319,6177,6387,5407,18977,24588,9822,17491,144544,106569,29316,6715,86185,41,9,19,17
2021-04-13T23:59:59+02:00,9,4,3401,3994,6072,8886,6751,12289,8685,17658,14418,19280,23545,24267,30181,38531,10884,19362,600,661,1488,2278,1961,3587,2787,5531,5103,5994,6021,5065,18675,24240,9780,17424,132905,104453,29306,6682,85978,40,9,19,16
2021-04-12T23:59:59+02:00,9,4,3379,3973,6022,8826,6663,12204,8467,17464,13802,18751,22538,23116,29757,37972,10815,19235,590,653,1478,2270,1938,3566,2730,5481,4954,5889,5700,4782,18379,23936,9741,17363,127816,102856,29286,6534,85867,40,9,19,16
2021-04-11T23:59:59+02:00,9,4,3373,3967,6004,8802,6634,12187,8425,17441,13711,18691,22409,22967,29707,37909,10805,19211,587,648,1465,2260,1925,3559,2713,5464,4917,5852,5641,4722,18205,23702,9720,17332,127277,102190,29220,6462,85731,40,9,19,16
2021-04-10T23:59:59+02:00,9,4,3365,3966,5981,8801,6612,12186,8403,17440,13687,18689,22404,22964,29703,37908,10805,19211,584,645,1457,2253,1920,3556,2706,5455,4901,5844,5629,4705,18041,23448,9706,17308,127256,101669,29129,6430,85726,40,8,19,16
2021-04-09T23:59:59+02:00,8,4,3327,3954,5933,8787,6554,12167,8364,17413,13637,18643,20448,20547,29217,37289,10775,19161,571,632,1431,2231,1893,3532,2664,5419,4828,5782,5513,4602,17463,22716,9668,17237,126556,99902,24002,6230,85645,32,7,18,16
2021-04-08T23:59:59+02:00,8,4,3302,3935,5865,8755,6480,12128,8274,17349,13492,18526,17849,17471,28696,36622,10737,19110,529,603,1343,2149,1798,3435,2484,5235,4328,5419,4710,3996,15672,20477,9478,16928,125688,92885,18125,5659,84766,23,6,18,16
2021-04-07T23:59:59+02:00,6,4,3224,3907,5658,8705,6272,12068,8066,17274,13231,18430,15181,14394,28019,35821,10707,19057,505,574,1288,2092,1703,3355,2331,5095,3915,5088,3988,3426,14813,19606,9362,16741,125478,88535,16585,5311,77938,20,5,18,16
2021-04-06T23:59:59+02:00,5,4,3195,3897,5613,8685,6201,12044,7981,17237,13158,18359,13192,12025,27384,35105,10694,19027,475,551,1220,2037,1617,3272,2169,4976,3544,4812,3463,3012,13967,18603,9286,16620,125347,84885,16381,4709,72055,16,5,18,14
2021-04-05T23:59:59+02:00,5,4,3193,3894,5578,8670,6164,12031,7936,17220,13085,18323,13147,11979,27373,35089,10693,19024,443,521,1168,2000,1566,3231,2101,4922,3456,4736,3406,2960,13823,18431,9277,16602,125322,84391,16172,4223,71892,16,4,18,14
2021-04-04T23:59:59+02:00,5,4,3192,3892,5578,8668,6162,12030,7935,17218,13085,18323,13144,11979,27372,35089,10693,19024,442,520,1167,2000,1565,3231,2100,4922,3456,4736,3406,2960,13822,18431,9277,16602,125312,84385,16172,4223,71887,16,4,18,14
2021-04-03T23:59:59+02:00,5,4,3191,3892,5578,8667,6162,12030,7935,17218,13085,18323,13144,11978,27371,35086,10693,19024,442,518,1167,2000,1564,3231,2100,4921,3450,4733,3400,2950,13735,18294,9268,16586,125307,84107,16172,4223,71885,16,4,18,14
2021-04-02T23:59:59+02:00,5,4,3191,3889,5575,8662,6158,12021,7927,17205,13059,18292,13097,11925,27343,35067,10690,19020,439,511,1165,1996,1552,3222,2089,4899,3420,4700,3368,2921,12798,17043,9201,16477,125139,81633,16169,4141,71800,16,4,18,12
2021-04-01T23:59:59+02:00,5,4,3177,3875,5536,8643,6091,11988,7856,17170,12946,18220,12982,11798,27285,34991,10681,19005,391,467,1067,1928,1452,3133,1937,4786,3215,4569,3132,2719,10762,14443,9088,16296,124824,76011,16045,3348,71364,16,3,17,12
2021-03-31T23:59:59+02:00,5,4,3176,3861,5519,8609,6056,11953,7812,17125,12865,18151,12868,11676,27234,34928,10673,18995,353,444,1031,1885,1378,3093,1832,4682,2957,4368,2717,2404,8163,11210,8907,16054,124513,68449,16005,3004,70973,15,3,16,11
2021-03-30T23:59:59+02:00,5,4,3169,3850,5494,8583,6023,11921,7772,17085,12787,18085,12782,11539,27196,34880,10667,18985,332,426,1009,1853,1319,3058,1707,4601,2710,4197,2349,2156,7274,10125,8840,15925,124381,65128,15973,2729,70455,15,2,16,11
2021-03-29T23:59:59+02:00,5,4,3157,3846,5465,8563,5986,11886,7727,17052,12712,18008,12134,10780,25324,32389,10518,18728,326,423,1002,1838,1299,3033,1673,4560,2561,4109,2061,2005,6614,9414,8796,15847,118376,62813,15802,2726,70089,13,2,15,11
2021-03-28T23:59:59+02:00,5,4,3127,3830,5417,8525,5935,11841,7646,16997,12602,17938,11869,10477,23339,29921,10463,18629,325,421,999,1837,1290,3029,1669,4558,2549,4101,2036,1985,6591,9399,8794,15842,118317,62681,10615,2724,69616,13,2,15,9
2021-03-27T23:59:59+01:00,5,4,3115,3826,5378,8514,5899,11826,7598,16982,12556,17891,11834,10433,23335,29913,10463,18629,325,421,999,1837,1290,3029,1668,4556,2547,4098,2034,1983,6543,9324,8761,15793,118248,62464,10614,2724,69322,13,2,15,9
2021-03-26T23:59:59+01:00,5,4,2982,3505,4928,7362,5405,10507,6986,14934,11748,15605,11613,10249,22850,29183,10418,18558,324,417,994,1834,1284,3024,1665,4554,2542,4091,2026,1977,6413,9135,8617,15604,116693,61779,10357,2712,59775,3,2,15,9
2021-03-25T23:59:59+01:00,5,3,2860,3242,4769,6597,5176,9357,6661,13214,11021,13802,10752,9446,22120,28335,10341,18401,319,408,987,1825,1269,3005,1646,4520,2506,4041,1958,1919,6121,8706,8336,15151,113768,60000,9654,2708,52663,2,2,15,9
2021-03-24T23:59:59+01:00,5,3,2813,3197,4693,6533,5042,9251,6455,13043,10508,13397,9913,8622,21100,27076,10243,18213,317,403,979,1819,1252,2994,1631,4496,2459,3985,1890,1844,5755,8232,7920,14476,109735,57749,9307,2696,51051,2,0,14,9
2021-03-23T23:59:59+01:00,5,3,2785,3164,4625,6465,4931,9157,6241,12881,10050,12975,9195,7953,20585,26467,10188,18106,305,390,962,1809,1237,2972,1601,4474,2409,3936,1811,1778,5471,7849,7516,13851,107333,55670,8972,2695,49457,1,0,14,9
2021-03-22T23:59:59+01:00,5,3,2768,3126,4566,6426,4855,9089,6102,12742,9688,12701,8593,7386,20164,26028,10127,18012,303,387,950,1803,1223,2958,1588,4461,2382,3908,1784,1756,5332,7675,7065,13026,105844,53904,8714,2690,47809,1,0,14,8
2021-03-21T23:59:59+01:00,5,3,2761,3110,4520,6402,4804,9053,6009,12675,9499,12513,8287,7126,19996,25861,10115,17984,303,387,949,1803,1221,2958,1587,4460,2379,3908,1777,1750,5323,7670,7034,12968,105642,53797,8481,2673,46586,1,0,14,8
2021-03-20T23:59:59+01:00,5,3,2761,3103,4512,6397,4797,9050,6005,12667,9479,12499,8254,7094,19823,25585,10099,17958,303,387,949,1802,1220,2958,1586,4459,2375,3900,1765,1737,5308,7621,6856,12728,105087,53299,8468,2648,46522,1,0,14,8
2021-03-19T23:59:59+01:00,5,3,2725,3078,4440,6352,4690,9000,5865,12609,9211,12311,7950,6868,19339,24995,10067,17899,303,386,948,1801,1220,2955,1584,4458,2368,3895,1750,1726,5271,7578,6444,12108,103785,52162,8225,2626,45383,1,0,14,8
2021-03-18T23:59:59+01:00,5,3,2659,3005,4275,6214,4440,8794,5507,12302,8298,11642,6687,5853,18079,23631,9912,17666,300,381,943,1791,1206,2942,1545,4442,2303,3849,1671,1684,5196,7471,5701,10989,98861,49825,7681,2584,42416,0,0,14,7
2021-03-17T23:59:59+01:00,5,3,2622,2965,4195,6116,4302,8686,5252,12026,7622,11074,5697,4952,16727,22092,9745,17406,296,379,939,1783,1202,2933,1528,4421,2237,3824,1607,1639,5151,7405,5120,10096,93418,48028,7180,2527,40875,0,0,14,7
2021-03-16T23:59:59+01:00,5,3,2602,2937,4133,6049,4208,8589,5075,11870,7172,10684,4932,4333,15865,21109,9639,17231,292,377,936,1778,1199,2926,1520,4411,2215,3805,1575,1622,5113,7362,4609,9276,89756,46564,7141,2448,39526,0,0,13,6
2021-03-15T23:59:59+01:00,5,3,2599,2926,4117,6029,4177,8563,5025,11823,7054,10566,4785,4171,15544,20696,9607,17172,290,373,935,1772,1193,2919,1506,4402,2194,3783,1531,1605,5053,7288,4025,8413,88981,44972,7042,2306,38826,0,0,13,6
2021-03-14T23:59:59+01:00,5,2,2594,2917,4095,6009,4147,8544,4984,11790,6960,10477,4680,4058,15413,20527,9590,17132,288,372,935,1770,1187,2912,1501,4391,2183,3776,1521,1599,5045,7280,4019,8399,88674,44909,7024,2265,38214,0,0,12,6
2021-03-13T23:59:59+01:00,5,2,2588,2908,4087,5997,4139,8537,4975,11780,6941,10464,4658,4032,15097,20087,9570,17096,288,372,935,1770,1187,2912,1501,4391,2183,3776,1520,1599,5045,7279,4019,8399,87780,44908,7003,2264,38168,0,0,12,6
2021-03-12T23:59:59+01:00,5,2,2525,2832,3976,5826,4019,8315,4838,11481,6763,10193,4505,3894,14168,18825,9508,16994,288,371,933,1767,1187,2908,1499,4386,2182,3769,1513,1597,5038,7260,4017,8382,85301,44830,6942,2263,36416,0,0,10,6
2021-03-11T23:59:59+01:00,4,2,2399,2607,3748,5499,3762,7878,4511,10719,6132,9382,3985,3391,12553,16827,9406,16845,288,370,929,1763,1184,2894,1490,4374,2169,3742,1472,1569,4997,7223,4005,8355,80944,44681,6778,2139,31918,0,0,10,6
2021-03-10T23:59:59+01:00,4,2,2277,2476,3591,5261,3567,7555,4239,10236,5578,8812,3411,2949,10265,14105,9257,16614,285,366,924,1753,1177,2883,1486,4358,2147,3727,1443,1562,4966,7208,3996,8345,74603,44616,6606,2006,28980,0,0,10,6
2021-03-09T23:59:59+01:00,4,2,2252,2425,3523,5172,3453,7465,4068,10039,5183,8463,2929,2589,8740,12087,9151,16463,284,365,924,1747,1170,2874,1482,4350,2139,3716,1428,1557,4958,7203,3993,8343,69718,44575,6457,1955,27823,0,0,10,5
2021-03-08T23:59:59+01:00,4,2,2228,2351,3464,5104,3379,7381,3946,9926,4886,8269,2481,2324,6800,9684,9030,16285,284,362,923,1737,1164,2858,1476,4339,2135,3709,1417,1550,4942,7183,3986,8333,63996,44466,6121,1929,27417,0,0,10,5
2021-03-07T23:59:59+01:00,4,2,2166,2295,3368,4996,3282,7292,3847,9839,4749,8174,2430,2272,6777,9663,9030,16277,284,361,922,1737,1164,2856,1476,4339,2135,3709,1417,1550,4941,7183,3986,8333,63867,44463,5438,1927,27148,0,0,10,5
2021-03-06T23:59:59+01:00,4,2,2158,2282,3355,4986,3278,7288,3838,9829,4739,8169,2428,2270,6731,9593,8997,16227,284,361,921,1733,1163,2855,1476,4336,2131,3704,1416,1545,4935,7178,3984,8323,63655,44415,5378,1927,27131,0,0,10,5
2021-03-05T23:59:59+01:00,4,2,2028,2195,3131,4799,3039,6976,3559,9434,4405,7833,2339,2208,6524,9271,8800,15962,284,359,919,1730,1163,2854,1475,4330,2128,3698,1410,1543,4929,7172,3983,8316,62663,44363,4530,1927,25306,0,0,10,5
2021-03-04T23:59:59+01:00,4,2,1778,1974,2720,4362,2583,6337,2993,8533,3720,7019,2120,2048,6228,8904,8516,15499,281,358,918,1722,1161,2837,1474,4314,2119,3686,1399,1541,4917,7158,3976,8305,61002,44239,3251,1924,21077,0,0,10,5
2021-03-03T23:59:59+01:00,4,2,1707,1886,2613,4177,2450,6111,2852,8246,3532,6756,2036,1970,5887,8428,8152,14909,280,354,918,1712,1158,2814,1470,4290,2114,3671,1374,1529,4912,7152,3972,8297,58975,44091,3107,1924,19626,0,0,10,4
2021-03-02T23:59:59+01:00,4,2,1671,1810,2543,4058,2369,5961,2745,8065,3417,6603,1961,1902,5570,7987,7738,14230,278,349,915,1693,1155,2794,1467,4271,2113,3660,1349,1523,4902,7135,3967,8289,56843,43934,2865,1924,18918,0,0,10,4
2021-03-01T23:59:59+01:00,2,2,1661,1783,2504,3951,2321,5846,2709,7964,3364,6524,1919,1881,5432,7824,7256,13354,277,347,911,1687,1153,2782,1465,4258,2111,3645,1344,1518,4899,7133,3965,8282,54962,43851,2854,1924,18471,0,0,10,4
2021-02-28T23:59:59+01:00,2,2,1645,1744,2470,3879,2290,5791,2666,7884,3337,6476,1913,1877,5424,7819,7219,13294,277,347,910,1687,1153,2782,1465,4257,2111,3644,1344,1518,4899,7132,3965,8282,54836,43848,2852,1923,18034,0,0,10,4
2021-02-27T23:59:59+01:00,2,2,1643,1737,2467,3871,2286,5791,2664,7883,3334,6473,1907,1867,5414,7775,7046,13070,277,347,900,1682,1143,2775,1455,4248,2094,3635,1343,1515,4899,7131,3965,8282,54364,43844,2852,1845,18006,0,0,10,4
2021-02-26T23:59:59+01:00,2,1,1455,1580,2339,3629,2208,5384,2572,7379,3247,6015,1892,1842,5389,7742,6777,12677,275,345,892,1675,1135,2755,1449,4226,2084,3621,1336,1506,4892,7119,3961,8269,53607,43763,2832,1776,15681,0,0,10,3
2021-02-25T23:59:59+01:00,2,1,1241,1298,2120,3198,2036,4632,2374,6436,3006,5117,1801,1771,5337,7662,6195,11825,273,337,885,1614,1101,2659,1416,4116,2028,3546,1299,1485,4848,7077,3941,8214,51707,43289,2820,1549,11516,0,0,9,3
2021-02-24T23:59:59+01:00,2,1,1188,1089,2014,2933,1930,4295,2241,6032,2836,4848,1724,1716,5276,7573,5424,10631,271,331,849,1566,1051,2568,1355,4000,1939,3417,1259,1457,4831,7050,3931,8193,49344,43024,2808,1043,9592,0,0,9,3
2021-02-23T23:59:59+01:00,2,1,1173,1038,1979,2869,1904,4196,2215,5947,2802,4785,1715,1701,5240,7525,4776,9596,271,330,822,1539,1001,2516,1302,3922,1833,3342,1207,1430,4807,7024,3918,8154,47541,42817,2781,600,9134,0,0,8,3
2021-02-22T23:59:59+01:00,2,1,1165,996,1930,2725,1860,4051,2159,5752,2748,4680,1704,1690,5206,7477,4161,8706,269,321,779,1501,947,2433,1213,3814,1693,3244,1117,1371,4764,6952,3890,8044,45916,42341,2763,10,8327,0,0,7,3
2021-02-21T23:59:59+01:00,2,1,1163,982,1901,2663,1833,3954,2132,5647,2728,4617,1697,1684,5203,7468,4161,8702,267,319,774,1495,939,2401,1211,3778,1680,3204,1108,1356,4746,6928,3865,8000,45863,42060,2753,10,7915,0,0,7,3
2021-02-20T23:59:59+01:00,2,1,1163,982,1901,2662,1832,3954,2132,5647,2726,4611,1688,1675,5196,7461,4159,8699,267,319,774,1494,938,2397,1210,3774,1679,3202,1108,1356,4694,6868,3818,7943,45848,41831,2725,9,7911,0,0,7,3
2021-02-19T23:59:59+01:00,2,1,1163,979,1898,2657,1832,3944,2131,5638,2722,4608,1670,1666,5181,7443,4156,8694,266,318,770,1484,929,2372,1203,3731,1650,3149,1080,1317,4501,6615,3639,7643,45768,40657,2704,9,7906,0,0,7,3
2021-02-18T23:59:59+01:00,2,1,1132,897,1858,2538,1793,3807,2078,5432,2660,4435,1653,1649,5165,7410,4151,8665,238,289,725,1359,881,2166,1117,3394,1534,2852,970,1127,4005,5832,3223,6737,45614,36439,2671,9,7034,0,0,7,3
2021-02-17T23:59:59+01:00,2,1,1084,770,1777,2306,1716,3511,1969,5072,2585,4188,1628,1640,5144,7395,4142,8662,233,286,715,1341,872,2144,1105,3359,1515,2831,964,1124,3621,5305,2924,6309,45574,34638,2611,9,5400,0,0,7,3
2021-02-16T23:59:59+01:00,2,1,1043,732,1723,2203,1647,3339,1899,4865,2506,4080,1589,1626,5117,7372,4133,8650,226,280,699,1306,850,2090,1074,3241,1476,2744,940,1101,3263,4755,2580,5810,45520,32428,2444,6,4557,0,0,6,3
2021-02-15T23:59:59+01:00,2,1,1036,713,1703,2126,1629,3239,1880,4756,2492,4001,1559,1612,5087,7356,4100,8594,214,270,683,1273,831,2040,1053,3175,1434,2679,910,1070,2834,4196,2243,5229,45393,30128,2358,5,4129,0,0,6,3
2021-02-14T23:59:59+01:00,2,1,942,680,1625,2093,1567,3220,1837,4734,2457,3988,1552,1610,5078,7344,4097,8588,207,259,674,1255,813,2000,1037,3109,1403,2611,880,1024,2742,4054,2164,5030,45349,29258,2323,4,3738,0,0,5,2
2021-02-13T23:59:59+01:00,2,1,889,656,1595,2070,1552,3211,1821,4727,2449,3987,1551,1609,5078,7343,4096,8587,205,258,672,1254,813,1996,1037,3107,1402,2608,879,1023,2638,3929,2098,4929,45342,28845,2323,3,3554,0,0,5,2
2021-02-12T23:59:59+01:00,2,1,559,509,1248,1953,1381,3109,1681,4644,2342,3917,1532,1601,5068,7332,4086,8577,193,252,657,1228,799,1952,1010,3022,1347,2508,817,948,2411,3613,1950,4606,45221,27311,2323,2,1993,0,0,5,2
2021-02-11T23:59:59+01:00,2,1,394,433,1059,1839,1278,2991,1584,4531,2253,3827,1423,1556,5005,7280,4063,8527,156,189,557,984,664,1506,809,2350,1067,1915,575,696,1791,2724,1438,3324,44862,20746,2115,1,1064,0,0,5,0
2021-02-10T23:59:59+01:00,2,1,281,362,933,1733,1176,2869,1490,4347,2139,3705,1384,1543,4984,7269,4059,8525,134,127,386,623,493,1017,640,1738,899,1581,555,680,1385,2164,1121,2822,44786,16367,2006,0,6,0,0,4,0
2021-02-09T23:59:59+01:00,2,1,281,361,932,1727,1173,2861,1490,4341,2138,3700,1376,1540,4982,7267,4058,8523,131,125,378,590,474,990,619,1709,874,1551,553,677,1000,1699,840,2415,44761,14627,1983,0,5,0,0,4,0
2021-02-08T23:59:59+01:00,2,1,281,359,931,1725,1170,2851,1483,4336,2136,3696,1371,1536,4980,7267,4057,8520,126,119,367,577,466,971,608,1677,856,1525,545,672,606,1208,534,1986,44733,12845,1960,0,5,0,0,4,0
2021-02-07T23:59:59+01:00,2,1,281,359,928,1725,1169,2851,1481,4334,2136,3696,1371,1536,4980,7266,4056,8520,122,116,361,573,465,964,605,1665,846,1509,537,669,605,1198,529,1971,44729,12737,1959,0,0,0,0,4,0
2021-02-06T23:59:59+01:00,2,1,281,359,928,1725,1169,2851,1481,4334,2136,3696,1371,1536,4980,7266,4056,8520,119,113,359,569,464,962,605,1663,846,1508,536,668,605,1198,529,1971,44729,12717,1959,0,0,0,0,4,0
2021-02-05T23:59:59+01:00,2,1,280,358,926,1725,1169,2850,1479,4333,2135,3696,1371,1536,4979,7264,4056,8517,118,105,356,564,456,949,601,1653,833,1485,531,658,599,1182,519,1946,44714,12557,1959,0,0,0,0,4,0
2021-02-04T23:59:59+01:00,2,1,276,353,920,1686,1162,2803,1479,4281,2123,3653,1363,1529,4951,7232,4044,8483,89,70,238,391,331,691,472,1260,624,1117,401,520,504,966,454,1680,44379,9809,1958,0,0,0,0,4,0
2021-02-03T23:59:59+01:00,2,1,274,344,916,1661,1158,2768,1468,4231,2114,3617,1355,1513,4926,7202,4030,8453,55,34,84,166,152,346,230,593,301,543,211,278,288,602,265,1047,44071,5196,1958,0,0,0,0,4,0
2021-02-02T23:59:59+01:00,2,1,273,342,915,1649,1154,2749,1465,4199,2107,3591,1347,1507,4918,7188,4022,8427,16,10,28,51,61,101,73,165,96,123,45,75,70,133,57,207,43894,1312,1958,0,0,0,0,4,0
2021-02-01T23:59:59+01:00,2,1,273,337,915,1646,1153,2748,1464,4195,2106,3585,1346,1506,4916,7187,4022,8427,13,9,24,44,51,92,60,140,74,104,39,67,62,124,55,194,43867,1153,1958,0,0,0,0,4,0
2021-01-31T23:59:59+01:00,2,1,273,336,915,1642,1152,2743,1464,4190,2106,3582,1345,1506,4915,7186,4022,8427,12,8,22,39,44,84,54,129,64,98,34,56,53,114,52,187,43847,1051,1956,0,0,0,0,4,0
2021-01-30T23:59:59+01:00,2,1,273,336,910,1639,1144,2735,1456,4184,2102,3579,1345,1506,4862,7126,3976,8369,12,8,22,38,44,84,53,128,64,98,34,56,53,114,52,187,43619,1048,1922,0,0,0,0,4,0
2021-01-29T23:59:59+01:00,2,1,272,335,895,1631,1132,2714,1444,4154,2078,3552,1336,1500,4697,6925,3808,8161,10,8,22,38,41,84,52,126,61,97,33,52,52,114,52,187,42823,1030,1810,0,0,0,0,4,0
2021-01-28T23:59:59+01:00,2,1,268,322,876,1544,1093,2604,1407,4052,2009,3478,1310,1487,4361,6454,3531,7801,7,4,10,18,22,42,21,58,36,64,20,34,36,74,40,125,41029,612,1567,0,0,0,0,4,0
2021-01-27T23:59:59+01:00,2,1,262,319,834,1489,1046,2510,1343,3954,1935,3371,1270,1460,3947,5882,3204,7328,3,4,10,9,11,21,8,23,14,29,12,15,18,42,17,63,39039,300,1114,0,0,0,0,4,0
2021-01-26T23:59:59+01:00,2,1,255,310,798,1442,979,2425,1282,3827,1819,3263,1209,1409,3598,5324,2849,6805,1,1,6,4,4,7,4,3,3,8,7,5,5,7,4,8,36927,78,666,0,0,0,0,4,0
2021-01-25T23:59:59+01:00,2,1,245,301,746,1382,918,2306,1180,3682,1660,3141,1129,1377,3200,4809,2532,6328,1,1,6,3,2,7,2,2,3,8,7,5,5,7,4,8,34873,72,63,0,0,0,0,3,0
2021-01-24T23:59:59+01:00,2,1,242,301,740,1378,907,2290,1175,3666,1632,3111,1123,1374,3173,4773,2515,6306,1,1,4,3,2,7,2,2,3,8,7,5,5,7,4,8,34698,70,9,0,0,0,0,2,0
2021-01-23T23:59:59+01:00,2,1,241,300,739,1377,907,2286,1174,3664,1629,3109,1122,1374,3068,4647,2448,6205,1,1,4,3,2,7,2,2,3,8,7,5,5,7,4,8,34283,70,8,0,0,0,0,2,0
2021-01-22T23:59:59+01:00,2,1,240,297,736,1361,905,2273,1168,3648,1625,3106,1120,1373,2906,4452,2345,6060,1,1,4,3,2,7,2,2,3,8,7,5,5,7,4,8,33608,70,8,0,0,0,0,2,0
2021-01-21T23:59:59+01:00,2,1,235,268,671,1205,838,2061,1087,3363,1529,2900,1077,1330,2558,3987,2050,5619,1,0,3,2,2,7,2,2,3,8,7,4,5,7,4,8,30773,66,8,0,0,0,0,0,0
2021-01-20T23:59:59+01:00,2,1,210,204,510,854,663,1571,887,2663,1293,2435,979,1197,2019,3234,1625,4806,1,0,3,2,2,7,2,2,3,6,6,4,5,7,4,8,25145,63,8,0,0,0,0,0,0
2021-01-19T23:59:59+01:00,2,1,184,187,464,745,609,1416,801,2366,1119,2129,811,938,1366,2295,1140,3670,0,0,2,1,0,0,0,0,2,1,1,0,0,0,0,0,20239,7,4,0,0,0,0,0,0
2021-01-18T23:59:59+01:00,1,1,138,132,386,620,487,1060,645,1822,929,1637,604,728,693,1347,597,2241,0,0,1,0,0,0,0,0,1,0,0,0,0,0,0,0,14065,2,3,0,0,0,0,0,0
2021-01-17T23:59:59+01:00,1,1,127,118,370,585,472,995,616,1705,870,1538,555,687,642,1245,551,2076,0,0,0,0,0,0,0,0,0,0,0,0,0,0,0,0,13153,0,1,0,0,0,0,0,0
2021-01-16T23:59:59+01:00,1,1,120,114,367,581,470,983,610,1692,864,1531,554,686,641,1239,546,2062,0,0,0,0,0,0,0,0,0,0,0,0,0,0,0,0,13061,0,1,0,0,0,0,0,0
2021-01-15T23:59:59+01:00,1,1,118,107,364,575,462,967,606,1681,850,1507,548,673,633,1222,538,2037,0,0,0,0,0,0,0,0,0,0,0,0,0,0,0,0,12890,0,0,0,0,0,0,0,0
2021-01-14T23:59:59+01:00,1,1,97,86,281,466,390,788,502,1411,695,1219,431,540,551,1023,476,1839,0,0,0,0,0,0,0,0,0,0,0,0,0,0,0,0,10797,0,0,0,0,0,0,0,0
2021-01-13T23:59:59+01:00,1,1,67,47,168,283,255,522,351,922,474,783,264,328,334,673,306,1168,0,0,0,0,0,0,0,0,0,0,0,0,0,0,0,0,6947,0,0,0,0,0,0,0,0
2021-01-12T23:59:59+01:00,1,1,31,20,53,102,114,215,150,384,196,334,137,180,175,372,176,649,0,0,0,0,0,0,0,0,0,0,0,0,0,0,0,0,3290,0,0,0,0,0,0,0,0
2021-01-11T23:59:59+01:00,1,0,17,10,37,64,62,114,77,172,91,126,40,67,67,131,55,201,0,0,0,0,0,0,0,0,0,0,0,0,0,0,0,0,1332,0,0,0,0,0,0,0,0
2021-01-10T23:59:59+01:00,1,0,14,7,30,53,55,102,67,157,75,112,34,57,57,120,50,191,0,0,0,0,0,0,0,0,0,0,0,0,0,0,0,0,1182,0,0,0,0,0,0,0,0
2021-01-09T23:59:59+01:00,1,0,13,7,29,52,54,101,64,156,75,110,34,57,57,120,50,191,0,0,0,0,0,0,0,0,0,0,0,0,0,0,0,0,1171,0,0,0,0,0,0,0,0
2021-01-08T23:59:59+01:00,1,0,10,7,27,49,49,96,60,143,69,106,32,52,56,120,50,191,0,0,0,0,0,0,0,0,0,0,0,0,0,0,0,0,1118,0,0,0,0,0,0,0,0
2021-01-07T23:59:59+01:00,1,0,7,4,10,19,22,43,23,58,38,66,19,35,41,80,39,127,0,0,0,0,0,0,0,0,0,0,0,0,0,0,0,0,632,0,0,0,0,0,0,0,0
2021-01-06T23:59:59+01:00,1,0,7,4,10,16,14,30,15,40,25,53,16,25,34,70,37,111,0,0,0,0,0,0,0,0,0,0,0,0,0,0,0,0,508,0,0,0,0,0,0,0,0
2021-01-05T23:59:59+01:00,1,0,7,4,10,16,14,30,15,40,25,53,16,25,33,70,37,111,0,0,0,0,0,0,0,0,0,0,0,0,0,0,0,0,507,0,0,0,0,0,0,0,0
2021-01-04T23:59:59+01:00,1,0,2,4,9,6,4,14,4,8,6,16,7,5,9,16,5,15,0,0,0,0,0,0,0,0,0,0,0,0,0,0,0,0,131,0,0,0,0,0,0,0,0
2021-01-03T23:59:59+01:00,1,0,1,1,4,3,2,7,3,3,3,9,5,4,6,8,4,9,0,0,0,0,0,0,0,0,0,0,0,0,0,0,0,0,73,0,0,0,0,0,0,0,0
2021-01-02T23:59:59+01:00,1,0,1,1,4,3,2,7,3,3,3,9,5,4,6,8,4,9,0,0,0,0,0,0,0,0,0,0,0,0,0,0,0,0,73,0,0,0,0,0,0,0,0
2021-01-01T23:59:59+01:00,1,0,1,1,4,3,2,7,2,3,3,9,5,4,6,8,4,9,0,0,0,0,0,0,0,0,0,0,0,0,0,0,0,0,72,0,0,0,0,0,0,0,0
2020-12-31T23:59:59+01:00,1,0,1,1,4,2,2,7,2,2,3,8,5,4,6,8,4,9,0,0,0,0,0,0,0,0,0,0,0,0,0,0,0,0,69,0,0,0,0,0,0,0,0
2020-12-30T23:59:59+01:00,1,0,1,1,4,2,2,7,2,2,3,6,5,4,6,8,4,9,0,0,0,0,0,0,0,0,0,0,0,0,0,0,0,0,67,0,0,0,0,0,0,0,0
2020-12-29T23:59:59+01:00,1,0,1,1,3,1,2,6,2,2,3,6,3,2,5,8,3,8,0,0,0,0,0,0,0,0,0,0,0,0,0,0,0,0,57,0,0,0,0,0,0,0,0
2020-12-28T23:59:59+01:00,1,0,0,0,3,1,0,2,1,0,1,3,0,1,0,1,1,5,0,0,0,0,0,0,0,0,0,0,0,0,0,0,0,0,20,0,0,0,0,0,0,0,0
2020-12-27T23:59:59+01:00,0,0,0,0,0,0,0,1,1,0,1,2,0,1,0,1,1,5,0,0,0,0,0,0,0,0,0,0,0,0,0,0,0,0,13,0,0,0,0,0,0,0,0
