Datum,<15_m,<15_w,15-24_1_m,15-24_1_w,25-34_1_m,25-34_1_w,35-44_1_m,35-44_1_w,45-54_1_m,45-54_1_w,55-64_1_m,55-64_1_w,65-74_1_m,65-74_1_w,75-84_1_m,75-84_1_w,>84_1_m,>84_1_w,<24_2_m,<24_2_w,25-34_2_m,25-34_2_w,35-44_2_m,35-44_2_w,45-54_2_m,45-54_2_w,55-64_2_m,55-64_2_w,65-74_2_m,65-74_2_w,75-84_2_m,75-84_2_w,>84_2_m,>84_2_w,bp_1,bp_2,mo_1,mo_2,az_1,az_2,ja,unb_1,unb_2
2021-10-16T23:59:59+02:00,5739,5538,44437,42689,58197,50760,62128,58587,73736,72069,88026,85982,60705,64860,39714,51039,12601,22655,40539,38925,54441,46739,58781,54686,69910,67692,84151,82141,58694,62560,38432,49288,12093,21653,668274,628002,79369,76138,109648,103778,42146,48,60
2021-10-15T23:59:59+02:00,5724,5518,44379,42639,58143,50713,62085,58557,73699,72032,87996,85958,60692,64856,39709,51034,12598,22653,40486,38874,54398,46708,58741,54644,69877,67663,84123,82124,58690,62555,38424,49285,12092,21649,667884,627650,79367,76138,109646,103778,42063,48,60
2021-10-14T23:59:59+02:00,5678,5488,44307,42554,58073,50624,62026,58490,73644,71974,87936,85922,60680,64837,39695,51016,12588,22635,40385,38741,54336,46634,58671,54552,69812,67589,84088,82084,58657,62533,38417,49270,12089,21640,667148,626800,79358,76122,109646,103776,41990,48,60
2021-10-13T23:59:59+02:00,5639,5425,44207,42439,57965,50524,61953,58404,73588,71905,87888,85883,60663,64810,39687,51005,12586,22627,40202,38508,54187,46406,58546,54382,69727,67462,84004,82008,58627,62496,38397,49229,12084,21627,666245,625115,79347,76100,109646,103776,41935,48,60
2021-10-12T23:59:59+02:00,5602,5395,44084,42315,57852,50408,61869,58318,73501,71840,87826,85835,60639,64778,39680,50987,12581,22611,39961,38279,53977,46210,58399,54234,69634,67349,83924,81938,58593,62452,38376,49199,12075,21613,665252,623401,79342,76097,109645,103776,41857,48,60
2021-10-11T23:59:59+02:00,5586,5382,44040,42260,57803,50347,61830,58277,73462,71808,87796,85811,60624,64765,39673,50973,12575,22599,39914,38232,53922,46162,58353,54192,69604,67314,83904,81905,58572,62428,38363,49173,12067,21591,664785,622893,79337,76094,109645,103775,41819,48,60
2021-10-10T23:59:59+02:00,5572,5369,44013,42230,57768,50322,61797,58249,73442,71789,87781,85799,60615,64760,39672,50969,12574,22596,39881,38208,53884,46128,58319,54170,69580,67297,83890,81893,58567,62421,38358,49167,12066,21589,664542,622648,79332,76089,109645,103774,41773,48,60
2021-10-09T23:59:59+02:00,5571,5368,44012,42226,57768,50322,61795,58249,73442,71789,87781,85799,60615,64760,39672,50969,12574,22596,39879,38206,53883,46128,58317,54170,69580,67297,83890,81893,58566,62421,38358,49167,12066,21589,664535,622643,79332,76089,109645,103772,41771,48,60
2021-10-08T23:59:59+02:00,5547,5347,43965,42179,57715,50266,61745,58215,73394,71762,87756,85787,60607,64752,39666,50960,12572,22593,39844,38167,53856,46095,58281,54131,69547,67277,83873,81880,58562,62409,38355,49163,12065,21587,664140,622377,79330,76086,109645,103772,41688,48,60
2021-10-07T23:59:59+02:00,5483,5270,43820,42043,57601,50139,61656,58128,73318,71687,87702,85749,60594,64729,39656,50950,12569,22585,39654,37939,53718,45902,58156,53970,69442,67168,83818,81818,58533,62366,38334,49148,12058,21579,663096,620808,79315,76072,109645,103772,41598,48,60
2021-10-06T23:59:59+02:00,5458,5231,43681,41927,57487,50050,61577,58037,73253,71620,87642,85705,60577,64704,39642,50925,12566,22568,39493,37761,53587,45751,58053,53833,69351,67059,83753,81744,58499,62327,38319,49122,12056,21561,662175,619449,79293,76070,109644,103772,41511,48,60
2021-10-05T23:59:59+02:00,5418,5195,43553,41786,57375,49915,61459,57960,73183,71557,87589,85647,60558,64683,39631,50907,12562,22550,39360,37616,53470,45623,57958,53711,69252,66982,83694,81684,58474,62295,38301,49097,12050,21557,661138,618308,79287,76062,109644,103771,41432,48,60
2021-10-04T23:59:59+02:00,5389,5182,43475,41717,57306,49841,61411,57919,73128,71512,87557,85622,60539,64664,39626,50899,12558,22538,39287,37564,53402,45562,57920,53663,69215,66929,83664,81657,58448,62275,38291,49087,12048,21554,660587,617829,79283,76040,109644,103767,41342,48,60
2021-10-03T23:59:59+02:00,5379,5166,43447,41680,57253,49806,61375,57885,73099,71486,87533,85598,60529,64656,39615,50892,12555,22527,39257,37533,53372,45543,57894,53633,69195,66909,83644,81639,58437,62262,38285,49086,12047,21549,660263,617607,79281,76039,109644,103767,41266,48,60
2021-10-02T23:59:59+02:00,5379,5166,43446,41679,57250,49805,61375,57885,73099,71485,87533,85598,60529,64656,39615,50892,12555,22527,39257,37533,53372,45543,57894,53633,69195,66909,83644,81639,58437,62262,38285,49086,12047,21549,660258,617607,79279,76039,109644,103767,41266,48,60
2021-10-01T23:59:59+02:00,5366,5145,43371,41611,57183,49742,61313,57850,73047,71446,87495,85567,60514,64646,39610,50884,12555,22527,39201,37478,53324,45514,57854,53595,69160,66882,83620,81616,58430,62261,38282,49084,12047,21548,659777,617311,79278,76038,109644,103766,41146,48,60
2021-09-30T23:59:59+02:00,5295,5065,43193,41421,57024,49574,61192,57705,72952,71339,87422,85519,60491,64607,39591,50864,12551,22519,38970,37211,53164,45324,57714,53427,69059,66763,83545,81543,58413,62225,38266,49058,12041,21545,658467,615667,79266,76038,109644,103763,40920,48,60
2021-09-29T23:59:59+02:00,5262,5028,43056,41271,56886,49442,61096,57605,72868,71251,87365,85470,60467,64584,39574,50846,12547,22509,38781,36989,53023,45175,57622,53300,68965,66656,83479,81458,58371,62199,38254,49042,12038,21536,657457,614310,79240,76034,109644,103762,40759,48,60
2021-09-28T23:59:59+02:00,5220,4984,42848,41113,56741,49305,60992,57499,72783,71162,87305,85403,60438,64560,39560,50825,12540,22488,38586,36802,52880,45041,57523,53188,68882,66571,83403,81388,58343,62168,38238,49022,12036,21529,656266,613073,79232,76033,109643,103760,40598,48,60
2021-09-27T23:59:59+02:00,5189,4962,42757,41034,56649,49222,60907,57419,72720,71108,87255,85362,60416,64532,39539,50804,12532,22456,38499,36744,52801,44990,57450,53134,68845,66528,83360,81354,58320,62146,38228,49007,12034,21520,655613,612684,79226,76002,109643,103754,40354,48,60
2021-09-26T23:59:59+02:00,5176,4936,42713,41001,56618,49188,60889,57396,72696,71088,87241,85341,60408,64525,39535,50799,12531,22455,38477,36728,52767,44961,57428,53117,68823,66505,83341,81340,58314,62138,38223,49003,12034,21520,655372,612513,79221,75997,109643,103754,40273,48,60
2021-09-25T23:59:59+02:00,5176,4935,42709,40999,56618,49187,60889,57395,72695,71086,87241,85341,60408,64525,39535,50799,12531,22455,38473,36725,52766,44961,57428,53115,68822,66503,83341,81340,58313,62137,38223,49003,12034,21520,655366,612502,79219,75997,109643,103754,40269,48,60
2021-09-24T23:59:59+02:00,5157,4924,42623,40917,56554,49122,60823,57339,72634,71026,87203,85302,60396,64516,39530,50795,12530,22453,38415,36674,52716,44917,57377,53073,68776,66448,83308,81316,58302,62131,38220,49000,12033,21518,655019,612342,79215,75994,109643,103754,39939,48,60
2021-09-23T23:59:59+02:00,5085,4822,42353,40645,56328,48911,60652,57139,72480,70887,87070,85208,60341,64471,39511,50756,12523,22422,38175,36495,52526,44752,57227,52933,68645,66338,83208,81231,58265,62092,38207,48974,12026,21501,653413,611182,79202,75983,109642,103752,39318,48,60
2021-09-22T23:59:59+02:00,5046,4767,42199,40461,56151,48734,60505,56983,72369,70750,86977,85123,60304,64419,39489,50719,12520,22407,38038,36349,52365,44619,57098,52807,68568,66239,83120,81149,58231,62056,38190,48953,12023,21491,652100,610151,79188,75979,109641,103750,38965,48,60
2021-09-21T23:59:59+02:00,5010,4711,42000,40214,55927,48509,60341,56835,72278,70629,86889,85042,60264,64375,39471,50679,12511,22393,37876,36203,52213,44479,56978,52710,68500,66159,83043,81084,58202,62032,38166,48931,12017,21478,650527,609117,79187,75979,109641,103749,38694,48,60
2021-09-20T23:59:59+02:00,4984,4689,41894,40133,55796,48415,60238,56752,72200,70564,86831,84986,60239,64355,39458,50659,12505,22374,37794,36132,52098,44404,56894,52650,68438,66108,82992,81042,58179,62014,38156,48904,12014,21473,649819,608670,79177,75927,109641,103736,38406,48,60
2021-09-19T23:59:59+02:00,4979,4685,41850,40105,55722,48368,60189,56711,72159,70550,86804,84972,60232,64346,39457,50651,12505,22372,37762,36109,52053,44388,56860,52639,68402,66092,82970,81025,58171,62008,38153,48900,12014,21471,649561,608537,79175,75925,109638,103735,38254,48,60
2021-09-18T23:59:59+02:00,4977,4683,41838,40099,55704,48354,60170,56701,72147,70537,86794,84968,60227,64343,39456,50651,12505,22371,37758,36106,52037,44383,56847,52629,68393,66084,82960,81021,58166,62005,38151,48898,12014,21471,649506,608521,79174,75925,109638,103735,38176,48,60
2021-09-17T23:59:59+02:00,4922,4632,41691,39978,55586,48208,60028,56576,72011,70421,86725,84895,60191,64321,39447,50645,12502,22365,37651,36019,51940,44266,56756,52537,68285,66006,82900,80963,58135,61988,38144,48890,12012,21467,648673,608047,79173,75925,109638,103735,37627,48,60
2021-09-16T23:59:59+02:00,4825,4531,41405,39706,55331,47921,59794,56306,71821,70240,86596,84763,60139,64265,39424,50622,12491,22349,37375,35803,51740,44033,56574,52334,68140,65863,82790,80865,58082,61953,38126,48866,12003,21456,646746,606574,79169,75920,109624,103720,36957,48,60
2021-09-15T23:59:59+02:00,4760,4467,41164,39450,55086,47639,59579,56089,71663,70097,86476,84658,60096,64210,39396,50593,12482,22325,37165,35618,51566,43824,56433,52191,68033,65762,82695,80762,58036,61921,38102,48841,12001,21442,644955,605366,79167,75917,109624,103720,36449,48,60
2021-09-14T23:59:59+02:00,4732,4439,41041,39326,54956,47548,59490,55974,71566,70006,86399,84599,60077,64183,39382,50581,12479,22320,37092,35545,51474,43768,56360,52121,67958,65700,82636,80725,58019,61895,38087,48821,11995,21434,644198,604953,79167,75917,109624,103719,36074,48,60
2021-09-13T23:59:59+02:00,4704,4425,40938,39221,54865,47452,59426,55873,71494,69951,86356,84558,60046,64151,39376,50570,12475,22315,37017,35475,51387,43707,56301,52056,67893,65666,82596,80698,57996,61868,38078,48810,11994,21428,643487,604508,79166,75866,109623,103704,35885,48,60
2021-09-12T23:59:59+02:00,4695,4411,40907,39194,54844,47429,59400,55842,71467,69919,86342,84538,60038,64143,39374,50567,12473,22311,36980,35445,51369,43688,56276,52038,67873,65638,82575,80679,57985,61855,38073,48799,11994,21426,643274,604305,79157,75861,109622,103702,35806,48,60
2021-09-11T23:59:59+02:00,4686,4409,40892,39168,54815,47402,59381,55825,71443,69907,86331,84530,60037,64140,39373,50566,12473,22309,36963,35434,51347,43669,56263,52025,67850,65627,82562,80675,57983,61854,38071,48799,11994,21425,643178,604260,79157,75860,109622,103702,35695,48,60
2021-09-10T23:59:59+02:00,4641,4370,40711,38994,54659,47267,59261,55673,71316,69805,86242,84447,60009,64112,39362,50554,12469,22302,36837,35345,51238,43578,56172,51934,67757,65561,82490,80620,57964,61833,38062,48785,11987,21419,642266,603845,79155,75860,109622,103702,35114,48,60
2021-09-09T23:59:59+02:00,4567,4283,40467,38775,54462,47044,59084,55452,71169,69639,86137,84353,59983,64067,39338,50525,12460,22296,36626,35169,51063,43427,56019,51769,67614,65440,82382,80541,57925,61787,38045,48763,11982,21411,640771,602705,79154,75858,109622,103702,34516,48,59
2021-09-08T23:59:59+02:00,4468,4188,40239,38516,54263,46862,58909,55283,71056,69522,86044,84274,59946,64027,39330,50493,12454,22289,36340,34899,50828,43211,55819,51584,67479,65310,82268,80436,57892,61731,38022,48724,11971,21397,639344,600953,79149,75850,109622,103702,34009,48,59
2021-09-07T23:59:59+02:00,4395,4127,40035,38346,54133,46743,58807,55175,70979,69433,85982,84207,59922,63999,39319,50477,12451,22286,36212,34791,50723,43130,55737,51520,67409,65241,82203,80379,57859,61698,38010,48701,11965,21389,638330,600293,79143,75836,109618,103701,33685,48,59
2021-09-06T23:59:59+02:00,4354,4079,39930,38245,54053,46670,58739,55099,70933,69377,85937,84169,59902,63982,39316,50472,12449,22282,36096,34675,50627,43060,55653,51435,67350,65170,82149,80317,57832,61667,37999,48688,11964,21387,637646,599531,79143,75798,109616,103689,33542,48,59
2021-09-05T23:59:59+02:00,4341,4061,39895,38215,54031,46639,58703,55072,70905,69353,85913,84146,59899,63979,39313,50467,12448,22278,36070,34654,50599,43037,55620,51415,67331,65154,82131,80301,57824,61662,37996,48682,11962,21384,637422,599382,79142,75794,109615,103689,33438,48,59
2021-09-04T23:59:59+02:00,4341,4059,39886,38212,54028,46631,58702,55070,70903,69349,85909,84139,59899,63977,39313,50467,12448,22278,36059,34651,50596,43030,55616,51414,67329,65150,82128,80297,57823,61660,37996,48682,11962,21384,637402,599365,79142,75793,109615,103687,33411,48,59
2021-09-03T23:59:59+02:00,4302,4029,39772,38097,53927,46560,58621,54987,70833,69289,85845,84108,59881,63961,39307,50462,12445,22275,35980,34580,50511,42984,55553,51360,67270,65107,82083,80265,57808,61646,37988,48676,11956,21383,636822,599046,79142,75788,109615,103687,33081,48,59
2021-09-02T23:59:59+02:00,4263,3987,39594,37939,53783,46401,58480,54860,70706,69171,85767,84043,59833,63924,39284,50434,12443,22265,35853,34497,50398,42899,55453,51271,67170,65026,82010,80203,57761,61614,37971,48653,11950,21376,635811,598488,79142,75787,109615,103682,32568,48,59
2021-09-01T23:59:59+02:00,4202,3917,39400,37767,53620,46258,58362,54745,70615,69083,85706,83966,59789,63893,39268,50421,12441,22254,35519,34151,50167,42639,55256,51077,67010,64860,81878,80095,57712,61557,37939,48626,11945,21370,634686,596273,79131,75777,109614,103681,32235,48,59
2021-08-31T23:59:59+02:00,4152,3870,39263,37616,53489,46146,58258,54640,70528,69009,85628,83910,59759,63865,39251,50392,12439,22251,35399,34047,50025,42539,55144,50992,66915,64793,81796,80041,57672,61521,37925,48606,11939,21367,633755,595689,79129,75776,109612,103454,31930,47,59
2021-08-30T23:59:59+02:00,4101,3826,39151,37491,53383,46062,58171,54561,70466,68930,85567,83863,59741,63839,39239,50381,12437,22245,35326,33974,49948,42477,55067,50921,66855,64731,81742,79983,57645,61493,37910,48585,11938,21356,632911,595099,79126,75741,109612,103442,31765,47,59
2021-08-29T23:59:59+02:00,4090,3817,39133,37472,53365,46045,58156,54542,70458,68920,85551,83846,59739,63837,39236,50377,12436,22244,35297,33949,49918,42458,55055,50895,66832,64704,81719,79969,57635,61477,37905,48580,11935,21355,632792,594903,79123,75724,109612,103442,31697,47,59
2021-08-28T23:59:59+02:00,4090,3817,39132,37472,53364,46044,58155,54542,70457,68918,85551,83846,59739,63837,39236,50377,12436,22244,35297,33948,49918,42458,55052,50895,66831,64703,81719,79969,57635,61477,37905,48580,11935,21355,632788,594900,79123,75724,109612,103442,31694,47,59
2021-08-27T23:59:59+02:00,4054,3775,39010,37372,53263,45938,58072,54448,70368,68840,85490,83788,59713,63813,39224,50367,12436,22242,35195,33888,49817,42396,54979,50823,66740,64640,81665,79930,57610,61457,37894,48570,11934,21354,632150,594496,79123,75724,109607,103440,31293,47,59
2021-08-26T23:59:59+02:00,3970,3712,38813,37190,53091,45769,57935,54297,70239,68724,85363,83696,59665,63765,39200,50347,12429,22232,35020,33714,49664,42230,54818,50662,66612,64511,81520,79817,57563,61396,37865,48544,11929,21346,630954,593337,79120,75713,109601,103435,30722,47,59
2021-08-25T23:59:59+02:00,3875,3644,38644,36993,52936,45579,57821,54158,70138,68623,85269,83603,59629,63724,39182,50328,12427,22225,34636,33299,49391,41914,54580,50398,66418,64308,81340,79645,57475,61315,37843,48506,11917,21334,629711,590591,79119,75711,109601,103435,30327,47,59
2021-08-24T23:59:59+02:00,3854,3628,38556,36920,52856,45509,57765,54105,70084,68578,85223,83563,59597,63698,39173,50311,12424,22215,34488,33173,49270,41826,54492,50313,66315,64214,81249,79568,57426,61270,37835,48490,11912,21325,629272,589668,79115,75707,109599,103430,30033,47,59
2021-08-23T23:59:59+02:00,3826,3591,38460,36825,52776,45443,57710,54039,70025,68526,85169,83524,59579,63671,39163,50298,12422,22207,34348,33036,49145,41749,54391,50228,66221,64118,81161,79505,57390,61220,37815,48470,11911,21314,628737,588789,79113,75673,109597,103417,29767,47,59
2021-08-22T23:59:59+02:00,3818,3591,38431,36812,52761,45424,57693,54026,69999,68507,85152,83510,59569,63661,39161,50289,12417,22205,34300,32997,49117,41712,54355,50201,66178,64093,81126,79479,57375,61206,37812,48461,11906,21311,628633,588503,79111,75662,109596,103416,29646,47,59
2021-08-21T23:59:59+02:00,3816,3588,38411,36806,52752,45413,57678,54020,69985,68495,85146,83501,59562,63659,39160,50289,12417,22205,34288,32993,49107,41703,54341,50196,66166,64082,81120,79472,57371,61205,37812,48461,11906,21311,628592,588490,79110,75660,109595,103416,29566,47,59
2021-08-20T23:59:59+02:00,3796,3556,38341,36735,52668,45342,57602,53955,69912,68441,85084,83453,59545,63639,39157,50285,12417,22199,34188,32887,48992,41635,54249,50122,66071,64015,81050,79419,57351,61181,37806,48456,11905,21307,628224,587970,79108,75657,109595,103413,29160,47,59
2021-08-19T23:59:59+02:00,3768,3522,38169,36591,52506,45200,57478,53849,69780,68319,84987,83377,59515,63595,39142,50268,12413,22187,33837,32633,48704,41391,54032,49927,65863,63828,80874,79284,57295,61108,37760,48418,11900,21296,627324,586060,79106,75560,109586,103399,28610,47,59
2021-08-18T23:59:59+02:00,3718,3472,37979,36434,52379,45078,57381,53744,69670,68223,84911,83313,59476,63552,39127,50248,12411,22179,33455,32220,48401,41133,53775,49649,65644,63616,80690,79122,57213,61021,37724,48376,11896,21284,626319,583483,79103,75431,109584,103392,28249,47,59
2021-08-17T23:59:59+02:00,3657,3424,37816,36275,52259,44951,57299,53648,69575,68137,84839,83250,59441,63519,39114,50225,12406,22170,33064,31778,48074,40817,53484,49355,65396,63374,80490,78913,57103,60910,37682,48327,11884,21273,625358,580370,79103,75417,109579,103371,27925,47,59
2021-08-16T23:59:59+02:00,3601,3368,37668,36129,52162,44853,57224,53575,69505,68067,84783,83204,59419,63488,39099,50208,12400,22162,32504,31216,47682,40404,53092,48969,65091,63107,80271,78718,57026,60794,37650,48272,11875,21251,624429,576340,79099,75382,109579,103351,27768,47,59
2021-08-15T23:59:59+02:00,3592,3359,37634,36104,52129,44835,57197,53542,69490,68051,84772,83193,59407,63484,39096,50199,12400,22160,32426,31119,47609,40340,53029,48908,65047,63065,80228,78690,57008,60774,37642,48259,11874,21247,624241,575778,79099,75352,109578,103340,27686,47,59
2021-08-14T23:59:59+02:00,3587,3354,37626,36097,52123,44831,57191,53535,69486,68048,84764,83189,59400,63479,39096,50197,12400,22160,32418,31112,47598,40336,53020,48900,65044,63062,80221,78688,57003,60769,37642,48257,11874,21247,624208,575747,79096,75351,109578,103340,27641,47,59
2021-08-13T23:59:59+02:00,3570,3340,37556,36054,52062,44781,57124,53485,69417,68008,84699,83153,59378,63467,39085,50182,12397,22154,32277,30999,47469,40237,52898,48799,64942,62982,80131,78638,56980,60748,37629,48247,11872,21242,623901,574940,79096,75350,109578,103340,27297,47,59
2021-08-12T23:59:59+02:00,3530,3312,37427,35931,51972,44691,57052,53400,69323,67934,84624,83087,59349,63443,39073,50170,12397,22151,31748,30511,47084,39886,52506,48446,64616,62750,79910,78426,56888,60660,37584,48204,11867,21225,623177,571451,79096,75320,109576,103233,26977,47,59
2021-08-11T23:59:59+02:00,3488,3272,37269,35785,51860,44583,56928,53279,69227,67844,84541,83006,59309,63405,39052,50154,12393,22147,31104,29892,46577,39496,52077,48010,64313,62473,79697,78222,56792,60554,37548,48131,11854,21208,622272,567411,79090,75296,109574,103145,26566,47,59
2021-08-10T23:59:59+02:00,3440,3227,37110,35635,51746,44461,56822,53174,69161,67774,84473,82949,59285,63368,39034,50140,12386,22142,30217,28912,45840,38795,51409,47404,63927,62110,79450,77979,56687,60449,37503,48062,11846,21196,621324,561199,79088,75295,109571,103142,26304,47,59
2021-08-09T23:59:59+02:00,3404,3198,37016,35529,51669,44392,56762,53132,69130,67732,84443,82917,59268,63353,39022,50121,12385,22140,29506,28168,45171,38210,50838,46822,63555,61752,79172,77729,56566,60353,37459,48007,11839,21182,620738,557085,79087,73847,109570,103116,26178,47,59
2021-08-08T23:59:59+02:00,3395,3184,36990,35512,51644,44366,56744,53121,69112,67714,84423,82902,59265,63348,39017,50114,12384,22139,29381,28027,45027,38115,50741,46736,63499,61695,79124,77689,56531,60335,37449,47996,11839,21179,620562,556161,79086,73839,109569,103084,26117,47,59
2021-08-07T23:59:59+02:00,3395,3184,36988,35506,51634,44365,56742,53121,69108,67711,84422,82900,59264,63348,39017,50114,12384,22139,29372,28019,45012,38112,50740,46731,63496,61690,79121,77686,56528,60334,37448,47996,11839,21178,620554,556126,79085,73837,109569,103083,26094,47,59
2021-08-06T23:59:59+02:00,3384,3169,36921,35450,51553,44301,56675,53079,69066,67677,84390,82873,59252,63328,39006,50108,12381,22137,29133,27786,44803,37928,50556,46585,63358,61573,79021,77618,56503,60309,37433,47986,11836,21175,620274,554664,79082,73830,109569,103081,25785,47,59
2021-08-05T23:59:59+02:00,3351,3130,36769,35316,51439,44168,56554,52963,68950,67563,84265,82798,59209,63274,38983,50087,12372,22127,28433,27167,44215,37447,50000,46130,62999,61275,78729,77398,56394,60214,37393,47934,11828,21159,619473,550347,79081,73820,109569,102901,25155,47,59
2021-08-04T23:59:59+02:00,3292,3067,36568,35144,51287,44020,56414,52847,68825,67433,84150,82685,59141,63216,38965,50058,12367,22117,27288,26049,43254,36570,49040,45226,62406,60669,78232,76958,56184,60032,37333,47845,11815,21139,618377,542003,79070,73779,109569,102848,24540,47,59
2021-08-03T23:59:59+02:00,3219,3009,36352,34946,51130,43878,56289,52722,68692,67319,84062,82613,59098,63171,38944,50028,12358,22102,26210,24934,42321,35673,48142,44343,61863,60138,77782,76553,56015,59847,37272,47757,11796,21108,617016,533676,79062,73730,109565,102822,24249,47,59
2021-08-02T23:59:59+02:00,3174,2955,36209,34795,51020,43767,56196,52621,68606,67226,83976,82538,59059,63123,38929,50008,12350,22090,25309,23938,41470,34930,47412,43599,61378,59667,77396,76210,55851,59698,37222,47678,11779,21087,616037,526699,79061,73675,109564,102679,23940,47,59
2021-08-01T23:59:59+02:00,3169,2949,36192,34773,50993,43748,56176,52596,68576,67213,83962,82525,59053,63118,38927,50004,12350,22090,25050,23687,41223,34728,47180,43402,61237,59530,77280,76114,55815,59669,37207,47665,11775,21083,615892,524830,79058,73634,109563,102613,23861,47,59
2021-07-31T23:59:59+02:00,3168,2948,36187,34772,50993,43747,56174,52595,68575,67212,83962,82524,59053,63118,38927,50004,12350,22089,25043,23672,41215,34720,47175,43396,61228,59528,77278,76111,55815,59666,37207,47665,11775,21082,615879,524762,79058,73633,109563,102612,23858,47,59
2021-07-30T23:59:59+02:00,3151,2935,36126,34709,50923,43696,56111,52534,68519,67172,83924,82484,59041,63104,38923,49997,12347,22086,24723,23360,40942,34504,46915,43200,61039,59397,77128,75996,55783,59627,37193,47653,11775,21082,615588,522824,79054,73630,109560,102501,23540,47,58
2021-07-29T23:59:59+02:00,3128,2907,35986,34585,50792,43568,56017,52434,68448,67109,83853,82432,59015,63086,38911,49988,12347,22085,23769,22371,40060,33757,46013,42419,60491,58952,76767,75692,55663,59489,37153,47598,11768,21071,614710,515769,79035,73504,109560,102332,23346,47,58
2021-07-28T23:59:59+02:00,3079,2852,35742,34348,50568,43396,55815,52282,68301,66966,83739,82333,58963,63039,38889,49951,12337,22077,22552,21133,38737,32651,44697,41243,59689,58292,76261,75232,55468,59300,37084,47494,11754,21046,613326,505967,79029,73334,109559,102174,22723,47,58
2021-07-27T23:59:59+02:00,3053,2833,35634,34227,50485,43315,55733,52231,68239,66897,83679,82261,58922,62996,38877,49936,12336,22068,21313,19743,37309,31317,43330,39942,59062,57696,75840,74820,55305,59123,37026,47439,11743,21023,612596,495550,79013,73156,109559,102063,22514,47,58
2021-07-26T23:59:59+02:00,3034,2814,35572,34131,50426,43261,55688,52182,68195,66860,83643,82234,58909,62980,38865,49924,12335,22066,20294,18645,36062,30202,42061,38791,58565,57293,75554,74566,55208,59023,37005,47404,11737,21009,612069,487311,79006,72829,109559,101899,22445,47,58
2021-07-25T23:59:59+02:00,3024,2809,35525,34089,50381,43213,55661,52160,68172,66835,83614,82211,58893,62973,38862,49921,12332,22060,19893,18280,35646,29871,41653,38484,58370,57138,75395,74457,55161,58985,36983,47384,11734,21005,611777,484581,79000,72555,109559,101869,22359,47,58
2021-07-24T23:59:59+02:00,3024,2809,35520,34086,50379,43210,55659,52159,68170,66835,83612,82210,58893,62973,38861,49921,12332,22060,19886,18268,35635,29861,41647,38483,58366,57135,75391,74455,55161,58985,36982,47384,11734,21005,611770,484536,78998,72554,109559,101867,22346,47,58
2021-07-23T23:59:59+02:00,3000,2783,35369,33968,50230,43109,55540,52052,68073,66740,83520,82159,58862,62945,38851,49916,12327,22057,19648,18044,35373,29684,41375,38301,58200,57005,75254,74377,55122,58961,36970,47374,11728,20999,611141,483409,78998,72261,109559,101865,21763,47,58
2021-07-22T23:59:59+02:00,2949,2699,34931,33597,49922,42875,55274,51823,67843,66555,83344,82008,58775,62852,38815,49869,12316,22039,18857,17385,34278,28948,40253,37469,57460,56535,74702,74003,54942,58781,36905,47290,11707,20973,608988,477893,78985,70822,109555,101646,20918,47,57
2021-07-21T23:59:59+02:00,2894,2641,34620,33268,49679,42661,55086,51635,67653,66371,83217,81882,58710,62799,38784,49829,12305,22029,18032,16563,32964,27957,38991,36511,56765,55972,74254,73642,54796,58606,36839,47206,11695,20940,607157,471999,78934,68632,109554,101434,20378,47,57
2021-07-20T23:59:59+02:00,2818,2579,34264,32878,49394,42428,54912,51439,67471,66213,83076,81760,58645,62744,38755,49783,12304,22014,16882,15448,31250,26561,37260,35055,55970,55323,73707,73196,54630,58417,36789,47121,11677,20901,605050,462838,78899,66894,109552,101094,19936,47,57
2021-07-19T23:59:59+02:00,2734,2507,33702,32314,49081,42118,54639,51174,67274,66000,82906,81592,58578,62662,38710,49731,12297,21999,16225,14878,30307,25881,36395,34339,55530,54899,73379,72956,54543,58331,36752,47070,11671,20879,601844,459139,78838,64724,109551,100921,19745,47,57
2021-07-18T23:59:59+02:00,2706,2489,33604,32198,48990,42063,54583,51114,67213,65951,82862,81550,58551,62636,38699,49718,12295,21992,15906,14614,29739,25504,35901,33987,55274,54737,73233,72855,54501,58291,36744,47055,11670,20875,601239,457691,78822,63197,109550,100893,19563,47,56
2021-07-17T23:59:59+02:00,2706,2489,33603,32196,48984,42062,54580,51112,67213,65950,82862,81549,58551,62635,38699,49718,12295,21992,15901,14607,29727,25489,35896,33982,55269,54736,73233,72855,54501,58291,36744,47055,11670,20875,601229,457644,78820,63193,109545,100890,19562,47,56
2021-07-16T23:59:59+02:00,2647,2424,32997,31673,48488,41715,54185,50779,66831,65626,82548,81317,58432,62523,38649,49669,12291,21985,15485,14284,29234,25116,35449,33651,54930,54483,72973,72662,54389,58203,36709,47017,11667,20871,599012,456249,78816,63064,109544,100882,17367,47,56
2021-07-15T23:59:59+02:00,2514,2292,32135,30891,47867,41144,53610,50294,66402,65278,82294,81075,58342,62426,38615,49626,12283,21966,14647,13611,27909,24291,34148,32840,54251,54083,72559,72436,54295,58106,36679,46983,11660,20855,593987,452064,78804,60695,109543,100299,16679,47,56
2021-07-14T23:59:59+02:00,2408,2206,31589,30364,47378,40704,53189,49894,66074,64996,82055,80827,58237,62330,38582,49576,12273,21953,13405,12477,25910,22834,32247,31320,53502,53489,72049,72097,54157,57980,36637,46922,11650,20839,590121,442930,78787,58778,109542,99962,16144,47,55
2021-07-13T23:59:59+02:00,2351,2136,31324,30094,47108,40479,52938,49664,65870,64808,81888,80679,58170,62254,38557,49539,12263,21941,12415,11632,24177,21520,30300,29733,52307,52320,71229,71303,53908,57703,36550,46807,11633,20812,587972,436201,78773,55854,109533,96803,15744,47,55
2021-07-12T23:59:59+02:00,2124,1929,30465,29164,46455,39945,52366,49097,65480,64420,81609,80406,58034,62128,38515,49482,12254,21920,11664,11009,22779,20538,28560,28354,51349,51460,70488,70683,53650,57423,36483,46689,11620,20781,581743,428087,78754,53289,109533,96647,15722,47,55
2021-07-11T23:59:59+02:00,2079,1892,30345,29056,46391,39874,52314,49034,65423,64364,81548,80363,58013,62108,38509,49464,12249,21915,11502,10861,22506,20351,28195,28082,51144,51314,70315,70539,53597,57343,36461,46672,11610,20774,580924,426017,78748,53247,109531,96512,15697,47,52
2021-07-10T23:59:59+02:00,2079,1890,30342,29048,46388,39868,52312,49032,65420,64363,81547,80360,58013,62106,38508,49464,12249,21915,11490,10842,22492,20336,28179,28069,51137,51309,70312,70536,53597,57343,36460,46672,11610,20774,580895,425929,78747,53245,109531,96501,15690,47,52
2021-07-09T23:59:59+02:00,2035,1852,30110,28816,46172,39688,52127,48861,65258,64251,81443,80279,57983,62076,38493,49449,12245,21913,11107,10571,21848,19898,27511,27517,50428,50739,69729,70124,53495,57256,36437,46638,11605,20763,579699,424847,78741,52930,109526,93044,15045,46,52
2021-07-08T23:59:59+02:00,1897,1725,29447,28285,45564,39185,51572,48393,64856,63941,81143,80046,57891,61985,38461,49398,12240,21899,9925,9472,19904,18271,25047,25535,49393,49938,69102,69586,53270,57042,36361,46551,11590,20737,575444,414325,78719,50505,109510,92813,14215,46,52
2021-07-07T23:59:59+02:00,1684,1528,28334,27082,44514,38220,50473,47398,64197,63302,80602,79563,57687,61755,38395,49313,12227,21858,9392,8995,18817,17429,23648,24334,48568,49292,68555,69096,53070,56800,36285,46453,11574,20697,566173,407982,78703,48889,109508,92525,13708,46,52
2021-07-06T23:59:59+02:00,1483,1371,27254,26044,43492,37298,49538,46468,63597,62741,80167,79154,57505,61571,38338,49218,12203,21831,8676,8252,17489,16424,22035,23053,47961,48838,68179,68830,52953,56686,36236,46416,11567,20682,557918,400517,78692,48464,109505,92231,13118,46,52
2021-07-05T23:59:59+02:00,1327,1247,26110,24791,42412,36305,48486,45397,62930,62165,79730,78753,57332,61382,38285,49142,12194,21808,8422,8025,16987,16103,21472,22666,47653,48611,67984,68682,52901,56613,36210,46397,11564,20677,548610,397924,78684,48148,109505,91972,12956,46,50
2021-07-04T23:59:59+02:00,1262,1183,25788,24466,42104,36046,48233,45213,62783,62029,79617,78655,57296,61342,38274,49123,12192,21805,8166,7868,16715,15905,21189,22468,47528,48511,67905,68607,52877,56589,36195,46392,11562,20676,546294,396889,78656,47485,109504,91888,12916,46,50
2021-07-03T23:59:59+02:00,1262,1182,25780,24452,42091,36039,48231,45213,62779,62028,79616,78654,57295,61342,38274,49123,12192,21805,8160,7860,16704,15894,21182,22461,47521,48510,67900,68606,52876,56589,36195,46392,11562,20676,546262,396855,78655,47484,109504,91878,12896,46,50
2021-07-02T23:59:59+02:00,1194,1125,25466,24105,41770,35761,47973,44958,62635,61880,79542,78583,57278,61319,38268,49111,12188,21800,7982,7712,16335,15627,20738,22154,46555,47731,67403,68256,52792,56497,36180,46374,11561,20673,543882,394371,78654,47481,109499,89859,12880,46,50
2021-07-01T23:59:59+02:00,1139,1075,25091,23741,41387,35413,47577,44609,62385,61640,79352,78412,57215,61256,38237,49070,12181,21790,7591,7375,15520,14844,19565,21117,45018,46244,66187,67177,52483,56194,36083,46254,11537,20646,540737,388537,78552,46653,109490,85906,12750,46,50
2021-06-30T23:59:59+02:00,1066,1010,24668,23294,40960,35041,47168,44231,62157,61430,79180,78264,57137,61178,38209,49020,12173,21769,7217,7017,14572,14043,18130,19908,41801,43514,64487,65730,52015,55695,35934,46060,11510,20596,537293,376502,78519,45956,109486,83153,12616,46,49
2021-06-29T23:59:59+02:00,976,901,24168,22760,40439,34622,46735,43817,61897,61151,78968,78087,57058,61113,38181,48976,12167,21750,6941,6708,13907,13544,16967,18981,37469,39828,63131,64474,51527,55196,35801,45881,11479,20553,533223,361179,78510,45742,109486,82947,12506,46,49
2021-06-28T23:59:59+02:00,947,868,23830,22370,39980,34230,46315,43450,61658,60895,78776,77933,56984,61044,38152,48946,12164,21735,6630,6393,13252,13042,15949,18142,33824,36780,62005,63438,51172,54800,35706,45731,11454,20515,531459,352504,76824,41046,109484,82791,12469,46,49
2021-06-27T23:59:59+02:00,933,855,23738,22277,39904,34168,46256,43390,61626,60858,78740,77902,56969,61033,38146,48939,12163,21730,6538,6321,13015,12899,15524,17904,32988,36133,61746,63238,51081,54729,35688,45709,11452,20511,530845,349596,76819,40778,109478,82633,12444,46,49
2021-06-26T23:59:59+02:00,933,855,23732,22271,39894,34164,46254,43388,61624,60857,78740,77902,56969,61033,38146,48938,12163,21730,6535,6314,13008,12885,15516,17897,32984,36132,61739,63236,51079,54723,35688,45709,11452,20510,530813,349529,76818,40777,109477,82632,12444,46,49
2021-06-25T23:59:59+02:00,910,828,23619,22154,39810,34076,46172,43315,61579,60809,78692,77880,56958,61021,38143,48935,12162,21728,6438,6199,12900,12754,15377,17735,32267,35471,61348,62910,51001,54639,35680,45688,11449,20509,530016,346515,76817,40765,109474,82615,12443,46,49
2021-06-24T23:59:59+02:00,843,770,23232,21736,39456,33763,45822,43013,61373,60615,78532,77742,56904,60967,38120,48905,12157,21718,6100,5901,12338,12292,14668,17047,28963,32755,59060,61054,50415,54041,35544,45480,11431,20461,527061,332693,76768,40500,109472,82000,12326,46,49
2021-06-23T23:59:59+02:00,739,676,22588,21076,38883,33173,45167,42305,61006,60221,78282,77491,56800,60831,38073,48852,12147,21698,5945,5706,11970,11940,14158,16516,25602,29995,57414,59523,49892,53502,35423,45306,11410,20418,521472,323246,76712,37564,109469,81562,12314,46,49
2021-06-22T23:59:59+02:00,678,611,22160,20635,38476,32751,44732,41841,60732,59935,78077,77250,56702,60719,38037,48779,12134,21676,5756,5570,11643,11674,13728,16143,21260,26461,55335,57819,49292,52898,35246,45090,11389,20374,517659,308868,76585,37512,109463,81084,12177,46,49
2021-06-21T23:59:59+02:00,641,570,21905,20398,38220,32518,44487,41565,60542,59724,77945,77109,56648,60635,38012,48738,12125,21660,5624,5459,11333,11474,13387,15878,19709,25226,54415,57049,47067,50433,34647,44367,11366,20315,515601,303531,76384,37444,109446,74769,11966,45,49
2021-06-20T23:59:59+02:00,612,551,21614,20102,37922,32240,44203,41309,60391,59557,77807,76963,56599,60591,37992,48721,12122,21653,5566,5415,11200,11386,13232,15750,19311,24900,54147,56865,45407,48449,34081,43732,11346,20294,513208,302899,76302,36689,109435,69496,11960,44,47
2021-06-19T23:59:59+02:00,610,551,21609,20089,37906,32235,44200,41304,60385,59553,77805,76960,56596,60590,37992,48720,12122,21653,5560,5406,11195,11382,13222,15744,19303,24892,54133,56853,45398,48439,34080,43732,11346,20294,513144,302813,76297,36686,109435,69483,11960,44,47
2021-06-18T23:59:59+02:00,596,537,21513,19976,37838,32179,44125,41218,60330,59507,77760,76918,56574,60568,37987,48707,12121,21652,5467,5243,10898,10845,12847,15162,18762,23873,53276,55542,45194,48275,34052,43683,11340,20282,512383,301241,76290,36685,109430,64819,11959,44,47
2021-06-17T23:59:59+02:00,511,445,20793,19262,37082,31548,43331,40466,59922,59139,77461,76665,56457,60439,37938,48639,12108,21628,5277,5029,10515,10294,12321,14388,17828,22511,51699,53598,44042,46924,33734,43286,11293,20198,506398,293911,76197,36556,109419,60657,11776,44,47
2021-06-16T23:59:59+02:00,405,367,19997,18313,36092,30615,42324,39493,59379,58658,77065,76348,56312,60284,37880,48552,12098,21605,5089,4872,10002,9969,11585,13890,16281,21206,47817,50050,42284,44912,33266,42714,11230,20071,499025,277721,75660,36355,109403,59471,11655,44,46
2021-06-15T23:59:59+02:00,295,264,19187,17463,35167,29756,41394,38604,58942,58218,76730,76018,56169,60117,37821,48482,12083,21571,4889,4748,9479,9704,10875,13416,14768,20015,43542,45956,40731,43064,32785,42091,11163,19943,491806,260519,75542,36319,109393,58799,11496,44,45
2021-06-14T23:59:59+02:00,191,173,18075,16234,33922,28480,39932,37193,58351,57651,76338,75677,56041,59972,37778,48412,12074,21556,4766,4655,9132,9495,10393,13097,13596,19011,40897,43401,39657,41914,32492,41690,11131,19858,482062,249341,75107,36292,109390,58068,11448,43,45
2021-06-13T23:59:59+02:00,150,134,17567,15830,33445,28078,39439,36811,58137,57470,76189,75575,56014,59932,37756,48390,12071,21547,4680,4606,8984,9422,10229,13028,12990,18557,40428,43008,39420,41691,32432,41605,11125,19844,478984,248376,74804,34865,109383,57451,11321,43,45
2021-06-12T23:59:59+02:00,150,134,17560,15810,33429,28069,39432,36807,58130,57466,76185,75573,56013,59930,37755,48390,12071,21547,4673,4600,8973,9417,10217,13021,12978,18544,40244,42861,39397,41676,32428,41603,11125,19843,478905,247941,74800,34865,109383,57438,11320,43,45
2021-06-11T23:59:59+02:00,148,134,17476,15750,33281,27996,39260,36750,58010,57430,76114,75549,56000,59925,37753,48387,12071,21546,4591,4407,8815,8857,10026,12302,12744,17473,39755,41559,39242,41545,32410,41567,11123,19842,478562,247451,74386,34864,109278,52596,11311,43,45
2021-06-10T23:59:59+02:00,133,114,16636,15034,31868,27084,38017,35834,57328,56973,75704,75277,55910,59833,37714,48342,12060,21528,4339,4213,8256,8354,9343,11539,12007,16404,36899,38518,38440,40739,32244,41386,11107,19812,474674,240373,71418,34732,109002,48207,10252,43,45
2021-06-09T23:59:59+02:00,111,89,15861,14329,30587,26186,36802,34948,56749,56585,75360,75049,55826,59726,37687,48297,12047,21508,4155,4062,7895,8165,8874,11319,11386,16024,31813,33646,36941,39201,31999,41117,11086,19762,470011,226434,68987,34607,108958,46620,9750,41,43
2021-06-08T23:59:59+02:00,84,71,14947,13469,29207,25098,35438,33939,56133,56178,75059,74832,55751,59649,37664,48265,12043,21498,4073,4000,7737,8043,8722,11204,11091,15817,28984,30829,35981,38259,31839,40921,11062,19729,465431,218937,65554,34546,108912,45387,9387,41,43
2021-06-07T23:59:59+02:00,76,58,14310,12895,27839,24284,34278,33158,55656,55920,74815,74721,55715,59609,37648,48254,12043,21494,3980,3927,7542,7915,8422,11073,10723,15571,24646,26447,34513,36719,31617,40654,11034,19699,462300,207137,62517,34480,108880,43796,9035,41,43
2021-06-06T23:59:59+02:00,75,55,13989,12700,27051,23865,33625,32739,55346,55754,74658,74655,55694,59585,37634,48245,12041,21493,3913,3890,7389,7873,8264,10988,10400,15368,21818,23567,33510,35637,31477,40499,11027,19684,461153,204342,60462,29230,108853,43004,8695,41,42
2021-06-05T23:59:59+02:00,75,53,13959,12671,27008,23825,33596,32720,55341,55744,74652,74649,55689,59580,37629,48243,12041,21493,3891,3874,7354,7851,8217,10970,10337,15326,20390,22012,32713,34756,31407,40418,11023,19677,461029,199363,60357,29227,108847,42899,8694,41,42
2021-06-04T23:59:59+02:00,69,49,13729,12409,26694,23508,33259,32410,55280,55664,74613,74629,55680,59575,37628,48241,12041,21492,3862,3846,7275,7772,8162,10892,10258,15203,20283,21895,32639,34701,31375,40381,11020,19674,459127,199282,60294,29214,108814,42015,8694,41,42
2021-06-03T23:59:59+02:00,51,44,13162,11924,25659,22823,32123,31659,54785,55331,74297,74435,55608,59496,37593,48210,12034,21475,3733,3756,6999,7602,7880,10719,9930,14967,18395,20033,30660,32387,31102,40048,10997,19625,454796,190676,58790,29194,108799,40650,8283,41,39
2021-06-02T23:59:59+02:00,37,32,12472,11181,24661,21920,30986,30705,54520,55066,74106,74295,55555,59414,37576,48188,12026,21468,3699,3736,6939,7545,7824,10669,9847,14876,17875,19484,28731,30209,31003,39905,10990,19614,448487,185138,58612,29193,108797,40313,8272,40,39
2021-06-01T23:59:59+02:00,23,18,11344,10300,22534,20488,28449,28815,53108,54006,73099,73512,55253,59089,37453,48015,11991,21408,3470,3562,6440,7235,7223,10243,8987,14274,15925,17669,24940,25949,30316,39020,10913,19458,438988,171109,54152,29057,108759,38463,6966,40,37
2021-05-31T23:59:59+02:00,18,14,10481,9634,20696,19316,26400,27301,51999,53154,72393,72962,55038,58826,37379,47910,11976,21372,3328,3408,6105,6988,6824,9947,8447,13918,14857,16691,23741,24572,29927,38530,10853,19364,432177,165351,49775,29019,108740,36965,6137,40,36
2021-05-30T23:59:59+02:00,16,11,10133,9290,19973,18822,25694,26722,51660,52872,72156,72765,54962,58749,37354,47882,11968,21363,3147,3218,5757,6721,6536,9706,8229,13712,14598,16420,23450,24254,29817,38424,10838,19336,429590,164521,49365,28962,108708,35963,4689,40,36
2021-05-29T23:59:59+02:00,16,11,10117,9278,19955,18792,25674,26696,51649,52867,72152,72755,54960,58744,37353,47882,11967,21363,3145,3210,5753,6716,6530,9704,8221,13704,14588,16414,23439,24246,29813,38418,10837,19335,429429,164448,49365,28960,108708,35948,4689,40,36
2021-05-28T23:59:59+02:00,16,11,10051,9184,19815,18623,25411,26465,51489,52691,72005,72624,54921,58694,37339,47862,11964,21350,3098,3132,5660,6577,6427,9503,8106,13430,14396,16138,23286,24090,29759,38355,10830,19326,427772,164058,49328,28959,108688,34381,4688,39,35
2021-05-27T23:59:59+02:00,16,11,8794,7996,17412,16819,22634,24315,50396,51876,71339,72133,54723,58469,37244,47767,11950,21320,2800,2798,4815,5952,5534,8723,7314,12439,13267,14945,22294,23053,29372,37899,10775,19240,415871,160233,48372,28696,108546,29878,2386,39,35
2021-05-26T23:59:59+02:00,15,11,8393,7582,16536,16013,21445,23307,49791,51330,70917,71745,54572,58304,37176,47689,11939,21290,2616,2626,4446,5614,5056,8216,6836,11791,12298,13965,21392,22019,29060,37456,10728,19155,410272,156371,47640,28609,108465,26628,1640,38,34
2021-05-25T23:59:59+02:00,15,11,7824,6982,15293,15132,19999,22134,49312,50927,70669,71560,54497,58220,37151,47661,11935,21280,2540,2526,4255,5486,4810,7987,6555,11482,11740,13431,19229,19841,28686,36917,10693,19106,403505,150666,47400,28596,108417,24754,1242,38,34
2021-05-24T23:59:59+02:00,15,11,7736,6882,15069,15004,19714,21955,49211,50808,70625,71521,54493,58214,37148,47658,11934,21277,2498,2463,4169,5318,4717,7744,6430,11199,11602,13189,19114,19727,28635,36871,10686,19095,402371,150517,47321,28553,108318,23136,1227,38,32
2021-05-23T23:59:59+02:00,14,11,7720,6869,15031,14987,19659,21927,49200,50806,70620,71515,54492,58210,37148,47656,11934,21277,2495,2458,4163,5314,4706,7740,6424,11186,11579,13166,18972,19529,28604,36832,10684,19093,402182,150026,47321,28551,108317,23127,1218,38,31
2021-05-22T23:59:59+02:00,14,11,7717,6861,15022,14975,19648,21919,49200,50804,70617,71515,54492,58209,37148,47656,11934,21277,2493,2451,4156,5308,4704,7740,6420,11183,11571,13163,18959,19523,28603,36832,10684,19093,402127,149989,47321,28551,108317,23103,1216,38,31
2021-05-21T23:59:59+02:00,14,10,7642,6761,14896,14840,19443,21761,48961,50570,70474,71407,54465,58182,37140,47649,11928,21271,2423,2367,4067,5169,4601,7529,6297,10886,11399,12874,18893,19456,28587,36802,10681,19091,400554,149736,47318,28550,108292,21599,1213,37,31
2021-05-20T23:59:59+02:00,14,10,7366,6465,14311,14317,18505,20883,46283,48214,69316,70431,54107,57815,37031,47506,11896,21240,2160,2199,3707,4806,4158,6980,5742,10054,10310,11773,17612,18158,28080,36202,10605,18943,389543,144470,47151,28256,107987,17745,994,35,31
2021-05-19T23:59:59+02:00,13,9,7126,6244,13643,13830,17237,19882,42294,44734,67826,69122,53652,57289,36867,47275,11859,21189,2083,1995,3541,4468,3909,6458,5297,9371,9314,10656,16129,16508,27383,35282,10477,18733,374757,137286,46578,28112,107747,15218,974,35,21
2021-05-18T23:59:59+02:00,13,7,6930,6068,13093,13396,16140,19023,37571,40715,66372,67797,53097,56751,36716,47051,11817,21133,2037,1871,3402,4277,3724,6140,4963,8886,8448,9784,14545,14767,26673,34424,10386,18558,358645,130639,46513,27546,107588,13777,909,35,21
2021-05-17T23:59:59+02:00,13,7,6796,5973,12768,13146,15639,18633,35392,38849,65537,67010,52822,56436,36633,46942,11802,21096,1966,1808,3215,4094,3504,5909,4641,8514,7668,9084,11280,10737,25763,33272,10305,18387,354915,125413,42236,21442,107504,12474,804,35,21
2021-05-16T23:59:59+02:00,13,7,6732,5887,12643,12992,15467,18466,34900,38378,65351,66840,52766,56373,36620,46915,11797,21091,1907,1711,3111,3971,3424,5807,4533,8367,7485,8895,9085,8136,25278,32587,10271,18329,353435,124267,41727,16081,107468,11961,574,34,21
2021-05-15T23:59:59+02:00,13,7,6727,5878,12636,12986,15462,18460,34891,38375,65349,66838,52766,56372,36620,46915,11797,21091,1906,1711,3109,3966,3419,5804,4528,8364,7483,8892,9083,8134,25277,32587,10271,18329,353388,124237,41727,16081,107463,11960,571,34,21
2021-05-14T23:59:59+02:00,13,7,6527,5782,12395,12923,15230,18368,33918,37584,64812,66429,52670,56285,36603,46881,11795,21086,1789,1623,2997,3894,3362,5696,4478,8218,7435,8763,9076,8128,25276,32587,10271,18328,350017,124178,41696,16077,107001,11092,561,33,20
2021-05-13T23:59:59+02:00,13,7,6281,5597,11990,12668,14661,17920,30388,34794,62331,64350,52038,55612,36466,46661,11783,21038,1747,1583,2941,3818,3330,5605,4435,8115,7353,8644,9037,8068,25257,32545,10266,18324,336022,123927,41471,16053,106573,10575,499,33,20
2021-05-12T23:59:59+02:00,13,7,6264,5572,11917,12605,14549,17810,29753,34217,61823,63897,51865,55439,36429,46616,11776,21025,1747,1580,2939,3817,3326,5605,4432,8114,7351,8638,9030,8065,25257,32543,10266,18323,333021,123904,41457,16042,106568,10574,499,32,20
2021-05-11T23:59:59+02:00,12,7,5946,5439,11472,12323,14002,17428,25494,30729,59441,61888,51204,54761,36240,46371,11752,20962,1706,1465,2836,3555,3205,5230,4292,7672,7197,8316,8945,7982,25228,32503,10262,18312,318078,123662,41404,15852,105583,8802,376,30,20
2021-05-10T23:59:59+02:00,12,7,5820,5365,11312,12206,13781,17256,22019,27967,58189,60772,50842,54407,36148,46247,11737,20931,1667,1367,2751,3327,3102,4898,4181,7182,7075,7876,8905,7922,25216,32481,10260,18308,308145,123514,41244,15703,105290,6979,309,30,19
2021-05-09T23:59:59+02:00,12,7,5743,5333,11223,12140,13679,17175,20417,26785,57725,60387,50739,54307,36123,46206,11730,20926,1650,1345,2695,3204,3051,4757,4136,7062,7025,7782,8894,7910,25209,32475,10259,18308,307574,123472,37673,15657,105085,6324,296,29,19
2021-05-08T23:59:59+02:00,12,7,5740,5331,11212,12135,13669,17166,20409,26779,57716,60381,50736,54299,36119,46203,11728,20923,1649,1345,2694,3201,3051,4757,4133,7059,7024,7781,8892,7910,25208,32473,10259,18308,307484,123455,37672,15657,105084,6323,296,29,19
2021-05-07T23:59:59+02:00,12,7,5700,5295,11146,12087,13562,17086,19956,26422,56719,59571,50607,54169,36089,46172,11725,20909,1548,1302,2614,3156,3009,4728,4099,7035,7002,7749,8884,7901,25206,32472,10259,18307,304322,123420,37655,15648,104938,5899,291,28,19
2021-05-06T23:59:59+02:00,12,7,5450,5183,10630,11778,12853,16631,18658,25436,52456,55916,49411,52789,35758,45771,11673,20808,1327,1169,2377,2984,2839,4562,3947,6836,6849,7598,8809,7820,25186,32437,10256,18300,289187,123146,37465,15508,104380,4465,164,24,19
2021-05-05T23:59:59+02:00,12,7,5193,5085,10137,11541,12096,16178,17328,24452,48092,51776,47744,50869,35319,45199,11598,20685,1281,1076,2314,2856,2754,4383,3853,6596,6742,7399,8694,7724,25124,32362,10250,18284,272006,122662,37239,15463,103994,3506,48,24,19
2021-05-04T23:59:59+02:00,12,7,5110,5000,9821,11325,11643,15788,16348,23584,46216,49744,46674,49561,34944,44712,11529,20576,1270,1057,2286,2815,2713,4299,3800,6488,6670,7321,8652,7685,25103,32345,10249,18279,261614,122444,37215,15400,103716,3150,25,24,19
2021-05-03T23:59:59+02:00,12,7,5009,4912,9467,11153,11178,15523,15291,22723,44642,48127,45792,48608,34722,44368,11501,20484,1255,1032,2251,2782,2671,4235,3751,6434,6595,7267,8080,6994,23356,30009,10111,18041,252591,116609,37205,15318,103683,2908,16,24,19
2021-05-02T23:59:59+02:00,12,7,4946,4894,9352,11115,11030,15462,14679,22232,44123,47717,45652,48442,34672,44306,11494,20473,1251,1026,2233,2779,2658,4227,3722,6420,6575,7253,7890,6751,21377,27595,10064,17953,251379,116587,35566,10298,103628,2864,11,24,19
2021-05-01T23:59:59+02:00,12,7,4946,4892,9348,11110,11027,15460,14675,22228,44121,47713,45651,48442,34672,44306,11494,20473,1250,1026,2233,2779,2658,4227,3721,6420,6574,7253,7890,6750,21377,27595,10064,17953,251349,116584,35566,10298,103627,2863,11,24,19
2021-04-30T23:59:59+02:00,12,7,4900,4868,9281,11095,10972,15435,14599,22202,42641,46301,45317,48111,34635,44254,11489,20463,1044,932,2037,2689,2559,4166,3635,6360,6511,7194,7883,6733,21376,27593,10064,17953,247366,116575,35566,10295,103615,1835,11,24,18
2021-04-29T23:59:59+02:00,12,7,4663,4785,8805,10946,10367,15261,13914,21993,37705,41988,44307,47081,34513,44136,11485,20432,864,854,1863,2609,2474,4100,3526,6289,6442,7146,7860,6713,21371,27586,10064,17953,233628,116541,35463,10190,103274,959,11,24,18
2021-04-28T23:59:59+02:00,12,7,4486,4750,8554,10859,10014,15171,13558,21838,33056,37479,43061,45825,34387,43988,11470,20414,822,827,1825,2562,2442,4024,3490,6180,6394,7056,7840,6694,21358,27573,10059,17946,220394,116456,35444,10142,103059,472,10,22,17
2021-04-27T23:59:59+02:00,11,6,4256,4537,8210,10411,9626,14589,13087,21191,31927,36353,42779,45540,34371,43960,11466,20411,794,813,1790,2539,2424,4006,3472,6161,6359,7029,7829,6686,21353,27569,10056,17940,217667,116399,35429,10112,99603,287,10,22,17
2021-04-26T23:59:59+02:00,11,6,4234,4510,8138,10373,9520,14536,12937,21130,27519,31980,41560,44320,34291,43859,11453,20400,762,802,1760,2520,2396,3986,3447,6140,6308,6983,7781,6637,21322,27538,10056,17933,205808,116198,35420,10067,99519,84,10,20,17
2021-04-25T23:59:59+02:00,11,6,4211,4497,8106,10348,9457,14504,12844,21083,25549,29937,40859,43560,34244,43800,11449,20394,750,794,1748,2506,2378,3971,3423,6119,6276,6954,7761,6620,21305,27517,10055,17929,205141,116172,30305,9833,99384,80,9,20,17
2021-04-24T23:59:59+02:00,11,6,4192,4486,8075,10319,9415,14488,12792,21062,24046,28273,40100,42717,34179,43724,11446,20388,749,793,1745,2504,2377,3967,3423,6115,6276,6951,7759,6617,21304,27517,10055,17929,200072,116151,30305,9832,99313,77,9,20,17
2021-04-23T23:59:59+02:00,10,6,3927,4335,7606,10024,8987,14133,12230,20659,23564,27973,40011,42655,34158,43690,11440,20381,736,783,1728,2491,2357,3951,3400,6092,6254,6932,7745,6599,21299,27506,10055,17928,199722,116136,30290,9633,95750,66,9,18,17
2021-04-22T23:59:59+02:00,10,6,3834,4276,7417,9907,8708,13939,11785,20333,21234,25618,37254,39412,33631,43017,11369,20258,723,774,1699,2460,2299,3894,3329,6020,6145,6835,7666,6512,21243,27462,10052,17913,186696,116019,30099,8924,95186,64,9,18,15
2021-04-21T23:59:59+02:00,10,4,3807,4243,7286,9828,8526,13767,11449,20042,19975,24414,34041,35692,33148,42317,11304,20129,699,756,1664,2432,2255,3869,3296,5987,6105,6796,7634,6485,21223,27438,10048,17909,174924,115906,29924,8611,95107,60,9,18,15
2021-04-20T23:59:59+02:00,10,4,3773,4216,7181,9759,8315,13608,11079,19745,18878,23265,30729,32047,32671,41718,11246,20012,691,746,1649,2420,2221,3847,3253,5941,6064,6754,7592,6440,21197,27415,10042,17906,163283,115748,29901,8353,95045,58,9,18,15
2021-04-19T23:59:59+02:00,10,4,3755,4200,7107,9721,8197,13498,10824,19560,18214,22604,29853,30915,32378,41353,11204,19938,683,741,1627,2406,2197,3817,3217,5908,6030,6723,7548,6407,21166,27386,10040,17902,158444,115614,29883,8109,94981,56,9,18,15
2021-04-18T23:59:59+02:00,10,4,3752,4193,7091,9708,8183,13481,10787,19534,18126,22521,29731,30789,32350,41330,11201,19930,681,737,1612,2394,2180,3802,3192,5882,6000,6700,7525,6394,21148,27364,10037,17899,157951,115555,29814,7918,94930,55,9,17,15
2021-04-17T23:59:59+02:00,10,4,3751,4191,7088,9705,8180,13481,10781,19527,18113,22510,29708,30776,32348,41327,11201,19930,680,737,1611,2393,2178,3801,3188,5881,5998,6698,7525,6394,21148,27364,10037,17899,157868,115541,29813,7918,94924,54,9,17,15
2021-04-16T23:59:59+02:00,10,4,3584,4153,6743,9576,7810,13294,10384,19282,17660,22235,29503,30615,32265,41237,11186,19911,667,718,1599,2378,2151,3786,3134,5844,5956,6648,7432,6303,20735,26797,10007,17838,157112,114211,29805,7712,92509,51,9,17,15
2021-04-15T23:59:59+02:00,10,4,3483,4074,6392,9204,7231,12794,9607,18449,16337,21007,28304,29321,31746,40595,11105,19735,637,695,1546,2339,2066,3699,3024,5724,5627,6410,6933,5915,19992,25876,9908,17668,151366,110826,29511,7168,88495,46,9,17,15
2021-04-14T23:59:59+02:00,9,4,3431,4026,6158,8963,6900,12417,8986,17902,15216,19974,26888,27819,31114,39713,10993,19537,604,669,1500,2300,1991,3621,2882,5601,5318,6176,6388,5406,18970,24585,9821,17488,144546,106548,29311,6713,86168,40,9,16,15
2021-04-13T23:59:59+02:00,9,4,3399,3994,6069,8885,6752,12287,8683,17656,14416,19282,23543,24258,30178,38532,10887,19361,599,660,1487,2277,1959,3587,2784,5530,5101,5993,6023,5064,18668,24237,9779,17421,132908,104432,29301,6680,85961,39,9,16,14
2021-04-12T23:59:59+02:00,9,4,3377,3973,6019,8825,6664,12202,8465,17462,13800,18753,22536,23107,29754,37973,10818,19234,589,652,1477,2269,1936,3566,2727,5480,4952,5888,5702,4781,18372,23933,9740,17360,127819,102835,29281,6532,85850,39,9,16,14
2021-04-11T23:59:59+02:00,9,4,3371,3967,6001,8801,6635,12185,8423,17439,13709,18693,22407,22958,29704,37910,10808,19210,586,647,1464,2259,1923,3559,2710,5463,4915,5851,5643,4721,18198,23699,9719,17329,127280,102169,29215,6460,85714,39,9,16,14
2021-04-10T23:59:59+02:00,9,4,3363,3966,5978,8800,6613,12184,8401,17438,13685,18691,22402,22955,29700,37909,10808,19210,583,644,1456,2252,1918,3556,2703,5454,4899,5843,5631,4704,18034,23445,9705,17305,127259,101648,29124,6428,85709,39,8,16,14
2021-04-09T23:59:59+02:00,8,4,3325,3954,5930,8786,6555,12165,8362,17411,13635,18645,20446,20538,29214,37290,10778,19160,570,631,1430,2230,1891,3532,2661,5418,4826,5781,5515,4601,17456,22713,9667,17234,126559,99881,23997,6228,85628,31,7,15,14
2021-04-08T23:59:59+02:00,8,4,3300,3935,5862,8754,6481,12126,8272,17348,13490,18528,17847,17463,28693,36623,10740,19109,528,602,1342,2148,1797,3435,2482,5234,4326,5418,4710,3995,15665,20475,9477,16925,125691,92864,18122,5658,84749,22,6,15,14
2021-04-07T23:59:59+02:00,6,4,3222,3907,5656,8704,6273,12066,8064,17273,13230,18432,15178,14386,28016,35822,10710,19056,504,573,1287,2091,1702,3355,2329,5094,3913,5087,3990,3424,14807,19603,9361,16738,125482,88515,16582,5310,77921,19,5,15,14
2021-04-06T23:59:59+02:00,5,4,3194,3897,5611,8684,6202,12042,7979,17236,13157,18361,13190,12017,27381,35106,10697,19026,474,550,1219,2036,1616,3272,2167,4975,3542,4811,3465,3010,13961,18599,9285,16617,125352,84864,16378,4708,72039,15,5,15,12
2021-04-05T23:59:59+02:00,5,4,3192,3894,5576,8669,6165,12029,7934,17219,13084,18325,13145,11971,27370,35090,10696,19023,442,520,1167,1999,1565,3231,2099,4921,3454,4735,3408,2958,13817,18427,9276,16599,125327,84370,16169,4222,71876,15,4,15,12
2021-04-04T23:59:59+02:00,5,4,3191,3892,5576,8667,6163,12028,7933,17217,13084,18325,13142,11971,27369,35090,10696,19023,441,519,1166,1999,1564,3231,2098,4921,3454,4735,3408,2958,13816,18427,9276,16599,125317,84364,16169,4222,71871,15,4,15,12
2021-04-03T23:59:59+02:00,5,4,3190,3892,5576,8666,6163,12028,7933,17217,13084,18325,13142,11970,27368,35087,10696,19023,441,517,1166,1999,1563,3231,2098,4920,3448,4732,3402,2948,13729,18290,9267,16583,125312,84086,16169,4222,71869,15,4,15,12
2021-04-02T23:59:59+02:00,5,4,3190,3889,5573,8661,6159,12019,7925,17204,13058,18294,13095,11917,27340,35068,10693,19019,438,510,1164,1995,1551,3222,2087,4898,3418,4699,3370,2919,12792,17039,9200,16474,125144,81612,16166,4140,71784,15,4,15,10
2021-04-01T23:59:59+02:00,5,4,3176,3875,5534,8642,6092,11986,7854,17169,12945,18222,12980,11790,27282,34992,10684,19004,390,466,1066,1927,1451,3133,1935,4785,3213,4568,3134,2717,10755,14440,9087,16294,124829,75991,16042,3347,71348,15,3,14,10
2021-03-31T23:59:59+02:00,5,4,3175,3861,5517,8608,6057,11950,7810,17124,12864,18153,12866,11668,27231,34929,10676,18994,352,444,1030,1884,1377,3093,1830,4681,2955,4367,2720,2402,8157,11208,8906,16052,124517,68433,16002,3003,70957,14,3,13,9
2021-03-30T23:59:59+02:00,5,4,3168,3850,5492,8582,6024,11918,7770,17084,12786,18087,12780,11531,27193,34881,10670,18984,331,426,1008,1852,1318,3058,1705,4600,2708,4196,2352,2154,7269,10123,8839,15923,124385,65113,15970,2728,70439,14,2,13,9
2021-03-29T23:59:59+02:00,5,4,3156,3846,5463,8562,5987,11883,7725,17051,12712,18010,12132,10774,25321,32390,10521,18727,325,423,1001,1837,1298,3033,1671,4559,2559,4108,2064,2003,6611,9412,8795,15845,118382,62800,15799,2725,70073,12,2,13,9
2021-03-28T23:59:59+02:00,5,4,3126,3830,5415,8524,5936,11838,7644,16996,12602,17940,11868,10471,23336,29922,10466,18628,324,421,998,1836,1289,3029,1667,4557,2547,4100,2039,1983,6588,9397,8793,15840,118323,62668,10612,2723,69601,12,2,13,7
2021-03-27T23:59:59+01:00,5,4,3114,3826,5376,8513,5900,11823,7596,16981,12556,17893,11833,10427,23332,29914,10466,18628,324,421,998,1836,1289,3029,1666,4555,2545,4097,2037,1981,6540,9322,8760,15791,118254,62451,10611,2723,69307,12,2,13,7
2021-03-26T23:59:59+01:00,5,4,2981,3505,4926,7361,5406,10504,6984,14934,11747,15607,11612,10244,22847,29184,10421,18557,323,417,993,1833,1283,3024,1663,4553,2540,4090,2029,1975,6410,9133,8616,15602,116699,61766,10355,2711,59760,2,2,13,7
2021-03-25T23:59:59+01:00,5,3,2859,3242,4767,6596,5177,9354,6659,13214,11020,13804,10750,9440,22117,28336,10344,18400,318,408,986,1824,1268,3005,1644,4519,2504,4040,1961,1917,6118,8704,8335,15149,113772,59987,9652,2707,52648,1,2,13,7
2021-03-24T23:59:59+01:00,5,3,2812,3197,4691,6532,5043,9248,6453,13043,10507,13399,9911,8616,21098,27077,10246,18212,316,403,978,1818,1251,2994,1629,4495,2457,3984,1893,1842,5752,8230,7919,14474,109740,57736,9305,2695,51036,1,0,12,7
2021-03-23T23:59:59+01:00,5,3,2784,3164,4623,6464,4932,9154,6240,12881,10049,12977,9194,7947,20583,26468,10191,18105,304,390,961,1809,1236,2972,1600,4473,2407,3935,1814,1776,5468,7847,7515,13848,107340,55657,8970,2694,49442,1,0,12,7
2021-03-22T23:59:59+01:00,5,3,2767,3125,4564,6425,4856,9086,6101,12742,9687,12703,8592,7380,20162,26029,10130,18011,302,387,949,1803,1222,2958,1587,4460,2381,3907,1787,1754,5329,7673,7064,13023,105850,53892,8712,2689,47794,1,0,12,6
2021-03-21T23:59:59+01:00,5,3,2760,3109,4518,6401,4805,9050,6008,12675,9498,12515,8286,7121,19994,25862,10118,17983,302,387,948,1803,1220,2958,1586,4459,2378,3907,1780,1748,5320,7668,7033,12965,105648,53785,8479,2672,46572,1,0,12,6
2021-03-20T23:59:59+01:00,5,3,2760,3102,4510,6396,4798,9047,6004,12667,9478,12501,8253,7089,19820,25585,10102,17957,302,387,948,1802,1219,2958,1585,4458,2374,3899,1768,1735,5305,7619,6855,12725,105091,53287,8466,2647,46508,1,0,12,6
2021-03-19T23:59:59+01:00,5,3,2724,3077,4438,6351,4691,8997,5864,12609,9210,12313,7949,6863,19336,24995,10070,17898,302,386,947,1801,1219,2955,1583,4457,2367,3894,1753,1724,5268,7576,6443,12105,103789,52150,8223,2625,45369,1,0,12,6
2021-03-18T23:59:59+01:00,5,3,2658,3004,4273,6213,4441,8791,5506,12302,8297,11644,6686,5848,18076,23632,9915,17665,299,381,942,1791,1205,2942,1544,4441,2302,3848,1674,1682,5193,7469,5700,10986,98864,49813,7679,2583,42404,0,0,12,5
2021-03-17T23:59:59+01:00,5,3,2621,2964,4194,6115,4303,8683,5251,12026,7622,11076,5696,4949,16724,22093,9747,17405,295,379,938,1783,1201,2933,1527,4420,2236,3823,1608,1637,5148,7403,5119,10094,93422,48015,7178,2526,40865,0,0,12,5
2021-03-16T23:59:59+01:00,5,3,2601,2936,4132,6048,4209,8586,5074,11870,7172,10686,4931,4330,15862,21110,9641,17230,291,377,935,1778,1198,2926,1519,4410,2214,3804,1576,1620,5110,7360,4607,9274,89760,46550,7139,2447,39516,0,0,11,4
2021-03-15T23:59:59+01:00,5,3,2598,2925,4116,6028,4178,8560,5024,11823,7054,10568,4784,4168,15541,20697,9609,17171,289,373,934,1772,1192,2919,1505,4401,2193,3782,1532,1603,5050,7286,4023,8411,88985,44958,7040,2305,38816,0,0,11,4
2021-03-14T23:59:59+01:00,5,2,2593,2916,4094,6008,4148,8541,4983,11790,6960,10479,4679,4055,15410,20528,9592,17131,287,372,934,1770,1187,2912,1500,4390,2182,3775,1522,1597,5042,7278,4017,8397,88678,44896,7022,2264,38204,0,0,10,4
2021-03-13T23:59:59+01:00,5,2,2587,2907,4086,5996,4140,8534,4974,11780,6940,10466,4657,4029,15094,20088,9572,17095,287,372,934,1770,1187,2912,1500,4390,2182,3775,1521,1597,5042,7277,4017,8397,87784,44895,7000,2263,38158,0,0,10,4
2021-03-12T23:59:59+01:00,5,2,2525,2831,3975,5825,4020,8312,4837,11481,6762,10195,4504,3891,14165,18825,9510,16993,287,371,932,1767,1187,2908,1498,4385,2181,3768,1514,1595,5035,7258,4015,8380,85304,44817,6939,2262,36407,0,0,8,4
2021-03-11T23:59:59+01:00,4,2,2399,2606,3747,5498,3763,7875,4510,10719,6131,9384,3984,3388,12550,16828,9408,16844,287,370,928,1763,1184,2894,1489,4373,2168,3741,1473,1567,4994,7221,4003,8353,80948,44668,6775,2138,31909,0,0,8,4
2021-03-10T23:59:59+01:00,4,2,2277,2475,3590,5260,3568,7552,4239,10236,5577,8814,3409,2946,10263,14106,9259,16613,284,366,923,1753,1177,2883,1485,4357,2146,3726,1444,1560,4963,7206,3994,8343,74607,44603,6603,2005,28972,0,0,8,4
2021-03-09T23:59:59+01:00,4,2,2252,2424,3522,5171,3453,7462,4068,10039,5182,8463,2926,2586,8737,12088,9153,16462,283,365,923,1747,1170,2874,1481,4349,2138,3715,1430,1555,4955,7201,3991,8341,69717,44562,6454,1954,27815,0,0,8,4
2021-03-08T23:59:59+01:00,4,2,2228,2350,3463,5103,3379,7378,3946,9926,4885,8269,2478,2321,6798,9685,9032,16284,283,362,922,1737,1164,2858,1475,4338,2134,3708,1419,1548,4939,7181,3984,8331,63996,44453,6118,1928,27409,0,0,8,4
2021-03-07T23:59:59+01:00,4,2,2166,2294,3367,4995,3282,7289,3847,9839,4748,8174,2427,2269,6775,9664,9032,16276,283,361,921,1737,1164,2856,1475,4338,2134,3708,1419,1548,4938,7181,3984,8331,63867,44450,5435,1926,27140,0,0,8,4
2021-03-06T23:59:59+01:00,4,2,2158,2281,3354,4985,3278,7285,3838,9829,4738,8169,2425,2267,6729,9594,8999,16226,283,361,920,1733,1163,2855,1475,4335,2130,3703,1418,1543,4932,7176,3982,8321,63655,44402,5375,1926,27123,0,0,8,4
2021-03-05T23:59:59+01:00,4,2,2028,2194,3130,4798,3039,6973,3559,9434,4404,7833,2336,2205,6523,9272,8802,15961,283,359,918,1730,1163,2854,1474,4329,2127,3697,1412,1541,4926,7170,3981,8314,62664,44350,4527,1926,25298,0,0,8,4
2021-03-04T23:59:59+01:00,4,2,1778,1973,2719,4362,2583,6334,2993,8533,3718,7019,2117,2045,6227,8905,8518,15498,280,358,917,1722,1161,2837,1473,4313,2118,3685,1401,1539,4914,7156,3974,8303,61002,44226,3248,1923,21070,0,0,8,4
2021-03-03T23:59:59+01:00,4,2,1707,1885,2612,4177,2450,6108,2853,8246,3531,6756,2033,1967,5886,8429,8154,14907,279,354,917,1712,1158,2814,1469,4289,2113,3670,1376,1527,4909,7150,3970,8295,58974,44078,3104,1923,19621,0,0,8,3
2021-03-02T23:59:59+01:00,4,2,1671,1809,2542,4059,2369,5958,2746,8065,3416,6603,1958,1899,5569,7989,7740,14228,277,349,914,1693,1155,2794,1466,4270,2112,3659,1351,1521,4899,7133,3965,8287,56844,43921,2862,1923,18913,0,0,8,3
2021-03-01T23:59:59+01:00,2,2,1661,1783,2503,3952,2321,5843,2710,7964,3363,6524,1916,1878,5431,7826,7258,13352,276,347,910,1687,1153,2782,1464,4257,2110,3644,1346,1516,4896,7131,3963,8280,54964,43838,2851,1923,18466,0,0,8,3
2021-02-28T23:59:59+01:00,2,2,1645,1744,2469,3880,2290,5788,2667,7885,3336,6476,1910,1874,5423,7821,7221,13292,276,347,909,1687,1153,2782,1464,4256,2110,3643,1346,1516,4896,7130,3963,8280,54838,43835,2849,1922,18030,0,0,8,3
2021-02-27T23:59:59+01:00,2,2,1643,1737,2466,3872,2286,5788,2665,7884,3333,6473,1904,1864,5413,7777,7048,13068,276,347,899,1682,1143,2775,1454,4247,2093,3634,1345,1513,4896,7129,3963,8280,54366,43831,2849,1844,18002,0,0,8,3
2021-02-26T23:59:59+01:00,2,1,1455,1580,2338,3629,2208,5383,2573,7381,3246,6015,1889,1839,5388,7744,6779,12675,274,345,891,1675,1135,2755,1448,4225,2083,3620,1338,1504,4889,7117,3959,8267,53609,43750,2830,1775,15678,0,0,8,2
2021-02-25T23:59:59+01:00,2,1,1241,1298,2119,3198,2036,4633,2375,6438,3005,5116,1798,1768,5336,7664,6196,11823,272,337,884,1614,1101,2659,1415,4115,2027,3545,1300,1483,4845,7075,3939,8212,51707,43276,2818,1547,11515,0,0,7,2
2021-02-24T23:59:59+01:00,2,1,1188,1089,2013,2933,1930,4296,2242,6034,2835,4846,1721,1713,5275,7575,5425,10629,270,331,848,1566,1051,2568,1354,3999,1938,3417,1260,1455,4828,7048,3929,8191,49343,43011,2806,1042,9591,0,0,7,2
2021-02-23T23:59:59+01:00,2,1,1173,1038,1978,2869,1904,4197,2216,5949,2801,4783,1712,1698,5239,7527,4777,9594,270,330,821,1539,1001,2516,1301,3921,1832,3342,1208,1428,4804,7022,3916,8152,47540,42804,2779,599,9133,0,0,6,2
2021-02-22T23:59:59+01:00,2,1,1165,996,1929,2725,1860,4052,2160,5754,2747,4678,1701,1687,5205,7479,4162,8704,268,321,778,1501,947,2433,1212,3813,1692,3244,1118,1369,4761,6950,3888,8042,45915,42328,2761,9,8326,0,0,5,2
2021-02-21T23:59:59+01:00,2,1,1163,982,1900,2663,1833,3955,2133,5649,2727,4615,1694,1681,5202,7470,4162,8700,266,319,773,1495,939,2401,1210,3777,1679,3204,1109,1354,4744,6926,3863,7998,45862,42048,2751,9,7914,0,0,5,2
2021-02-20T23:59:59+01:00,2,1,1163,982,1900,2662,1832,3955,2133,5649,2725,4610,1685,1672,5196,7463,4160,8697,266,319,773,1494,938,2397,1209,3773,1678,3202,1109,1354,4692,6866,3816,7941,45847,41819,2723,8,7912,0,0,5,2
2021-02-19T23:59:59+01:00,2,1,1163,979,1897,2657,1832,3945,2132,5640,2721,4607,1667,1663,5181,7445,4157,8692,265,318,769,1484,929,2372,1202,3730,1650,3149,1081,1315,4499,6613,3636,7641,45767,40645,2702,8,7907,0,0,5,2
2021-02-18T23:59:59+01:00,2,1,1132,897,1857,2538,1793,3808,2079,5434,2659,4434,1650,1646,5165,7412,4152,8663,237,289,724,1359,881,2166,1116,3393,1534,2852,971,1125,4004,5830,3220,6735,45613,36428,2669,8,7035,0,0,5,2
2021-02-17T23:59:59+01:00,2,1,1084,770,1776,2306,1716,3512,1970,5074,2584,4187,1625,1637,5144,7397,4143,8660,232,286,714,1341,872,2144,1104,3358,1515,2831,965,1122,3621,5303,2921,6307,45573,34628,2609,8,5401,0,0,5,2
2021-02-16T23:59:59+01:00,2,1,1043,732,1722,2203,1647,3340,1900,4867,2505,4079,1587,1623,5117,7374,4134,8648,225,280,698,1306,850,2090,1073,3240,1476,2744,941,1099,3263,4753,2579,5808,45519,32420,2442,5,4558,0,0,5,2
2021-02-15T23:59:59+01:00,2,1,1036,713,1702,2126,1629,3240,1881,4758,2491,4000,1557,1609,5087,7358,4101,8592,213,270,682,1273,831,2040,1052,3174,1434,2679,911,1068,2834,4194,2242,5226,45392,30119,2356,4,4130,0,0,5,2
2021-02-14T23:59:59+01:00,2,1,942,680,1624,2093,1567,3221,1838,4736,2456,3987,1550,1607,5078,7346,4098,8586,206,259,673,1255,813,2000,1036,3108,1403,2611,881,1023,2742,4052,2163,5027,45348,29249,2321,3,3739,0,0,4,2
2021-02-13T23:59:59+01:00,2,1,889,656,1594,2070,1552,3212,1822,4729,2448,3986,1549,1606,5078,7345,4097,8585,204,258,671,1254,813,1996,1036,3106,1402,2608,880,1023,2638,3927,2097,4926,45341,28836,2321,3,3555,0,0,4,2
2021-02-12T23:59:59+01:00,2,1,559,509,1247,1953,1381,3109,1682,4646,2341,3916,1530,1598,5068,7334,4087,8575,192,252,656,1228,799,1952,1009,3021,1347,2508,818,948,2411,3612,1949,4603,45220,27303,2321,2,1993,0,0,4,2
2021-02-11T23:59:59+01:00,2,1,394,433,1058,1839,1278,2991,1585,4533,2252,3826,1421,1553,5005,7282,4064,8525,155,189,556,984,664,1506,808,2350,1067,1915,576,696,1791,2724,1438,3322,44861,20742,2113,1,1064,0,0,4,0
2021-02-10T23:59:59+01:00,2,1,281,362,932,1733,1176,2869,1491,4349,2138,3704,1382,1540,4984,7271,4060,8523,133,127,385,623,493,1017,639,1738,899,1581,556,680,1385,2164,1121,2820,44785,16363,2004,0,6,0,0,3,0
2021-02-09T23:59:59+01:00,2,1,281,361,931,1727,1173,2861,1491,4343,2137,3699,1374,1537,4982,7269,4059,8521,130,125,377,590,474,990,618,1709,874,1551,554,677,1000,1699,840,2413,44760,14623,1981,0,5,0,0,3,0
2021-02-08T23:59:59+01:00,2,1,281,359,930,1725,1170,2851,1484,4338,2135,3695,1369,1533,4980,7269,4058,8518,125,119,366,577,466,971,607,1677,856,1525,546,672,606,1208,534,1984,44732,12841,1958,0,5,0,0,3,0
2021-02-07T23:59:59+01:00,2,1,281,359,927,1725,1169,2851,1482,4336,2135,3695,1369,1533,4980,7268,4057,8518,121,116,360,573,465,964,604,1665,846,1509,538,669,605,1198,529,1969,44728,12733,1957,0,0,0,0,3,0
2021-02-06T23:59:59+01:00,2,1,281,359,927,1725,1169,2851,1482,4336,2135,3695,1369,1533,4980,7268,4057,8518,118,113,358,569,464,962,604,1663,846,1508,537,668,605,1198,529,1969,44728,12713,1957,0,0,0,0,3,0
2021-02-05T23:59:59+01:00,2,1,280,358,925,1725,1169,2850,1480,4335,2134,3695,1369,1533,4979,7266,4057,8515,117,105,355,564,456,949,600,1653,833,1485,532,658,599,1182,519,1944,44713,12553,1957,0,0,0,0,3,0
2021-02-04T23:59:59+01:00,2,1,276,353,919,1686,1162,2803,1480,4283,2122,3653,1362,1526,4951,7235,4045,8481,89,70,237,391,331,691,471,1260,624,1117,402,520,504,966,454,1679,44381,9807,1956,0,0,0,0,3,0
2021-02-03T23:59:59+01:00,2,1,274,344,915,1661,1158,2768,1469,4233,2113,3617,1354,1510,4926,7205,4031,8451,55,34,83,166,152,346,229,593,301,543,212,278,288,602,265,1046,44073,5194,1956,0,0,0,0,3,0
2021-02-02T23:59:59+01:00,2,1,273,342,914,1649,1154,2749,1466,4201,2106,3591,1346,1504,4918,7191,4023,8425,16,10,27,51,61,101,73,165,96,123,45,75,70,133,57,207,43896,1311,1956,0,0,0,0,3,0
2021-02-01T23:59:59+01:00,2,1,273,337,914,1646,1153,2748,1465,4197,2105,3585,1345,1503,4916,7190,4023,8425,13,9,23,44,51,92,60,140,74,104,39,67,62,124,55,194,43869,1152,1956,0,0,0,0,3,0
2021-01-31T23:59:59+01:00,2,1,273,336,914,1642,1152,2743,1465,4192,2105,3582,1344,1503,4915,7189,4023,8425,12,8,21,39,44,84,54,129,64,98,34,56,53,114,52,187,43849,1050,1954,0,0,0,0,3,0
2021-01-30T23:59:59+01:00,2,1,273,336,909,1639,1144,2735,1457,4186,2101,3579,1344,1503,4862,7129,3977,8367,12,8,21,38,44,84,53,128,64,98,34,56,53,114,52,187,43621,1047,1920,0,0,0,0,3,0
2021-01-29T23:59:59+01:00,2,1,272,335,894,1631,1132,2714,1445,4156,2078,3552,1335,1497,4697,6927,3809,8159,10,8,21,38,41,84,52,126,61,97,33,52,52,114,52,187,42825,1029,1808,0,0,0,0,3,0
2021-01-28T23:59:59+01:00,2,1,268,322,875,1544,1093,2604,1408,4054,2009,3478,1309,1484,4361,6455,3531,7799,7,4,9,18,22,42,21,58,36,64,20,34,36,74,40,125,41029,611,1565,0,0,0,0,3,0
2021-01-27T23:59:59+01:00,2,1,262,319,833,1489,1046,2510,1344,3956,1935,3371,1269,1457,3947,5883,3204,7327,3,4,9,9,11,21,8,23,14,29,12,15,18,42,17,63,39040,299,1112,0,0,0,0,3,0
2021-01-26T23:59:59+01:00,2,1,255,310,797,1442,979,2425,1283,3829,1819,3263,1208,1406,3598,5325,2849,6804,1,1,5,4,4,7,4,3,3,8,7,5,5,7,4,8,36928,77,664,0,0,0,0,3,0
2021-01-25T23:59:59+01:00,2,1,245,301,745,1382,918,2306,1181,3684,1661,3141,1128,1374,3200,4810,2532,6327,1,1,5,3,2,7,2,2,3,8,7,5,5,7,4,8,34874,71,62,0,0,0,0,2,0
2021-01-24T23:59:59+01:00,2,1,242,301,739,1378,907,2290,1176,3668,1633,3111,1122,1372,3173,4774,2515,6305,1,1,3,3,2,7,2,2,3,8,7,5,5,7,4,8,34699,69,8,0,0,0,0,2,0
2021-01-23T23:59:59+01:00,2,1,241,300,738,1377,907,2286,1175,3666,1630,3109,1121,1372,3068,4647,2448,6204,1,1,3,3,2,7,2,2,3,8,7,5,5,7,4,8,34283,69,7,0,0,0,0,2,0
2021-01-22T23:59:59+01:00,2,1,240,297,735,1361,905,2273,1169,3650,1626,3106,1119,1371,2906,4453,2345,6059,1,1,3,3,2,7,2,2,3,8,7,5,5,7,4,8,33609,69,7,0,0,0,0,2,0
2021-01-21T23:59:59+01:00,2,1,235,268,670,1205,838,2061,1088,3365,1530,2900,1076,1328,2558,3987,2050,5618,1,0,3,2,2,7,2,2,3,8,7,4,5,7,4,8,30773,66,7,0,0,0,0,0,0
2021-01-20T23:59:59+01:00,2,1,210,204,509,854,663,1571,888,2665,1294,2435,978,1195,2019,3234,1625,4805,1,0,3,2,2,7,2,2,3,6,6,4,5,7,4,8,25145,63,7,0,0,0,0,0,0
2021-01-19T23:59:59+01:00,2,1,184,187,463,745,609,1416,803,2369,1120,2129,810,936,1366,2295,1140,3668,0,0,2,1,0,0,0,0,2,1,1,0,0,0,0,0,20240,7,3,0,0,0,0,0,0
2021-01-18T23:59:59+01:00,1,1,138,132,385,620,487,1060,647,1825,930,1637,603,726,693,1347,597,2240,0,0,1,0,0,0,0,0,1,0,0,0,0,0,0,0,14067,2,2,0,0,0,0,0,0
2021-01-17T23:59:59+01:00,1,1,127,118,369,585,472,995,618,1708,871,1538,554,685,642,1245,551,2075,0,0,0,0,0,0,0,0,0,0,0,0,0,0,0,0,13155,0,0,0,0,0,0,0,0
2021-01-16T23:59:59+01:00,1,1,120,114,366,581,470,983,612,1695,865,1531,553,684,641,1239,546,2061,0,0,0,0,0,0,0,0,0,0,0,0,0,0,0,0,13063,0,0,0,0,0,0,0,0
2021-01-15T23:59:59+01:00,1,1,118,107,363,575,462,967,608,1684,851,1507,547,672,633,1222,538,2036,0,0,0,0,0,0,0,0,0,0,0,0,0,0,0,0,12892,0,0,0,0,0,0,0,0
2021-01-14T23:59:59+01:00,1,1,97,86,280,466,390,788,504,1413,695,1219,431,540,551,1023,476,1839,0,0,0,0,0,0,0,0,0,0,0,0,0,0,0,0,10800,0,0,0,0,0,0,0,0
2021-01-13T23:59:59+01:00,1,1,67,47,167,283,255,522,352,923,474,783,264,328,334,673,306,1168,0,0,0,0,0,0,0,0,0,0,0,0,0,0,0,0,6948,0,0,0,0,0,0,0,0
2021-01-12T23:59:59+01:00,1,1,31,20,52,102,114,215,150,384,196,334,137,180,175,372,176,649,0,0,0,0,0,0,0,0,0,0,0,0,0,0,0,0,3289,0,0,0,0,0,0,0,0
2021-01-11T23:59:59+01:00,1,0,17,10,36,64,62,114,77,172,91,126,40,67,67,131,55,201,0,0,0,0,0,0,0,0,0,0,0,0,0,0,0,0,1331,0,0,0,0,0,0,0,0
2021-01-10T23:59:59+01:00,1,0,14,7,29,53,55,102,67,157,75,112,34,57,57,120,50,191,0,0,0,0,0,0,0,0,0,0,0,0,0,0,0,0,1181,0,0,0,0,0,0,0,0
2021-01-09T23:59:59+01:00,1,0,13,7,28,52,54,101,64,156,75,110,34,57,57,120,50,191,0,0,0,0,0,0,0,0,0,0,0,0,0,0,0,0,1170,0,0,0,0,0,0,0,0
2021-01-08T23:59:59+01:00,1,0,10,7,26,49,49,96,60,143,69,106,32,52,56,120,50,191,0,0,0,0,0,0,0,0,0,0,0,0,0,0,0,0,1117,0,0,0,0,0,0,0,0
2021-01-07T23:59:59+01:00,1,0,7,4,9,19,22,43,23,58,38,66,19,35,41,80,39,127,0,0,0,0,0,0,0,0,0,0,0,0,0,0,0,0,631,0,0,0,0,0,0,0,0
2021-01-06T23:59:59+01:00,1,0,7,4,9,16,14,30,15,40,25,53,16,25,34,70,37,111,0,0,0,0,0,0,0,0,0,0,0,0,0,0,0,0,507,0,0,0,0,0,0,0,0
2021-01-05T23:59:59+01:00,1,0,7,4,9,16,14,30,15,40,25,53,16,25,33,70,37,111,0,0,0,0,0,0,0,0,0,0,0,0,0,0,0,0,506,0,0,0,0,0,0,0,0
2021-01-04T23:59:59+01:00,1,0,2,4,8,6,4,14,4,8,6,16,7,5,9,16,5,15,0,0,0,0,0,0,0,0,0,0,0,0,0,0,0,0,130,0,0,0,0,0,0,0,0
2021-01-03T23:59:59+01:00,1,0,1,1,3,3,2,7,3,3,3,9,5,4,6,8,4,9,0,0,0,0,0,0,0,0,0,0,0,0,0,0,0,0,72,0,0,0,0,0,0,0,0
2021-01-02T23:59:59+01:00,1,0,1,1,3,3,2,7,3,3,3,9,5,4,6,8,4,9,0,0,0,0,0,0,0,0,0,0,0,0,0,0,0,0,72,0,0,0,0,0,0,0,0
2021-01-01T23:59:59+01:00,1,0,1,1,3,3,2,7,2,3,3,9,5,4,6,8,4,9,0,0,0,0,0,0,0,0,0,0,0,0,0,0,0,0,71,0,0,0,0,0,0,0,0
2020-12-31T23:59:59+01:00,1,0,1,1,3,2,2,7,2,2,3,8,5,4,6,8,4,9,0,0,0,0,0,0,0,0,0,0,0,0,0,0,0,0,68,0,0,0,0,0,0,0,0
2020-12-30T23:59:59+01:00,1,0,1,1,3,2,2,7,2,2,3,6,5,4,6,8,4,9,0,0,0,0,0,0,0,0,0,0,0,0,0,0,0,0,66,0,0,0,0,0,0,0,0
2020-12-29T23:59:59+01:00,1,0,1,1,2,1,2,6,2,2,3,6,3,2,5,8,3,8,0,0,0,0,0,0,0,0,0,0,0,0,0,0,0,0,56,0,0,0,0,0,0,0,0
2020-12-28T23:59:59+01:00,1,0,0,0,2,1,0,2,1,0,1,3,0,1,0,1,1,5,0,0,0,0,0,0,0,0,0,0,0,0,0,0,0,0,19,0,0,0,0,0,0,0,0
2020-12-27T23:59:59+01:00,0,0,0,0,0,0,0,1,1,0,1,2,0,1,0,1,1,5,0,0,0,0,0,0,0,0,0,0,0,0,0,0,0,0,13,0,0,0,0,0,0,0,0
