Datum,<24_1_m,<24_1_w,25-34_1_m,25-34_1_w,35-44_1_m,35-44_1_w,45-54_1_m,45-54_1_w,55-64_1_m,55-64_1_w,65-74_1_m,65-74_1_w,75-84_1_m,75-84_1_w,>84_1_m,>84_1_w,<24_2_m,<24_2_w,25-34_2_m,25-34_2_w,35-44_2_m,35-44_2_w,45-54_2_m,45-54_2_w,55-64_2_m,55-64_2_w,65-74_2_m,65-74_2_w,75-84_2_m,75-84_2_w,>84_2_m,>84_2_w,bp_1,bp_2,mo_1,mo_2,az_1,az_2,ja
2021-06-20T23:59:59+02:00,25505,23680,38211,32274,44311,41942,62977,62261,76335,75831,53776,58136,35153,46358,9718,17812,6378,6459,11250,11207,13086,16035,22354,27804,54168,56660,42754,45826,32091,42312,9145,16729,508385,297835,75388,36300,108707,68323,11800
2021-06-19T23:59:59+02:00,25497,23668,38197,32270,44307,41938,62972,62258,76333,75828,53773,58136,35153,46357,9718,17812,6372,6450,11244,11204,13080,16030,22347,27797,54154,56647,42746,45817,32090,42312,9145,16729,508327,297754,75383,36298,108707,68312,11800
2021-06-18T23:59:59+02:00,25379,23535,38132,32214,44236,41858,62921,62216,76291,75784,53752,58121,35150,46344,9717,17811,6278,6242,10955,10733,12725,15466,21710,26743,53485,55622,42579,45681,32069,42270,9140,16721,507580,296194,75377,36297,108704,64128,11800
2021-06-17T23:59:59+02:00,24529,22686,37402,31587,43485,41142,62529,61861,76021,75531,53648,58008,35108,46286,9705,17790,6069,5972,10567,10209,12225,14693,20687,25261,52011,53813,41532,44474,31825,41946,9098,16650,501661,289217,75328,36174,108698,60010,11631
2021-06-16T23:59:59+02:00,23549,21574,36421,30678,42538,40208,62021,61426,75662,75243,53517,57871,35064,46208,9696,17769,5864,5793,10045,9905,11483,14198,18499,23429,48694,50669,39984,42666,31434,41460,9051,16548,494418,273315,74816,35981,108687,58902,11524
2021-06-15T23:59:59+02:00,22551,20553,35512,29837,41654,39368,61618,61013,75368,74955,53389,57721,35017,46146,9686,17744,5628,5653,9516,9637,10765,13700,16157,21552,45198,47169,38602,41008,31035,40940,8994,16436,487365,256416,74707,35949,108680,58245,11380
2021-06-14T23:59:59+02:00,21213,19129,34245,28531,40251,38012,61076,60518,75022,74634,53276,57597,34978,46083,9678,17731,5479,5544,9163,9423,10280,13366,14472,20113,43017,44972,37627,39957,30808,40603,8967,16366,477675,245359,74290,35925,108675,57539,11334
2021-06-13T23:59:59+02:00,20629,18643,33767,28132,39765,37636,60870,60353,74903,74545,53249,57559,34958,46063,9676,17723,5381,5485,9018,9359,10128,13292,13806,19608,42605,44628,37426,39748,30760,40537,8961,16354,474605,244442,73988,34517,108669,56928,11209
2021-06-12T23:59:59+02:00,20626,18625,33755,28121,39759,37633,60865,60351,74900,74543,53248,57557,34957,46063,9676,17723,5374,5479,9008,9354,10116,13287,13790,19589,42425,44484,37407,39737,30757,40535,8961,16353,474541,244014,73984,34517,108669,56917,11208
2021-06-11T23:59:59+02:00,20534,18561,33594,28053,39591,37585,60749,60311,74841,74523,53240,57552,34955,46062,9676,17722,5280,5231,8845,8797,9914,12557,13551,18425,41945,43339,37267,39618,30746,40514,8959,16351,474208,243529,73577,34515,108563,52094,11201
2021-06-10T23:59:59+02:00,19533,17716,32182,27179,38392,36697,60103,59883,74481,74272,53158,57476,34923,46021,9665,17707,4984,4986,8281,8299,9233,11787,12750,17294,39069,40315,36620,38966,30605,40366,8946,16325,470328,236535,70621,34386,108282,47748,10157
2021-06-09T23:59:59+02:00,18603,16889,30925,26288,37222,35850,59560,59525,74177,74077,53089,57377,34897,45981,9654,17689,4787,4813,7912,8109,8764,11576,12087,16869,33748,35212,35493,37788,30412,40152,8930,16284,465680,222828,68219,34265,108245,46184,9659
2021-06-08T23:59:59+02:00,17532,15911,29602,25232,35919,34905,58993,59152,73930,73892,53024,57316,34876,45950,9650,17681,4694,4737,7752,7998,8625,11467,11773,16655,30711,32165,34792,37124,30287,39984,8912,16256,461225,215441,64826,34210,108206,44973,9308
2021-06-07T23:59:59+02:00,16770,15217,28245,24437,34819,34169,58563,58936,73730,73801,52995,57277,34863,45943,9650,17677,4586,4656,7542,7870,8332,11340,11338,16350,26066,27405,33789,36078,30098,39765,8893,16233,458123,203828,61833,34148,108174,43403,8962
2021-06-06T23:59:59+02:00,16380,14973,27461,24033,34201,33771,58281,58784,73598,73745,52974,57259,34853,45936,9649,17676,4510,4618,7397,7821,8173,11254,10985,16114,22994,24225,33116,35373,29982,39643,8888,16222,457004,201068,59792,28995,108151,42625,8627
2021-06-05T23:59:59+02:00,16351,14937,27416,23994,34176,33752,58276,58777,73595,73740,52969,57254,34849,45934,9649,17676,4486,4603,7364,7801,8124,11240,10911,16064,21402,22479,32509,34698,29927,39581,8884,16216,456891,196138,59687,28993,108140,42531,8627
2021-06-04T23:59:59+02:00,16084,14641,27089,23675,33851,33443,58219,58712,73554,73721,52963,57250,34848,45932,9649,17675,4449,4570,7292,7725,8066,11160,10822,15940,21302,22370,32442,34646,29899,39550,8881,16213,454946,196059,59625,28981,108108,41660,8627
2021-06-03T23:59:59+02:00,15397,14087,26039,22994,32774,32722,57750,58394,73284,73543,52900,57185,34819,45903,9645,17663,4295,4459,7012,7567,7808,10985,10437,15667,19214,20198,30713,32667,29688,39290,8861,16167,450622,187546,58162,28962,108095,40300,8220
2021-06-02T23:59:59+02:00,14602,13243,25044,22077,31701,31834,57523,58159,73102,73415,52860,57117,34804,45886,9638,17656,4255,4432,6960,7515,7748,10934,10347,15573,18484,19405,28995,30740,29608,39177,8854,16157,444370,182044,57986,28961,108093,39967,8212
2021-06-01T23:59:59+02:00,13282,12214,22902,20630,29247,30015,56192,57165,72198,72685,52594,56840,34709,45730,9606,17612,4004,4232,6442,7208,7153,10514,9443,14938,16357,17335,25442,26760,29064,38450,8792,16032,435010,168275,53621,28825,108054,38130,6936
2021-05-31T23:59:59+02:00,12254,11449,21064,19452,27269,28544,55179,56389,71587,72181,52402,56611,34643,45639,9595,17581,3833,4060,6109,6961,6752,10220,8861,14559,15243,16263,24339,25495,28759,38037,8741,15955,428286,162623,49407,28794,108037,36661,6109
2021-05-30T23:59:59+02:00,11838,11069,20359,18945,26589,27975,54878,56125,71377,72010,52338,56546,34622,45616,9588,17574,3616,3841,5766,6708,6468,9975,8643,14353,14977,15988,24061,25190,28663,37947,8730,15932,425744,161800,49040,28736,108007,35664,4658
2021-05-29T23:59:59+02:00,11820,11053,20343,18920,26571,27951,54867,56118,71373,72004,52336,56541,34620,45616,9588,17574,3614,3832,5761,6705,6465,9972,8635,14345,14966,15985,24051,25182,28660,37943,8729,15931,425590,161733,49040,28734,108007,35651,4658
2021-05-28T23:59:59+02:00,11743,10944,20187,18751,26324,27713,54718,55948,71236,71885,52305,56494,34608,45595,9585,17566,3564,3747,5671,6564,6361,9765,8514,14081,14779,15716,23905,25037,28621,37895,8723,15924,423952,161359,49003,28733,107990,34118,4657
2021-05-27T23:59:59+02:00,10244,9563,17790,16919,23627,25645,53715,55206,70628,71428,52119,56295,34536,45509,9575,17543,3202,3353,4829,5933,5488,8992,7680,13054,13676,14550,22992,24075,28303,37515,8677,15847,412076,157627,48052,28469,107856,29712,2358
2021-05-26T23:59:59+02:00,9779,9090,16866,16066,22484,24670,53152,54692,70249,71080,51984,56147,34476,45447,9567,17515,2986,3151,4447,5584,5027,8480,7166,12382,12688,13559,22167,23093,28040,37152,8639,15775,406540,153860,47325,28383,107789,26483,1610
2021-05-25T23:59:59+02:00,9090,8409,15617,15159,21082,23550,52736,54335,70025,70909,51921,56071,34457,45427,9564,17506,2890,3031,4257,5450,4785,8249,6872,12047,12091,12988,20057,20987,27747,36691,8613,15738,399811,148291,47084,28370,107746,24615,1217
2021-05-24T23:59:59+02:00,8984,8298,15391,15031,20800,23372,52648,54224,69988,70877,51920,56066,34456,45426,9562,17503,2838,2958,4175,5274,4696,8008,6739,11752,11961,12776,19947,20879,27704,36653,8608,15729,398675,148153,47008,28330,107660,23011,1203
2021-05-23T23:59:59+02:00,8965,8281,15350,15021,20751,23344,52640,54222,69986,70872,51919,56064,34456,45425,9562,17503,2835,2954,4168,5270,4687,8003,6736,11740,11940,12752,19808,20688,27676,36616,8606,15728,398496,147680,47008,28328,107660,23002,1197
2021-05-22T23:59:59+02:00,8962,8272,15338,15009,20744,23339,52640,54220,69983,70872,51919,56063,34456,45425,9562,17503,2830,2943,4162,5268,4685,8002,6734,11737,11929,12748,19798,20684,27675,36616,8606,15728,398444,147644,47008,28328,107660,22978,1195
2021-05-21T23:59:59+02:00,8877,8157,15204,14889,20513,23152,52425,54018,69857,70772,51895,56039,34450,45419,9557,17497,2754,2847,4073,5130,4581,7770,6609,11428,11768,12494,19745,20636,27663,36598,8605,15727,396888,147429,47006,28328,107635,21479,1192
2021-05-20T23:59:59+02:00,8553,7809,14615,14373,19279,22059,49968,51831,68801,69872,51598,55728,34353,45292,9534,17474,2467,2651,3705,4771,4147,7203,5999,10545,10643,11394,18561,19413,27240,36103,8545,15606,385976,142317,46852,28037,107333,17661,978
2021-05-19T23:59:59+02:00,8254,7555,13942,13886,17623,20750,46290,48578,67421,68644,51216,55254,34213,45101,9501,17429,2379,2412,3544,4442,3889,6663,5527,9810,9611,10258,17098,17800,26650,35300,8449,15432,371306,135250,46287,27894,107105,15161,959
2021-05-18T23:59:59+02:00,8023,7340,13373,13444,16252,19686,41755,44697,66057,67389,50738,54773,34086,44904,9465,17385,2325,2258,3400,4256,3703,6339,5159,9295,8669,9342,15545,16054,26049,34581,8373,15279,355294,128666,46228,27333,106951,13734,894
2021-05-17T23:59:59+02:00,7865,7226,13031,13191,15694,19203,39604,42874,65271,66637,50502,54506,34021,44810,9452,17355,2240,2184,3213,4078,3487,6109,4805,8887,7860,8596,12166,11908,25352,33663,8302,15145,351609,123494,41970,21273,106872,12437,791
2021-05-16T23:59:59+02:00,7791,7131,12906,13038,15520,19030,39110,42403,65096,66485,50459,54446,34013,44790,9447,17350,2169,2077,3122,3955,3404,6006,4693,8732,7665,8410,9870,9164,25011,33159,8276,15097,350143,122366,41468,15950,106838,11928,566
2021-05-15T23:59:59+02:00,7784,7121,12902,13033,15516,19025,39104,42402,65095,66483,50459,54445,34013,44790,9447,17350,2168,2076,3119,3949,3400,6002,4688,8730,7663,8407,9867,9162,25011,33159,8276,15097,350102,122336,41468,15950,106836,11925,563
2021-05-14T23:59:59+02:00,7559,7018,12664,12967,15295,18939,38073,41584,64623,66115,50383,54368,34001,44763,9445,17347,2041,1982,3011,3879,3352,5896,4636,8572,7616,8299,9866,9159,25010,33159,8276,15096,346777,122284,41437,15946,106378,11068,552
2021-05-13T23:59:59+02:00,7261,6808,12254,12709,14716,18478,34309,38570,62329,64206,49862,53785,33895,44569,9434,17304,1990,1935,2957,3805,3317,5800,4596,8465,7535,8187,9833,9105,24988,33121,8274,15093,332836,122041,41215,15923,105949,10548,489
2021-05-12T23:59:59+02:00,7240,6781,12177,12641,14600,18361,33624,37973,61862,63782,49724,53625,33860,44528,9429,17295,1990,1932,2956,3805,3314,5800,4596,8463,7533,8180,9826,9103,24988,33119,8274,15092,329864,122022,41205,15913,105944,10547,489
2021-05-11T23:59:59+02:00,6881,6628,11710,12357,14078,17969,29137,34301,59656,61902,49168,53026,33708,44319,9408,17242,1942,1792,2841,3528,3200,5422,4452,8006,7389,7899,9746,9029,24966,33083,8271,15083,315009,121788,41150,15723,104965,8772,366
2021-05-10T23:59:59+02:00,6740,6543,11547,12247,13859,17794,25574,31456,58541,60887,48846,52718,33632,44206,9396,17217,1897,1673,2757,3307,3104,5069,4336,7478,7278,7527,9714,8987,24955,33065,8270,15079,305234,121662,40989,15576,104677,6955,303
2021-05-09T23:59:59+02:00,6659,6505,11459,12183,13757,17710,23919,30226,58143,60573,48756,52629,33610,44176,9391,17212,1873,1633,2699,3194,3055,4925,4293,7348,7218,7449,9703,8973,24949,33061,8269,15079,304713,121601,37426,15532,104479,6298,290
2021-05-08T23:59:59+02:00,6654,6501,11449,12177,13748,17703,23913,30221,58134,60567,48753,52622,33605,44173,9390,17209,1872,1632,2699,3193,3055,4925,4290,7344,7217,7448,9702,8973,24948,33059,8269,15079,304624,121585,37426,15532,104479,6298,290
2021-05-07T23:59:59+02:00,6604,6459,11385,12130,13647,17622,23108,29601,57463,60000,48652,52519,33583,44148,9387,17196,1756,1579,2628,3154,3018,4897,4259,7320,7195,7418,9696,8967,24946,33058,8269,15078,301473,121554,37410,15526,104336,5873,285
2021-05-06T23:59:59+02:00,6321,6320,10843,11810,12917,17161,20807,27787,54147,57035,47609,51325,33310,43791,9344,17109,1499,1422,2408,2997,2854,4721,4102,7125,7045,7265,9626,8895,24929,33028,8266,15070,286467,121268,37224,15389,103789,4439,156
2021-05-05T23:59:59+02:00,6037,6203,10315,11558,12130,16696,18718,26114,50390,53389,46152,49615,32937,43302,9290,17008,1448,1305,2347,2880,2773,4531,4006,6887,6934,7080,9516,8807,24881,32961,8260,15056,269413,120805,36998,15346,103400,3478,43
2021-05-04T23:59:59+02:00,5932,6098,9982,11341,11673,16271,17516,25042,48671,51441,45168,48427,32619,42887,9232,16909,1432,1282,2320,2837,2735,4446,3950,6773,6861,7014,9479,8769,24863,32946,8259,15052,259092,120590,36975,15286,103122,3122,20
2021-05-03T23:59:59+02:00,5808,6000,9619,11161,11194,15991,16333,24073,47142,49832,44391,47569,32440,42590,9207,16835,1410,1250,2291,2812,2693,4381,3904,6719,6783,6960,8624,7665,23400,31014,8146,14855,250111,114807,36965,15204,103097,2884,12
2021-05-02T23:59:59+02:00,5736,5975,9507,11125,11053,15930,15633,23509,46703,49487,44275,47420,32398,42536,9200,16827,1405,1245,2277,2810,2678,4371,3883,6709,6764,6946,7968,6894,21907,29135,8107,14784,248910,114790,35354,10232,103043,2854,7
2021-05-01T23:59:59+02:00,5736,5972,9502,11120,11050,15929,15629,23505,46701,49483,44274,47420,32398,42536,9200,16827,1404,1245,2277,2810,2678,4371,3881,6709,6763,6946,7968,6893,21907,29135,8107,14784,248879,114786,35354,10232,103042,2853,7
2021-04-30T23:59:59+02:00,5683,5949,9434,11100,10999,15907,15538,23468,45153,48007,44015,47148,32367,42499,9198,16820,1174,1139,2092,2730,2582,4305,3804,6657,6699,6890,7964,6880,21906,29133,8107,14784,244894,114779,35354,10230,103030,1830,7
2021-04-29T23:59:59+02:00,5397,5852,8953,10954,10394,15735,14769,23204,40048,43467,43311,46407,32274,42405,9195,16792,973,1052,1933,2655,2498,4242,3696,6584,6630,6841,7945,6867,21903,29127,8107,14784,231203,114739,35253,10128,102694,963,7
2021-04-28T23:59:59+02:00,5205,5811,8701,10867,10034,15648,14409,23034,35058,38577,42451,45561,32167,42289,9185,16777,929,1015,1897,2614,2467,4157,3659,6474,6580,6757,7926,6854,21894,29113,8103,14778,218048,114656,35236,10080,102483,474,7
2021-04-27T23:59:59+02:00,4940,5553,8363,10401,9648,15076,13914,22391,33901,37411,42270,45372,32153,42266,9182,16775,900,998,1863,2593,2452,4139,3639,6454,6548,6733,7915,6847,21890,29108,8100,14772,215332,114600,35226,10051,99051,293,7
2021-04-26T23:59:59+02:00,4910,5520,8286,10361,9541,15026,13689,22269,29103,32590,41541,44681,32091,42184,9173,16768,864,987,1833,2577,2423,4113,3613,6433,6497,6691,7868,6794,21865,29085,8100,14765,203536,114402,35219,10008,98971,91,7
2021-04-25T23:59:59+02:00,4885,5504,8252,10335,9474,14996,13600,22224,26869,30234,41113,44231,32049,42144,9172,16764,850,978,1822,2564,2408,4098,3584,6412,6466,6659,7844,6775,21851,29066,8099,14762,202889,114378,30115,9765,98836,89,6
2021-04-24T23:59:59+02:00,4863,5489,8225,10307,9430,14981,13553,22199,25149,28354,40567,43604,31998,42087,9169,16759,849,977,1818,2562,2408,4093,3584,6410,6466,6655,7842,6774,21850,29066,8099,14762,197845,114358,30115,9764,98768,87,6
2021-04-23T23:59:59+02:00,4545,5299,7762,10011,9000,14618,12975,21797,24722,28086,40496,43550,31982,42059,9163,16754,835,967,1798,2547,2388,4077,3562,6389,6446,6636,7827,6754,21846,29057,8099,14762,197501,114343,30100,9566,95212,75,6
2021-04-22T23:59:59+02:00,4435,5224,7564,9900,8725,14415,12489,21435,22075,25302,38039,40676,31548,41506,9101,16644,819,955,1771,2518,2326,4016,3486,6324,6337,6541,7750,6667,21796,29012,8097,14752,184505,114225,29911,8864,94656,72,6
2021-04-21T23:59:59+02:00,4404,5189,7423,9814,8537,14238,12118,21114,20548,23760,35079,37261,31157,40918,9047,16533,793,937,1734,2489,2284,3991,3453,6292,6300,6501,7718,6638,21780,28993,8094,14748,172814,114120,29739,8551,94581,68,6
2021-04-20T23:59:59+02:00,4367,5154,7299,9745,8325,14070,11711,20800,19249,22368,31954,33803,30759,40412,8999,16443,786,926,1715,2478,2253,3966,3409,6238,6255,6466,7685,6594,21756,28972,8089,14745,161211,113965,29717,8296,94524,66,6
2021-04-19T23:59:59+02:00,4339,5135,7222,9703,8205,13956,11430,20597,18526,21609,31115,32736,30527,40102,8964,16378,776,920,1694,2464,2226,3934,3373,6204,6223,6435,7632,6559,21735,28949,8087,14742,156378,113832,29700,8051,94460,64,6
2021-04-18T23:59:59+02:00,4333,5128,7209,9688,8185,13939,11394,20561,18432,21525,31003,32624,30502,40080,8961,16373,774,916,1677,2452,2210,3917,3348,6174,6195,6415,7609,6547,21718,28928,8084,14740,155887,113773,29632,7862,94412,63,6
2021-04-17T23:59:59+02:00,4332,5125,7205,9687,8183,13939,11390,20552,18417,21516,30984,32612,30500,40079,8961,16373,774,915,1676,2452,2209,3916,3345,6172,6193,6414,7609,6547,21718,28928,8084,14740,155812,113761,29631,7862,94406,63,6
2021-04-16T23:59:59+02:00,4137,5075,6858,9549,7819,13751,10983,20292,17974,21259,30802,32461,30432,39999,8952,16358,761,896,1663,2439,2182,3902,3286,6133,6151,6360,7514,6449,21311,28376,8057,14683,155063,112439,29623,7658,92009,60,6
2021-04-15T23:59:59+02:00,4018,4973,6478,9174,7234,13224,10159,19390,16624,20018,29656,31200,29979,39446,8892,16205,727,871,1607,2397,2101,3817,3162,6000,5813,6113,7000,6039,20635,27502,7980,14541,149326,109123,29329,7121,88009,55,6
2021-04-14T23:59:59+02:00,3948,4906,6233,8934,6879,12826,9503,18799,15495,18937,28262,29723,29441,38669,8804,16043,688,842,1557,2359,2026,3739,3010,5868,5483,5847,6429,5514,19671,26242,7912,14395,142577,104859,29129,6668,85690,49,6
2021-04-13T23:59:59+02:00,3914,4871,6137,8850,6726,12701,9182,18528,14550,18112,24940,26156,28648,37658,8722,15895,681,832,1543,2333,1998,3703,2904,5796,5255,5644,6051,5164,19406,25939,7880,14333,130979,102770,29119,6638,85486,48,6
2021-04-12T23:59:59+02:00,3889,4843,6082,8794,6638,12619,8933,18298,13897,17519,23937,25019,28300,37178,8665,15788,671,824,1533,2324,1975,3683,2842,5743,5093,5525,5729,4879,19135,25651,7846,14284,125914,101188,29103,6495,85376,48,6
2021-04-11T23:59:59+02:00,3882,4836,6063,8770,6610,12600,8893,18271,13796,17449,23815,24884,28253,37113,8657,15766,668,818,1519,2314,1962,3675,2824,5727,5055,5482,5666,4817,18967,25425,7829,14257,125372,100527,29037,6424,85243,48,6
2021-04-10T23:59:59+02:00,3870,4835,6042,8770,6586,12599,8873,18270,13777,17447,23809,24880,28250,37113,8657,15766,665,816,1514,2309,1957,3672,2818,5719,5039,5472,5653,4799,18805,25173,7816,14235,125350,100018,28948,6390,85240,48,6
2021-04-09T23:59:59+02:00,3824,4821,5998,8760,6531,12579,8831,18245,13723,17395,21742,22327,27892,36648,8631,15728,649,800,1491,2285,1929,3654,2769,5674,4964,5416,5532,4692,18239,24438,7784,14177,124663,98256,23846,6191,85160,40,6
2021-04-08T23:59:59+02:00,3794,4801,5928,8731,6459,12533,8736,18181,13571,17274,19009,19075,27529,36178,8600,15690,599,765,1407,2199,1828,3558,2562,5475,4454,5040,4705,4026,16510,22277,7634,13910,123801,91296,17997,5618,84286,30,5
2021-04-07T23:59:59+02:00,3696,4768,5723,8686,6250,12472,8510,18110,13319,17169,16084,15694,27152,35725,8575,15644,575,730,1353,2145,1725,3468,2400,5315,4013,4706,3967,3432,15722,21453,7541,13757,123592,87000,16468,5272,77513,26,4
2021-04-06T23:59:59+02:00,3664,4757,5675,8666,6184,12447,8422,18072,13242,17093,13808,12985,26827,35376,8565,15619,539,706,1280,2086,1639,3385,2223,5178,3624,4437,3431,2986,14932,20499,7477,13657,123466,83383,16267,4671,71665,21,4
2021-04-05T23:59:59+02:00,3660,4752,5636,8653,6149,12437,8371,18052,13176,17058,13762,12939,26819,35362,8564,15618,505,668,1221,2052,1588,3345,2158,5119,3538,4361,3372,2943,14799,20330,7468,13641,123444,82900,16059,4184,71502,21,3
2021-04-04T23:59:59+02:00,3659,4751,5636,8652,6148,12437,8370,18049,13176,17058,13759,12939,26818,35362,8564,15618,505,667,1221,2052,1588,3345,2158,5119,3538,4361,3372,2943,14798,20330,7468,13641,123437,82898,16059,4184,71497,21,3
2021-04-03T23:59:59+02:00,3658,4751,5636,8651,6148,12437,8370,18049,13176,17058,13758,12937,26817,35360,8564,15618,505,666,1221,2052,1587,3345,2158,5117,3531,4358,3367,2933,14712,20192,7459,13627,123431,82622,16059,4184,71495,21,3
2021-04-02T23:59:59+02:00,3657,4748,5634,8646,6143,12428,8361,18036,13146,17027,13713,12881,26795,35349,8561,15614,501,658,1220,2048,1575,3338,2148,5093,3499,4323,3337,2903,13769,18925,7411,13546,123268,80167,16056,4103,71412,21,3
2021-04-01T23:59:59+02:00,3640,4734,5598,8626,6079,12393,8278,17999,13029,16951,13605,12757,26742,35280,8554,15603,442,609,1128,1976,1473,3255,1996,4978,3293,4181,3104,2701,11777,16335,7322,13406,122952,74636,15933,3316,70980,21,3
2021-03-31T23:59:59+02:00,3636,4717,5577,8591,6048,12357,8234,17953,12952,16874,13483,12638,26703,35232,8548,15594,403,585,1086,1933,1402,3213,1879,4864,3035,3972,2655,2395,9247,13106,7168,13200,122649,67146,15894,2974,70591,20,3
2021-03-30T23:59:59+02:00,3628,4706,5551,8561,6018,12327,8192,17910,12873,16798,13396,12511,26675,35189,8543,15585,381,564,1062,1901,1340,3175,1742,4780,2783,3793,2255,2135,8409,12032,7119,13097,122522,63847,15865,2700,70074,19,2
2021-03-29T23:59:59+02:00,3614,4699,5524,8544,5983,12294,8150,17876,12791,16715,12456,11323,25103,33105,8424,15372,373,562,1057,1884,1317,3150,1699,4734,2630,3707,1958,1979,7784,11322,7081,13033,116551,61554,15696,2697,69724,17,2
2021-03-28T23:59:59+02:00,3582,4674,5474,8514,5932,12250,8066,17823,12684,16638,11727,10484,23594,31183,8377,15293,372,560,1055,1883,1310,3147,1692,4732,2618,3699,1933,1958,7765,11309,7079,13029,116491,61428,10529,2694,69273,17,2
2021-03-27T23:59:59+01:00,3569,4669,5435,8505,5895,12236,8016,17808,12642,16586,11698,10446,23591,31177,8377,15293,372,560,1055,1883,1310,3147,1691,4729,2616,3697,1931,1957,7710,11224,7052,12989,116425,61210,10528,2694,68988,17,2
2021-03-26T23:59:59+01:00,3415,4231,4959,7350,5400,10878,7388,15640,11860,14580,11511,10269,23107,30466,8339,15230,371,556,1050,1880,1303,3143,1690,4726,2610,3691,1923,1951,7550,11010,6938,12830,114879,60532,10274,2682,59468,6,2
2021-03-25T23:59:59+01:00,3278,3876,4789,6593,5166,9679,7040,13831,11110,12931,10630,9458,22474,29693,8280,15094,366,548,1042,1869,1291,3125,1668,4688,2568,3640,1856,1888,7229,10503,6705,12471,111973,58771,9583,2679,52364,5,2
2021-03-24T23:59:59+01:00,3222,3832,4720,6523,5028,9574,6817,13655,10573,12482,9785,8617,21531,28496,8202,14945,364,542,1033,1864,1272,3114,1654,4658,2517,3586,1789,1807,6800,9938,6364,11910,107970,56542,9238,2665,50794,5,0
2021-03-23T23:59:59+01:00,3191,3793,4635,6452,4927,9478,6583,13473,10106,12037,9064,7945,21074,27955,8159,14847,351,528,1015,1855,1258,3094,1622,4634,2461,3533,1706,1744,6453,9451,6049,11404,105598,54490,8906,2664,49215,4,0
2021-03-22T23:59:59+01:00,3170,3755,4579,6411,4845,9408,6428,13327,9722,11730,8457,7386,20711,27566,8110,14766,345,523,1004,1849,1244,3077,1608,4620,2435,3507,1681,1724,6228,9146,5695,10724,104119,52747,8646,2659,47606,4,0
2021-03-21T23:59:59+01:00,3160,3739,4530,6387,4796,9370,6332,13249,9521,11528,8141,7124,20578,27429,8101,14744,345,523,1003,1849,1243,3077,1607,4619,2432,3507,1672,1718,6215,9136,5671,10672,103919,52643,8417,2642,46393,4,0
2021-03-20T23:59:59+01:00,3159,3734,4522,6381,4790,9368,6328,13242,9498,11511,8110,7094,20404,27153,8086,14720,345,523,1003,1848,1242,3077,1606,4618,2428,3498,1659,1704,6169,9051,5528,10473,103362,52150,8405,2618,46333,4,0
2021-03-19T23:59:59+01:00,3115,3702,4444,6343,4684,9320,6167,13177,9239,11312,7802,6870,19940,26579,8062,14668,345,523,1002,1846,1242,3075,1603,4616,2421,3493,1644,1696,6060,8918,5196,9947,102063,51025,8164,2598,45197,4,0
2021-03-18T23:59:59+01:00,3038,3618,4266,6201,4440,9114,5759,12845,8283,10603,6540,5807,18787,25333,7942,14463,341,519,998,1836,1225,3061,1562,4596,2350,3451,1569,1651,5865,8614,4594,9046,97176,48720,7622,2556,42241,2,0
2021-03-17T23:59:59+01:00,3000,3571,4176,6102,4298,8988,5479,12545,7569,10025,5533,4881,17523,23856,7802,14248,337,518,994,1827,1220,3052,1546,4575,2275,3422,1506,1608,5729,8386,4115,8333,91782,46941,7120,2500,40694,2,0
2021-03-16T23:59:59+01:00,2976,3540,4110,6030,4202,8891,5286,12376,7089,9630,4758,4223,16730,22925,7717,14102,333,516,991,1822,1216,3044,1539,4565,2250,3402,1478,1590,5596,8207,3706,7665,88145,45497,7084,2421,39356,2,0
2021-03-15T23:59:59+01:00,2972,3526,4093,6015,4170,8866,5232,12326,6960,9509,4607,4051,16429,22537,7694,14048,331,512,990,1816,1210,3037,1522,4553,2225,3379,1437,1576,5413,7976,3253,6962,87369,43912,6992,2279,38674,1,0
2021-03-14T23:59:59+01:00,2964,3515,4076,5994,4138,8849,5183,12290,6865,9412,4505,3945,16309,22372,7678,14018,329,511,989,1814,1204,3030,1518,4543,2212,3372,1427,1568,5406,7968,3248,6951,87054,43852,6974,2237,38085,1,0
2021-03-13T23:59:59+01:00,2960,3509,4073,5984,4130,8844,5175,12278,6844,9400,4482,3917,15995,21934,7659,13986,329,511,989,1814,1204,3030,1518,4543,2212,3372,1427,1568,5406,7967,3248,6951,86172,43851,6950,2237,38048,1,0
2021-03-12T23:59:59+01:00,2885,3418,3971,5816,4004,8615,5036,11967,6667,9156,4340,3781,15071,20667,7608,13905,329,509,987,1812,1204,3027,1515,4537,2212,3366,1419,1566,5398,7943,3246,6940,83712,43773,6888,2236,36307,1,0
2021-03-11T23:59:59+01:00,2740,3160,3750,5484,3749,8150,4674,11171,6038,8376,3825,3296,13525,18702,7526,13783,329,509,983,1808,1202,3014,1505,4520,2199,3343,1373,1536,5360,7909,3236,6914,79419,43624,6725,2115,31805,1,0
2021-03-10T23:59:59+01:00,2597,2998,3602,5249,3556,7819,4382,10660,5476,7819,3241,2856,11303,16010,7403,13587,326,505,977,1797,1197,3004,1498,4505,2174,3326,1343,1529,5330,7893,3229,6907,73125,43555,6555,1985,28878,0,0
2021-03-09T23:59:59+01:00,2565,2930,3536,5172,3443,7719,4191,10453,5064,7471,2738,2486,9850,14019,7326,13467,325,503,977,1790,1190,2996,1493,4497,2167,3315,1328,1525,5323,7888,3226,6905,68289,43514,6405,1934,27736,0,0
2021-03-08T23:59:59+01:00,2535,2856,3481,5103,3365,7636,4055,10330,4761,7273,2275,2223,7964,11607,7221,13331,325,498,976,1782,1183,2979,1487,4486,2162,3309,1319,1514,5304,7868,3221,6897,62606,43402,6070,1908,27340,0,0
2021-03-07T23:59:59+01:00,2468,2789,3381,4996,3268,7552,3949,10234,4640,7189,2223,2172,7947,11588,7221,13324,325,497,975,1782,1183,2979,1487,4486,2162,3309,1319,1514,5304,7868,3221,6897,62478,43400,5389,1908,27074,0,0
2021-03-06T23:59:59+01:00,2460,2773,3369,4990,3264,7547,3940,10225,4629,7185,2221,2171,7895,11509,7195,13284,325,497,974,1778,1182,2977,1487,4483,2158,3305,1316,1509,5300,7862,3219,6889,62269,43353,5329,1908,27059,0,0
2021-03-05T23:59:59+01:00,2310,2668,3142,4800,3031,7223,3651,9817,4310,6884,2155,2117,7656,11167,7034,13056,325,495,972,1775,1182,2976,1486,4477,2154,3298,1310,1508,5294,7855,3219,6884,61292,43302,4491,1908,25238,0,0
2021-03-04T23:59:59+01:00,2029,2411,2722,4350,2579,6572,3043,8853,3667,6174,1961,1974,7342,10714,6797,12694,323,494,971,1766,1179,2958,1486,4462,2142,3289,1301,1506,5283,7842,3212,6874,59654,43183,3216,1905,21012,0,0
2021-03-03T23:59:59+01:00,1952,2308,2611,4182,2452,6342,2897,8560,3499,5947,1881,1901,6948,10151,6504,12212,322,489,971,1755,1177,2934,1479,4435,2139,3279,1277,1494,5279,7837,3208,6866,57652,43036,3070,1905,19625,0,0
2021-03-02T23:59:59+01:00,1911,2211,2543,4068,2367,6186,2789,8376,3388,5813,1805,1834,6566,9595,6183,11664,318,482,970,1736,1174,2914,1475,4417,2137,3268,1254,1489,5269,7819,3202,6861,55555,42880,2829,1905,18915,0,0
2021-03-01T23:59:59+01:00,1896,2180,2502,3952,2319,6075,2752,8275,3338,5740,1763,1813,6336,9297,5805,10935,317,478,967,1732,1172,2903,1474,4402,2135,3253,1248,1486,5267,7817,3201,6855,53694,42802,2817,1905,18467,0,0
2021-02-28T23:59:59+01:00,1876,2136,2467,3886,2291,6014,2707,8199,3314,5700,1758,1810,6320,9285,5778,10883,317,478,966,1732,1172,2903,1474,4401,2135,3252,1248,1485,5267,7817,3201,6855,53574,42799,2815,1904,18035,0,0
2021-02-27T23:59:59+01:00,1872,2126,2465,3883,2287,6014,2706,8198,3312,5697,1752,1798,6279,9209,5639,10697,317,478,956,1727,1161,2893,1465,4395,2121,3243,1247,1482,5267,7816,3201,6855,53110,42795,2815,1829,18009,0,0
2021-02-26T23:59:59+01:00,1671,1947,2349,3640,2207,5587,2610,7676,3230,5297,1743,1781,6204,9118,5428,10364,316,475,949,1720,1153,2872,1458,4374,2109,3233,1242,1473,5260,7800,3197,6846,52362,42717,2794,1760,15696,0,0
2021-02-25T23:59:59+01:00,1432,1624,2134,3204,2035,4802,2398,6666,3011,4521,1660,1725,6060,8887,4954,9680,313,463,941,1657,1119,2771,1420,4267,2056,3166,1209,1455,5218,7751,3182,6803,50488,42256,2781,1535,11524,0,0
2021-02-24T23:59:59+01:00,1368,1380,2028,2939,1929,4456,2266,6253,2838,4280,1594,1682,5881,8589,4321,8718,310,452,899,1608,1066,2678,1363,4147,1964,3046,1178,1432,5201,7728,3175,6787,48159,42001,2769,1033,9594,0,0
2021-02-23T23:59:59+01:00,1352,1323,1993,2876,1902,4355,2241,6165,2806,4230,1587,1669,5723,8369,3809,7867,310,451,868,1574,1017,2620,1309,4072,1852,2978,1136,1411,5182,7701,3165,6755,46383,41806,2742,595,9142,0,0
2021-02-22T23:59:59+01:00,1339,1271,1943,2734,1856,4209,2182,5958,2763,4145,1577,1659,5560,8153,3332,7150,308,439,823,1533,960,2531,1214,3964,1707,2888,1061,1359,5140,7628,3141,6658,44775,41348,2721,6,8335,0,0
2021-02-21T23:59:59+01:00,1335,1249,1911,2672,1830,4113,2157,5845,2742,4099,1570,1653,5558,8143,3332,7148,305,436,819,1522,952,2503,1212,3925,1695,2850,1051,1346,5121,7601,3122,6619,44724,41073,2710,6,7923,0,0
2021-02-20T23:59:59+01:00,1335,1249,1911,2672,1829,4113,2157,5845,2740,4093,1561,1646,5554,8137,3330,7145,305,436,819,1520,951,2500,1211,3920,1694,2849,1051,1346,5061,7529,3084,6574,44710,40845,2685,5,7922,0,0
2021-02-19T23:59:59+01:00,1335,1246,1908,2665,1828,4106,2156,5836,2737,4089,1541,1637,5541,8122,3328,7139,303,434,815,1511,942,2473,1206,3877,1663,2799,1022,1308,4849,7235,2935,6321,44630,39688,2666,5,7918,0,0
2021-02-18T23:59:59+01:00,1302,1149,1870,2545,1788,3968,2093,5614,2682,3942,1528,1624,5527,8085,3324,7117,273,394,767,1384,892,2262,1123,3527,1542,2528,910,1111,4321,6387,2592,5565,44478,35573,2633,5,7047,0,0
2021-02-17T23:59:59+01:00,1246,989,1789,2324,1708,3657,1987,5232,2609,3744,1510,1616,5505,8071,3316,7113,267,386,758,1371,881,2238,1110,3491,1525,2510,903,1108,3894,5791,2349,5222,44437,33799,2576,5,5403,0,0
2021-02-16T23:59:59+01:00,1202,944,1729,2215,1640,3480,1918,5031,2532,3653,1474,1600,5480,8052,3309,7102,260,378,740,1333,863,2184,1074,3368,1492,2435,880,1085,3482,5165,2070,4816,44384,31621,2413,4,4564,0,0
2021-02-15T23:59:59+01:00,1192,920,1712,2139,1621,3383,1897,4918,2513,3582,1450,1589,5444,8028,3286,7054,247,365,723,1297,845,2135,1053,3300,1453,2371,850,1056,3018,4536,1787,4335,44256,29368,2328,3,4144,0,0
2021-02-14T23:59:59+01:00,1089,876,1640,2114,1560,3363,1854,4897,2479,3570,1442,1585,5438,8016,3283,7050,240,353,711,1277,829,2101,1036,3225,1420,2308,819,1007,2921,4392,1730,4160,44214,28526,2292,3,3750,0,0
2021-02-13T23:59:59+01:00,1026,848,1619,2093,1543,3356,1841,4891,2471,3569,1441,1584,5438,8016,3282,7049,237,352,710,1277,829,2097,1036,3224,1418,2306,819,1007,2809,4255,1676,4074,44208,28123,2292,3,3567,0,0
2021-02-12T23:59:59+01:00,644,684,1292,1979,1387,3256,1703,4805,2367,3510,1427,1578,5428,8005,3277,7044,224,344,699,1252,813,2049,1012,3137,1357,2210,762,934,2560,3910,1562,3810,44095,26633,2292,2,1999,0,0
2021-02-11T23:59:59+01:00,449,589,1123,1876,1284,3135,1611,4690,2273,3428,1324,1534,5370,7960,3259,6998,180,270,595,989,675,1587,807,2438,1071,1671,539,693,1902,2923,1142,2751,43744,20232,2095,1,1064,0,0
2021-02-10T23:59:59+01:00,324,498,988,1783,1199,2999,1509,4505,2169,3325,1289,1520,5351,7949,3255,6997,155,180,409,628,508,1072,635,1816,913,1401,523,679,1439,2293,887,2329,43667,15867,1989,0,4,0,0
2021-02-09T23:59:59+01:00,324,495,987,1778,1196,2991,1509,4500,2168,3320,1282,1517,5349,7947,3254,6995,152,175,398,601,488,1043,616,1786,890,1374,521,676,1010,1769,659,1986,43643,14144,1966,0,3,0,0
2021-02-08T23:59:59+01:00,324,493,986,1776,1193,2982,1503,4494,2166,3315,1277,1514,5346,7947,3253,6993,146,168,388,589,478,1025,605,1753,871,1352,515,671,563,1200,413,1640,43616,12377,1943,0,3,0,0
2021-02-07T23:59:59+01:00,324,493,984,1776,1192,2982,1501,4492,2166,3315,1277,1514,5346,7946,3253,6993,142,163,383,584,478,1018,601,1740,861,1337,509,668,562,1187,408,1628,43612,12269,1942,0,0,0,0
2021-02-06T23:59:59+01:00,324,493,984,1776,1192,2982,1501,4492,2166,3315,1277,1514,5346,7946,3253,6993,138,159,381,582,478,1017,601,1738,860,1335,509,668,562,1187,408,1628,43612,12251,1942,0,0,0,0
2021-02-05T23:59:59+01:00,324,492,983,1776,1192,2981,1499,4491,2165,3315,1277,1514,5345,7943,3253,6991,136,150,378,578,470,1005,597,1724,845,1316,505,658,555,1171,400,1606,43599,12094,1942,0,0,0,0
2021-02-04T23:59:59+01:00,319,483,977,1737,1186,2936,1496,4434,2153,3280,1270,1507,5316,7909,3243,6965,104,100,251,393,349,751,465,1312,635,993,387,532,471,973,348,1378,43270,9442,1941,0,0,0,0
2021-02-03T23:59:59+01:00,316,472,971,1713,1183,2897,1486,4385,2145,3246,1261,1494,5291,7877,3234,6941,60,48,87,165,162,368,225,607,310,495,209,290,274,619,206,870,42971,4995,1941,0,0,0,0
2021-02-02T23:59:59+01:00,315,470,969,1699,1180,2876,1482,4354,2138,3221,1253,1488,5284,7863,3227,6920,18,15,28,48,61,108,74,161,96,114,44,74,65,143,47,173,42798,1269,1941,0,0,0,0
2021-02-01T23:59:59+01:00,315,466,969,1697,1179,2875,1481,4348,2137,3217,1252,1488,5284,7863,3227,6920,15,14,25,41,51,98,60,133,73,96,39,64,56,135,46,160,42777,1106,1941,0,0,0,0
2021-01-31T23:59:59+01:00,315,463,969,1695,1178,2871,1481,4342,2137,3215,1251,1487,5284,7863,3227,6920,14,12,23,38,44,87,52,123,63,92,37,53,45,127,44,154,42757,1008,1941,0,0,0,0
2021-01-30T23:59:59+01:00,315,463,964,1691,1169,2863,1474,4336,2133,3213,1251,1487,5224,7791,3189,6875,14,12,23,37,44,87,51,122,63,92,37,53,45,127,44,154,42531,1005,1907,0,0,0,0
2021-01-29T23:59:59+01:00,313,462,950,1681,1157,2842,1462,4305,2111,3189,1244,1481,5036,7550,3051,6710,12,12,23,37,41,87,50,119,60,92,35,48,44,127,44,154,41746,985,1798,0,0,0,0
2021-01-28T23:59:59+01:00,308,438,929,1600,1115,2726,1422,4211,2044,3115,1220,1473,4661,7017,2825,6421,8,6,10,16,23,42,19,58,36,59,20,32,34,84,33,102,39972,582,1553,0,0,0,0
2021-01-27T23:59:59+01:00,301,428,884,1545,1063,2628,1362,4117,1970,3014,1185,1446,4200,6375,2560,6046,4,5,9,7,14,25,5,21,15,26,11,15,15,44,13,51,38019,280,1105,0,0,0,0
2021-01-26T23:59:59+01:00,294,417,844,1491,1000,2540,1297,3987,1848,2919,1137,1398,3796,5744,2270,5614,2,2,4,2,6,7,3,3,2,7,7,5,3,7,3,8,35938,71,658,0,0,0,0
2021-01-25T23:59:59+01:00,283,406,790,1427,936,2419,1188,3838,1687,2812,1073,1370,3362,5155,2001,5230,2,2,4,1,4,7,1,3,2,7,7,5,3,7,3,8,33920,66,57,0,0,0,0
2021-01-24T23:59:59+01:00,280,406,782,1421,926,2403,1184,3822,1657,2783,1070,1369,3332,5119,1988,5209,2,2,2,1,4,7,1,3,2,7,7,5,3,7,3,8,33746,64,5,0,0,0,0
2021-01-23T23:59:59+01:00,278,405,782,1421,926,2399,1183,3821,1653,2781,1070,1369,3217,4981,1932,5122,2,2,2,1,3,7,1,3,2,7,7,5,3,7,3,8,33336,63,4,0,0,0,0
2021-01-22T23:59:59+01:00,276,401,781,1407,924,2386,1177,3807,1649,2778,1068,1368,3035,4761,1853,5004,2,2,2,1,3,7,1,3,2,7,7,5,3,7,3,8,32671,63,4,0,0,0,0
2021-01-21T23:59:59+01:00,267,362,716,1242,857,2172,1096,3517,1553,2595,1029,1332,2639,4223,1617,4640,2,1,2,0,3,7,1,3,2,7,7,4,3,7,3,8,29853,60,4,0,0,0,0
2021-01-20T23:59:59+01:00,241,272,542,884,684,1659,885,2801,1328,2187,941,1193,2039,3390,1280,3974,2,1,2,0,3,7,1,3,2,5,6,4,3,7,3,8,24296,57,4,0,0,0,0
2021-01-19T23:59:59+01:00,211,247,492,776,627,1489,796,2478,1150,1899,776,935,1338,2366,895,3025,0,1,1,0,0,0,0,0,1,1,1,0,0,0,0,0,19498,5,2,0,0,0,0
2021-01-18T23:59:59+01:00,159,183,406,640,503,1115,648,1904,946,1457,573,722,632,1334,462,1836,0,0,0,0,0,0,0,0,0,0,0,0,0,0,0,0,13519,0,1,0,0,0,0
2021-01-17T23:59:59+01:00,147,166,392,603,488,1045,617,1782,885,1362,526,684,585,1235,423,1698,0,0,0,0,0,0,0,0,0,0,0,0,0,0,0,0,12638,0,0,0,0,0,0
2021-01-16T23:59:59+01:00,139,161,390,598,486,1035,611,1770,878,1355,526,684,584,1230,419,1685,0,0,0,0,0,0,0,0,0,0,0,0,0,0,0,0,12551,0,0,0,0,0,0
2021-01-15T23:59:59+01:00,136,153,387,592,478,1021,607,1755,862,1335,521,672,576,1214,413,1663,0,0,0,0,0,0,0,0,0,0,0,0,0,0,0,0,12385,0,0,0,0,0,0
2021-01-14T23:59:59+01:00,114,122,296,475,405,849,506,1464,702,1078,412,547,499,1033,364,1493,0,0,0,0,0,0,0,0,0,0,0,0,0,0,0,0,10359,0,0,0,0,0,0
2021-01-13T23:59:59+01:00,74,74,180,287,266,554,354,949,469,698,254,338,314,689,234,942,0,0,0,0,0,0,0,0,0,0,0,0,0,0,0,0,6676,0,0,0,0,0,0
2021-01-12T23:59:59+01:00,34,30,54,101,119,234,146,391,201,301,138,185,163,392,135,515,0,0,0,0,0,0,0,0,0,0,0,0,0,0,0,0,3139,0,0,0,0,0,0
2021-01-11T23:59:59+01:00,21,17,36,62,59,121,74,166,92,116,39,64,59,140,47,161,0,0,0,0,0,0,0,0,0,0,0,0,0,0,0,0,1274,0,0,0,0,0,0
2021-01-10T23:59:59+01:00,17,12,31,51,51,109,63,148,74,106,36,54,49,130,44,153,0,0,0,0,0,0,0,0,0,0,0,0,0,0,0,0,1128,0,0,0,0,0,0
2021-01-09T23:59:59+01:00,16,12,30,49,50,107,60,147,74,105,36,54,49,130,44,153,0,0,0,0,0,0,0,0,0,0,0,0,0,0,0,0,1116,0,0,0,0,0,0
2021-01-08T23:59:59+01:00,13,12,28,47,45,99,55,136,69,102,34,49,48,130,44,153,0,0,0,0,0,0,0,0,0,0,0,0,0,0,0,0,1064,0,0,0,0,0,0
2021-01-07T23:59:59+01:00,8,6,9,17,22,42,19,59,38,61,21,34,37,89,33,101,0,0,0,0,0,0,0,0,0,0,0,0,0,0,0,0,596,0,0,0,0,0,0
2021-01-06T23:59:59+01:00,8,6,8,14,16,31,13,43,25,49,16,24,31,78,31,90,0,0,0,0,0,0,0,0,0,0,0,0,0,0,0,0,483,0,0,0,0,0,0
2021-01-05T23:59:59+01:00,8,6,8,14,16,31,13,43,25,49,16,24,30,78,31,90,0,0,0,0,0,0,0,0,0,0,0,0,0,0,0,0,482,0,0,0,0,0,0
2021-01-04T23:59:59+01:00,3,5,6,4,6,14,1,8,6,15,6,6,6,15,4,13,0,0,0,0,0,0,0,0,0,0,0,0,0,0,0,0,118,0,0,0,0,0,0
2021-01-03T23:59:59+01:00,2,2,1,1,3,7,1,4,2,8,5,4,3,8,3,8,0,0,0,0,0,0,0,0,0,0,0,0,0,0,0,0,62,0,0,0,0,0,0
2021-01-02T23:59:59+01:00,2,2,1,1,3,7,1,4,2,8,5,4,3,8,3,8,0,0,0,0,0,0,0,0,0,0,0,0,0,0,0,0,62,0,0,0,0,0,0
2021-01-01T23:59:59+01:00,2,2,1,1,3,7,1,4,2,8,5,4,3,8,3,8,0,0,0,0,0,0,0,0,0,0,0,0,0,0,0,0,62,0,0,0,0,0,0
2020-12-31T23:59:59+01:00,2,2,1,0,3,7,1,3,2,7,5,4,3,8,3,8,0,0,0,0,0,0,0,0,0,0,0,0,0,0,0,0,59,0,0,0,0,0,0
2020-12-30T23:59:59+01:00,2,2,1,0,3,7,1,3,2,5,5,4,3,8,3,8,0,0,0,0,0,0,0,0,0,0,0,0,0,0,0,0,57,0,0,0,0,0,0
2020-12-29T23:59:59+01:00,2,2,0,0,3,6,1,3,2,5,3,2,2,8,2,7,0,0,0,0,0,0,0,0,0,0,0,0,0,0,0,0,48,0,0,0,0,0,0
2020-12-28T23:59:59+01:00,1,1,0,0,1,2,0,0,0,3,0,1,0,1,1,4,0,0,0,0,0,0,0,0,0,0,0,0,0,0,0,0,15,0,0,0,0,0,0
2020-12-27T23:59:59+01:00,0,0,0,0,1,1,0,0,0,2,0,1,0,1,1,4,0,0,0,0,0,0,0,0,0,0,0,0,0,0,0,0,11,0,0,0,0,0,0
