Datum,<15_m,<15_w,15-24_1_m,15-24_1_w,25-34_1_m,25-34_1_w,35-44_1_m,35-44_1_w,45-54_1_m,45-54_1_w,55-64_1_m,55-64_1_w,65-74_1_m,65-74_1_w,75-84_1_m,75-84_1_w,>84_1_m,>84_1_w,<24_2_m,<24_2_w,25-34_2_m,25-34_2_w,35-44_2_m,35-44_2_w,45-54_2_m,45-54_2_w,55-64_2_m,55-64_2_w,65-74_2_m,65-74_2_w,75-84_2_m,75-84_2_w,>84_2_m,>84_2_w,bp_1,bp_2,mo_1,mo_2,az_1,az_2,ja,unb_1,unb_2
2021-09-28T23:59:59+02:00,5209,4968,42805,41233,56518,49191,60835,57418,72699,71118,87180,85332,60247,64395,39163,50495,12092,21653,38557,36899,52706,44916,57342,53090,68784,66508,83267,81274,58186,61994,37938,48766,11700,20886,653599,610755,79097,75909,109473,103655,40349,46,53
2021-09-27T23:59:59+02:00,5181,4947,42716,41158,56431,49112,60752,57342,72637,71068,87133,85295,60224,64366,39142,50472,12087,21618,38478,36849,52630,44867,57272,53041,68749,66470,83227,81247,58165,61974,37928,48752,11699,20877,652978,610418,79091,75879,109473,103649,40106,46,53
2021-09-26T23:59:59+02:00,5168,4921,42671,41124,56396,49078,60732,57320,72614,71048,87119,85272,60214,64357,39138,50467,12086,21616,38454,36832,52592,44838,57250,53023,68728,66449,83208,81233,58159,61966,37923,48748,11699,20877,652730,610248,79086,75874,109472,103648,40020,46,53
2021-09-25T23:59:59+02:00,5168,4920,42667,41122,56395,49077,60731,57319,72613,71046,87119,85272,60214,64357,39138,50467,12086,21616,38451,36829,52590,44837,57249,53021,68727,66447,83208,81233,58158,61965,37923,48748,11699,20877,652724,610237,79084,75874,109472,103648,40014,46,53
2021-09-24T23:59:59+02:00,5150,4909,42586,41040,56333,49013,60670,57264,72552,70986,87081,85233,60203,64348,39133,50463,12085,21614,38397,36779,52540,44792,57203,52979,68681,66392,83175,81209,58147,61959,37920,48745,11698,20875,652385,610079,79081,75871,109472,103648,39691,46,53
2021-09-23T23:59:59+02:00,5080,4807,42330,40770,56115,48804,60505,57066,72402,70850,86948,85138,60148,64303,39116,50426,12079,21588,38165,36602,52355,44630,57059,52839,68552,66283,83075,81124,58110,61921,37907,48720,11691,20858,650816,608932,79067,75861,109471,103646,39086,46,53
2021-09-22T23:59:59+02:00,5041,4752,42174,40585,55941,48626,60361,56913,72294,70711,86855,85054,60111,64252,39095,50389,12076,21573,38030,36455,52194,44496,56932,52719,68477,66182,82988,81043,58077,61886,37891,48699,11688,20848,649506,607906,79053,75858,109470,103644,38739,46,53
2021-09-21T23:59:59+02:00,5005,4696,41978,40338,55725,48403,60200,56765,72203,70593,86767,84974,60071,64208,39078,50349,12067,21559,37874,36311,52045,44357,56814,52624,68411,66104,82911,80978,58048,61862,37866,48676,11682,20836,647952,606888,79052,75858,109470,103643,38470,46,53
2021-09-20T23:59:59+02:00,4980,4674,41872,40258,55599,48312,60101,56682,72125,70528,86709,84917,60046,64188,39065,50329,12061,21541,37797,36240,51932,44284,56736,52564,68349,66053,82860,80936,58026,61844,37856,48649,11679,20831,647248,606449,79043,75806,109470,103629,38191,46,53
2021-09-19T23:59:59+02:00,4975,4670,41826,40232,55524,48266,60054,56641,72083,70514,86683,84903,60039,64179,39064,50321,12061,21539,37764,36216,51885,44268,56703,52553,68313,66036,82839,80919,58018,61838,37853,48645,11679,20829,646992,606314,79041,75804,109468,103628,38038,46,53
2021-09-18T23:59:59+02:00,4973,4668,41815,40226,55506,48252,60036,56631,72072,70501,86673,84899,60034,64176,39063,50321,12061,21538,37761,36212,51869,44263,56690,52543,68304,66027,82829,80915,58013,61835,37851,48643,11679,20829,646940,606297,79040,75804,109468,103628,37960,46,53
2021-09-17T23:59:59+02:00,4919,4618,41669,40104,55388,48108,59895,56508,71938,70386,86604,84825,59998,64154,39054,50315,12058,21532,37653,36125,51772,44149,56599,52451,68196,65952,82769,80856,57982,61818,37844,48635,11677,20825,646116,605825,79038,75804,109468,103628,37412,46,53
2021-09-16T23:59:59+02:00,4823,4517,41401,39834,55152,47824,59658,56239,71751,70205,86476,84693,59947,64099,39031,50292,12048,21516,37392,35909,51578,43920,56420,52249,68051,65810,82662,80762,57929,61782,37826,48611,11668,20814,644217,604372,79034,75799,109451,103612,36765,46,53
2021-09-15T23:59:59+02:00,4758,4454,41176,39582,54923,47543,59451,56025,71600,70062,86356,84588,59904,64044,39002,50264,12039,21492,37195,35726,51417,43714,56286,52105,67945,65711,82567,80661,57884,61749,37803,48587,11665,20800,642455,603179,79032,75798,109451,103612,36284,46,53
2021-09-14T23:59:59+02:00,4729,4427,41055,39457,54797,47452,59363,55910,71503,69971,86279,84529,59885,64016,38984,50250,12034,21485,37122,35651,51330,43659,56215,52035,67870,65648,82508,80624,57867,61723,37788,48567,11659,20792,641687,602765,79032,75798,109451,103611,35915,46,53
2021-09-13T23:59:59+02:00,4701,4413,40959,39346,54707,47357,59300,55808,71429,69917,86236,84489,59854,63986,38978,50240,12030,21480,37050,35586,51243,43597,56155,51970,67805,65615,82468,80597,57844,61696,37779,48556,11658,20786,640986,602327,79027,75747,109450,103596,35726,46,53
2021-09-12T23:59:59+02:00,4692,4399,40928,39319,54687,47334,59275,55778,71402,69886,86221,84469,59846,63978,38976,50237,12028,21476,37013,35556,51224,43578,56129,51951,67785,65586,82446,80578,57833,61683,37774,48545,11658,20784,640778,602121,79018,75742,109449,103594,35645,46,53
2021-09-11T23:59:59+02:00,4683,4397,40912,39293,54659,47307,59256,55762,71379,69875,86210,84461,59845,63975,38975,50236,12028,21474,36995,35545,51203,43558,56116,51939,67763,65576,82433,80574,57831,61682,37772,48545,11658,20783,640681,602074,79018,75741,109449,103594,35538,46,53
2021-09-10T23:59:59+02:00,4638,4358,40739,39119,54507,47174,59142,55611,71254,69773,86121,84380,59817,63947,38964,50223,12024,21467,36874,35456,51099,43469,56029,51848,67673,65511,82361,80520,57812,61661,37763,48531,11651,20777,639773,601660,79017,75741,109449,103594,34976,46,53
2021-09-09T23:59:59+02:00,4564,4272,40504,38904,54313,46953,58971,55393,71107,69610,86016,84287,59792,63902,38941,50194,12015,21461,36668,35279,50924,43320,55882,51687,67531,65391,82252,80441,57773,61615,37746,48510,11646,20769,638302,600530,79016,75739,109449,103594,34388,46,52
2021-09-08T23:59:59+02:00,4465,4178,40287,38645,54125,46771,58801,55224,70995,69492,85923,84209,59755,63862,38933,50161,12009,21454,36391,35007,50701,43109,55690,51502,67396,65262,82140,80336,57740,61559,37723,48471,11635,20755,636885,598797,79011,75731,109449,103594,33899,46,52
2021-09-07T23:59:59+02:00,4394,4117,40086,38474,53998,46655,58697,55117,70919,69406,85861,84144,59731,63834,38923,50144,12006,21451,36265,34897,50601,43031,55610,51438,67327,65195,82075,80280,57706,61528,37711,48448,11628,20747,635882,598141,79003,75720,109445,103593,33582,46,52
2021-09-06T23:59:59+02:00,4353,4069,39983,38372,53922,46583,58628,55042,70873,69351,85816,84107,59711,63818,38920,50139,12004,21447,36151,34779,50510,42961,55526,51355,67268,65124,82020,80218,57679,61498,37698,48435,11627,20745,635206,597384,79003,75682,109444,103582,33440,46,52
2021-09-05T23:59:59+02:00,4340,4052,39949,38343,53899,46552,58592,55014,70845,69328,85792,84084,59708,63815,38917,50134,12003,21443,36125,34757,50480,42939,55496,51334,67249,65107,82002,80202,57671,61493,37695,48429,11625,20742,634985,597235,79002,75677,109443,103582,33335,46,52
2021-09-04T23:59:59+02:00,4340,4050,39940,38341,53895,46545,58591,55012,70843,69324,85788,84077,59708,63813,38917,50134,12003,21443,36114,34754,50476,42932,55492,51333,67247,65103,81999,80198,57670,61491,37695,48429,11625,20742,634967,597220,79002,75676,109443,103580,33307,46,52
2021-09-03T23:59:59+02:00,4301,4020,39828,38228,53797,46478,58514,54930,70775,69264,85723,84046,59690,63797,38911,50129,12000,21440,36036,34683,50393,42889,55431,51281,67190,65061,81953,80166,57655,61477,37687,48423,11619,20741,634395,596904,79002,75671,109443,103580,32986,46,52
2021-09-02T23:59:59+02:00,4261,3978,39654,38067,53660,46318,58381,54803,70650,69145,85645,83981,59642,63760,38888,50102,11998,21430,35914,34601,50286,42804,55334,51193,67090,64978,81880,80104,57608,61445,37670,48399,11613,20734,633395,596351,79002,75670,109443,103576,32478,46,52
2021-09-01T23:59:59+02:00,4201,3908,39464,37895,53499,46172,58266,54690,70558,69057,85584,83905,59598,63728,38872,50089,11996,21419,35583,34256,50060,42547,55141,51002,66930,64810,81748,79997,57559,61388,37638,48372,11608,20728,632277,594155,78991,75658,109442,103575,32146,46,52
2021-08-31T23:59:59+02:00,4150,3862,39328,37744,53371,46061,58166,54582,70471,68983,85508,83850,59568,63699,38855,50060,11994,21416,35463,34152,49918,42447,55034,50916,66836,64743,81668,79943,57519,61353,37624,48352,11602,20725,631351,593578,78989,75657,109440,103347,31844,45,52
2021-08-30T23:59:59+02:00,4099,3818,39219,37620,53269,45976,58082,54506,70410,68904,85447,83803,59551,63674,38843,50049,11992,21410,35389,34080,49842,42382,54957,50844,66776,64681,81614,79886,57491,61324,37609,48330,11601,20714,630525,592986,78986,75622,109440,103335,31677,45,52
2021-08-29T23:59:59+02:00,4089,3808,39202,37601,53250,45961,58068,54487,70402,68894,85430,83786,59549,63672,38840,50045,11991,21409,35358,34054,49811,42365,54944,50818,66753,64653,81591,79871,57481,61308,37604,48324,11598,20713,630408,592784,78983,75605,109440,103335,31609,45,52
2021-08-28T23:59:59+02:00,4089,3808,39201,37601,53249,45959,58068,54487,70401,68892,85430,83786,59549,63672,38840,50045,11991,21409,35358,34053,49811,42365,54942,50818,66751,64652,81591,79871,57481,61308,37604,48324,11598,20713,630403,592781,78983,75604,109440,103335,31607,45,52
2021-08-27T23:59:59+02:00,4053,3766,39079,37501,53152,45855,57987,54394,70311,68814,85369,83727,59523,63648,38828,50035,11991,21407,35256,33993,49710,42303,54867,50744,66661,64590,81536,79832,57454,61288,37593,48313,11597,20712,629766,592367,78983,75602,109435,103333,31212,45,52
2021-08-26T23:59:59+02:00,3970,3704,38888,37319,52992,45689,57856,54244,70183,68698,85245,83635,59476,63600,38804,50015,11984,21397,35084,33821,49557,42141,54709,50585,66534,64461,81391,79719,57407,61227,37564,48287,11592,20704,628591,591212,78981,75590,109430,103328,30653,45,52
2021-08-25T23:59:59+02:00,3877,3637,38721,37122,52840,45502,57742,54105,70083,68597,85151,83543,59440,63559,38786,49996,11982,21390,34697,33408,49287,41825,54473,50321,66341,64257,81210,79548,57317,61146,37542,48249,11580,20692,627360,588467,78980,75588,109430,103328,30259,45,52
2021-08-24T23:59:59+02:00,3856,3621,38632,37048,52760,45432,57687,54052,70029,68550,85107,83503,59408,63532,38777,49979,11979,21380,34548,33285,49167,41735,54386,50237,66238,64164,81119,79469,57269,61102,37534,48233,11575,20683,626916,587546,78977,75584,109428,103323,29967,45,52
2021-08-23T23:59:59+02:00,3829,3586,38537,36953,52679,45365,57631,53984,69970,68498,85053,83464,59390,63506,38767,49966,11977,21372,34407,33145,49044,41657,54288,50152,66144,64068,81031,79406,57233,61053,37514,48214,11574,20672,626382,586671,78975,75549,109426,103310,29700,45,52
2021-08-22T23:59:59+02:00,3822,3586,38509,36941,52663,45346,57612,53971,69945,68480,85036,83451,59381,63495,38765,49957,11972,21370,34359,33106,49018,41619,54252,50124,66102,64043,80996,79380,57218,61038,37511,48205,11569,20668,626282,586382,78973,75539,109425,103309,29578,45,52
2021-08-21T23:59:59+02:00,3820,3583,38490,36934,52654,45335,57597,53965,69931,68468,85030,83442,59374,63493,38764,49957,11972,21370,34345,33100,49008,41610,54238,50119,66090,64032,80990,79373,57214,61037,37511,48205,11569,20668,626242,586365,78972,75538,109424,103309,29497,45,52
2021-08-20T23:59:59+02:00,3799,3551,38419,36864,52569,45264,57523,53901,69858,68414,84969,83395,59357,63474,38761,49953,11972,21364,34244,32995,48894,41542,54148,50046,65995,63965,80920,79320,57194,61014,37505,48200,11568,20664,625875,585848,78970,75535,109424,103306,29094,45,52
2021-08-19T23:59:59+02:00,3771,3518,38251,36722,52408,45126,57400,53797,69727,68294,84872,83319,59327,63430,38746,49936,11968,21352,33892,32738,48608,41299,53930,49851,65786,63781,80744,79185,57138,60941,37459,48162,11563,20653,624991,583934,78968,75439,109415,103293,28546,45,52
2021-08-18T23:59:59+02:00,3720,3468,38064,36566,52289,45005,57303,53691,69616,68199,84797,83255,59288,63386,38730,49916,11966,21344,33509,32326,48307,41042,53677,49572,65569,63570,80560,79024,57055,60855,37423,48120,11559,20641,623994,581364,78965,75311,109412,103286,28188,45,52
2021-08-17T23:59:59+02:00,3658,3420,37906,36409,52176,44883,57221,53595,69521,68113,84726,83192,59252,63353,38717,49893,11961,21335,33117,31882,47983,40733,53385,49282,65320,63327,80361,78817,56943,60744,37381,48071,11547,20630,623045,578257,78965,75295,109407,103265,27870,45,52
2021-08-16T23:59:59+02:00,3603,3366,37758,36261,52079,44784,57144,53521,69451,68045,84671,83145,59229,63322,38702,49877,11955,21327,32554,31323,47587,40317,52995,48898,65015,63063,80140,78622,56866,60628,37349,48017,11538,20608,622117,574229,78961,75260,109407,103245,27711,45,52
2021-08-15T23:59:59+02:00,3593,3357,37726,36236,52046,44765,57118,53488,69435,68028,84660,83134,59217,63318,38699,49868,11955,21325,32477,31225,47516,40253,52932,48837,64970,63022,80097,78594,56848,60608,37341,48004,11537,20604,621928,573670,78961,75229,109406,103234,27629,45,52
2021-08-14T23:59:59+02:00,3588,3353,37718,36229,52041,44761,57111,53482,69431,68025,84652,83130,59210,63313,38698,49866,11955,21325,32469,31219,47507,40250,52923,48830,64967,63019,80089,78592,56843,60603,37340,48002,11537,20604,621896,573641,78958,75229,109406,103234,27584,45,52
2021-08-13T23:59:59+02:00,3571,3340,37649,36187,51983,44712,57045,53432,69362,67985,84587,83094,59188,63301,38687,49852,11952,21319,32332,31106,47379,40151,52805,48731,64865,62939,79999,78542,56820,60582,37327,47992,11535,20599,621594,572842,78958,75227,109406,103234,27244,45,52
2021-08-12T23:59:59+02:00,3531,3312,37521,36066,51893,44622,56978,53346,69266,67911,84512,83028,59160,63277,38673,49840,11952,21316,31806,30618,46992,39801,52419,48384,64538,62708,79781,78333,56729,60494,37282,47949,11530,20582,620873,569372,78958,75198,109404,103127,26925,45,52
2021-08-11T23:59:59+02:00,3489,3272,37367,35919,51782,44517,56859,53227,69171,67820,84430,82947,59120,63239,38652,49824,11948,21312,31165,30001,46482,39412,51991,47948,64235,62428,79569,78129,56633,60387,37246,47876,11517,20564,619981,565331,78953,75174,109402,103039,26515,45,52
2021-08-10T23:59:59+02:00,3441,3225,37208,35768,51669,44397,56753,53119,69105,67749,84363,82890,59096,63202,38634,49810,11941,21307,30273,29020,45752,38711,51328,47341,63848,62065,79322,77885,56528,60282,37201,47807,11509,20552,619031,559124,78951,75172,109399,103036,26252,45,52
2021-08-09T23:59:59+02:00,3405,3196,37114,35661,51595,44327,56693,53077,69074,67707,84333,82858,59079,63187,38622,49791,11940,21305,29564,28275,45087,38135,50755,46764,63475,61708,79044,77636,56408,60185,37157,47752,11502,20538,618445,555029,78949,73722,109398,103010,26128,45,52
2021-08-08T23:59:59+02:00,3396,3182,37088,35644,51570,44302,56674,53067,69056,67689,84313,82843,59076,63182,38617,49784,11939,21304,29436,28133,44939,38038,50659,46679,63419,61651,78996,77596,56373,60167,37147,47741,11502,20535,618270,554097,78948,73714,109397,102978,26067,45,52
2021-08-07T23:59:59+02:00,3396,3182,37084,35638,51560,44301,56672,53067,69052,67686,84312,82841,59075,63182,38617,49784,11939,21304,29425,28127,44927,38032,50658,46675,63416,61645,78993,77593,56371,60166,37146,47740,11502,20534,618260,554062,78947,73710,109397,102978,26044,45,52
2021-08-06T23:59:59+02:00,3385,3168,37017,35583,51481,44238,56606,53024,69009,67654,84280,82813,59063,63162,38606,49778,11936,21302,29187,27900,44722,37847,50477,46533,63279,61529,78893,77525,56346,60141,37131,47730,11499,20531,617981,552613,78944,73704,109397,102977,25739,45,52
2021-08-05T23:59:59+02:00,3352,3128,36866,35449,51367,44103,56487,52906,68894,67540,84154,82739,59020,63108,38583,49757,11927,21292,28488,27283,44138,37365,49924,46077,62921,61232,78601,77305,56237,60045,37091,47678,11491,20515,617182,548305,78942,73694,109397,102798,25107,45,52
2021-08-04T23:59:59+02:00,3293,3065,36663,35279,51218,43957,56347,52791,68770,67412,84040,82627,58952,63050,38565,49728,11922,21282,27339,26158,43176,36487,48960,45172,62330,60626,78105,76865,56027,59864,37032,47587,11478,20495,616099,539947,78930,73654,109397,102744,24491,45,52
2021-08-03T23:59:59+02:00,3220,3007,36445,35076,51064,43815,56222,52665,68637,67296,83952,82554,58910,63006,38544,49697,11913,21267,26260,25043,42250,35594,48060,44288,61791,60094,77654,76457,55859,59677,36972,47500,11458,20464,614725,531619,78922,73606,109393,102718,24206,45,52
2021-08-02T23:59:59+02:00,3177,2953,36299,34925,50955,43705,56130,52564,68551,67205,83866,82479,58871,62958,38529,49678,11905,21255,25360,24041,41408,34855,47329,43547,61308,59624,77270,76113,55696,59528,36922,47423,11441,20443,613749,524656,78921,73551,109392,102576,23899,45,52
2021-08-01T23:59:59+02:00,3172,2947,36282,34903,50929,43687,56110,52539,68522,67192,83852,82466,58865,62953,38527,49674,11905,21255,25099,23793,41165,34654,47098,43350,61167,59488,77154,76017,55660,59499,36907,47410,11437,20439,613606,522794,78917,73510,109391,102511,23822,45,52
2021-07-31T23:59:59+02:00,3171,2946,36276,34902,50928,43686,56108,52538,68520,67191,83852,82465,58865,62953,38527,49674,11905,21254,25092,23779,41155,34647,47092,43344,61158,59486,77152,76016,55660,59496,36907,47410,11437,20438,613591,522727,78916,73509,109391,102511,23819,45,52
2021-07-30T23:59:59+02:00,3155,2932,36217,34838,50857,43636,56048,52479,68465,67151,83813,82426,58853,62939,38523,49667,11902,21251,24773,23468,40881,34432,46835,43148,60973,59356,77002,75899,55629,59456,36893,47398,11437,20437,613305,520790,78912,73507,109388,102403,23503,45,52
2021-07-29T23:59:59+02:00,3132,2904,36078,34715,50727,43508,55955,52378,68395,67087,83742,82375,58826,62921,38511,49658,11902,21250,23819,22477,40006,33684,45938,42365,60426,58915,76642,75595,55509,59318,36853,47343,11430,20426,612425,513736,78891,73382,109388,102236,23316,45,52
2021-07-28T23:59:59+02:00,3083,2849,35836,34476,50503,43336,55754,52228,68251,66945,83627,82276,58773,62874,38489,49621,11892,21242,22603,21226,38683,32582,44628,41193,59631,58255,76137,75137,55313,59130,36784,47239,11416,20401,611043,503939,78885,73216,109387,102078,22696,45,52
2021-07-27T23:59:59+02:00,3057,2830,35729,34355,50421,43253,55673,52176,68189,66877,83567,82205,58733,62831,38477,49606,11891,21233,21363,19829,37257,31246,43259,39892,59007,57661,75716,74726,55150,58954,36726,47184,11404,20378,610316,493516,78869,73041,109387,101965,22487,45,52
2021-07-26T23:59:59+02:00,3038,2811,35666,34258,50363,43200,55630,52127,68144,66839,83531,82177,58720,62815,38465,49594,11890,21231,20342,18726,36006,30131,41993,38742,58508,57261,75432,74475,55053,58854,36705,47149,11398,20364,609786,485274,78863,72712,109387,101804,22419,45,52
2021-07-25T23:59:59+02:00,3027,2806,35614,34216,50322,43155,55603,52104,68121,66814,83501,82154,58705,62808,38462,49591,11887,21225,19940,18360,35588,29801,41584,38435,58315,57106,75272,74367,55007,58816,36683,47129,11394,20360,609492,482539,78858,72438,109387,101776,22334,45,52
2021-07-24T23:59:59+02:00,3027,2806,35610,34212,50320,43152,55601,52103,68119,66814,83499,82153,58705,62808,38461,49591,11887,21225,19935,18350,35580,29791,41578,38434,58312,57104,75268,74365,55007,58816,36682,47129,11394,20360,609483,482501,78857,72438,109387,101774,22322,45,52
2021-07-23T23:59:59+02:00,3002,2781,35460,34095,50171,43052,55485,51997,68022,66720,83409,82102,58674,62779,38451,49586,11882,21222,19697,18129,35319,29615,41307,38253,58147,56975,75132,74288,54968,58792,36670,47119,11388,20354,608858,481380,78857,72145,109387,101772,21744,45,52
2021-07-22T23:59:59+02:00,2952,2696,35023,33725,49861,42814,55219,51770,67792,66537,83233,81951,58587,62685,38415,49539,11871,21204,18906,17466,34222,28881,40185,37422,57410,56505,74580,73914,54789,58613,36605,47035,11367,20328,606702,475855,78843,70715,109383,101551,20902,45,52
2021-07-21T23:59:59+02:00,2897,2638,34712,33394,49619,42602,55032,51584,67602,66352,83105,81825,58522,62633,38383,49499,11860,21194,18078,16635,32910,27887,38920,36464,56721,55943,74131,73553,54643,58438,36539,46951,11355,20295,604874,469952,78792,68525,109382,101338,20361,45,52
2021-07-20T23:59:59+02:00,2822,2576,34354,33009,49337,42367,54857,51390,67419,66194,82965,81703,58457,62578,38354,49453,11859,21179,16925,15512,31197,26483,37191,35010,55924,55294,73587,73107,54477,58249,36489,46866,11337,20256,602775,460778,78756,66785,109379,100999,19919,45,52
2021-07-19T23:59:59+02:00,2738,2505,33795,32445,49020,42057,54582,51124,67223,65978,82794,81534,58390,62496,38309,49401,11852,21164,16271,14937,30256,25801,36331,34294,55485,54872,73260,72869,54390,58163,36452,46815,11331,20234,599563,457085,78695,64617,109378,100828,19727,45,52
2021-07-18T23:59:59+02:00,2710,2487,33697,32332,48929,42000,54525,51065,67161,65927,82751,81492,58362,62471,38298,49387,11850,21157,15953,14670,29684,25421,35837,33945,55230,54711,73114,72768,54348,58124,36444,46801,11330,20230,598955,455643,78680,63081,109377,100800,19545,45,52
2021-07-17T23:59:59+02:00,2710,2487,33695,32330,48924,41998,54524,51063,67161,65926,82751,81491,58362,62470,38298,49387,11850,21157,15948,14664,29675,25406,35832,33941,55226,54710,73114,72768,54348,58124,36444,46801,11330,20230,598944,455599,78677,63077,109375,100800,19544,45,52
2021-07-16T23:59:59+02:00,2652,2422,33088,31805,48428,41651,54129,50730,66780,65603,82438,81258,58243,62358,38248,49338,11846,21150,15530,14343,29184,25037,35384,33610,54889,54457,72855,72576,54236,58035,36409,46763,11327,20226,596729,454215,78673,62948,109374,100792,17347,45,52
2021-07-15T23:59:59+02:00,2519,2290,32228,31024,47803,41082,53553,50248,66353,65256,82185,81019,58154,62262,38214,49295,11838,21131,14690,13672,27862,24206,34081,32801,54210,54057,72443,72350,54142,57939,36379,46729,11320,20210,591716,450026,78661,60581,109373,100211,16659,45,52
2021-07-14T23:59:59+02:00,2413,2203,31679,30496,47312,40641,53129,49850,66024,64973,81946,80771,58049,62166,38181,49245,11828,21118,13444,12528,25866,22752,32176,31278,53461,53465,71934,72011,54005,57814,36337,46668,11310,20195,587840,440891,78642,58653,109372,99876,16125,45,51
2021-07-13T23:59:59+02:00,2356,2133,31409,30228,47039,40418,52878,49622,65819,64784,81779,80622,57982,62089,38156,49208,11818,21105,12457,11676,24139,21441,30233,29692,52266,52297,71116,71221,53757,57537,36250,46553,11292,20168,585676,434164,78627,55729,109363,96723,15734,45,51
2021-07-12T23:59:59+02:00,2129,1926,30544,29298,46388,39885,52307,49055,65431,64395,81502,80350,57847,61962,38114,49150,11809,21084,11709,11049,22748,20461,28493,28313,51310,51439,70377,70602,53500,57259,36183,46435,11279,20137,579444,426058,78610,53169,109363,96570,15714,45,51
2021-07-11T23:59:59+02:00,2084,1889,30423,29188,46323,39813,52256,48991,65374,64339,81441,80307,57826,61942,38108,49132,11804,21079,11543,10900,22473,20276,28129,28041,51107,51294,70206,70458,53447,57178,36161,46418,11269,20130,578622,423987,78604,53127,109361,96436,15687,45,50
2021-07-10T23:59:59+02:00,2084,1887,30418,29181,46321,39808,52252,48990,65371,64338,81440,80305,57826,61940,38107,49132,11804,21079,11531,10882,22461,20262,28113,28029,51100,51290,70203,70455,53447,57178,36160,46418,11269,20130,578592,423903,78604,53125,109361,96426,15681,45,50
2021-07-09T23:59:59+02:00,2039,1849,30186,28946,46104,39626,52069,48818,65210,64227,81336,80224,57796,61910,38091,49117,11800,21077,11149,10609,21818,19825,27447,27478,50392,50722,69621,70044,53345,57090,36137,46384,11264,20119,577393,422827,78598,52811,109356,92973,15033,45,50
2021-07-08T23:59:59+02:00,1901,1721,29521,28413,45504,39123,51513,48352,64807,63918,81037,79991,57704,61820,38059,49065,11795,21063,9964,9499,19872,18189,24985,25493,49357,49922,68993,69506,53120,56876,36061,46298,11249,20093,573145,412288,78578,50376,109339,92747,14200,45,50
2021-07-07T23:59:59+02:00,1688,1525,28417,27206,44465,38161,50412,47358,64149,63280,80498,79508,57500,61589,37994,48981,11781,21022,9433,9020,18785,17352,23586,24287,48533,49276,68446,69017,52920,56634,35985,46200,11233,20053,563890,405939,78561,48762,109338,92458,13700,45,50
2021-07-06T23:59:59+02:00,1488,1367,27333,26160,43443,37244,49478,46426,63549,62717,80062,79102,57320,61407,37938,48887,11757,20995,8715,8274,17448,16351,21975,23006,47927,48825,68071,68751,52802,56520,35936,46163,11226,20038,555632,398470,78549,48337,109335,92162,13112,45,50
2021-07-05T23:59:59+02:00,1331,1243,26186,24906,42358,36244,48424,45356,62880,62141,79626,78701,57146,61218,37885,48811,11748,20972,8461,8048,16950,16037,21415,22622,47620,48599,67876,68602,52750,56446,35910,46144,11223,20033,546305,395891,78541,48023,109334,91904,12951,45,48
2021-07-04T23:59:59+02:00,1266,1179,25864,24577,42056,35985,48170,45174,62733,62006,79512,78604,57110,61178,37875,48792,11745,20969,8205,7892,16683,15842,21134,22423,47495,48500,67798,68527,52726,56421,35895,46139,11221,20032,543987,394864,78517,47360,109332,91820,12914,45,48
2021-07-03T23:59:59+02:00,1266,1178,25857,24565,42042,35978,48168,45174,62730,62005,79511,78603,57109,61178,37875,48792,11745,20969,8200,7884,16671,15832,21127,22416,47489,48499,67793,68526,52725,56421,35895,46139,11221,20032,543955,394828,78515,47359,109332,91810,12898,45,48
2021-07-02T23:59:59+02:00,1198,1121,25540,24215,41719,35697,47913,44922,62586,61857,79437,78532,57092,61156,37869,48780,11741,20964,8021,7732,16302,15564,20684,22108,46521,47720,67296,68176,52642,56329,35880,46121,11220,20029,541572,392338,78514,47355,109327,89792,12881,45,48
2021-07-01T23:59:59+02:00,1143,1071,25163,23852,41338,35349,47518,44571,62334,61619,79247,78362,57029,61093,37838,48739,11734,20954,7629,7397,15484,14785,19513,21074,44985,46232,66082,67097,52332,56026,35783,46001,11196,20002,538429,386511,78411,46528,109318,85839,12751,45,48
2021-06-30T23:59:59+02:00,1070,1007,24739,23403,40907,34975,47110,44195,62106,61407,79074,78214,56952,61015,37811,48689,11726,20933,7255,7037,14537,13979,18082,19867,41772,43501,64383,65652,51864,55528,35634,45808,11169,19952,534978,374482,78378,45834,109314,83084,12618,45,47
2021-06-29T23:59:59+02:00,979,898,24238,22869,40389,34558,46676,43781,61844,61130,78863,78036,56873,60950,37783,48645,11720,20914,6977,6726,13875,13485,16918,18945,37444,39810,63029,64398,51377,55028,35501,45630,11138,19909,530908,359169,78369,45623,109314,82875,12510,45,47
2021-06-28T23:59:59+02:00,950,865,23899,22478,39933,34174,46254,43414,61605,60874,78672,77882,56801,60882,37754,48615,11717,20899,6667,6406,13215,12982,15904,18107,33790,36762,61905,63364,51022,54633,35406,45480,11113,19871,529157,350484,76679,40924,109313,82722,12474,45,47
2021-06-27T23:59:59+02:00,936,852,23806,22386,39860,34111,46195,43355,61573,60837,78636,77851,56786,60870,37748,48608,11716,20894,6577,6331,12981,12839,15480,17869,32957,36116,61648,63165,50932,54563,35388,45458,11111,19867,528541,347580,76674,40659,109307,82565,12453,45,47
2021-06-26T23:59:59+02:00,935,852,23800,22380,39853,34108,46194,43354,61572,60836,78636,77851,56786,60870,37748,48607,11716,20894,6574,6324,12975,12826,15472,17862,32953,36115,61641,63163,50930,54557,35388,45458,11111,19866,528513,347515,76674,40658,109307,82564,12453,45,47
2021-06-25T23:59:59+02:00,912,826,23685,22265,39770,34021,46112,43283,61528,60789,78588,77830,56775,60856,37745,48604,11715,20892,6476,6211,12864,12693,15334,17701,32234,35454,61252,62839,50852,54473,35380,45437,11108,19865,527721,344500,76674,40646,109304,82548,12452,45,47
2021-06-24T23:59:59+02:00,845,768,23299,21838,39419,33711,45760,42981,61323,60595,78427,77693,56721,60801,37722,48574,11710,20882,6137,5911,12300,12228,14628,17016,28930,32736,58969,60985,50266,53875,35245,45229,11090,19817,524762,330681,76625,40382,109302,81933,12335,45,47
2021-06-23T23:59:59+02:00,740,674,22658,21176,38844,33124,45107,42271,60958,60204,78179,77441,56618,60665,37676,48521,11700,20862,5983,5720,11931,11882,14121,16487,25562,29974,57325,59457,49742,53337,35126,45055,11069,19774,519177,321249,76573,37440,109299,81499,12324,45,47
2021-06-22T23:59:59+02:00,679,610,22234,20732,38439,32703,44673,41804,60684,59919,77974,77202,56520,60554,37639,48448,11687,20840,5792,5583,11606,11622,13697,16112,21220,26442,55249,57756,49143,52734,34949,44839,11049,19730,515368,306887,76446,37386,109293,81025,12189,45,47
2021-06-21T23:59:59+02:00,642,569,21983,20495,38187,32472,44426,41528,60492,59707,77842,77061,56467,60470,37614,48407,11678,20824,5659,5473,11297,11425,13358,15850,19667,25209,54330,56987,46920,50279,34349,44117,11026,19671,513322,301562,76242,37318,109276,74720,11979,45,47
2021-06-20T23:59:59+02:00,613,550,21693,20200,37892,32196,44143,41274,60341,59539,77704,76914,56418,60427,37594,48390,11675,20817,5602,5428,11165,11337,13205,15722,19271,24884,54063,56804,45261,48294,33783,43482,11006,19651,510934,300934,76163,36566,109265,69449,11973,45,45
2021-06-19T23:59:59+02:00,611,550,21688,20188,37875,32191,44140,41270,60335,59535,77702,76911,56415,60426,37594,48389,11675,20817,5596,5419,11160,11334,13196,15716,19263,24876,54049,56792,45252,48284,33782,43482,11006,19651,510871,300850,76158,36563,109265,69436,11973,45,45
2021-06-18T23:59:59+02:00,597,536,21591,20077,37810,32136,44066,41184,60280,59489,77658,76869,56392,60404,37589,48376,11674,20816,5501,5253,10863,10797,12821,15133,18720,23857,53194,55485,45049,48121,33754,43433,11000,19639,510116,299276,76152,36562,109259,64774,11972,45,45
2021-06-17T23:59:59+02:00,512,444,20871,19362,37051,31501,43270,40430,59873,59122,77360,76614,56275,60275,37540,48309,11661,20791,5308,5040,10479,10241,12296,14358,17789,22496,51620,53542,43897,46772,33436,43036,10953,19555,504119,291951,76060,36434,109249,60609,11788,45,45
2021-06-16T23:59:59+02:00,405,366,20070,18406,36062,30565,42263,39454,59330,58640,76960,76296,56129,60117,37481,48222,11651,20768,5118,4884,9968,9920,11560,13862,16239,21191,47741,49993,42141,44766,32971,42465,10890,19429,496717,275777,75522,36234,109233,59424,11668,45,44
2021-06-15T23:59:59+02:00,295,263,19256,17550,35138,29707,41334,38568,58893,58202,76624,75968,55985,59947,37422,48152,11636,20734,4913,4757,9443,9659,10855,13391,14729,20002,43474,45901,40588,42922,32491,41843,10823,19301,489490,258594,75406,36200,109224,58754,11509,45,43
2021-06-14T23:59:59+02:00,191,172,18140,16314,33888,28434,39873,37160,58300,57638,76228,75626,55857,59802,37378,48081,11627,20719,4786,4663,9096,9449,10377,13073,13556,18995,40832,43344,39515,41773,32198,41442,10791,19216,479737,247415,74968,36174,109220,58023,11459,44,43
2021-06-13T23:59:59+02:00,150,133,17634,15909,33409,28030,39382,36778,58086,57457,76079,75524,55830,59762,37356,48059,11624,20710,4700,4614,8950,9377,10214,13005,12949,18541,40364,42951,39277,41550,32137,41358,10785,19202,476658,246451,74666,34748,109213,57409,11331,44,43
2021-06-12T23:59:59+02:00,150,133,17630,15890,33396,28021,39375,36774,58080,57454,76075,75522,55829,59760,37355,48059,11624,20710,4693,4609,8939,9372,10202,12998,12937,18528,40181,42804,39254,41535,32133,41356,10785,19201,476588,246016,74662,34748,109213,57398,11330,44,43
2021-06-11T23:59:59+02:00,148,133,17547,15832,33250,27952,39201,36719,57959,57416,76004,75496,55816,59755,37353,48056,11624,20709,4610,4417,8778,8811,10009,12278,12703,17456,39691,41506,39099,41404,32115,41320,10783,19200,476251,245524,74249,34746,109105,52554,11321,44,43
2021-06-10T23:59:59+02:00,133,113,16705,15115,31831,27035,37954,35808,57277,56957,75594,75224,55725,59663,37314,48011,11613,20691,4356,4223,8220,8315,9326,11519,11968,16389,36840,38466,38295,40600,31949,41138,10767,19170,472357,238455,71273,34614,108828,48176,10261,44,43
2021-06-09T23:59:59+02:00,111,87,15929,14407,30553,26131,36739,34923,56702,56570,75250,74997,55640,59556,37287,47966,11600,20671,4174,4070,7861,8128,8860,11300,11347,16009,31754,33600,36797,39066,31704,40869,10746,19121,467699,224534,68835,34490,108782,46591,9759,44,40
2021-06-08T23:59:59+02:00,84,69,15007,13537,29175,25039,35368,33911,56087,56166,74949,74776,55565,59476,37264,47934,11596,20661,4094,4006,7706,8012,8707,11186,11055,15803,28928,30787,35841,38130,31544,40673,10722,19088,463105,217057,65385,34433,108735,45365,9395,44,40
2021-06-07T23:59:59+02:00,76,56,14372,12951,27802,24226,34212,33131,55615,55909,74704,74664,55528,59436,37248,47923,11596,20657,4001,3932,7512,7887,8405,11053,10687,15557,24593,26406,34375,36596,31322,40406,10694,19060,459967,205270,62352,34368,108703,43776,9040,44,40
2021-06-06T23:59:59+02:00,75,53,14049,12758,27020,23805,33562,32712,55306,55744,74545,74595,55506,59412,37234,47914,11594,20656,3934,3896,7361,7843,8250,10969,10365,15356,21769,23528,33372,35516,31182,40252,10687,19045,458819,202480,60300,29122,108675,42990,8702,44,39
2021-06-05T23:59:59+02:00,75,51,14020,12730,26979,23764,33533,32693,55301,55734,74539,74588,55501,59407,37229,47912,11594,20656,3912,3882,7325,7822,8203,10952,10302,15314,20340,21975,32578,34636,31112,40171,10683,19038,458699,197506,60194,29119,108668,42888,8701,44,39
2021-06-04T23:59:59+02:00,69,47,13792,12469,26669,23449,33196,32384,55241,55653,74501,74568,55492,59402,37228,47910,11594,20655,3881,3853,7246,7743,8146,10875,10223,15191,20232,21858,32505,34581,31080,40134,10680,19035,456805,197424,60132,29107,108637,42000,8701,44,39
2021-06-03T23:59:59+02:00,51,42,13223,11980,25634,22763,32061,31635,54748,55320,74186,74375,55419,59321,37193,47878,11587,20638,3753,3761,6973,7573,7865,10703,9896,14954,18344,19996,30530,32275,30807,39803,10657,18987,452467,188833,58631,29087,108621,40638,8291,44,36
2021-06-02T23:59:59+02:00,37,30,12531,11226,24639,21862,30921,30681,54483,55055,73994,74234,55367,59239,37176,47856,11579,20631,3718,3741,6916,7518,7809,10655,9813,14863,17823,19448,28602,30101,30708,39660,10650,18976,446145,183302,58452,29086,108620,40304,8281,43,36
2021-06-01T23:59:59+02:00,23,16,11400,10339,22504,20424,28386,28785,53073,53993,72990,73451,55061,58913,37053,47682,11543,20569,3488,3567,6417,7211,7206,10232,8957,14261,15876,17631,24818,25848,30024,38777,10574,18822,436626,169296,53977,28950,108582,38460,6977,43,34
2021-05-31T23:59:59+02:00,18,12,10536,9672,20666,19253,26340,27276,51965,53144,72286,72902,54844,58650,36979,47577,11529,20533,3346,3415,6082,6966,6806,9935,8416,13906,14810,16655,23626,24476,29635,38290,10514,18728,429827,163555,49602,28913,108562,36965,6148,43,33
2021-05-30T23:59:59+02:00,16,9,10184,9324,19943,18755,25633,26696,51625,52862,72052,72705,54767,58572,36954,47549,11521,20524,3163,3223,5733,6699,6517,9692,8199,13700,14551,16384,23334,24159,29525,38184,10500,18700,427237,162729,49194,28856,108529,35965,4688,43,33
2021-05-29T23:59:59+02:00,16,9,10168,9312,19925,18728,25614,26670,51613,52858,72048,72695,54765,58567,36953,47549,11520,20524,3161,3215,5730,6695,6512,9690,8191,13692,14541,16379,23323,24151,29521,38179,10499,18699,427080,162659,49194,28854,108529,35952,4688,43,33
2021-05-28T23:59:59+02:00,16,9,10103,9216,19786,18559,25354,26440,51454,52683,71901,72564,54726,58517,36939,47529,11517,20511,3114,3139,5638,6554,6411,9488,8077,13415,14348,16102,23171,23996,29468,38116,10492,18690,425429,162270,49157,28853,108509,34385,4687,42,32
2021-05-27T23:59:59+02:00,16,9,8841,8013,17375,16744,22575,24286,50360,51870,71233,72073,54527,58293,36843,47434,11503,20481,2815,2806,4793,5931,5516,8705,7283,12427,13221,14911,22179,22961,29083,37663,10437,18603,413489,158448,48200,28591,108366,29892,2379,42,32
2021-05-26T23:59:59+02:00,15,9,8439,7597,16499,15939,21387,23276,49754,51323,70814,71686,54376,58128,36775,47356,11492,20451,2628,2633,4424,5595,5038,8199,6806,11779,12251,13930,21280,21929,28771,37220,10391,18518,407891,154593,47468,28503,108285,26642,1631,41,31
2021-05-25T23:59:59+02:00,15,9,7864,6993,15255,15055,19937,22102,49276,50922,70566,71501,54293,58041,36750,47328,11488,20441,2549,2530,4234,5465,4792,7972,6528,11469,11694,13399,19129,19759,28399,36684,10356,18469,401090,148910,47227,28490,108240,24767,1238,41,31
2021-05-24T23:59:59+02:00,15,9,7776,6892,15032,14928,19652,21922,49175,50803,70522,71461,54289,58035,36747,47325,11486,20438,2506,2467,4150,5299,4698,7728,6403,11185,11555,13158,19015,19646,28348,36638,10349,18458,399953,148759,47147,28447,108143,23152,1223,41,30
2021-05-23T23:59:59+02:00,14,9,7760,6879,14996,14911,19598,21895,49165,50801,70518,71455,54287,58031,36747,47323,11486,20438,2503,2463,4143,5294,4688,7724,6398,11172,11534,13135,18874,19448,28317,36599,10347,18456,399766,148270,47147,28445,108143,23143,1216,41,29
2021-05-22T23:59:59+02:00,14,9,7757,6871,14986,14899,19587,21888,49165,50799,70515,71455,54287,58030,36747,47323,11486,20438,2501,2456,4136,5288,4686,7724,6395,11169,11525,13132,18861,19442,28316,36599,10347,18456,399711,148233,47147,28445,108143,23119,1214,41,29
2021-05-21T23:59:59+02:00,14,8,7683,6774,14856,14764,19382,21728,48924,50565,70374,71349,54260,58003,36740,47316,11480,20432,2430,2372,4049,5149,4583,7511,6272,10872,11353,12843,18795,19376,28300,36569,10344,18454,398139,147981,47144,28444,108118,21614,1211,40,29
2021-05-20T23:59:59+02:00,14,8,7410,6481,14269,14241,18446,20853,46241,48209,69219,70373,53902,57635,36632,47174,11449,20401,2168,2210,3687,4784,4140,6963,5717,10039,10266,11743,17518,18081,27795,35971,10270,18307,387141,142727,46977,28154,107810,17763,993,36,29
2021-05-19T23:59:59+02:00,13,7,7170,6259,13607,13760,17178,19854,42251,44726,67729,69065,53448,57109,36468,46946,11412,20350,2092,2010,3522,4445,3892,6439,5272,9354,9272,10627,16042,16432,27100,35056,10144,18098,372366,135563,46404,28011,107573,15238,973,36,19
2021-05-18T23:59:59+02:00,13,5,6973,6080,13062,13330,16082,18996,37530,40706,66276,67740,52892,56570,36317,46722,11371,20294,2045,1880,3384,4255,3706,6122,4937,8872,8405,9755,14458,14696,26392,34204,10054,17926,356260,128927,46340,27448,107414,13795,909,36,19
2021-05-17T23:59:59+02:00,13,5,6839,5986,12739,13082,15585,18606,35350,38840,65439,66957,52619,56255,36234,46613,11357,20257,1974,1818,3196,4074,3485,5892,4614,8500,7628,9055,11197,10678,25482,33054,9973,17758,352539,123711,42063,21360,107334,12491,804,36,19
2021-05-16T23:59:59+02:00,13,5,6776,5902,12613,12928,15412,18438,34859,38370,65253,66787,52562,56192,36221,46585,11352,20252,1916,1721,3092,3951,3405,5790,4509,8355,7445,8867,9005,8079,25000,32371,9939,17701,351058,122570,41554,16008,107298,11981,575,35,19
2021-05-15T23:59:59+02:00,13,5,6771,5893,12607,12922,15408,18432,34852,38367,65251,66785,52562,56191,36221,46585,11352,20252,1915,1720,3089,3945,3400,5787,4504,8352,7443,8864,9003,8077,24999,32371,9939,17701,351012,122539,41554,16008,107296,11978,572,35,19
2021-05-14T23:59:59+02:00,13,5,6574,5796,12364,12860,15176,18340,33877,37575,64715,66376,52466,56104,36204,46551,11350,20247,1799,1632,2978,3876,3343,5679,4454,8206,7395,8735,8996,8071,24998,32371,9939,17700,347641,122481,41522,16004,106835,11115,561,34,18
2021-05-13T23:59:59+02:00,13,5,6327,5609,11960,12606,14610,17890,30345,34786,62239,64299,51835,55430,36068,46332,11338,20199,1756,1592,2922,3799,3311,5587,4411,8103,7312,8616,8957,8012,24979,32329,9934,17696,333652,122230,41297,15980,106410,10596,498,34,18
2021-05-12T23:59:59+02:00,13,5,6310,5585,11887,12543,14501,17781,29709,34210,61732,63846,51662,55257,36032,46287,11331,20186,1756,1589,2920,3798,3306,5587,4409,8102,7310,8610,8950,8009,24979,32327,9934,17695,330657,122207,41285,15969,106405,10595,498,32,18
2021-05-11T23:59:59+02:00,12,5,5988,5450,11445,12267,13955,17399,25450,30721,59351,61843,51001,54579,35844,46044,11310,20123,1714,1474,2817,3536,3185,5211,4270,7659,7158,8288,8866,7926,24950,32287,9931,17684,315731,121967,41232,15783,105422,8821,373,29,18
2021-05-10T23:59:59+02:00,12,5,5860,5376,11282,12153,13735,17230,21981,27961,58104,60727,50638,54227,35752,45921,11295,20092,1676,1377,2731,3306,3084,4878,4159,7169,7036,7851,8825,7866,24938,32266,9929,17680,305812,121820,41072,15634,105131,6998,307,29,18
2021-05-09T23:59:59+02:00,12,5,5783,5344,11193,12088,13634,17149,20378,26780,57639,60341,50535,54128,35726,45880,11288,20087,1659,1355,2673,3182,3033,4738,4114,7049,6985,7757,8814,7854,24931,32260,9928,17680,305242,121777,37499,15588,104927,6341,294,28,18
2021-05-08T23:59:59+02:00,12,5,5780,5341,11182,12084,13624,17140,20370,26774,57630,60335,50532,54120,35722,45877,11286,20084,1658,1355,2673,3180,3033,4738,4111,7046,6984,7756,8813,7854,24930,32258,9928,17680,305152,121762,37498,15588,104926,6341,294,28,18
2021-05-07T23:59:59+02:00,12,5,5740,5306,11117,12035,13516,17061,19916,26418,56632,59524,50403,53990,35692,45846,11283,20070,1554,1312,2593,3135,2991,4709,4077,7023,6962,7724,8805,7846,24928,32257,9928,17679,301987,121727,37481,15580,104782,5915,289,27,18
2021-05-06T23:59:59+02:00,12,5,5488,5194,10603,11727,12810,16608,18618,25429,52371,55867,49208,52611,35363,45445,11232,19969,1330,1180,2357,2963,2823,4544,3926,6823,6812,7573,8731,7767,24908,32222,9925,17672,286854,121461,37295,15442,104226,4479,162,23,18
2021-05-05T23:59:59+02:00,12,5,5229,5095,10108,11493,12055,16158,17285,24449,48011,51726,47541,50696,34927,44875,11157,19849,1284,1086,2294,2835,2739,4365,3832,6584,6705,7374,8616,7673,24846,32147,9919,17656,269693,120980,37069,15397,103839,3519,47,23,18
2021-05-04T23:59:59+02:00,12,5,5145,5010,9793,11280,11603,15770,16308,23582,46139,49697,46474,49393,34554,44389,11091,19741,1272,1067,2265,2794,2698,4280,3780,6476,6633,7298,8573,7634,24826,32130,9918,17651,259334,120763,37045,15335,103560,3161,24,23,18
2021-05-03T23:59:59+02:00,12,5,5042,4923,9443,11109,11142,15507,15247,22719,44566,48079,45594,48443,34334,44043,11063,19651,1257,1041,2233,2762,2656,4216,3732,6422,6558,7244,8003,6944,23082,29800,9780,17414,250315,114943,37036,15253,103532,2920,16,23,18
2021-05-02T23:59:59+02:00,12,5,4979,4904,9328,11073,10996,15446,14633,22230,44047,47669,45454,48277,34285,43981,11057,19640,1253,1036,2215,2759,2643,4208,3703,6408,6538,7230,7814,6700,21106,27390,9733,17326,249105,114920,35399,10241,103478,2877,11,23,18
2021-05-01T23:59:59+02:00,12,5,4979,4902,9323,11069,10993,15443,14629,22226,44045,47665,45453,48277,34285,43981,11057,19640,1252,1036,2215,2759,2643,4208,3702,6408,6537,7230,7814,6699,21106,27390,9733,17326,249075,114917,35399,10241,103476,2876,11,23,18
2021-04-30T23:59:59+02:00,12,5,4932,4879,9257,11054,10938,15418,14553,22200,42564,46252,45119,47946,34248,43929,11052,19630,1043,941,2018,2669,2544,4147,3616,6348,6474,7171,7807,6682,21105,27388,9733,17326,245091,114908,35399,10238,103464,1843,11,23,17
2021-04-29T23:59:59+02:00,12,5,4690,4797,8786,10903,10333,15246,13867,21992,37628,41935,44108,46918,34127,43811,11048,19600,861,862,1844,2590,2458,4081,3508,6277,6405,7123,7785,6663,21100,27382,9733,17326,231352,114875,35296,10134,103124,966,11,23,17
2021-04-28T23:59:59+02:00,12,5,4514,4762,8536,10818,9982,15156,13513,21837,32985,37433,42863,45666,34001,43663,11034,19582,819,832,1806,2544,2425,4005,3472,6168,6356,7032,7766,6644,21088,27369,9728,17319,218139,114792,35278,10086,102914,474,10,21,16
2021-04-27T23:59:59+02:00,11,4,4284,4547,8192,10370,9596,14572,13044,21189,31858,36309,42583,45385,33985,43635,11030,19579,791,818,1772,2520,2407,3987,3454,6149,6321,7005,7755,6636,21083,27364,9725,17313,215420,114734,35268,10055,99454,290,10,21,16
2021-04-26T23:59:59+02:00,11,4,4262,4519,8117,10332,9488,14517,12895,21129,27449,31929,41365,44163,33905,43535,11017,19568,759,807,1742,2501,2378,3967,3431,6128,6270,6959,7707,6587,21052,27333,9725,17306,203545,114534,35259,10011,99371,86,10,20,16
2021-04-25T23:59:59+02:00,11,4,4239,4506,8085,10305,9425,14485,12802,21083,25482,29888,40665,43402,33858,43477,11013,19563,747,799,1730,2487,2360,3952,3407,6107,6238,6930,7687,6571,21035,27312,9724,17302,202880,114508,30148,9778,99236,82,9,20,16
2021-04-24T23:59:59+02:00,11,4,4220,4495,8055,10277,9384,14469,12750,21062,23980,28225,39907,42561,33793,43401,11010,19557,746,798,1727,2485,2359,3948,3407,6103,6238,6927,7685,6568,21034,27312,9724,17302,197816,114487,30148,9777,99168,79,9,20,16
2021-04-23T23:59:59+02:00,10,4,3955,4343,7587,9983,8956,14114,12188,20660,23500,27925,39820,42499,33772,43367,11004,19550,732,788,1710,2472,2339,3932,3384,6080,6216,6908,7671,6550,21029,27301,9724,17301,197467,114472,30133,9578,95610,67,9,18,16
2021-04-22T23:59:59+02:00,10,4,3863,4285,7397,9868,8678,13921,11744,20332,21175,25566,37068,39261,33247,42700,10933,19430,719,779,1681,2442,2281,3875,3313,6008,6108,6812,7592,6463,20976,27257,9721,17286,184459,114353,29944,8877,95052,65,9,18,14
2021-04-21T23:59:59+02:00,10,4,3835,4253,7268,9790,8496,13750,11411,20043,19917,24362,33861,35550,32766,42000,10871,19304,695,761,1647,2414,2237,3850,3279,5975,6066,6772,7563,6436,20957,27233,9718,17282,172716,114242,29772,8564,94976,61,9,18,14
2021-04-20T23:59:59+02:00,10,4,3801,4226,7162,9721,8282,13593,11045,19746,18824,23215,30555,31906,32293,41403,10814,19197,687,751,1632,2402,2204,3828,3236,5930,6025,6731,7523,6391,20932,27210,9712,17279,161105,114087,29749,8309,94916,59,9,18,14
2021-04-19T23:59:59+02:00,10,4,3782,4209,7088,9683,8164,13483,10790,19560,18161,22555,29685,30781,32002,41040,10772,19123,679,746,1610,2388,2180,3798,3201,5897,5991,6700,7479,6358,20901,27182,9710,17275,156281,113955,29731,8065,94853,57,9,18,14
2021-04-18T23:59:59+02:00,10,4,3779,4203,7072,9669,8149,13465,10755,19535,18074,22473,29564,30656,31974,41018,10769,19115,677,742,1595,2376,2163,3783,3176,5871,5962,6677,7457,6345,20883,27160,9707,17272,155791,113896,29664,7876,94803,56,9,17,14
2021-04-17T23:59:59+02:00,10,4,3778,4201,7070,9667,8146,13465,10749,19528,18061,22462,29541,30643,31972,41016,10769,19115,676,742,1594,2375,2161,3782,3173,5870,5960,6675,7457,6345,20883,27160,9707,17272,155711,113883,29663,7876,94797,55,9,17,14
2021-04-16T23:59:59+02:00,10,4,3611,4163,6725,9538,7778,13278,10352,19283,17607,22187,29338,30485,31890,40927,10755,19096,664,724,1582,2360,2134,3767,3119,5833,5918,6625,7365,6255,20470,26595,9677,17211,154962,112558,29655,7671,92384,52,9,17,14
2021-04-15T23:59:59+02:00,10,4,3510,4084,6374,9166,7201,12778,9575,18450,16286,20960,28143,29193,31371,40287,10676,18923,634,701,1530,2322,2053,3680,3009,5713,5591,6387,6868,5867,19737,25678,9581,17043,149232,109199,29362,7130,88371,47,9,17,14
2021-04-14T23:59:59+02:00,9,4,3457,4034,6141,8929,6870,12400,8955,17900,15166,19929,26736,27692,30742,39411,10569,18728,600,675,1484,2284,1978,3602,2867,5590,5282,6152,6326,5359,18722,24395,9496,16870,142440,104949,29163,6674,86044,41,9,16,14
2021-04-13T23:59:59+02:00,9,4,3425,4002,6050,8851,6722,12270,8653,17654,14369,19238,23400,24140,29814,38236,10465,18556,595,666,1471,2262,1948,3568,2772,5519,5066,5968,5963,5018,18423,24051,9457,16804,130844,102851,29153,6643,85836,40,9,16,13
2021-04-12T23:59:59+02:00,9,4,3403,3981,6000,8792,6634,12186,8435,17460,13752,18709,22399,22989,29390,37678,10396,18434,585,658,1461,2254,1925,3547,2716,5470,4918,5864,5644,4737,18130,23748,9419,16744,125766,101266,29134,6497,85726,40,9,16,13
2021-04-11T23:59:59+02:00,9,4,3397,3975,5982,8768,6606,12169,8395,17437,13663,18649,22269,22841,29341,37616,10387,18410,582,653,1448,2244,1912,3539,2699,5453,4880,5827,5585,4678,17957,23514,9398,16715,125233,100602,29067,6425,85593,40,9,16,13
2021-04-10T23:59:59+02:00,9,4,3389,3974,5959,8767,6584,12168,8373,17436,13639,18647,22264,22838,29337,37615,10387,18410,581,651,1442,2237,1907,3536,2693,5445,4864,5819,5573,4661,17794,23260,9384,16691,125212,100089,28976,6393,85588,40,8,16,13
2021-04-09T23:59:59+02:00,8,4,3351,3962,5911,8755,6526,12149,8334,17409,13588,18601,20313,20430,28856,37000,10357,18361,568,638,1416,2215,1880,3512,2651,5409,4793,5757,5457,4558,17217,22527,9346,16620,124518,98323,23868,6194,85507,32,7,15,13
2021-04-08T23:59:59+02:00,8,4,3327,3943,5842,8724,6451,12111,8244,17346,13444,18482,17721,17367,28336,36335,10320,18311,526,608,1327,2133,1786,3415,2473,5225,4298,5393,4652,3951,15437,20298,9160,16318,123651,91341,18013,5623,84631,22,6,15,13
2021-04-07T23:59:59+02:00,6,4,3249,3915,5632,8674,6244,12051,8035,17271,13183,18386,15056,14299,27660,35537,10290,18258,503,580,1274,2078,1691,3335,2320,5085,3890,5063,3937,3386,14585,19433,9048,16137,123442,87037,16479,5276,77809,19,5,15,13
2021-04-06T23:59:59+02:00,5,4,3221,3905,5586,8655,6174,12028,7948,17235,13110,18315,13074,11936,27028,34823,10277,18228,472,557,1206,2023,1606,3253,2158,4966,3520,4787,3412,2976,13744,18433,8974,16021,123315,83405,16277,4677,71940,15,5,15,11
2021-04-05T23:59:59+02:00,5,4,3219,3902,5550,8641,6137,12016,7903,17218,13038,18279,13029,11890,27017,34807,10276,18225,440,527,1154,1986,1555,3212,2090,4912,3432,4711,3355,2924,13601,18262,8965,16003,123290,82914,16069,4190,71778,15,4,15,11
2021-04-04T23:59:59+02:00,5,4,3218,3900,5550,8639,6135,12015,7902,17216,13038,18279,13026,11890,27016,34807,10276,18225,439,526,1153,1986,1555,3212,2089,4912,3432,4711,3355,2924,13600,18262,8965,16003,123280,82909,16069,4190,71773,15,4,15,11
2021-04-03T23:59:59+02:00,5,4,3217,3900,5550,8638,6135,12015,7902,17216,13038,18279,13026,11889,27015,34804,10276,18225,439,524,1153,1986,1554,3212,2089,4911,3426,4708,3349,2913,13513,18126,8956,15987,123275,82631,16069,4190,71771,15,4,15,11
2021-04-02T23:59:59+02:00,5,4,3217,3897,5547,8633,6131,12006,7894,17203,13012,18248,12980,11837,26987,34785,10273,18221,436,517,1151,1982,1542,3203,2079,4889,3396,4675,3318,2884,12584,16880,8891,15879,123109,80174,16066,4109,71686,15,4,15,9
2021-04-01T23:59:59+02:00,5,4,3202,3883,5508,8613,6064,11974,7824,17168,12901,18176,12865,11710,26929,34709,10264,18206,389,473,1054,1915,1442,3115,1929,4776,3194,4543,3086,2684,10557,14289,8782,15704,122794,74590,15943,3320,71251,15,3,14,9
2021-03-31T23:59:59+02:00,5,4,3201,3870,5491,8579,6031,11938,7781,17123,12820,18107,12751,11587,26878,34647,10256,18197,351,451,1018,1873,1370,3075,1825,4673,2940,4347,2675,2369,7987,11062,8606,15465,122483,67086,15903,2980,70864,14,3,13,8
2021-03-30T23:59:59+02:00,5,4,3194,3859,5466,8551,5999,11907,7742,17083,12743,18041,12664,11450,26841,34599,10251,18187,330,432,995,1841,1310,3040,1701,4594,2694,4175,2309,2122,7106,9978,8540,15338,122352,63782,15871,2703,70348,14,2,13,8
2021-03-29T23:59:59+02:00,5,4,3182,3855,5437,8532,5963,11873,7698,17050,12669,17964,12019,10693,24975,32113,10102,17932,324,429,988,1826,1290,3015,1666,4556,2548,4090,2022,1974,6456,9270,8496,15260,116366,61492,15701,2700,69984,12,2,13,8
2021-03-28T23:59:59+02:00,5,4,3152,3839,5389,8494,5913,11830,7617,16995,12559,17894,11756,10390,22991,29652,10047,17833,323,427,986,1825,1282,3011,1662,4554,2536,4082,1997,1954,6433,9255,8494,15255,116307,61362,10522,2698,69516,12,2,13,6
2021-03-27T23:59:59+01:00,5,4,3140,3835,5350,8483,5877,11815,7570,16980,12513,17847,11722,10347,22987,29644,10047,17833,323,427,986,1825,1282,3011,1661,4552,2534,4080,1995,1952,6385,9180,8462,15206,116239,61147,10521,2698,69224,12,2,13,6
2021-03-26T23:59:59+01:00,5,4,3004,3511,4899,7328,5382,10495,6959,14934,11704,15570,11502,10166,22504,28918,10002,17762,322,423,982,1822,1276,3006,1658,4550,2529,4073,1987,1946,6255,8992,8320,15021,114692,60470,10267,2686,59675,2,2,13,6
2021-03-25T23:59:59+01:00,5,3,2878,3244,4739,6563,5156,9348,6635,13214,10980,13769,10647,9365,21788,28079,9929,17607,317,414,976,1813,1261,2987,1639,4515,2492,4024,1921,1887,5964,8564,8048,14575,111788,58710,9581,2682,52565,1,2,13,6
2021-03-24T23:59:59+01:00,5,3,2831,3200,4663,6502,5022,9242,6429,13043,10469,13363,9814,8544,20777,26823,9832,17426,315,409,968,1807,1244,2976,1624,4491,2445,3969,1854,1813,5603,8091,7638,13908,107782,56482,9233,2670,50961,1,0,12,6
2021-03-23T23:59:59+01:00,5,3,2803,3167,4595,6436,4911,9148,6219,12882,10012,12941,9100,7877,20269,26221,9780,17321,303,396,950,1798,1229,2955,1596,4470,2395,3921,1780,1748,5326,7712,7251,13291,105406,54449,8901,2669,49371,1,0,12,6
2021-03-22T23:59:59+01:00,5,3,2785,3128,4535,6398,4836,9080,6080,12745,9651,12670,8499,7312,19855,25788,9720,17228,301,393,938,1792,1215,2941,1583,4457,2370,3897,1755,1727,5189,7538,6809,12477,103932,52714,8644,2664,47730,1,0,12,5
2021-03-21T23:59:59+01:00,5,3,2778,3113,4490,6376,4785,9043,5988,12677,9463,12483,8194,7056,19688,25622,9708,17203,301,393,937,1792,1213,2941,1582,4456,2367,3897,1748,1721,5180,7533,6779,12420,103733,52609,8414,2647,46516,1,0,12,5
2021-03-20T23:59:59+01:00,5,3,2778,3108,4482,6371,4778,9040,5984,12669,9443,12469,8161,7025,19514,25345,9692,17177,301,393,937,1791,1212,2941,1581,4455,2363,3889,1736,1708,5167,7484,6603,12184,103176,52118,8402,2623,46454,1,0,12,5
2021-03-19T23:59:59+01:00,5,3,2743,3084,4409,6327,4669,8990,5844,12611,9177,12281,7858,6801,19031,24755,9660,17118,301,393,936,1790,1212,2938,1578,4454,2357,3884,1720,1699,5131,7441,6201,11568,101874,50996,8160,2603,45320,1,0,12,5
2021-03-18T23:59:59+01:00,5,3,2677,3010,4246,6192,4421,8785,5486,12305,8273,11611,6599,5789,17780,23399,9511,16893,298,388,931,1780,1198,2925,1539,4438,2292,3839,1642,1657,5060,7334,5471,10460,96989,48689,7618,2561,42366,0,0,12,4
2021-03-17T23:59:59+01:00,5,3,2639,2972,4167,6094,4283,8677,5232,12029,7598,11044,5615,4896,16436,21869,9346,16639,294,386,927,1773,1194,2917,1523,4417,2226,3815,1577,1612,5015,7271,4899,9582,91586,46920,7116,2506,40830,0,0,12,4
2021-03-16T23:59:59+01:00,5,3,2619,2943,4104,6027,4191,8581,5056,11873,7148,10656,4853,4281,15587,20892,9245,16472,290,384,924,1768,1191,2910,1515,4407,2204,3796,1547,1595,4978,7228,4398,8777,87962,45483,7080,2427,39483,0,0,11,4
2021-03-15T23:59:59+01:00,5,3,2616,2932,4088,6009,4160,8555,5007,11826,7030,10542,4707,4120,15269,20482,9216,16413,288,380,923,1762,1185,2903,1501,4398,2183,3774,1507,1578,4920,7155,3821,7917,87196,43901,6983,2292,38790,0,0,11,4
2021-03-14T23:59:59+01:00,5,2,2611,2923,4067,5990,4130,8536,4965,11793,6936,10454,4603,4007,15139,20312,9200,16377,286,379,923,1760,1179,2896,1496,4387,2172,3767,1497,1572,4912,7147,3816,7904,86890,43840,6965,2251,38185,0,0,10,4
2021-03-13T23:59:59+01:00,5,2,2607,2916,4062,5978,4122,8530,4957,11784,6916,10441,4581,3981,14823,19874,9180,16341,286,379,923,1760,1179,2896,1496,4387,2172,3767,1497,1572,4912,7146,3816,7904,86005,43839,6943,2251,38142,0,0,10,4
2021-03-12T23:59:59+01:00,5,2,2544,2840,3951,5808,4003,8309,4820,11485,6738,10171,4428,3843,13902,18618,9119,16240,286,378,921,1757,1179,2893,1494,4382,2171,3760,1490,1570,4905,7127,3814,7889,83544,43764,6881,2250,36393,0,0,8,4
2021-03-11T23:59:59+01:00,4,2,2419,2615,3725,5481,3747,7871,4495,10722,6111,9361,3912,3343,12300,16625,9021,16093,286,377,917,1753,1176,2879,1485,4370,2159,3733,1450,1542,4864,7092,3802,7862,79224,43616,6719,2129,31896,0,0,8,4
2021-03-10T23:59:59+01:00,4,2,2297,2482,3574,5248,3553,7548,4227,10235,5558,8793,3341,2901,10033,13914,8876,15867,283,373,913,1744,1169,2868,1481,4354,2137,3718,1421,1534,4834,7077,3793,7854,72932,43550,6548,2001,28965,0,0,8,4
2021-03-09T23:59:59+01:00,4,2,2271,2430,3508,5162,3441,7459,4056,10040,5166,8442,2862,2545,8527,11901,8774,15718,282,372,913,1738,1162,2859,1477,4346,2129,3707,1407,1529,4826,7072,3790,7852,68084,43509,6398,1950,27818,0,0,8,4
2021-03-08T23:59:59+01:00,4,2,2247,2357,3451,5095,3368,7375,3933,9929,4874,8253,2415,2285,6610,9503,8655,15544,282,369,912,1728,1156,2843,1471,4335,2126,3700,1396,1522,4810,7052,3783,7843,62410,43402,6064,1924,27418,0,0,8,4
2021-03-07T23:59:59+01:00,4,2,2184,2301,3355,4987,3272,7286,3836,9842,4739,8158,2364,2234,6588,9482,8655,15536,282,368,911,1728,1156,2842,1471,4335,2126,3700,1396,1522,4809,7052,3783,7843,62283,43400,5383,1922,27151,0,0,8,4
2021-03-06T23:59:59+01:00,4,2,2176,2288,3343,4978,3268,7281,3827,9833,4728,8155,2362,2232,6542,9412,8623,15487,282,368,910,1724,1155,2841,1471,4332,2122,3695,1395,1517,4803,7047,3781,7834,62074,43353,5323,1922,27136,0,0,8,4
2021-03-05T23:59:59+01:00,4,2,2045,2203,3119,4790,3029,6970,3550,9439,4399,7819,2275,2171,6335,9094,8432,15226,282,366,908,1721,1155,2840,1470,4326,2119,3689,1389,1515,4797,7041,3780,7828,61096,43302,4484,1922,25314,0,0,8,4
2021-03-04T23:59:59+01:00,4,2,1792,1983,2710,4358,2573,6330,2986,8536,3714,7007,2062,2011,6044,8728,8158,14773,279,365,907,1713,1153,2823,1469,4310,2110,3677,1378,1513,4786,7027,3773,7817,59461,43179,3212,1919,21090,0,0,8,4
2021-03-03T23:59:59+01:00,4,2,1720,1895,2604,4173,2440,6103,2846,8250,3528,6743,1980,1934,5706,8254,7806,14193,278,361,907,1703,1151,2800,1465,4286,2105,3662,1353,1502,4781,7021,3769,7810,57462,43034,3069,1919,19642,0,0,8,3
2021-03-02T23:59:59+01:00,4,2,1684,1814,2536,4055,2359,5953,2741,8069,3414,6591,1908,1867,5398,7818,7407,13525,276,356,904,1684,1148,2779,1462,4267,2104,3651,1328,1496,4771,7005,3763,7803,55381,42877,2827,1919,18929,0,0,8,3
2021-03-01T23:59:59+01:00,2,2,1674,1787,2497,3947,2311,5838,2705,7968,3361,6513,1868,1847,5260,7655,6937,12663,275,354,900,1678,1146,2767,1460,4254,2102,3636,1323,1491,4768,7003,3762,7797,53531,42796,2816,1919,18480,0,0,8,3
2021-02-28T23:59:59+01:00,2,2,1657,1749,2462,3876,2281,5783,2662,7889,3334,6465,1862,1843,5252,7650,6902,12604,275,354,899,1678,1146,2767,1460,4253,2102,3635,1323,1491,4768,7002,3762,7797,53409,42793,2814,1918,18044,0,0,8,3
2021-02-27T23:59:59+01:00,2,2,1655,1743,2458,3868,2277,5783,2661,7888,3331,6462,1856,1833,5243,7606,6732,12385,275,354,889,1673,1136,2760,1450,4244,2085,3626,1322,1488,4768,7001,3762,7797,52946,42789,2814,1840,18017,0,0,8,3
2021-02-26T23:59:59+01:00,2,1,1466,1586,2334,3626,2200,5378,2569,7384,3244,6004,1841,1808,5218,7573,6473,11996,274,352,882,1666,1128,2741,1444,4222,2075,3612,1315,1479,4761,6989,3759,7785,52203,42712,2794,1772,15698,0,0,8,2
2021-02-25T23:59:59+01:00,2,1,1250,1309,2114,3191,2027,4628,2372,6439,3004,5105,1752,1737,5168,7494,5904,11155,272,344,875,1606,1094,2646,1411,4112,2019,3537,1278,1458,4719,6948,3741,7733,50335,42249,2782,1544,11528,0,0,7,2
2021-02-24T23:59:59+01:00,2,1,1197,1098,2007,2924,1922,4290,2239,6034,2833,4836,1678,1682,5110,7404,5149,9978,270,338,837,1559,1044,2555,1350,3996,1930,3409,1238,1431,4704,6922,3731,7716,48009,41992,2770,1038,9598,0,0,7,2
2021-02-23T23:59:59+01:00,2,1,1182,1048,1974,2860,1896,4191,2213,5949,2799,4775,1670,1667,5075,7356,4519,8959,270,337,810,1532,996,2503,1297,3918,1824,3334,1187,1405,4681,6897,3720,7682,46242,41795,2744,598,9143,0,0,7,2
2021-02-22T23:59:59+01:00,2,1,1174,1006,1924,2717,1852,4046,2158,5754,2745,4669,1659,1656,5041,7307,3916,8075,268,327,767,1493,942,2420,1209,3810,1685,3237,1098,1348,4641,6828,3694,7579,44635,41337,2725,9,8336,0,0,6,2
2021-02-21T23:59:59+01:00,2,1,1172,992,1894,2655,1826,3949,2131,5650,2725,4606,1652,1650,5038,7298,3916,8071,266,325,762,1487,934,2388,1207,3774,1672,3197,1089,1333,4625,6803,3672,7538,44582,41063,2715,9,7925,0,0,6,2
2021-02-20T23:59:59+01:00,2,1,1172,992,1894,2654,1825,3949,2131,5650,2723,4601,1643,1641,5034,7292,3914,8068,266,325,762,1486,933,2384,1206,3770,1671,3195,1089,1333,4573,6742,3626,7480,44567,40833,2690,8,7923,0,0,6,2
2021-02-19T23:59:59+01:00,2,1,1172,989,1891,2649,1824,3940,2130,5641,2720,4598,1624,1633,5021,7275,3911,8063,265,324,758,1476,924,2360,1199,3727,1644,3142,1062,1295,4383,6489,3449,7190,44488,39679,2671,8,7919,0,0,6,2
2021-02-18T23:59:59+01:00,2,1,1140,907,1852,2530,1786,3803,2077,5437,2658,4425,1609,1617,5005,7242,3906,8037,237,295,713,1352,877,2155,1112,3390,1528,2846,953,1108,3900,5719,3057,6342,44338,35576,2638,8,7052,0,0,6,2
2021-02-17T23:59:59+01:00,2,1,1091,778,1771,2298,1710,3506,1968,5077,2583,4177,1585,1608,4985,7228,3898,8034,232,292,703,1334,868,2133,1100,3355,1509,2825,947,1105,3518,5198,2768,5923,44298,33802,2582,8,5414,0,0,6,2
2021-02-16T23:59:59+01:00,2,1,1050,741,1714,2196,1642,3334,1898,4870,2504,4071,1550,1594,4958,7207,3889,8022,226,286,689,1300,847,2079,1069,3237,1470,2739,923,1082,3168,4653,2429,5433,44244,31625,2420,5,4573,0,0,6,2
2021-02-15T23:59:59+01:00,2,1,1043,722,1694,2119,1623,3234,1879,4761,2490,3994,1522,1580,4929,7190,3857,7966,214,276,674,1266,828,2029,1049,3171,1428,2674,893,1051,2750,4102,2104,4872,44115,29377,2338,4,4147,0,0,6,2
2021-02-14T23:59:59+01:00,2,1,947,688,1616,2085,1561,3215,1836,4739,2455,3981,1515,1578,4920,7178,3854,7961,207,264,665,1248,810,1989,1033,3105,1398,2606,864,1006,2661,3964,2033,4689,44073,28539,2303,3,3751,0,0,5,2
2021-02-13T23:59:59+01:00,2,1,894,664,1586,2062,1546,3206,1820,4732,2447,3980,1514,1577,4920,7178,3853,7960,205,263,663,1248,810,1985,1033,3103,1397,2604,863,1006,2558,3839,1968,4589,44067,28131,2303,3,3567,0,0,5,2
2021-02-12T23:59:59+01:00,2,1,559,516,1238,1945,1374,3103,1680,4649,2340,3910,1495,1569,4911,7167,3846,7954,193,257,649,1222,796,1941,1007,3018,1342,2504,801,932,2334,3530,1826,4288,43954,26638,2303,2,1997,0,0,5,2
2021-02-11T23:59:59+01:00,2,1,393,439,1049,1832,1272,2984,1583,4536,2252,3821,1388,1524,4849,7118,3825,7908,155,193,549,978,662,1496,807,2346,1064,1911,562,685,1740,2660,1348,3100,43603,20257,2104,1,1064,0,0,5,0
2021-02-10T23:59:59+01:00,2,1,280,367,923,1727,1172,2862,1489,4352,2139,3698,1350,1512,4830,7107,3820,7906,133,131,378,617,491,1007,638,1738,897,1577,542,669,1335,2103,1037,2606,43528,15901,2000,0,5,0,0,4,0
2021-02-09T23:59:59+01:00,2,1,280,366,922,1721,1169,2853,1489,4346,2138,3693,1343,1509,4828,7105,3819,7904,130,129,369,587,472,980,617,1709,872,1547,540,666,955,1638,759,2204,43503,14176,1977,0,4,0,0,4,0
2021-02-08T23:59:59+01:00,2,1,280,364,921,1719,1166,2843,1482,4340,2136,3689,1338,1505,4826,7105,3818,7901,125,123,358,576,464,963,606,1678,854,1521,532,661,566,1153,458,1781,43474,12421,1954,0,4,0,0,4,0
2021-02-07T23:59:59+01:00,2,1,280,364,919,1719,1165,2843,1480,4338,2136,3689,1338,1505,4826,7104,3817,7901,121,120,354,570,463,956,603,1666,844,1505,524,658,565,1143,453,1766,43470,12313,1953,0,0,0,0,4,0
2021-02-06T23:59:59+01:00,2,1,280,364,919,1719,1165,2843,1480,4338,2136,3689,1338,1505,4826,7104,3817,7901,118,117,352,566,462,955,603,1664,844,1504,523,657,565,1143,453,1766,43470,12294,1953,0,0,0,0,4,0
2021-02-05T23:59:59+01:00,2,1,280,363,918,1719,1165,2842,1478,4337,2135,3689,1338,1505,4825,7102,3817,7898,117,109,349,562,454,942,599,1654,830,1481,518,647,559,1127,443,1744,43457,12137,1953,0,0,0,0,4,0
2021-02-04T23:59:59+01:00,2,1,276,358,911,1681,1158,2796,1478,4284,2122,3646,1332,1498,4797,7072,3806,7870,88,72,233,389,330,684,470,1264,621,1112,388,513,468,920,386,1502,43133,9441,1952,0,0,0,0,3,0
2021-02-03T23:59:59+01:00,2,1,274,349,906,1656,1154,2761,1467,4234,2113,3610,1324,1482,4775,7043,3794,7845,54,34,81,165,152,339,228,593,297,540,208,275,270,574,223,946,42835,4980,1952,0,0,0,0,3,0
2021-02-02T23:59:59+01:00,2,1,273,347,905,1644,1150,2742,1464,4202,2106,3584,1316,1476,4768,7029,3787,7823,15,10,25,49,60,95,73,164,93,121,44,74,66,128,51,193,42664,1262,1952,0,0,0,0,3,0
2021-02-01T23:59:59+01:00,2,1,273,343,905,1642,1149,2741,1463,4198,2105,3578,1315,1475,4766,7028,3787,7823,13,9,21,43,51,87,60,138,72,102,38,66,57,118,50,180,42639,1106,1952,0,0,0,0,3,0
2021-01-31T23:59:59+01:00,2,1,273,342,905,1638,1148,2736,1463,4193,2105,3575,1314,1475,4765,7027,3787,7823,13,8,20,38,44,79,54,127,64,97,33,55,48,109,47,174,42619,1011,1950,0,0,0,0,3,0
2021-01-30T23:59:59+01:00,2,1,273,342,900,1635,1140,2728,1455,4187,2101,3572,1314,1475,4712,6967,3742,7764,13,8,20,37,44,79,53,126,64,97,33,55,48,109,47,174,42391,1008,1916,0,0,0,0,3,0
2021-01-29T23:59:59+01:00,2,1,272,341,885,1627,1128,2707,1443,4157,2078,3545,1305,1469,4551,6764,3578,7561,11,8,20,37,41,79,52,124,61,96,32,51,47,109,47,174,41607,990,1804,0,0,0,0,3,0
2021-01-28T23:59:59+01:00,2,1,268,328,866,1540,1089,2597,1406,4055,2009,3471,1279,1456,4219,6295,3316,7209,7,4,9,17,22,38,21,57,36,63,20,33,32,71,37,117,39842,585,1561,0,0,0,0,3,0
2021-01-27T23:59:59+01:00,2,1,262,325,824,1485,1042,2503,1342,3957,1935,3364,1240,1429,3807,5731,3001,6751,3,4,9,8,12,20,8,23,14,29,11,14,15,39,15,56,37890,281,1108,0,0,0,0,3,0
2021-01-26T23:59:59+01:00,2,1,256,316,790,1439,977,2418,1281,3830,1819,3256,1181,1378,3464,5177,2653,6240,1,1,5,3,5,7,4,3,3,8,6,5,3,7,3,8,35814,73,661,0,0,0,0,3,0
2021-01-25T23:59:59+01:00,2,1,246,307,738,1378,916,2300,1180,3685,1661,3137,1102,1348,3072,4665,2344,5774,1,1,5,2,3,7,2,2,3,8,6,5,3,7,3,8,33793,67,61,0,0,0,0,2,0
2021-01-24T23:59:59+01:00,2,1,243,307,732,1374,905,2284,1175,3669,1633,3107,1096,1346,3046,4629,2327,5752,1,1,3,2,3,7,2,2,3,8,6,5,3,7,3,8,33619,65,7,0,0,0,0,2,0
2021-01-23T23:59:59+01:00,2,1,242,306,731,1374,905,2280,1174,3667,1630,3105,1095,1346,2941,4503,2261,5651,1,1,3,2,2,7,2,2,3,8,6,5,3,7,3,8,33206,64,6,0,0,0,0,2,0
2021-01-22T23:59:59+01:00,2,1,241,303,729,1358,903,2267,1168,3651,1626,3102,1093,1345,2782,4310,2160,5510,1,1,3,2,2,7,2,2,3,8,6,5,3,7,3,8,32543,64,6,0,0,0,0,2,0
2021-01-21T23:59:59+01:00,2,1,237,274,665,1202,836,2055,1087,3366,1530,2895,1050,1302,2441,3847,1871,5077,1,0,3,1,2,7,2,2,3,8,6,4,3,7,3,8,29732,61,6,0,0,0,0,0,0
2021-01-20T23:59:59+01:00,2,1,212,210,504,850,662,1564,887,2666,1294,2430,955,1169,1913,3102,1462,4313,1,0,3,1,2,7,2,2,3,6,5,4,3,7,3,8,24190,58,6,0,0,0,0,0,0
2021-01-19T23:59:59+01:00,2,1,186,191,457,743,608,1408,802,2370,1120,2124,790,914,1276,2181,1005,3259,0,0,2,1,0,0,0,0,2,1,1,0,0,0,0,0,19434,7,3,0,0,0,0,0,0
2021-01-18T23:59:59+01:00,1,1,138,136,379,618,486,1054,647,1826,929,1633,586,709,636,1264,506,1961,0,0,1,0,0,0,0,0,1,0,0,0,0,0,0,0,13508,2,2,0,0,0,0,0,0
2021-01-17T23:59:59+01:00,1,1,127,122,365,581,471,989,618,1709,870,1534,537,669,588,1167,464,1819,0,0,0,0,0,0,0,0,0,0,0,0,0,0,0,0,12632,0,0,0,0,0,0,0,0
2021-01-16T23:59:59+01:00,1,1,120,118,362,577,469,978,612,1696,864,1527,536,668,587,1162,460,1807,0,0,0,0,0,0,0,0,0,0,0,0,0,0,0,0,12545,0,0,0,0,0,0,0,0
2021-01-15T23:59:59+01:00,1,1,118,111,359,572,461,962,608,1685,849,1503,530,656,580,1146,452,1785,0,0,0,0,0,0,0,0,0,0,0,0,0,0,0,0,12379,0,0,0,0,0,0,0,0
2021-01-14T23:59:59+01:00,1,1,97,89,276,464,390,783,505,1415,694,1213,416,528,500,954,396,1603,0,0,0,0,0,0,0,0,0,0,0,0,0,0,0,0,10325,0,0,0,0,0,0,0,0
2021-01-13T23:59:59+01:00,1,1,67,49,164,282,254,519,353,923,473,779,256,324,309,629,252,1025,0,0,0,0,0,0,0,0,0,0,0,0,0,0,0,0,6660,0,0,0,0,0,0,0,0
2021-01-12T23:59:59+01:00,1,1,31,21,49,101,113,211,151,384,195,333,134,176,160,347,142,559,0,0,0,0,0,0,0,0,0,0,0,0,0,0,0,0,3109,0,0,0,0,0,0,0,0
2021-01-11T23:59:59+01:00,1,0,18,11,33,64,60,110,77,170,91,125,39,66,60,123,50,181,0,0,0,0,0,0,0,0,0,0,0,0,0,0,0,0,1279,0,0,0,0,0,0,0,0
2021-01-10T23:59:59+01:00,1,0,15,7,27,53,53,98,67,155,75,111,33,56,50,113,46,172,0,0,0,0,0,0,0,0,0,0,0,0,0,0,0,0,1132,0,0,0,0,0,0,0,0
2021-01-09T23:59:59+01:00,1,0,14,7,26,51,52,97,64,154,75,109,33,56,50,113,46,172,0,0,0,0,0,0,0,0,0,0,0,0,0,0,0,0,1120,0,0,0,0,0,0,0,0
2021-01-08T23:59:59+01:00,1,0,11,7,24,48,47,92,60,141,69,105,31,51,49,113,46,172,0,0,0,0,0,0,0,0,0,0,0,0,0,0,0,0,1067,0,0,0,0,0,0,0,0
2021-01-07T23:59:59+01:00,1,0,7,4,9,18,21,40,23,57,38,65,19,34,36,76,36,116,0,0,0,0,0,0,0,0,0,0,0,0,0,0,0,0,600,0,0,0,0,0,0,0,0
2021-01-06T23:59:59+01:00,1,0,7,4,9,15,14,29,15,40,25,53,15,25,30,67,34,101,0,0,0,0,0,0,0,0,0,0,0,0,0,0,0,0,484,0,0,0,0,0,0,0,0
2021-01-05T23:59:59+01:00,1,0,7,4,9,15,14,29,15,40,25,53,15,25,29,67,34,101,0,0,0,0,0,0,0,0,0,0,0,0,0,0,0,0,483,0,0,0,0,0,0,0,0
2021-01-04T23:59:59+01:00,1,0,2,4,8,5,4,14,4,8,6,16,6,5,6,16,4,13,0,0,0,0,0,0,0,0,0,0,0,0,0,0,0,0,122,0,0,0,0,0,0,0,0
2021-01-03T23:59:59+01:00,1,0,1,1,3,2,2,7,3,3,3,9,4,4,3,8,3,8,0,0,0,0,0,0,0,0,0,0,0,0,0,0,0,0,65,0,0,0,0,0,0,0,0
2021-01-02T23:59:59+01:00,1,0,1,1,3,2,2,7,3,3,3,9,4,4,3,8,3,8,0,0,0,0,0,0,0,0,0,0,0,0,0,0,0,0,65,0,0,0,0,0,0,0,0
2021-01-01T23:59:59+01:00,1,0,1,1,3,2,2,7,2,3,3,9,4,4,3,8,3,8,0,0,0,0,0,0,0,0,0,0,0,0,0,0,0,0,64,0,0,0,0,0,0,0,0
2020-12-31T23:59:59+01:00,1,0,1,1,3,1,2,7,2,2,3,8,4,4,3,8,3,8,0,0,0,0,0,0,0,0,0,0,0,0,0,0,0,0,61,0,0,0,0,0,0,0,0
2020-12-30T23:59:59+01:00,1,0,1,1,3,1,2,7,2,2,3,6,4,4,3,8,3,8,0,0,0,0,0,0,0,0,0,0,0,0,0,0,0,0,59,0,0,0,0,0,0,0,0
2020-12-29T23:59:59+01:00,1,0,1,1,2,1,2,6,2,2,3,6,2,2,2,8,2,7,0,0,0,0,0,0,0,0,0,0,0,0,0,0,0,0,50,0,0,0,0,0,0,0,0
2020-12-28T23:59:59+01:00,1,0,0,0,2,1,0,2,1,0,1,3,0,1,0,1,1,4,0,0,0,0,0,0,0,0,0,0,0,0,0,0,0,0,18,0,0,0,0,0,0,0,0
2020-12-27T23:59:59+01:00,0,0,0,0,0,0,0,1,1,0,1,2,0,1,0,1,1,4,0,0,0,0,0,0,0,0,0,0,0,0,0,0,0,0,12,0,0,0,0,0,0,0,0
