Datum,<24_1_m,<24_1_w,25-34_1_m,25-34_1_w,35-44_1_m,35-44_1_w,45-54_1_m,45-54_1_w,55-64_1_m,55-64_1_w,65-74_1_m,65-74_1_w,75-84_1_m,75-84_1_w,>84_1_m,>84_1_w,<24_2_m,<24_2_w,25-34_2_m,25-34_2_w,35-44_2_m,35-44_2_w,45-54_2_m,45-54_2_w,55-64_2_m,55-64_2_w,65-74_2_m,65-74_2_w,75-84_2_m,75-84_2_w,>84_2_m,>84_2_w,bp_1,bp_2,mo_1,mo_2,az_1,az_2,ja
2021-05-04T23:59:59+02:00,2137,2251,3822,4554,5044,6480,7317,9730,11396,12404,14894,17041,12755,16141,3398,6071,463,528,938,1358,1208,2025,1566,3066,2421,2947,3286,3408,8277,10729,3121,5546,83279,46723,11518,3498,40630,658,8
2021-05-03T23:59:59+02:00,2077,2189,3664,4420,4819,6279,6913,9373,10638,11612,14249,16160,12698,16058,3390,6055,458,521,936,1342,1194,1993,1545,3024,2383,2900,3233,3364,8169,10634,3118,5541,78932,46597,11315,3280,40339,470,8
2021-05-02T23:59:59+02:00,2064,2173,3590,4391,4742,6222,6840,9321,10509,11478,14082,15991,12676,16036,3389,6050,457,517,933,1334,1193,1982,1543,3017,2370,2887,3217,3345,8135,10603,3117,5537,78384,46579,11041,3183,40121,417,8
2021-05-01T23:59:59+02:00,2061,2172,3586,4390,4740,6222,6838,9320,10504,11474,14080,15990,12675,16035,3389,6048,456,517,933,1334,1193,1981,1543,3017,2370,2887,3217,3345,8135,10603,3117,5536,78354,46576,11041,3183,40121,417,8
2021-04-30T23:59:59+02:00,2057,2164,3580,4382,4734,6208,6817,9302,10466,11436,14035,15920,12652,16012,3388,6047,456,516,932,1332,1193,1981,1542,3017,2369,2886,3216,3343,8134,10602,3117,5536,78040,46570,11041,3182,40112,413,7
2021-04-29T23:59:59+02:00,1924,2113,3323,4271,4468,6050,6516,9038,10034,11023,13482,15247,12583,15900,3384,6040,451,504,923,1314,1175,1946,1521,2980,2339,2846,3205,3332,8126,10589,3115,5532,75311,46480,10657,3180,39421,231,7
2021-04-28T23:59:59+02:00,1780,2059,3153,4168,4222,5870,6142,8767,9440,10476,12641,14111,12469,15751,3376,6033,440,498,911,1301,1161,1923,1492,2946,2291,2801,3085,3237,8084,10528,3113,5527,70876,46100,10476,3017,39099,214,7
2021-04-27T23:59:59+02:00,1735,2005,3031,4049,4018,5723,5814,8484,8778,9748,11635,12832,12321,15488,3365,6018,431,482,901,1280,1148,1884,1465,2877,2243,2739,3047,3196,8062,10498,3107,5524,66129,45898,10286,2846,38623,134,6
2021-04-26T23:59:59+02:00,1704,1963,2916,3968,3846,5582,5477,8260,8269,9251,10910,11928,12228,15353,3353,6003,429,476,893,1272,1133,1876,1439,2855,2214,2715,3004,3148,8022,10461,3103,5523,62762,45801,10095,2643,38148,113,6
2021-04-25T23:59:59+02:00,1685,1956,2848,3937,3747,5523,5336,8211,8070,9125,10731,11702,12199,15314,3352,6000,425,469,886,1266,1115,1862,1425,2837,2190,2687,2961,3110,7983,10420,3102,5521,62269,45720,9889,2446,37572,87,6
2021-04-24T23:59:59+02:00,1684,1955,2848,3936,3746,5522,5335,8210,8066,9120,10726,11701,12199,15314,3352,6000,425,469,886,1266,1115,1861,1425,2836,2189,2687,2961,3110,7983,10420,3102,5521,62248,45717,9889,2446,37571,87,6
2021-04-23T23:59:59+02:00,1661,1943,2780,3900,3667,5497,5211,8155,7935,9061,10651,11595,12177,15281,3351,5995,425,468,886,1264,1115,1861,1424,2835,2189,2687,2960,3110,7983,10420,3102,5521,62125,45714,9613,2445,37117,86,5
2021-04-22T23:59:59+02:00,1606,1901,2678,3842,3509,5392,4953,7994,7610,8796,10044,10875,11986,15061,3345,5977,417,468,878,1255,1106,1847,1411,2810,2167,2663,2920,3079,7904,10317,3090,5508,60544,45320,8964,2436,36056,79,5
2021-04-21T23:59:59+02:00,1566,1862,2596,3760,3396,5298,4725,7793,7177,8446,9139,9774,11663,14611,3333,5941,413,465,874,1238,1097,1831,1394,2782,2134,2635,2857,3012,7797,10159,3077,5490,57860,44860,8096,2311,35119,79,5
2021-04-20T23:59:59+02:00,1533,1833,2532,3685,3293,5201,4538,7597,6758,8068,8195,8581,11319,14163,3321,5927,408,462,866,1224,1087,1810,1369,2753,2103,2593,2786,2945,7656,9979,3049,5444,55034,44151,7328,2305,34178,74,4
2021-04-19T23:59:59+02:00,1519,1818,2496,3649,3232,5133,4426,7488,6490,7803,7563,7782,11124,13897,3313,5910,405,460,863,1213,1083,1799,1344,2738,2070,2565,2729,2899,7542,9820,3033,5413,53133,43611,6960,2290,33546,71,4
2021-04-18T23:59:59+02:00,1510,1802,2466,3628,3194,5110,4368,7438,6371,7672,7195,7410,11068,13821,3311,5901,404,457,862,1211,1082,1791,1342,2726,2065,2562,2722,2886,7519,9787,3031,5410,52623,43493,6575,2289,33063,71,4
2021-04-17T23:59:59+02:00,1509,1802,2465,3626,3192,5107,4364,7433,6362,7661,7183,7402,11067,13821,3311,5901,404,457,862,1210,1082,1791,1340,2725,2064,2560,2719,2884,7518,9787,3031,5410,52602,43481,6575,2288,33025,71,4
2021-04-16T23:59:59+02:00,1506,1799,2453,3622,3183,5099,4342,7415,6306,7620,7111,7325,11062,13812,3309,5899,404,456,859,1210,1081,1791,1339,2723,2061,2559,2717,2879,7515,9782,3030,5410,52546,43458,6344,2283,32969,71,4
2021-04-15T23:59:59+02:00,1463,1774,2391,3576,3087,5040,4169,7283,6029,7368,6565,6765,10873,13563,3296,5877,396,452,836,1186,1044,1732,1294,2643,1988,2473,2641,2809,7434,9699,3023,5398,51477,42881,5959,2097,31679,66,4
2021-04-14T23:59:59+02:00,1437,1756,2360,3546,3015,4978,4047,7168,5829,7150,5894,6014,10557,13169,3273,5839,387,447,825,1175,1025,1709,1262,2597,1933,2417,2551,2733,7298,9522,3009,5375,50116,42225,5761,1971,30152,66,3
2021-04-13T23:59:59+02:00,1419,1746,2325,3514,2960,4917,3934,7075,5551,6917,5351,5435,10271,12821,3255,5815,364,432,803,1144,1003,1690,1237,2563,1898,2372,2482,2672,7185,9383,2980,5320,49112,41550,5561,1911,28630,64,3
2021-04-12T23:59:59+02:00,1402,1739,2300,3488,2910,4872,3795,6987,5352,6767,4983,5103,10079,12599,3246,5794,349,428,791,1139,987,1673,1220,2539,1847,2330,2406,2604,7075,9250,2968,5302,48657,40984,5366,1864,27390,57,3
2021-04-11T23:59:59+02:00,1397,1726,2280,3465,2881,4852,3726,6915,5190,6650,4735,4878,9937,12439,3242,5785,343,424,785,1132,976,1657,1208,2511,1825,2302,2350,2537,6995,9151,2957,5284,48576,40572,5134,1806,26385,56,3
2021-04-10T23:59:59+02:00,1397,1725,2278,3461,2879,4847,3720,6913,5181,6638,4723,4863,9934,12432,3242,5784,339,420,770,1126,962,1651,1184,2485,1754,2253,2267,2451,6944,9113,2957,5280,48521,40410,5133,1487,26360,56,3
2021-04-09T23:59:59+02:00,1394,1722,2270,3459,2874,4839,3708,6900,5156,6613,4694,4836,9915,12407,3241,5783,324,418,751,1117,943,1625,1151,2442,1657,2170,2035,2169,6815,8984,2940,5253,48455,39568,5122,1167,26231,56,3
2021-04-08T23:59:59+02:00,1364,1695,2210,3398,2795,4752,3556,6766,4919,6376,4273,4362,9442,11933,3230,5738,291,391,698,1054,886,1555,1065,2349,1521,2035,1751,1795,6351,8445,2883,5144,48008,37002,4600,1164,24200,47,1
2021-04-07T23:59:59+02:00,1353,1680,2173,3380,2756,4713,3457,6709,4751,6226,3934,4022,8946,11448,3216,5709,248,359,649,995,820,1488,1005,2283,1418,1938,1592,1610,5764,7754,2815,5011,47797,34541,4133,1161,22542,46,1
2021-04-06T23:59:59+02:00,1330,1659,2134,3357,2722,4683,3384,6665,4619,6124,3645,3733,8522,10999,3202,5683,241,353,621,973,795,1443,956,2222,1328,1851,1437,1401,5190,6960,2724,4846,47618,32144,3597,1153,21245,43,1
2021-04-05T23:59:59+02:00,1328,1656,2130,3354,2712,4682,3370,6649,4599,6108,3614,3701,8496,10969,3199,5682,238,339,612,956,778,1420,940,2185,1288,1811,1383,1322,4975,6694,2686,4800,47536,31231,3593,1152,21119,43,1
2021-04-04T23:59:59+02:00,1328,1656,2130,3353,2712,4682,3370,6648,4598,6108,3610,3699,8494,10968,3199,5682,238,339,611,956,778,1420,940,2185,1288,1811,1383,1322,4973,6694,2686,4800,47532,31228,3593,1152,21111,43,1
2021-04-03T23:59:59+02:00,1328,1656,2130,3353,2712,4682,3370,6648,4598,6108,3609,3697,8494,10967,3199,5682,238,339,611,956,778,1420,940,2185,1288,1810,1383,1322,4973,6694,2686,4800,47530,31227,3593,1152,21109,43,1
2021-04-02T23:59:59+02:00,1328,1656,2130,3351,2712,4681,3370,6644,4598,6106,3606,3694,8493,10966,3199,5682,238,339,611,956,778,1418,940,2185,1288,1809,1383,1320,4969,6692,2685,4799,47514,31215,3593,1151,21108,43,1
2021-04-01T23:59:59+02:00,1309,1609,2058,3222,2608,4478,3221,6390,4449,5893,3563,3657,8398,10863,3190,5671,232,330,605,947,768,1412,929,2172,1264,1791,1363,1292,4710,6350,2591,4660,47153,30232,3587,1147,19838,36,1
2021-03-31T23:59:59+02:00,1291,1569,2015,3112,2536,4336,3130,6161,4319,5683,3475,3564,8260,10688,3173,5643,225,328,597,933,764,1398,913,2152,1223,1759,1310,1232,4231,5735,2481,4461,46569,28559,3462,1147,18923,35,1
2021-03-30T23:59:59+02:00,1270,1521,1962,2926,2427,4097,2973,5784,4127,5328,3371,3466,8093,10485,3149,5596,221,323,589,924,753,1379,893,2131,1170,1717,1228,1147,3702,4981,2295,4186,45892,26466,3304,1146,17379,27,0
2021-03-29T23:59:59+02:00,1249,1460,1908,2800,2354,3939,2845,5508,3967,5085,3279,3367,7936,10265,3127,5560,220,320,583,911,743,1367,877,2103,1130,1687,1144,1052,3103,4259,2157,3957,45253,24453,3078,1143,16318,17,0
2021-03-28T23:59:59+02:00,1226,1409,1838,2637,2264,3727,2717,5227,3822,4816,3218,3303,7881,10203,3123,5557,220,320,582,908,742,1365,875,2096,1128,1687,1134,1039,3046,4187,2149,3937,45148,24262,2867,1140,14953,13,0
2021-03-27T23:59:59+01:00,1226,1409,1838,2636,2263,3727,2716,5227,3819,4816,3215,3303,7880,10203,3123,5557,220,320,581,908,742,1365,874,2096,1126,1687,1134,1039,3046,4187,2149,3937,45140,24258,2867,1140,14951,13,0
2021-03-26T23:59:59+01:00,1221,1373,1794,2526,2195,3563,2656,5013,3738,4607,3198,3295,7876,10195,3122,5556,220,319,581,908,741,1365,874,2095,1125,1685,1131,1038,3042,4176,2148,3934,45114,24231,2865,1140,13949,11,0
2021-03-25T23:59:59+01:00,1195,1331,1741,2421,2106,3399,2555,4788,3634,4430,3079,3195,7775,10078,3116,5548,217,316,577,907,735,1355,868,2072,1108,1660,1085,992,2772,3774,2001,3711,44856,22999,2541,1140,12994,11,0
2021-03-24T23:59:59+01:00,1175,1311,1722,2383,2079,3344,2519,4727,3587,4359,2994,3122,7652,9918,3101,5533,217,311,569,903,729,1347,856,2056,1089,1642,1039,945,2315,3142,1695,3296,44343,21001,2411,1139,12772,11,0
2021-03-23T23:59:59+01:00,1164,1301,1701,2347,2060,3317,2479,4683,3551,4304,2926,3048,7564,9822,3087,5507,214,308,565,898,721,1337,836,2035,1050,1600,953,861,1911,2605,1407,2891,43839,19076,2400,1105,12622,11,0
2021-03-22T23:59:59+01:00,1158,1289,1689,2333,2047,3298,2457,4653,3512,4267,2882,3010,7503,9754,3075,5489,211,304,564,885,706,1318,822,2020,1018,1573,906,786,1389,1967,1120,2488,43502,17018,2380,1048,12534,11,0
2021-03-21T23:59:59+01:00,1157,1288,1688,2332,2047,3296,2453,4650,3502,4260,2868,3003,7455,9699,3072,5485,211,302,563,883,705,1313,818,2016,1007,1566,879,767,1311,1875,1070,2429,43362,16717,2378,987,12515,11,0
2021-03-20T23:59:59+01:00,1156,1288,1688,2332,2047,3296,2452,4650,3500,4258,2868,3002,7455,9698,3072,5485,211,302,563,883,705,1313,818,2016,991,1548,840,735,1281,1860,1063,2427,43362,16715,2374,830,12511,11,0
2021-03-19T23:59:59+01:00,1154,1279,1681,2320,2037,3292,2450,4642,3494,4251,2856,2989,7445,9683,3071,5483,211,301,562,882,705,1312,817,2015,982,1535,796,697,1221,1812,1053,2420,43300,16671,2369,639,12458,11,0
2021-03-18T23:59:59+01:00,1108,1239,1602,2197,1905,3122,2298,4378,3273,4026,2685,2829,7144,9308,3026,5411,210,300,555,875,701,1307,809,2002,960,1519,775,673,1136,1696,920,2232,41902,16099,2055,560,11594,11,0
2021-03-17T23:59:59+01:00,1048,1203,1537,2139,1839,3056,2234,4310,3183,3934,2541,2683,6719,8816,2976,5315,208,298,552,868,700,1304,804,1996,955,1510,746,654,984,1531,781,2035,40137,15356,2051,559,11345,11,0
2021-03-16T23:59:59+01:00,1022,1178,1501,2097,1800,3008,2180,4252,3080,3834,2401,2504,6245,8171,2898,5187,201,293,548,867,695,1296,800,1985,946,1497,741,642,879,1387,655,1889,38136,14751,1988,559,11234,11,0
2021-03-15T23:59:59+01:00,1006,1168,1482,2073,1762,2952,2133,4171,2979,3728,2257,2323,5766,7634,2841,5088,200,290,547,861,692,1286,796,1977,937,1483,730,632,798,1250,514,1714,36368,14175,1889,521,11106,11,0
2021-03-14T23:59:59+01:00,1002,1154,1455,2043,1737,2924,2102,4100,2916,3655,2069,2122,5596,7429,2815,5055,200,290,546,856,690,1277,795,1969,932,1474,713,624,783,1227,491,1662,35349,14030,1788,496,11037,3,0
2021-03-13T23:59:59+01:00,991,1146,1435,2032,1718,2906,2069,4074,2842,3606,2001,2043,5551,7387,2814,5054,200,290,546,856,689,1277,794,1969,932,1474,710,623,783,1224,490,1662,35101,14020,1542,496,11026,3,0
2021-03-12T23:59:59+01:00,961,1126,1388,1975,1654,2800,1965,3919,2674,3445,1806,1794,5386,7191,2792,5019,200,290,546,856,689,1277,793,1969,932,1473,702,619,767,1210,487,1659,33791,13971,1299,495,10805,3,0
2021-03-11T23:59:59+01:00,920,1059,1320,1885,1574,2650,1869,3724,2508,3265,1534,1467,5012,6726,2690,4869,191,285,540,847,679,1263,777,1936,905,1433,578,557,702,1170,472,1631,31678,13480,1197,484,10197,2,0
2021-03-10T23:59:59+01:00,898,998,1296,1829,1542,2601,1810,3649,2429,3189,1466,1370,4550,6166,2591,4662,191,280,529,827,660,1245,770,1916,890,1415,513,543,656,1153,468,1624,29907,13296,1193,382,9946,2,0
2021-03-09T23:59:59+01:00,887,972,1275,1794,1515,2560,1767,3598,2357,3132,1367,1272,3976,5373,2436,4415,189,278,523,802,648,1225,758,1881,878,1390,510,542,655,1145,465,1619,27753,13237,1190,269,9753,2,0
2021-03-08T23:59:59+01:00,879,940,1263,1771,1498,2541,1742,3559,2315,3086,1269,1163,3271,4488,2248,4118,185,271,508,776,629,1192,735,1820,858,1368,504,540,654,1144,465,1619,25308,13228,1189,40,9654,0,0
2021-03-07T23:59:59+01:00,875,937,1257,1762,1489,2527,1736,3550,2305,3080,1256,1143,3166,4362,2234,4078,185,271,508,776,629,1192,735,1820,858,1368,504,540,654,1144,465,1619,24963,13228,1187,40,9607,0,0
2021-03-06T23:59:59+01:00,874,937,1254,1759,1486,2524,1733,3547,2302,3079,1252,1143,3166,4362,2234,4078,184,271,508,776,629,1192,735,1820,858,1368,504,540,654,1144,465,1619,24958,13227,1187,40,9585,0,0
2021-03-05T23:59:59+01:00,803,909,1227,1744,1465,2514,1705,3532,2278,3072,1247,1141,3156,4349,2232,4075,184,271,508,776,629,1191,735,1820,858,1366,503,540,654,1144,465,1619,24925,13223,1182,40,9342,0,0
2021-03-04T23:59:59+01:00,729,857,1164,1671,1411,2430,1664,3448,2205,3000,1192,1092,2896,3928,2095,3854,183,266,504,758,619,1179,724,1789,847,1357,494,530,643,1135,460,1609,23701,13057,1175,40,8760,0,0
2021-03-03T23:59:59+01:00,687,808,1090,1604,1318,2353,1550,3363,2092,2921,1144,1048,2457,3321,1825,3501,183,266,502,755,619,1179,723,1787,845,1357,490,529,643,1131,460,1608,21849,13037,1173,40,8060,0,0
2021-03-02T23:59:59+01:00,667,769,1050,1561,1261,2316,1484,3307,2000,2849,1054,958,2047,2782,1491,3045,181,263,498,748,614,1167,713,1775,838,1337,483,522,629,1108,443,1578,19781,12857,1169,40,7691,0,0
2021-03-01T23:59:59+01:00,657,716,1033,1517,1211,2260,1444,3237,1943,2781,1010,883,1491,2118,1178,2590,180,263,498,748,613,1166,713,1772,837,1337,482,521,625,1095,441,1570,17518,12821,1167,40,7384,0,0
2021-02-28T23:59:59+01:00,649,698,1020,1476,1186,2202,1414,3181,1891,2715,994,862,1370,1964,1115,2514,180,263,498,747,613,1166,712,1770,837,1336,481,521,625,1095,441,1570,17043,12815,1165,40,7043,0,0
2021-02-27T23:59:59+01:00,649,695,1019,1476,1186,2201,1414,3180,1891,2713,994,862,1370,1963,1114,2514,180,263,497,746,610,1164,710,1769,835,1335,481,521,625,1095,441,1570,17040,12815,1165,27,7036,0,0
2021-02-26T23:59:59+01:00,476,631,896,1441,1112,2159,1350,3137,1836,2675,993,859,1366,1961,1114,2513,180,263,497,746,610,1164,710,1768,835,1334,481,521,625,1095,441,1570,17029,12814,1165,26,6325,0,0
2021-02-25T23:59:59+01:00,372,558,797,1350,1029,2066,1249,2960,1699,2526,966,836,1278,1826,1005,2335,174,252,481,732,597,1139,700,1743,820,1313,471,512,592,1068,434,1557,16431,12567,1165,18,5256,0,0
2021-02-24T23:59:59+01:00,313,502,727,1277,956,1972,1194,2838,1631,2421,946,815,1142,1665,862,2141,172,250,479,729,593,1138,699,1737,819,1309,467,510,585,1063,432,1549,15723,12516,1164,15,4515,0,0
2021-02-23T23:59:59+01:00,296,473,703,1217,927,1886,1148,2725,1550,2325,931,791,1045,1527,736,1990,172,250,478,727,593,1137,699,1735,816,1308,467,508,583,1061,432,1548,15161,12504,1129,10,3980,0,0
2021-02-22T23:59:59+01:00,277,450,681,1178,898,1805,1093,2628,1465,2214,887,762,917,1351,570,1770,172,250,476,726,591,1136,698,1735,812,1306,466,507,582,1060,431,1546,14419,12493,1057,1,3470,0,0
2021-02-21T23:59:59+01:00,269,430,644,1109,849,1701,1045,2522,1386,2111,868,746,883,1295,522,1712,172,249,473,718,590,1133,698,1730,812,1305,465,507,581,1060,429,1545,14212,12466,1013,1,2867,0,0
2021-02-20T23:59:59+01:00,268,427,642,1108,847,1697,1043,2517,1367,2089,831,713,853,1280,515,1710,172,249,473,718,590,1133,698,1730,812,1305,465,507,579,1060,429,1545,14212,12464,854,1,2841,0,0
2021-02-19T23:59:59+01:00,257,417,633,1101,836,1682,1021,2498,1320,2042,596,610,718,1226,497,1693,172,249,473,717,590,1132,697,1728,809,1302,465,507,579,1059,428,1545,13745,12451,666,1,2736,0,0
2021-02-18T23:59:59+01:00,233,351,594,979,753,1456,884,2222,1065,1677,546,568,678,1185,482,1683,166,245,460,707,575,1113,691,1703,793,1276,462,504,578,1057,428,1545,13588,12302,568,1,1200,0,0
2021-02-17T23:59:59+01:00,225,313,573,919,718,1360,823,2060,981,1545,533,561,678,1181,480,1681,158,241,450,697,563,1095,673,1672,782,1256,459,503,576,1053,428,1545,13573,12150,568,1,490,0,0
2021-02-16T23:59:59+01:00,219,308,564,906,702,1327,808,2024,946,1506,526,556,673,1179,479,1679,151,236,436,689,552,1080,661,1653,774,1242,453,498,569,1038,422,1521,13544,11975,568,0,290,0,0
2021-02-15T23:59:59+01:00,203,296,558,878,694,1293,793,1988,921,1463,524,555,673,1179,479,1679,148,235,428,678,540,1062,635,1624,760,1224,452,498,569,1038,422,1521,13541,11834,529,0,106,0,0
2021-02-14T23:59:59+01:00,197,289,555,866,694,1286,788,1976,905,1457,523,555,673,1176,478,1679,140,232,417,667,521,1044,619,1609,754,1211,452,496,567,1036,422,1521,13535,11708,528,0,34,0,0
2021-02-13T23:59:59+01:00,196,289,554,866,694,1286,788,1976,905,1457,523,555,673,1176,478,1679,140,232,416,667,521,1044,619,1609,754,1211,452,496,567,1036,422,1521,13534,11707,528,0,33,0,0
2021-02-12T23:59:59+01:00,195,289,550,865,691,1284,783,1975,905,1455,522,555,673,1176,478,1679,136,229,413,662,516,1036,607,1597,750,1194,449,495,555,1014,420,1498,13527,11571,527,0,21,0,0
2021-02-11T23:59:59+01:00,193,288,545,857,685,1280,781,1972,898,1453,517,548,667,1171,473,1672,115,184,377,592,472,954,556,1474,709,1112,423,452,513,949,382,1414,13475,10678,515,0,10,0,0
2021-02-10T23:59:59+01:00,189,285,534,839,667,1264,769,1943,884,1435,508,543,659,1158,468,1662,103,171,347,527,444,843,515,1300,631,966,374,403,444,829,341,1261,13352,9499,453,0,2,0,0
2021-02-09T23:59:59+01:00,188,277,523,794,652,1227,749,1875,869,1400,499,534,651,1142,461,1648,95,148,330,463,405,755,467,1184,574,882,342,348,401,742,317,1148,13239,8601,249,0,1,0,0
2021-02-08T23:59:59+01:00,184,269,506,768,628,1190,728,1817,852,1369,494,533,648,1136,458,1633,74,111,287,395,357,615,412,950,499,722,283,291,336,590,263,960,13171,7145,41,0,1,0,0
2021-02-07T23:59:59+01:00,184,268,505,766,626,1190,726,1809,852,1367,493,533,648,1136,458,1632,73,97,267,365,340,567,393,917,483,693,282,284,333,583,262,957,13152,6896,41,0,0,0,0
2021-02-06T23:59:59+01:00,184,268,505,766,626,1190,726,1809,852,1367,493,533,648,1136,458,1632,72,95,267,365,339,567,393,916,481,691,282,283,332,581,261,957,13152,6882,41,0,0,0,0
2021-02-05T23:59:59+01:00,184,268,505,766,626,1190,726,1809,852,1366,493,533,647,1136,458,1632,71,95,262,363,337,563,386,899,476,683,276,282,327,566,252,947,13150,6785,41,0,0,0,0
2021-02-04T23:59:59+01:00,180,261,500,758,620,1182,722,1795,845,1358,487,527,622,1110,452,1616,53,75,224,325,300,468,340,755,385,549,214,209,241,390,187,698,12994,5413,41,0,0,0,0
2021-02-03T23:59:59+01:00,179,260,494,751,612,1174,717,1783,837,1343,479,523,608,1098,448,1612,42,48,165,230,249,353,254,571,309,425,170,169,180,302,143,535,12877,4145,41,0,0,0,0
2021-02-02T23:59:59+01:00,179,259,492,750,612,1174,713,1777,832,1339,478,522,604,1094,447,1608,31,41,141,179,205,284,214,437,256,342,128,133,142,226,110,425,12839,3294,41,0,0,0,0
2021-02-01T23:59:59+01:00,177,259,491,749,608,1168,712,1769,830,1335,476,520,599,1092,447,1603,26,30,103,133,149,195,153,305,161,241,81,93,99,142,58,228,12794,2197,41,0,0,0,0
2021-01-31T23:59:59+01:00,177,259,491,746,605,1167,712,1765,830,1334,475,520,598,1090,447,1602,17,21,70,86,106,128,116,228,134,193,77,87,95,132,56,215,12777,1761,41,0,0,0,0
2021-01-30T23:59:59+01:00,177,259,490,746,603,1165,711,1765,830,1334,475,520,596,1090,447,1602,17,21,70,86,106,126,114,225,131,190,76,85,95,127,50,205,12775,1724,35,0,0,0,0
2021-01-29T23:59:59+01:00,177,259,490,745,602,1163,709,1763,828,1333,475,520,596,1090,447,1602,14,19,59,82,87,121,97,216,109,176,71,78,92,124,50,203,12772,1598,27,0,0,0,0
2021-01-28T23:59:59+01:00,170,253,476,727,586,1138,702,1738,806,1305,469,515,593,1086,445,1599,8,4,13,22,24,44,31,103,46,82,46,51,60,91,38,152,12587,815,21,0,0,0,0
2021-01-27T23:59:59+01:00,162,250,464,717,576,1128,686,1702,801,1285,465,514,590,1080,445,1595,4,2,5,12,9,22,15,42,22,27,13,16,24,38,17,48,12442,316,18,0,0,0,0
2021-01-26T23:59:59+01:00,154,246,451,703,563,1114,677,1678,790,1265,460,508,584,1062,439,1564,4,2,5,11,6,20,12,37,17,26,13,13,23,38,17,47,12248,291,10,0,0,0,0
2021-01-25T23:59:59+01:00,151,243,441,689,548,1095,654,1649,774,1247,460,507,583,1062,439,1564,3,2,4,9,6,16,7,28,12,21,8,4,13,25,9,29,12105,196,1,0,0,0,0
2021-01-24T23:59:59+01:00,143,240,431,679,533,1076,638,1636,762,1235,459,504,582,1062,439,1564,2,0,2,6,6,4,5,7,4,9,1,1,11,17,6,16,11982,97,1,0,0,0,0
2021-01-23T23:59:59+01:00,143,240,431,679,533,1076,638,1636,762,1235,459,504,582,1062,439,1564,2,0,2,6,6,4,5,7,4,9,1,1,11,17,6,16,11982,97,1,0,0,0,0
2021-01-22T23:59:59+01:00,139,237,424,674,529,1068,626,1624,756,1218,458,501,569,1038,436,1541,2,0,2,6,6,4,5,7,4,9,1,1,11,17,6,16,11837,97,1,0,0,0,0
2021-01-21T23:59:59+01:00,126,228,409,655,504,1033,595,1571,737,1180,441,466,535,985,405,1483,2,0,2,6,6,4,5,7,4,9,1,1,11,17,6,16,11352,97,1,0,0,0,0
2021-01-20T23:59:59+01:00,107,178,367,562,461,887,541,1335,645,1008,380,408,449,838,350,1277,2,0,2,5,6,4,5,7,4,9,1,1,11,17,6,16,9792,96,1,0,0,0,0
2021-01-19T23:59:59+01:00,98,157,336,487,418,791,498,1219,596,916,354,370,411,757,328,1188,2,0,2,3,6,4,5,7,4,9,1,0,8,13,5,16,8923,85,1,0,0,0,0
2021-01-18T23:59:59+01:00,75,115,294,401,363,640,423,972,507,740,288,301,343,606,275,1001,2,0,2,3,6,4,5,7,4,9,1,0,8,13,5,16,7344,85,0,0,0,0,0
2021-01-17T23:59:59+01:00,72,100,274,371,343,583,401,928,487,708,285,293,341,599,274,993,0,0,0,0,0,0,0,0,0,0,0,0,0,0,0,1,7052,1,0,0,0,0,0
2021-01-16T23:59:59+01:00,71,98,274,371,342,583,401,927,485,706,285,292,339,595,273,993,0,0,0,0,0,0,0,0,0,0,0,0,0,0,0,1,7035,1,0,0,0,0,0
2021-01-15T23:59:59+01:00,70,98,271,368,339,577,392,909,477,693,276,290,327,575,260,981,0,0,0,0,0,0,0,0,0,0,0,0,0,0,0,1,6903,1,0,0,0,0,0
2021-01-14T23:59:59+01:00,54,79,255,343,317,496,352,781,390,562,216,211,239,387,188,705,0,0,0,0,0,0,0,0,0,0,0,0,0,0,0,0,5575,0,0,0,0,0,0
2021-01-13T23:59:59+01:00,47,65,226,282,277,407,285,617,320,455,163,170,180,299,146,538,0,0,0,0,0,0,0,0,0,0,0,0,0,0,0,0,4477,0,0,0,0,0,0
2021-01-12T23:59:59+01:00,42,63,217,264,263,375,267,544,286,411,126,131,143,224,111,414,0,0,0,0,0,0,0,0,0,0,0,0,0,0,0,0,3881,0,0,0,0,0,0
2021-01-11T23:59:59+01:00,36,57,205,243,245,325,218,450,236,347,93,99,109,145,63,256,0,0,0,0,0,0,0,0,0,0,0,0,0,0,0,0,3127,0,0,0,0,0,0
2021-01-10T23:59:59+01:00,31,49,169,171,203,248,181,354,189,279,87,94,106,138,61,243,0,0,0,0,0,0,0,0,0,0,0,0,0,0,0,0,2603,0,0,0,0,0,0
2021-01-09T23:59:59+01:00,30,47,163,166,201,241,178,348,188,274,87,94,106,138,61,243,0,0,0,0,0,0,0,0,0,0,0,0,0,0,0,0,2565,0,0,0,0,0,0
2021-01-08T23:59:59+01:00,25,41,134,143,179,228,156,320,161,253,82,84,103,135,61,241,0,0,0,0,0,0,0,0,0,0,0,0,0,0,0,0,2346,0,0,0,0,0,0
2021-01-07T23:59:59+01:00,8,5,16,24,30,49,36,110,58,98,47,48,61,91,38,158,0,0,0,0,0,0,0,0,0,0,0,0,0,0,0,0,877,0,0,0,0,0,0
2021-01-06T23:59:59+01:00,3,2,6,12,8,21,14,40,20,29,15,12,25,42,19,54,0,0,0,0,0,0,0,0,0,0,0,0,0,0,0,0,322,0,0,0,0,0,0
2021-01-05T23:59:59+01:00,2,1,5,11,7,17,11,32,15,24,11,12,22,35,18,50,0,0,0,0,0,0,0,0,0,0,0,0,0,0,0,0,273,0,0,0,0,0,0
2021-01-04T23:59:59+01:00,1,1,3,7,7,11,5,15,8,15,4,2,11,19,8,25,0,0,0,0,0,0,0,0,0,0,0,0,0,0,0,0,142,0,0,0,0,0,0
2021-01-03T23:59:59+01:00,1,0,2,6,7,4,5,7,4,9,1,1,11,15,7,15,0,0,0,0,0,0,0,0,0,0,0,0,0,0,0,0,95,0,0,0,0,0,0
2021-01-02T23:59:59+01:00,1,0,2,6,7,4,5,7,4,9,1,1,11,15,7,15,0,0,0,0,0,0,0,0,0,0,0,0,0,0,0,0,95,0,0,0,0,0,0
2021-01-01T23:59:59+01:00,1,0,2,6,7,4,5,7,4,9,1,1,11,15,7,15,0,0,0,0,0,0,0,0,0,0,0,0,0,0,0,0,95,0,0,0,0,0,0
2020-12-31T23:59:59+01:00,1,0,2,5,7,4,5,7,4,9,1,1,11,15,7,15,0,0,0,0,0,0,0,0,0,0,0,0,0,0,0,0,94,0,0,0,0,0,0
2020-12-30T23:59:59+01:00,1,0,2,5,7,4,5,7,4,9,1,1,11,15,7,15,0,0,0,0,0,0,0,0,0,0,0,0,0,0,0,0,94,0,0,0,0,0,0
2020-12-29T23:59:59+01:00,1,0,2,3,7,4,5,7,4,9,1,0,8,12,6,15,0,0,0,0,0,0,0,0,0,0,0,0,0,0,0,0,84,0,0,0,0,0,0
2020-12-28T23:59:59+01:00,1,0,2,3,7,4,5,7,4,9,1,0,8,12,6,15,0,0,0,0,0,0,0,0,0,0,0,0,0,0,0,0,84,0,0,0,0,0,0
2020-12-27T23:59:59+01:00,1,0,2,3,7,4,5,7,4,9,1,0,8,11,6,15,0,0,0,0,0,0,0,0,0,0,0,0,0,0,0,0,83,0,0,0,0,0,0
