Datum,<15_1_m,<15_1_w,15-24_1_m,15-24_1_w,25-34_1_m,25-34_1_w,35-44_1_m,35-44_1_w,45-54_1_m,45-54_1_w,55-64_1_m,55-64_1_w,65-74_1_m,65-74_1_w,75-84_1_m,75-84_1_w,>84_1_m,>84_1_w,<15_2_m,<15_2_w,15-24_2_m,15-24_2_w,25-34_2_m,25-34_2_w,35-44_2_m,35-44_2_w,45-54_2_m,45-54_2_w,55-64_2_m,55-64_2_w,65-74_2_m,65-74_2_w,75-84_2_m,75-84_2_w,>84_2_m,>84_2_w,bp_1,bp_2,mo_1,mo_2,az_1,az_2,ja,unb_1,unb_2
2021-12-14T23:59:59+01:00,6252,5872,21864,20057,27182,25326,27972,27334,30819,31341,32960,34018,22525,25883,15906,20167,4647,8195,3045,2961,19149,17701,24648,22639,25850,25113,28977,29395,31535,32353,21875,24977,15506,19504,4446,7799,281365,254437,33546,32452,55164,52315,18205,50,64
2021-12-13T23:59:59+01:00,6163,5796,21800,19990,27128,25249,27920,27274,30784,31300,32933,33978,22501,25841,15897,20142,4637,8179,2966,2896,19036,17618,24518,22511,25751,25003,28902,29306,31456,32296,21845,24929,15490,19473,4443,7791,280561,253210,33542,32436,55164,52315,18205,50,64
2021-12-12T23:59:59+01:00,6081,5732,21747,19933,27070,25176,27876,27233,30759,31261,32906,33933,22476,25817,15889,20124,4625,8170,2933,2863,18969,17544,24432,22416,25667,24924,28844,29245,31418,32225,21821,24897,15478,19448,4440,7786,279862,252343,33537,32424,55164,52314,18205,50,64
2021-12-11T23:59:59+01:00,6070,5720,21730,19923,27043,25148,27861,27226,30749,31255,32904,33927,22472,25813,15889,20120,4625,8168,2926,2858,18936,17520,24399,22385,25632,24906,28830,29226,31401,32218,21817,24890,15478,19446,4440,7785,279701,252089,33536,32424,55164,52314,18202,50,64
2021-12-10T23:59:59+01:00,6043,5681,21688,19893,27009,25103,27841,27194,30733,31246,32887,33916,22467,25799,15887,20115,4623,8168,2890,2828,18875,17476,24319,22328,25580,24870,28794,29190,31374,32189,21809,24883,15477,19444,4440,7783,279355,251556,33532,32413,55164,52314,18202,50,64
2021-12-09T23:59:59+01:00,5829,5474,21611,19823,26957,25039,27795,27135,30707,31213,32855,33879,22446,25766,15877,20098,4623,8161,2800,2709,18713,17307,24168,22153,25463,24730,28703,29080,31310,32103,21773,24844,15465,19413,4437,7772,278360,249985,33522,32379,55164,52314,18202,50,63
2021-12-08T23:59:59+01:00,5697,5386,21545,19768,26902,24979,27765,27095,30680,31188,32831,33845,22429,25749,15869,20084,4621,8155,2737,2637,18581,17168,24037,22001,25348,24606,28613,28983,31234,32023,21733,24805,15451,19384,4436,7763,277666,248620,33517,32342,55164,52314,18201,50,63
2021-12-07T23:59:59+01:00,5617,5304,21528,19763,26887,24962,27760,27081,30672,31183,32829,33836,22427,25745,15866,20081,4621,8154,2733,2630,18550,17145,24017,21981,25335,24590,28595,28971,31224,32011,21725,24802,15450,19382,4436,7763,277394,248420,33517,32342,55164,52314,18201,50,63
2021-12-06T23:59:59+01:00,5484,5168,21473,19706,26820,24895,27715,27043,30648,31150,32809,33803,22411,25720,15855,20064,4618,8144,2689,2584,18385,17006,23875,21827,25230,24478,28503,28870,31158,31950,21696,24755,15428,19363,4433,7751,276606,247083,33515,32320,55164,52314,18201,50,63
2021-12-05T23:59:59+01:00,5374,5069,21450,19668,26798,24853,27686,27014,30625,31122,32793,33779,22404,25705,15848,20052,4617,8135,2660,2560,18290,16919,23775,21747,25159,24413,28441,28811,31109,31899,21666,24724,15418,19348,4429,7745,276073,246219,33514,32316,55164,52314,18201,50,63
2021-12-04T23:59:59+01:00,5240,4983,21433,19654,26789,24840,27677,27006,30613,31114,32788,33773,22402,25703,15846,20051,4616,8135,2654,2555,18251,16892,23732,21723,25136,24400,28420,28803,31097,31885,21664,24721,15416,19346,4429,7743,275745,245974,33514,32316,55164,52314,18200,50,63
2021-12-03T23:59:59+01:00,4997,4795,21397,19625,26758,24807,27661,26986,30594,31091,32778,33753,22396,25695,15846,20044,4614,8134,2631,2530,18159,16818,23649,21663,25051,24333,28365,28755,31063,31859,21654,24713,15411,19340,4426,7743,275063,245295,33504,32292,55164,52313,18200,50,63
2021-12-02T23:59:59+01:00,4735,4542,21358,19587,26706,24742,27617,26939,30566,31064,32750,33723,22384,25680,15829,20030,4606,8127,2578,2454,18029,16719,23537,21562,24955,24249,28270,28679,30999,31807,21632,24686,15402,19323,4422,7734,274086,244187,33495,32274,55164,52313,18200,50,63
2021-12-01T23:59:59+01:00,4535,4342,21317,19530,26666,24666,27569,26888,30528,31002,32715,33681,22368,25650,15819,20007,4603,8117,2532,2404,17862,16556,23381,21409,24827,24132,28163,28590,30920,31720,21605,24663,15387,19305,4422,7728,273111,242787,33488,32245,55164,52311,18200,50,63
2021-11-30T23:59:59+01:00,4351,4162,21278,19488,26618,24597,27536,26839,30497,30971,32684,33640,22356,25634,15806,19986,4601,8108,2501,2380,17781,16475,23301,21311,24755,24059,28097,28531,30863,31672,21585,24631,15376,19291,4422,7725,272265,241943,33483,32240,55164,52310,18200,50,63
2021-11-29T23:59:59+01:00,4125,3985,21217,19441,26567,24515,27483,26782,30451,30920,32647,33591,22325,25590,15797,19959,4598,8097,2470,2352,17662,16364,23148,21171,24648,23984,28013,28451,30794,31611,21554,24592,15368,19263,4421,7716,271214,240802,33473,32207,55163,52310,18200,50,63
2021-11-28T23:59:59+01:00,3959,3833,21177,19411,26525,24460,27451,26741,30423,30893,32628,33556,22315,25569,15790,19943,4595,8090,2454,2334,17602,16303,23072,21125,24583,23937,27972,28404,30759,31569,21534,24570,15359,19256,4419,7714,270494,240189,33462,32204,55163,52310,18200,50,63
2021-11-27T23:59:59+01:00,3932,3813,21157,19398,26512,24447,27433,26727,30414,30882,32620,33550,22313,25563,15789,19941,4595,8090,2453,2334,17589,16299,23061,21116,24570,23926,27964,28399,30751,31561,21533,24570,15357,19254,4419,7714,270313,240095,33462,32204,55163,52310,18198,50,63
2021-11-26T23:59:59+01:00,3827,3724,21113,19370,26475,24401,27402,26697,30391,30857,32596,33532,22305,25548,15786,19937,4595,8088,2440,2312,17528,16266,23005,21085,24529,23880,27921,28378,30729,31547,21528,24564,15354,19250,4419,7714,269787,239686,33456,32192,55163,52310,18198,50,63
2021-11-25T23:59:59+01:00,3678,3582,21054,19291,26429,24311,27352,26628,30339,30803,32560,33480,22296,25522,15781,19921,4593,8083,2403,2277,17450,16203,22892,21017,24468,23825,27863,28324,30690,31510,21518,24546,15345,19239,4415,7712,268863,238964,33439,32163,55163,52309,18198,50,63
2021-11-24T23:59:59+01:00,3588,3486,20976,19224,26356,24215,27276,26549,30293,30739,32517,33428,22276,25490,15774,19900,4584,8070,2373,2250,17374,16113,22777,20919,24385,23761,27780,28263,30634,31450,21497,24521,15333,19230,4412,7709,267907,238081,33434,32135,55163,52305,18197,50,63
2021-11-23T23:59:59+01:00,3499,3401,20900,19155,26283,24146,27213,26485,30228,30680,32471,33376,22254,25461,15754,19866,4578,8044,2354,2232,17287,16059,22686,20839,24320,23692,27730,28215,30593,31423,21486,24498,15316,19212,4409,7697,266974,237359,33423,32127,55163,52305,18194,50,63
2021-11-22T23:59:59+01:00,3415,3318,20807,19078,26158,24028,27129,26377,30161,30594,32400,33307,22228,25424,15746,19837,4569,8032,2334,2214,17233,15994,22607,20784,24258,23635,27680,28157,30546,31381,21462,24472,15303,19198,4405,7693,265798,236687,33416,32111,55163,52304,18191,50,63
2021-11-21T23:59:59+01:00,3375,3266,20735,19021,26082,23950,27065,26312,30103,30530,32349,33249,22208,25396,15739,19818,4565,8025,2327,2207,17209,15980,22578,20766,24232,23617,27663,28147,30531,31366,21454,24465,15298,19191,4405,7687,264985,236465,33411,32102,55163,52304,18189,50,63
2021-11-20T23:59:59+01:00,3363,3254,20704,18987,26037,23920,27025,26289,30079,30506,32334,33230,22198,25389,15736,19814,4565,8023,2322,2204,17194,15975,22568,20757,24214,23606,27655,28136,30527,31363,21452,24464,15298,19189,4405,7687,264653,236360,33409,32101,55163,52304,18188,50,63
2021-11-19T23:59:59+01:00,3286,3179,20617,18900,25943,23839,26960,26230,30018,30454,32294,33189,22184,25363,15734,19808,4564,8020,2311,2196,17157,15941,22513,20723,24163,23577,27613,28106,30505,31352,21439,24457,15293,19185,4403,7685,263797,235979,33394,32089,55163,52300,18188,50,63
2021-11-18T23:59:59+01:00,3172,3081,20526,18778,25831,23708,26868,26113,29942,30366,32247,33118,22147,25318,15723,19789,4564,8011,2291,2161,17082,15864,22449,20656,24112,23518,27562,28074,30455,31314,21427,24440,15284,19167,4400,7671,262524,235329,33387,32052,55163,52295,18188,50,63
2021-11-17T23:59:59+01:00,3109,3006,20396,18652,25711,23559,26762,26000,29854,30299,32189,33048,22125,25275,15712,19768,4561,8004,2270,2133,16994,15804,22349,20583,24043,23439,27483,28019,30411,31277,21411,24421,15275,19151,4398,7666,261265,234552,33376,32034,55163,52292,18186,50,63
2021-11-16T23:59:59+01:00,3061,2947,20270,18555,25577,23425,26677,25899,29781,30214,32126,32974,22103,25243,15701,19749,4559,7991,2249,2117,16949,15779,22302,20541,23998,23406,27443,27971,30379,31244,21395,24407,15262,19141,4398,7663,260096,234077,33369,32030,55163,52290,18184,50,63
2021-11-15T23:59:59+01:00,3008,2904,20065,18399,25389,23263,26544,25766,29688,30103,32039,32895,22071,25209,15685,19726,4556,7983,2233,2108,16899,15758,22253,20508,23954,23374,27418,27943,30356,31225,21378,24388,15255,19127,4396,7659,258561,233691,33348,32007,55163,52290,18181,50,63
2021-11-14T23:59:59+01:00,2980,2868,19939,18299,25273,23139,26455,25692,29620,30025,31978,32828,22045,25179,15674,19711,4553,7977,2222,2094,16869,15717,22227,20477,23926,23356,27402,27922,30337,31208,21371,24385,15249,19116,4396,7657,257511,233396,33342,32004,55163,52289,18179,50,63
2021-11-13T23:59:59+01:00,2967,2851,19873,18251,25211,23099,26387,25655,29585,30000,31955,32809,22040,25174,15674,19709,4551,7976,2219,2093,16861,15712,22221,20470,23915,23352,27395,27919,30332,31205,21370,24384,15249,19115,4396,7657,257046,233337,33342,32000,55163,52289,18176,50,63
2021-11-12T23:59:59+01:00,2925,2811,19669,18112,25046,22963,26241,25526,29509,29918,31892,32769,22028,25151,15666,19703,4549,7976,2206,2082,16801,15684,22175,20435,23876,23322,27369,27901,30300,31191,21363,24373,15242,19110,4396,7655,255768,232974,33311,31987,55163,52285,18172,50,63
2021-11-11T23:59:59+01:00,2862,2744,19528,17988,24913,22824,26116,25411,29419,29822,31824,32719,22004,25127,15658,19693,4547,7970,2189,2061,16760,15630,22133,20382,23841,23294,27341,27866,30280,31155,21345,24363,15237,19099,4394,7649,254527,232537,33276,31972,55162,52283,18164,50,63
2021-11-10T23:59:59+01:00,2808,2677,19268,17777,24679,22624,25953,25251,29261,29705,31735,32614,21974,25097,15641,19673,4545,7960,2174,2037,16698,15552,22054,20325,23789,23245,27292,27829,30233,31117,21325,24342,15228,19082,4389,7643,252668,231905,33225,31956,55161,52282,18148,50,63
2021-11-09T23:59:59+01:00,2764,2635,19123,17632,24519,22499,25842,25136,29187,29629,31669,32544,21951,25066,15626,19656,4542,7944,2154,2022,16665,15515,22016,20300,23766,23217,27267,27799,30207,31075,21306,24324,15221,19065,4387,7638,251408,231506,33210,31952,55161,52278,18145,50,63
2021-11-08T23:59:59+01:00,2715,2593,18860,17411,24283,22271,25662,24990,29035,29499,31561,32453,21916,25011,15604,19632,4541,7936,2131,2001,16614,15467,21970,20258,23737,23175,27229,27771,30181,31049,21282,24309,15212,19051,4383,7634,249473,231052,33170,31935,55161,52275,18129,50,63
2021-11-07T23:59:59+01:00,2687,2561,18751,17301,24153,22155,25552,24897,28963,29425,31510,32393,21894,24989,15596,19628,4539,7933,2116,1987,16590,15451,21947,20231,23715,23160,27214,27753,30168,31037,21278,24303,15207,19043,4383,7632,248430,230815,33168,31935,55161,52274,18128,50,63
2021-11-06T23:59:59+01:00,2687,2558,18749,17298,24149,22155,25548,24893,28961,29422,31509,32391,21894,24989,15596,19628,4538,7933,2116,1986,16586,15449,21947,20229,23714,23160,27211,27750,30166,31037,21278,24302,15207,19043,4383,7632,248401,230798,33168,31933,55161,52274,18128,50,63
2021-11-05T23:59:59+01:00,2658,2519,18649,17215,24057,22058,25472,24824,28895,29366,31469,32359,21893,24982,15593,19621,4538,7932,2111,1980,16574,15432,21938,20216,23702,23151,27204,27736,30158,31028,21273,24297,15207,19042,4382,7631,247643,230676,33130,31927,55161,52270,18126,50,63
2021-11-04T23:59:59+01:00,2612,2482,18568,17122,23946,21961,25402,24767,28822,29319,31428,32320,21882,24970,15585,19611,4536,7927,2082,1956,16513,15382,21888,20170,23667,23121,27180,27706,30135,31006,21268,24288,15202,19031,4380,7630,246832,230267,33119,31911,55161,52256,18108,50,63
2021-11-03T23:59:59+01:00,2576,2456,18418,16990,23775,21819,25288,24669,28739,29257,31380,32263,21861,24957,15579,19605,4536,7925,2054,1933,16438,15313,21831,20103,23627,23080,27135,27670,30109,30976,21250,24264,15191,19020,4378,7625,245699,229685,33092,31894,55161,52254,18101,50,63
2021-11-02T23:59:59+01:00,2548,2433,18282,16906,23622,21712,25193,24603,28662,29201,31331,32228,21851,24937,15572,19596,4535,7916,2039,1913,16380,15276,21791,20056,23589,23039,27107,27645,30086,30953,21242,24251,15183,19017,4377,7622,244751,229271,33086,31888,55161,52254,18090,50,63
2021-11-01T23:59:59+01:00,2527,2413,18195,16832,23533,21651,25130,24559,28612,29159,31303,32201,21838,24927,15569,19595,4535,7915,2025,1899,16343,15221,21754,20017,23562,23006,27077,27607,30068,30933,21234,24246,15182,19007,4377,7620,244127,228900,33081,31876,55161,52254,18085,50,63
2021-10-31T23:59:59+01:00,2527,2413,18195,16832,23532,21649,25129,24559,28612,29159,31303,32201,21838,24927,15569,19595,4535,7915,2024,1898,16343,15221,21754,20017,23562,23005,27077,27607,30068,30932,21234,24246,15182,19007,4377,7620,244123,228896,33081,31876,55161,52254,18085,50,63
2021-10-30T23:59:59+02:00,2527,2413,18195,16832,23531,21649,25129,24559,28612,29159,31303,32201,21838,24927,15569,19595,4535,7915,2024,1898,16343,15221,21754,20017,23562,23005,27077,27607,30068,30932,21234,24246,15182,19007,4377,7620,244122,228896,33081,31876,55161,52254,18085,50,63
2021-10-29T23:59:59+02:00,2514,2399,18128,16786,23453,21609,25052,24514,28546,29120,31277,32180,21834,24917,15562,19590,4534,7913,2019,1893,16328,15209,21738,20002,23552,22990,27066,27594,30060,30929,21232,24244,15182,19005,4377,7620,243609,228768,33035,31872,55161,52254,18083,50,63
2021-10-28T23:59:59+02:00,2489,2375,18043,16718,23367,21542,25000,24458,28505,29082,31241,32151,21828,24910,15558,19582,4534,7910,1988,1874,16267,15158,21701,19956,23520,22958,27038,27572,30037,30902,21222,24234,15178,19002,4377,7615,243012,228354,33005,31857,55161,52251,18074,50,63
2021-10-27T23:59:59+02:00,2455,2338,17924,16635,23212,21438,24889,24369,28408,29022,31193,32119,21819,24886,15551,19573,4534,7909,1962,1845,16196,15109,21652,19895,23486,22919,27003,27533,30009,30877,21211,24221,15171,18992,4376,7611,242041,227860,32965,31832,55161,52247,18066,50,63
2021-10-26T23:59:59+02:00,2430,2314,17866,16588,23166,21389,24842,24330,28361,28980,31166,32100,21817,24876,15548,19571,4534,7906,1944,1821,16156,15063,21620,19863,23454,22888,26992,27512,29996,30866,21203,24219,15169,18990,4376,7611,241565,227548,32964,31832,55161,52247,18053,50,63
2021-10-25T23:59:59+02:00,2429,2310,17865,16582,23164,21387,24840,24327,28359,28975,31165,32100,21817,24876,15548,19571,4534,7906,1944,1820,16156,15062,21620,19862,23452,22887,26992,27511,29995,30866,21203,24219,15169,18990,4376,7611,241541,227541,32960,31832,55161,52247,18052,50,63
2021-10-24T23:59:59+02:00,2420,2301,17848,16555,23147,21367,24814,24311,28350,28969,31158,32095,21815,24874,15546,19570,4534,7906,1934,1803,16135,15024,21596,19838,23438,22858,26981,27500,29985,30858,21200,24214,15167,18984,4376,7611,241382,227325,32946,31818,55161,52247,18050,50,62
2021-10-23T23:59:59+02:00,2420,2301,17847,16555,23146,21367,24814,24311,28349,28969,31158,32095,21815,24874,15546,19570,4534,7906,1934,1803,16135,15024,21595,19838,23438,22858,26981,27500,29985,30858,21200,24214,15167,18984,4376,7611,241379,227324,32946,31818,55161,52247,18050,50,62
2021-10-22T23:59:59+02:00,2399,2283,17781,16514,23095,21321,24764,24253,28317,28940,31124,32072,21808,24865,15541,19568,4533,7904,1927,1796,16116,15012,21584,19829,23422,22841,26973,27496,29976,30852,21198,24212,15167,18984,4376,7611,240904,227209,32937,31817,55161,52245,18039,50,62
2021-10-21T23:59:59+02:00,2384,2256,17738,16469,23038,21272,24726,24219,28272,28912,31106,32050,21801,24859,15538,19564,4532,7896,1882,1758,16053,14934,21538,19768,23385,22793,26934,27457,29962,30831,21191,24200,15158,18965,4374,7606,240495,226687,32911,31771,55161,52245,18024,50,62
2021-10-20T23:59:59+02:00,2353,2215,17657,16405,22945,21204,24649,24175,28232,28865,31071,32023,21789,24850,15534,19555,4530,7894,1827,1713,15966,14862,21490,19700,23324,22747,26889,27401,29934,30803,21170,24188,15151,18947,4368,7603,239840,226020,32891,31746,55161,52242,18013,50,62
2021-10-19T23:59:59+02:00,2332,2201,17622,16379,22924,21189,24634,24158,28219,28853,31063,32001,21782,24839,15532,19547,4529,7893,1797,1674,15907,14812,21448,19653,23303,22723,26869,27382,29914,30783,21158,24174,15146,18941,4368,7600,239596,225597,32891,31745,55160,52239,18009,50,62
2021-10-18T23:59:59+02:00,2319,2191,17601,16358,22909,21163,24615,24140,28207,28843,31050,31989,21776,24837,15530,19540,4527,7890,1773,1651,15865,14765,21429,19628,23280,22694,26848,27354,29894,30768,21152,24169,15142,18934,4367,7599,239385,225260,32891,31744,55160,52238,18008,50,62
2021-10-17T23:59:59+02:00,2310,2185,17575,16323,22880,21133,24596,24126,28187,28834,31039,31981,21768,24833,15529,19537,4527,7888,1755,1622,15822,14718,21396,19584,23259,22668,26829,27333,29880,30764,21146,24160,15142,18928,4364,7597,239163,224942,32885,31722,55159,52238,18003,50,62
2021-10-16T23:59:59+02:00,2310,2185,17574,16323,22880,21133,24596,24126,28187,28834,31039,31981,21768,24833,15529,19537,4527,7888,1755,1622,15822,14718,21396,19583,23259,22668,26829,27333,29880,30763,21146,24160,15142,18928,4364,7597,239162,224940,32885,31722,55159,52238,18003,50,62
2021-10-15T23:59:59+02:00,2300,2175,17549,16307,22861,21118,24570,24108,28171,28819,31033,31977,21762,24826,15529,19537,4527,7887,1747,1607,15809,14701,21384,19572,23250,22661,26826,27326,29875,30758,21143,24158,15141,18928,4364,7597,238983,224824,32872,31722,55159,52238,18001,50,62
2021-10-14T23:59:59+02:00,2290,2157,17504,16272,22824,21084,24546,24084,28152,28799,31022,31963,21756,24823,15526,19533,4526,7884,1726,1581,15746,14649,21355,19527,23215,22621,26808,27290,29853,30735,21132,24150,15136,18918,4362,7595,238679,224416,32871,31708,55159,52219,17994,50,62
2021-10-13T23:59:59+02:00,2260,2137,17415,16195,22761,21020,24500,24041,28114,28753,30993,31933,21741,24813,15520,19528,4525,7880,1688,1550,15644,14556,21302,19475,23171,22584,26766,27250,29824,30707,21124,24132,15134,18903,4362,7591,238148,223868,32847,31681,55159,52219,17933,50,62
2021-10-12T23:59:59+02:00,2250,2118,17372,16151,22738,20992,24473,24013,28098,28733,30980,31912,21737,24808,15516,19520,4524,7878,1664,1530,15592,14495,21283,19441,23145,22563,26741,27225,29799,30686,21116,24123,15132,18900,4360,7590,237835,223507,32846,31669,55158,52215,17932,50,62
2021-10-11T23:59:59+02:00,2239,2106,17343,16120,22723,20971,24458,23992,28079,28714,30965,31902,21731,24800,15514,19515,4521,7873,1646,1519,15549,14460,21245,19387,23122,22523,26715,27185,29770,30670,21105,24113,15126,18893,4356,7587,237592,223097,32846,31669,55158,52215,17928,50,62
2021-10-10T23:59:59+02:00,2235,2097,17326,16100,22705,20957,24452,23984,28070,28699,30960,31895,21724,24796,15514,19513,4521,7870,1630,1508,15492,14415,21181,19328,23083,22484,26670,27159,29748,30648,21095,24102,15120,18886,4356,7587,237452,222646,32842,31646,55158,52214,17924,50,62
2021-10-09T23:59:59+02:00,2233,2097,17326,16099,22703,20956,24452,23983,28070,28699,30960,31895,21724,24796,15514,19513,4521,7870,1629,1505,15491,14413,21181,19327,23083,22484,26670,27158,29748,30648,21095,24102,15120,18886,4356,7587,237445,222637,32842,31646,55158,52214,17924,50,62
2021-10-08T23:59:59+02:00,2228,2089,17315,16074,22681,20945,24434,23974,28055,28683,30945,31886,21721,24791,15514,19513,4521,7870,1622,1501,15484,14400,21168,19312,23072,22476,26660,27141,29743,30640,21093,24096,15118,18885,4356,7587,237307,222532,32832,31645,55157,52214,17901,50,62
2021-10-07T23:59:59+02:00,2204,2069,17261,16029,22655,20898,24409,23946,28023,28658,30924,31859,21716,24788,15512,19504,4520,7864,1587,1469,15414,14322,21108,19241,23029,22428,26630,27104,29715,30615,21082,24081,15113,18875,4352,7586,236925,221992,32822,31595,55154,52206,17896,50,62
2021-10-06T23:59:59+02:00,2180,2046,17201,15981,22606,20845,24383,23905,27991,28628,30908,31833,21704,24776,15505,19498,4519,7860,1550,1442,15355,14249,21058,19180,22991,22391,26599,27063,29691,30585,21071,24067,15102,18868,4350,7584,236501,221492,32803,31567,55154,52206,17869,50,62
2021-10-05T23:59:59+02:00,2160,2029,17155,15942,22557,20817,24348,23864,27969,28603,30895,31816,21699,24768,15505,19493,4518,7859,1538,1425,15326,14218,21002,19155,22960,22362,26571,27037,29666,30560,21063,24048,15099,18860,4347,7584,236232,221224,32803,31565,55154,52206,17764,50,62
2021-10-04T23:59:59+02:00,2133,1994,17101,15903,22505,20787,24324,23838,27953,28568,30875,31798,21695,24759,15503,19489,4517,7856,1532,1413,15288,14193,20976,19126,22946,22337,26553,27018,29654,30546,21056,24038,15095,18855,4347,7576,235888,221011,32803,31563,55154,52204,17709,50,62
2021-10-03T23:59:59+02:00,2128,1982,17071,15862,22475,20753,24286,23814,27939,28548,30858,31788,21692,24752,15502,19484,4517,7854,1512,1391,15256,14154,20951,19096,22920,22317,26538,26995,29640,30536,21046,24025,15093,18852,4347,7576,235673,220789,32797,31550,55150,52202,17642,49,62
2021-10-02T23:59:59+02:00,2128,1982,17071,15862,22475,20753,24285,23814,27939,28548,30858,31788,21692,24752,15502,19484,4517,7854,1512,1391,15256,14154,20951,19096,22920,22317,26538,26995,29640,30535,21046,24025,15093,18852,4347,7576,235672,220788,32797,31550,55150,52202,17642,49,62
2021-10-01T23:59:59+02:00,2123,1977,17058,15845,22472,20741,24271,23793,27934,28541,30854,31783,21689,24750,15502,19482,4516,7854,1510,1388,15252,14152,20948,19094,22918,22317,26536,26993,29640,30531,21045,24023,15093,18852,4347,7576,235556,220761,32796,31550,55150,52202,17640,49,62
2021-09-30T23:59:59+02:00,2102,1961,17001,15793,22428,20684,24230,23758,27903,28508,30831,31759,21677,24744,15497,19475,4514,7848,1473,1357,15183,14087,20909,19058,22884,22276,26513,26959,29621,30509,21041,24014,15090,18844,4343,7571,235166,220370,32782,31530,55150,52198,17572,49,62
2021-09-29T23:59:59+02:00,2034,1916,16908,15715,22357,20614,24172,23707,27840,28456,30793,31729,21661,24730,15490,19461,4511,7846,1451,1325,15113,14030,20866,19004,22848,22222,26475,26929,29586,30481,21032,24002,15079,18836,4342,7568,234523,219963,32764,31508,55149,52195,17461,49,62
2021-09-28T23:59:59+02:00,2017,1899,16826,15650,22285,20561,24107,23665,27802,28413,30776,31711,21651,24716,15485,19451,4511,7843,1437,1313,15047,13984,20807,18963,22803,22196,26444,26894,29565,30460,21019,23986,15073,18826,4340,7564,234090,219633,32763,31508,55149,52194,17324,49,62
2021-09-27T23:59:59+02:00,1954,1830,16759,15589,22249,20525,24082,23638,27773,28377,30756,31694,21644,24709,15483,19448,4510,7841,1426,1298,15018,13953,20785,18926,22788,22171,26425,26882,29547,30444,21015,23976,15069,18818,4339,7561,233592,219363,32762,31508,55149,52193,17315,49,62
2021-09-26T23:59:59+02:00,1933,1809,16688,15525,22195,20464,24043,23587,27744,28351,30741,31685,21634,24702,15482,19444,4509,7839,1410,1284,14947,13884,20731,18871,22738,22113,26383,26845,29528,30417,21008,23966,15061,18815,4339,7558,233220,218956,32745,31481,55148,52180,17219,49,62
2021-09-25T23:59:59+02:00,1933,1809,16686,15525,22193,20463,24040,23586,27744,28351,30741,31684,21634,24702,15482,19444,4509,7839,1410,1284,14946,13884,20729,18871,22737,22112,26382,26842,29527,30417,21007,23966,15061,18815,4339,7558,233213,218950,32745,31480,55148,52179,17216,49,62
2021-09-24T23:59:59+02:00,1932,1806,16660,15505,22149,20434,24007,23565,27724,28328,30723,31669,21632,24698,15480,19443,4509,7839,1403,1277,14919,13856,20679,18839,22697,22086,26354,26821,29505,30397,21002,23960,15059,18813,4338,7557,233147,218822,32745,31479,55148,52179,17020,49,62
2021-09-23T23:59:59+02:00,1902,1768,16584,15419,22089,20359,23958,23496,27679,28273,30697,31629,21620,24687,15472,19428,4506,7837,1376,1249,14840,13792,20616,18796,22667,22040,26319,26778,29479,30370,20998,23949,15053,18805,4338,7556,232588,218417,32706,31446,55148,52178,16918,49,62
2021-09-22T23:59:59+02:00,1868,1737,16481,15340,21997,20282,23881,23442,27611,28212,30654,31593,21604,24664,15470,19415,4504,7834,1321,1198,14714,13685,20526,18717,22602,21969,26257,26717,29430,30334,20977,23939,15047,18797,4335,7547,231972,217735,32685,31403,55148,52171,16741,49,62
2021-09-21T23:59:59+02:00,1838,1693,16401,15262,21938,20222,23829,23392,27568,28177,30613,31553,21593,24644,15467,19405,4498,7826,1312,1182,14658,13637,20466,18678,22559,21925,26222,26691,29405,30309,20964,23925,15040,18786,4332,7543,231490,217445,32685,31403,55147,52171,16553,49,62
2021-09-20T23:59:59+02:00,1811,1678,16327,15197,21880,20175,23781,23351,27531,28134,30579,31535,21584,24631,15462,19400,4497,7824,1300,1172,14601,13585,20420,18634,22522,21897,26175,26659,29379,30284,20956,23913,15038,18780,4329,7540,231080,217128,32683,31402,55147,52170,16422,49,62
2021-09-19T23:59:59+02:00,1784,1655,16264,15147,21830,20113,23746,23316,27500,28105,30558,31510,21575,24620,15459,19389,4497,7821,1292,1162,14544,13542,20375,18581,22470,21874,26150,26627,29362,30270,20949,23900,15034,18777,4328,7536,230710,216847,32661,31369,55147,52170,16325,49,62
2021-09-18T23:59:59+02:00,1784,1655,16262,15145,21828,20112,23743,23314,27500,28104,30558,31510,21575,24620,15459,19389,4497,7821,1292,1162,14543,13541,20374,18581,22469,21873,26150,26625,29362,30270,20949,23900,15034,18777,4328,7536,230702,216846,32661,31368,55147,52170,16320,49,62
2021-09-17T23:59:59+02:00,1778,1648,16239,15127,21806,20092,23723,23302,27486,28089,30549,31503,21571,24617,15456,19386,4496,7821,1284,1153,14522,13526,20364,18575,22459,21868,26143,26621,29352,30264,20946,23897,15033,18776,4328,7536,230530,216741,32660,31368,55147,52170,16306,49,62
2021-09-16T23:59:59+02:00,1739,1617,16138,15027,21724,19993,23653,23218,27420,28029,30510,31465,21558,24600,15451,19376,4491,7821,1251,1124,14436,13452,20319,18521,22424,21816,26112,26577,29331,30233,20935,23887,15026,18768,4325,7532,229721,216281,32638,31290,55147,52158,16278,49,62
2021-09-15T23:59:59+02:00,1708,1600,16069,14948,21668,19938,23609,23173,27388,27995,30486,31441,21545,24578,15439,19366,4490,7819,1222,1096,14358,13366,20251,18461,22385,21763,26072,26533,29300,30209,20922,23872,15014,18760,4324,7530,229190,215720,32619,31245,55147,52153,16258,49,62
2021-09-14T23:59:59+02:00,1694,1584,16035,14902,21621,19900,23577,23138,27356,27959,30461,31417,21529,24567,15436,19354,4487,7818,1204,1081,14320,13328,20226,18438,22363,21737,26052,26518,29288,30198,20911,23864,15011,18753,4323,7528,228779,215436,32615,31244,55147,52153,16248,49,62
2021-09-13T23:59:59+02:00,1673,1571,15993,14848,21594,19868,23546,23105,27339,27922,30447,31401,21528,24557,15431,19352,4486,7815,1198,1073,14292,13313,20199,18422,22343,21717,26037,26506,29279,30175,20902,23853,15010,18746,4321,7526,228431,215213,32612,31244,55147,52153,16240,49,62
2021-09-12T23:59:59+02:00,1663,1558,15969,14824,21578,19845,23529,23080,27324,27907,30436,31393,21521,24549,15431,19347,4486,7815,1184,1068,14259,13283,20174,18384,22322,21691,26024,26482,29267,30166,20895,23844,15005,18739,4319,7521,228236,214968,32593,31213,55147,52151,16233,49,62
2021-09-11T23:59:59+02:00,1662,1558,15957,14819,21570,19837,23528,23079,27322,27906,30433,31391,21520,24548,15431,19347,4486,7815,1184,1068,14254,13280,20172,18381,22320,21691,26024,26481,29267,30166,20894,23844,15005,18739,4319,7521,228199,214957,32593,31213,55144,52151,16227,49,62
2021-09-10T23:59:59+02:00,1662,1558,15934,14814,21556,19826,23510,23076,27304,27896,30420,31386,21519,24546,15427,19345,4486,7814,1182,1068,14231,13273,20157,18371,22306,21687,26009,26468,29249,30163,20893,23840,15002,18736,4318,7520,228167,214918,32593,31213,55144,52151,16129,49,62
2021-09-09T23:59:59+02:00,1617,1519,15854,14735,21496,19760,23457,23025,27243,27846,30392,31357,21510,24529,15413,19331,4484,7812,1153,1043,14149,13197,20087,18302,22239,21631,25958,26428,29214,30131,20877,23812,14985,18722,4316,7518,227638,214449,32562,31130,55143,52131,15991,49,61
2021-09-08T23:59:59+02:00,1579,1471,15727,14641,21426,19684,23404,22949,27192,27803,30352,31309,21493,24511,15404,19320,4483,7812,1136,1018,14060,13106,20004,18251,22174,21578,25911,26389,29178,30080,20858,23791,14981,18714,4315,7517,227092,214045,32491,31041,55143,52126,15788,49,61
2021-09-07T23:59:59+02:00,1566,1451,15675,14590,21371,19657,23368,22926,27165,27771,30335,31293,21482,24489,15398,19312,4481,7812,1119,1004,13990,13057,19940,18211,22130,21547,25875,26357,29148,30052,20847,23777,14977,18707,4314,7517,226851,213757,32484,31011,55143,52122,15618,49,61
2021-09-06T23:59:59+02:00,1553,1441,15624,14544,21348,19625,23345,22898,27139,27752,30319,31270,21471,24486,15394,19305,4481,7810,1107,995,13959,13018,19917,18186,22100,21525,25855,26338,29133,30037,20838,23769,14973,18703,4314,7514,226596,213548,32483,31011,55141,52122,15539,49,61
2021-09-05T23:59:59+02:00,1533,1425,15593,14518,21329,19602,23335,22872,27130,27739,30314,31262,21466,24480,15388,19303,4481,7806,1099,981,13921,12982,19886,18149,22075,21497,25837,26321,29120,30017,20834,23761,14970,18701,4314,7514,226383,213329,32470,30931,55140,52121,15537,49,61
2021-09-04T23:59:59+02:00,1533,1425,15584,14515,21315,19596,23328,22867,27124,27733,30308,31259,21465,24477,15388,19302,4481,7806,1099,981,13912,12979,19872,18141,22068,21492,25830,26315,29114,30013,20833,23758,14970,18700,4314,7514,226382,213328,32470,30928,55140,52121,15467,49,61
2021-09-03T23:59:59+02:00,1530,1422,15567,14501,21283,19571,23297,22847,27101,27720,30292,31244,21458,24469,15388,19296,4481,7805,1099,981,13895,12965,19846,18121,22044,21477,25814,26305,29098,30002,20827,23751,14970,18697,4314,7514,226308,213308,32469,30923,55140,52120,15308,49,61
2021-09-02T23:59:59+02:00,1514,1402,15496,14441,21237,19522,23262,22798,27061,27679,30255,31218,21445,24459,15382,19283,4479,7799,1074,959,13802,12900,19802,18060,21999,21433,25771,26260,29059,29975,20815,23740,14965,18685,4313,7513,225888,212851,32464,30917,55138,52101,15195,49,61
2021-09-01T23:59:59+02:00,1463,1345,15359,14287,21117,19425,23193,22742,26994,27608,30203,31167,21427,24434,15374,19269,4476,7794,1042,919,13656,12777,19673,17963,21915,21364,25713,26190,29009,29912,20790,23710,14953,18672,4309,7508,225114,212266,32440,30720,55137,52089,14939,49,61
2021-08-31T23:59:59+02:00,1439,1330,15297,14215,21053,19373,23148,22700,26943,27565,30169,31135,21414,24421,15368,19260,4476,7793,1028,906,13582,12709,19626,17921,21882,21328,25680,26167,28981,29886,20783,23700,14950,18664,4308,7507,224651,211917,32439,30720,55136,52084,14826,49,61
2021-08-30T23:59:59+02:00,1416,1311,15229,14168,21006,19317,23116,22661,26906,27532,30136,31105,21401,24412,15364,19251,4474,7786,1023,891,13525,12667,19580,17870,21849,21303,25650,26130,28947,29861,20772,23685,14940,18655,4307,7503,224286,211615,32438,30717,55136,52082,14684,49,60
2021-08-29T23:59:59+02:00,1400,1299,15186,14122,20967,19286,23092,22637,26888,27508,30118,31090,21397,24403,15364,19249,4474,7785,1012,883,13472,12621,19557,17848,21822,21283,25629,26110,28934,29844,20764,23677,14937,18651,4305,7502,223997,211345,32437,30717,55136,52081,14648,49,60
2021-08-28T23:59:59+02:00,1400,1299,15180,14119,20956,19279,23086,22633,26885,27499,30115,31089,21396,24403,15364,19249,4474,7785,1012,883,13465,12617,19546,17841,21816,21279,25626,26101,28931,29843,20763,23677,14937,18651,4305,7502,223997,211343,32437,30717,55136,52081,14594,49,60
2021-08-27T23:59:59+02:00,1391,1292,15149,14091,20929,19264,23053,22617,26859,27487,30099,31069,21390,24395,15360,19248,4471,7782,1006,878,13436,12585,19510,17824,21788,21257,25597,26087,28914,29825,20757,23668,14934,18650,4304,7502,223861,211199,32437,30715,55133,52080,14468,49,60
2021-08-26T23:59:59+02:00,1378,1275,15105,14046,20882,19225,23023,22580,26826,27449,30067,31032,21375,24379,15353,19240,4468,7774,994,867,13369,12524,19434,17767,21728,21197,25541,26039,28874,29789,20743,23647,14924,18637,4303,7498,223569,210908,32418,30591,55133,52006,14310,49,60
2021-08-25T23:59:59+02:00,1333,1230,14960,13922,20773,19130,22943,22488,26747,27365,30010,30976,21352,24353,15343,19230,4464,7768,966,837,13246,12438,19353,17690,21661,21126,25471,25985,28829,29745,20715,23626,14916,18623,4302,7495,222713,210331,32402,30544,55133,51997,14093,48,59
2021-08-24T23:59:59+02:00,1309,1206,14897,13871,20730,19078,22888,22441,26711,27329,29980,30944,21334,24338,15337,19220,4463,7767,941,816,13149,12375,19291,17609,21624,21075,25426,25942,28799,29707,20697,23606,14909,18611,4300,7490,222292,209842,32372,30487,55132,51982,14001,48,55
2021-08-23T23:59:59+02:00,1291,1187,14828,13833,20688,19049,22858,22415,26676,27309,29956,30917,21315,24324,15332,19207,4462,7766,915,791,13033,12296,19228,17548,21570,21026,25385,25887,28754,29665,20678,23589,14903,18599,4297,7490,221978,209319,32356,30397,55132,51982,13901,48,55
2021-08-22T23:59:59+02:00,1282,1179,14813,13813,20671,19029,22846,22394,26661,27294,29939,30913,21308,24320,15330,19199,4460,7765,892,774,12974,12225,19175,17514,21541,20990,25364,25861,28728,29644,20670,23576,14902,18595,4297,7490,221801,208991,32337,30287,55132,51979,13900,48,55
2021-08-21T23:59:59+02:00,1282,1179,14804,13803,20660,19021,22836,22388,26657,27289,29928,30907,21308,24318,15330,19199,4460,7765,892,774,12964,12215,19165,17506,21533,20984,25358,25856,28718,29638,20670,23574,14902,18595,4297,7490,221796,208987,32337,30287,55132,51979,13823,48,55
2021-08-20T23:59:59+02:00,1275,1174,14774,13769,20625,18991,22813,22365,26631,27266,29911,30891,21305,24309,15328,19193,4460,7765,891,773,12945,12201,19140,17486,21516,20963,25345,25839,28699,29619,20666,23568,14901,18592,4297,7490,221601,208883,32337,30285,55132,51979,13729,48,55
2021-08-19T23:59:59+02:00,1256,1159,14715,13720,20585,18961,22781,22330,26609,27237,29886,30867,21294,24301,15325,19188,4459,7762,862,760,12811,12083,19050,17409,21429,20905,25273,25773,28640,29570,20645,23555,14895,18583,4295,7487,221293,208246,32305,30148,55132,51917,13659,48,55
2021-08-18T23:59:59+02:00,1233,1140,14633,13631,20469,18900,22705,22268,26542,27180,29828,30809,21269,24280,15319,19176,4457,7759,834,739,12671,11965,18911,17325,21332,20814,25187,25690,28557,29501,20613,23510,14884,18568,4294,7482,220880,207635,32287,30025,55131,51908,13254,48,55
2021-08-17T23:59:59+02:00,1222,1127,14593,13592,20428,18854,22667,22233,26507,27153,29812,30789,21256,24265,15308,19167,4453,7758,813,715,12563,11881,18831,17264,21251,20752,25135,25637,28521,29460,20594,23495,14875,18555,4292,7480,220592,207101,32252,29896,55131,51900,13163,48,54
2021-08-16T23:59:59+02:00,1210,1116,14544,13543,20393,18825,22638,22200,26486,27125,29778,30758,21243,24254,15301,19155,4451,7756,785,701,12466,11781,18740,17191,21181,20667,25068,25578,28455,29396,20571,23473,14865,18537,4291,7477,220324,206475,32250,29771,55131,51899,13025,48,53
2021-08-15T23:59:59+02:00,1200,1103,14505,13517,20364,18796,22609,22181,26473,27109,29768,30744,21238,24242,15296,19153,4450,7754,761,685,12402,11712,18689,17161,21130,20628,25032,25534,28436,29374,20561,23459,14861,18531,4289,7475,220100,206024,32250,29770,55131,51898,12975,48,53
2021-08-14T23:59:59+02:00,1200,1102,14498,13511,20354,18790,22600,22174,26459,27102,29762,30736,21235,24240,15295,19152,4450,7754,761,685,12394,11705,18677,17153,21120,20620,25018,25527,28431,29365,20558,23458,14860,18530,4289,7475,220098,206021,32249,29765,55131,51897,12890,48,53
2021-08-13T23:59:59+02:00,1197,1099,14489,13502,20340,18780,22588,22169,26451,27092,29746,30728,21226,24235,15294,19152,4450,7754,758,684,12379,11694,18666,17144,21107,20611,25011,25511,28417,29361,20552,23451,14858,18530,4289,7474,220041,205956,32248,29765,55131,51897,12826,48,53
2021-08-12T23:59:59+02:00,1177,1077,14432,13445,20296,18740,22564,22134,26423,27062,29715,30707,21214,24216,15290,19145,4450,7749,731,658,12212,11550,18530,17034,21014,20528,24931,25426,28350,29305,20531,23419,14845,18518,4286,7468,219712,205164,32236,29579,55131,51828,12712,47,53
2021-08-11T23:59:59+02:00,1161,1055,14363,13382,20253,18686,22520,22095,26390,27037,29687,30667,21200,24199,15287,19134,4447,7745,707,636,12072,11411,18448,16943,20934,20455,24882,25354,28307,29241,20498,23391,14838,18507,4284,7463,219308,204261,32164,29574,55131,51823,12660,47,53
2021-08-10T23:59:59+02:00,1146,1037,14282,13306,20195,18638,22485,22051,26356,27007,29653,30636,21185,24188,15287,19126,4446,7743,688,614,11955,11291,18348,16871,20868,20389,24830,25296,28263,29187,20471,23362,14824,18489,4283,7457,218885,203508,32132,29552,55130,51798,12575,47,53
2021-08-09T23:59:59+02:00,1129,1018,14196,13244,20114,18582,22436,22003,26305,26963,29613,30602,21166,24171,15281,19117,4441,7741,643,573,11773,11129,18178,16774,20742,20307,24734,25200,28183,29112,20433,23321,14810,18477,4280,7448,218435,202514,32111,29445,55129,51704,12402,47,52
2021-08-08T23:59:59+02:00,1115,1011,14153,13205,20092,18546,22410,21984,26290,26943,29597,30588,21159,24165,15278,19113,4440,7740,617,555,11690,11042,18091,16690,20675,20249,24671,25153,28137,29068,20410,23296,14797,18466,4280,7444,218205,201857,32080,29367,55128,51686,12371,47,50
2021-08-07T23:59:59+02:00,1115,1011,14138,13199,20082,18541,22405,21979,26278,26929,29582,30576,21157,24161,15274,19108,4439,7740,617,554,11675,11036,18075,16685,20670,20243,24658,25138,28120,29056,20408,23292,14793,18461,4279,7444,218202,201841,32079,29366,55127,51686,12261,47,50
2021-08-06T23:59:59+02:00,1115,1011,14128,13187,20069,18521,22391,21964,26256,26920,29569,30565,21154,24157,15271,19106,4439,7739,617,554,11664,11021,18052,16662,20654,20226,24637,25129,28107,29044,20405,23288,14790,18459,4279,7444,218193,201810,32075,29365,55127,51685,12122,47,50
2021-08-05T23:59:59+02:00,1103,992,14057,13145,20018,18487,22348,21922,26220,26863,29541,30541,21140,24142,15264,19097,4437,7736,582,524,11491,10912,17939,16562,20545,20126,24529,25039,28038,28995,20379,23263,14779,18445,4276,7442,217878,201024,32031,29274,55124,51543,11975,47,50
2021-08-04T23:59:59+02:00,1087,975,13993,13077,19913,18403,22282,21863,26179,26820,29490,30493,21117,24124,15254,19084,4437,7733,544,490,11304,10738,17708,16419,20368,19999,24411,24915,27928,28898,20351,23230,14766,18433,4273,7440,217608,199977,31869,29213,55124,51298,11678,47,49
2021-08-03T23:59:59+02:00,1063,957,13921,13013,19872,18352,22246,21821,26141,26777,29455,30462,21098,24099,15243,19070,4434,7723,487,448,11118,10566,17530,16291,20225,19864,24261,24790,27808,28789,20304,23181,14748,18401,4271,7434,217227,198537,31841,29178,55123,51241,11511,47,49
2021-08-02T23:59:59+02:00,1039,937,13836,12945,19813,18294,22194,21780,26085,26715,29403,30412,21069,24068,15233,19050,4431,7722,461,418,10949,10397,17356,16166,20077,19751,24143,24675,27721,28686,20258,23128,14729,18382,4268,7425,216745,197344,31810,29129,55123,51165,11303,47,49
2021-08-01T23:59:59+02:00,1029,922,13775,12898,19778,18277,22173,21758,26060,26694,29384,30396,21060,24056,15229,19043,4431,7721,425,387,10804,10251,17197,16057,19925,19643,23999,24571,27612,28606,20244,23103,14720,18368,4268,7421,216508,196455,31761,29037,55123,50815,11246,47,48
2021-07-31T23:59:59+02:00,1029,922,13750,12889,19760,18269,22157,21746,26046,26682,29376,30385,21057,24051,15228,19042,4430,7721,424,387,10778,10238,17176,16043,19907,19629,23986,24558,27604,28595,20241,23098,14719,18367,4267,7421,216504,196432,31761,29037,55123,50815,11106,47,48
2021-07-30T23:59:59+02:00,1021,912,13689,12842,19714,18247,22126,21727,26016,26660,29349,30367,21050,24043,15222,19040,4428,7720,403,369,10691,10162,17111,15999,19848,19593,23919,24517,27556,28569,20226,23076,14710,18363,4264,7419,216323,196038,31757,29037,55123,50748,10924,47,48
2021-07-29T23:59:59+02:00,997,893,13582,12756,19650,18186,22053,21674,25965,26604,29296,30329,21032,24033,15215,19033,4428,7718,358,329,10423,9901,16808,15757,19553,19374,23615,24286,27304,28405,20171,23021,14698,18342,4264,7418,215878,194281,31683,28925,55123,50059,10714,47,48
2021-07-28T23:59:59+02:00,969,863,13452,12628,19526,18078,21967,21591,25885,26525,29219,30261,21009,23997,15202,19021,4426,7716,323,289,10134,9694,16548,15566,19293,19186,23387,24093,27149,28261,20123,22947,14679,18318,4261,7413,215227,192932,31647,28843,55119,49545,10296,47,48
2021-07-27T23:59:59+02:00,938,842,13333,12535,19461,18017,21900,21537,25819,26468,29179,30216,20994,23977,15197,19001,4425,7710,275,234,9878,9480,16292,15335,19064,18998,23193,23918,26985,28125,20081,22893,14657,18292,4255,7404,214632,191260,31592,28681,55118,49208,10162,46,48
2021-07-26T23:59:59+02:00,914,824,13227,12440,19408,17960,21827,21472,25767,26434,29125,30155,20963,23953,15179,18982,4425,7706,226,205,9643,9229,16052,15125,18816,18798,22962,23750,26835,27996,20009,22832,14628,18256,4251,7398,214022,189498,31522,28579,55116,48829,10057,45,48
2021-07-25T23:59:59+02:00,895,812,13152,12368,19328,17909,21769,21418,25725,26386,29089,30110,20945,23936,15172,18976,4422,7705,203,185,9457,9088,15853,14971,18612,18659,22794,23641,26687,27876,19959,22783,14611,18243,4248,7395,213715,188589,31458,28430,55116,48414,9784,45,48
2021-07-24T23:59:59+02:00,895,812,13142,12358,19317,17902,21758,21414,25711,26379,29084,30104,20941,23935,15171,18975,4422,7705,203,185,9447,9072,15842,14963,18598,18654,22779,23631,26681,27868,19956,22780,14610,18242,4248,7395,213712,188569,31456,28426,55116,48414,9697,45,48
2021-07-23T23:59:59+02:00,887,810,13076,12320,19240,17868,21718,21381,25676,26341,29050,30068,20926,23918,15163,18971,4420,7702,203,184,9394,9043,15758,14920,18543,18613,22729,23591,26637,27829,19939,22763,14603,18236,4246,7392,213583,188405,31455,28420,55116,48413,9337,45,48
2021-07-22T23:59:59+02:00,875,796,12980,12238,19184,17798,21672,21351,25627,26293,29026,30045,20913,23900,15161,18965,4417,7700,149,141,9077,8766,15361,14671,18177,18356,22398,23344,26431,27694,19882,22706,14590,18214,4243,7387,213115,186574,31369,28166,55112,47498,9301,45,48
2021-07-21T23:59:59+02:00,853,768,12780,12070,19037,17672,21539,21252,25521,26189,28950,29973,20871,23865,15144,18941,4413,7695,126,121,8700,8450,14928,14345,17797,18082,22041,23009,26156,27483,19789,22618,14564,18175,4240,7378,212485,184669,31260,27813,55109,46837,8635,45,48
2021-07-20T23:59:59+02:00,823,743,12632,11934,18929,17585,21470,21174,25460,26124,28910,29922,20846,23832,15136,18925,4410,7692,96,94,8369,8144,14464,14010,17414,17806,21736,22778,25909,27296,19708,22509,14535,18140,4238,7372,211800,182511,31150,27650,55106,45963,8447,45,47
2021-07-19T23:59:59+02:00,794,716,12512,11817,18842,17515,21409,21115,25406,26070,28860,29885,20820,23802,15126,18911,4406,7686,75,63,8046,7890,14099,13757,17066,17558,21408,22572,25681,27154,19638,22433,14513,18118,4232,7366,211084,180467,31047,27492,55106,45252,8411,45,47
2021-07-18T23:59:59+02:00,776,698,12396,11708,18744,17437,21340,21062,25349,26016,28823,29831,20797,23780,15114,18900,4404,7684,62,52,7875,7739,13945,13633,16913,17434,21243,22459,25551,27072,19598,22393,14499,18101,4232,7363,210494,179530,30900,27385,55106,44885,8317,43,47
2021-07-17T23:59:59+02:00,776,698,12393,11708,18743,17434,21339,21062,25349,26016,28823,29831,20797,23780,15114,18900,4404,7684,62,52,7868,7738,13941,13628,16911,17433,21242,22458,25550,27070,19595,22392,14499,18101,4232,7363,210489,179508,30900,27384,55106,44882,8314,43,47
2021-07-16T23:59:59+02:00,769,693,12320,11654,18701,17403,21303,21035,25316,25993,28798,29812,20795,23777,15114,18898,4404,7684,58,49,7712,7636,13782,13558,16767,17374,21102,22399,25444,27022,19576,22370,14498,18095,4232,7360,210279,179051,30900,27309,55106,44485,8142,43,47
2021-07-15T23:59:59+02:00,754,673,12248,11582,18638,17344,21247,20987,25266,25952,28770,29783,20780,23760,15109,18889,4403,7681,56,46,7370,7317,13173,13148,16094,16948,20466,22027,24986,26709,19429,22228,14456,18049,4229,7353,209796,176812,30813,26402,55099,42707,8116,43,47
2021-07-14T23:59:59+02:00,725,653,12040,11443,18467,17235,21128,20890,25161,25850,28682,29683,20746,23726,15090,18873,4400,7678,48,36,6953,6958,12510,12695,15404,16459,19832,21569,24520,26366,19210,22003,14424,18001,4221,7342,208980,173981,30652,26063,55096,40760,7700,43,47
2021-07-13T23:59:59+02:00,681,618,11903,11309,18344,17150,21015,20794,25065,25757,28612,29617,20717,23687,15070,18863,4398,7668,38,25,6494,6533,11877,12196,14707,15956,19228,21157,24081,26042,19028,21786,14380,17940,4217,7333,207958,170320,30515,25890,55085,39096,7668,43,44
2021-07-12T23:59:59+02:00,646,587,11777,11172,18228,17061,20921,20686,24965,25658,28531,29550,20691,23652,15062,18851,4393,7661,33,19,6079,6121,11268,11661,14083,15420,18672,20662,23662,25681,18830,21596,14315,17882,4208,7329,206937,166632,30387,25066,55082,38135,7644,43,44
2021-07-11T23:59:59+02:00,610,560,11662,11081,18166,16997,20864,20630,24910,25610,28473,29501,20672,23631,15053,18842,4393,7660,30,18,5889,5953,11011,11455,13851,15220,18426,20473,23454,25494,18756,21513,14288,17856,4207,7323,206297,165238,30269,24596,55080,37710,7629,41,44
2021-07-10T23:59:59+02:00,609,559,11654,11080,18162,16996,20860,20628,24907,25609,28472,29501,20672,23631,15052,18840,4393,7660,30,18,5882,5951,11006,11449,13841,15216,18426,20471,23452,25492,18754,21512,14287,17856,4207,7323,206277,165208,30265,24595,55080,37703,7623,41,44
2021-07-09T23:59:59+02:00,581,536,11544,10953,18087,16913,20790,20566,24832,25533,28422,29455,20649,23611,15049,18830,4393,7659,30,17,5847,5917,10976,11416,13791,15194,18395,20439,23433,25469,18749,21502,14285,17853,4207,7322,205405,164975,30264,24545,55080,37665,7614,41,43
2021-07-08T23:59:59+02:00,546,508,11379,10817,17960,16807,20655,20465,24723,25405,28304,29376,20605,23562,15033,18801,4390,7651,27,14,5501,5660,10461,11016,13170,14743,17730,19879,22825,24999,18430,21104,14188,17770,4202,7312,204628,162654,30236,23735,55052,35568,7031,41,43
2021-07-07T23:59:59+02:00,486,456,11210,10669,17874,16721,20583,20397,24650,25327,28243,29313,20576,23526,15028,18789,4388,7643,22,14,5195,5368,9936,10566,12590,14260,17046,19358,22259,24497,18115,20739,14086,17673,4195,7289,203614,160188,30211,22271,55033,33724,6982,40,43
2021-07-06T23:59:59+02:00,445,422,11084,10517,17759,16626,20489,20294,24572,25234,28152,29234,20550,23486,15019,18772,4386,7640,15,8,4797,4937,9333,10045,11881,13655,16336,18743,21743,24003,17796,20432,13985,17556,4186,7279,202469,155990,30205,21321,55024,32432,6944,40,43
2021-07-05T23:59:59+02:00,423,395,10998,10428,17669,16555,20411,20222,24512,25182,28111,29197,20526,23464,15007,18764,4385,7637,12,7,4513,4618,8839,9596,11321,13100,15627,18098,21118,23395,17402,20033,13850,17398,4178,7271,201726,152093,30202,20640,55015,30696,6904,40,43
2021-07-04T23:59:59+02:00,410,389,10926,10373,17603,16500,20362,20173,24481,25147,28095,29179,20517,23453,15002,18761,4384,7636,12,7,4366,4527,8708,9429,11130,12926,15382,17886,20851,23121,17129,19742,13789,17305,4174,7267,201251,150771,30196,20330,55014,29716,6891,40,43
2021-07-03T23:59:59+02:00,408,388,10918,10361,17591,16494,20360,20170,24480,25146,28092,29178,20517,23452,15002,18761,4384,7636,12,7,4361,4518,8701,9425,11127,12926,15376,17886,20847,23117,17129,19736,13789,17305,4174,7267,201221,150754,30194,20330,55014,29706,6870,40,43
2021-07-02T23:59:59+02:00,365,325,10774,10252,17475,16395,20255,20094,24406,25082,28029,29119,20491,23426,14996,18747,4384,7633,12,7,4275,4439,8539,9288,10989,12814,15254,17778,20735,23011,17087,19705,13782,17290,4174,7264,200341,149763,30194,20329,55014,29648,6660,40,43
2021-07-01T23:59:59+02:00,318,282,10640,10117,17350,16300,20131,20004,24321,25007,27964,29066,20471,23402,14980,18732,4381,7629,12,5,4069,4239,8233,8953,10618,12402,14683,17277,20223,22471,16798,19404,13576,17075,4164,7242,199261,146686,30137,19645,55008,28420,6650,40,43
2021-06-30T23:59:59+02:00,235,221,10387,9877,17175,16151,19997,19873,24205,24883,27885,28977,20449,23370,14961,18714,4380,7628,12,4,3874,4046,7929,8617,10211,11938,14191,16722,19645,21836,16476,19059,13303,16797,4151,7215,197613,143005,30082,19393,55000,26951,6634,40,43
2021-06-29T23:59:59+02:00,191,184,10239,9702,17039,16056,19893,19781,24136,24807,27827,28910,20422,23343,14947,18694,4380,7624,11,4,3672,3788,7532,8168,9735,11402,13535,16050,19027,21134,16157,18729,13053,16507,4144,7201,196463,138725,30077,19094,54996,25386,6601,39,43
2021-06-28T23:59:59+02:00,142,132,10045,9517,16914,15949,19789,19678,24041,24711,27759,28848,20392,23313,14933,18675,4378,7622,10,3,3471,3533,7131,7727,9296,10910,12983,15513,18528,20612,15905,18463,12934,16374,4138,7190,195277,134880,29963,18673,54993,24557,6568,38,43
2021-06-27T23:59:59+02:00,124,115,9905,9406,16857,15888,19728,19628,23982,24661,27732,28823,20380,23297,14930,18670,4377,7619,10,3,3381,3469,6953,7529,9104,10709,12752,15273,18266,20351,15782,18357,12868,16287,4138,7186,194642,133680,29905,18326,54989,23820,6549,38,43
2021-06-26T23:59:59+02:00,124,115,9904,9400,16855,15884,19725,19627,23980,24660,27732,28822,20380,23297,14930,18670,4377,7619,10,3,3379,3468,6950,7527,9101,10707,12749,15270,18264,20349,15779,18356,12868,16284,4138,7186,194624,133658,29904,18326,54989,23814,6547,38,43
2021-06-25T23:59:59+02:00,120,112,9857,9360,16813,15848,19691,19594,23944,24632,27707,28803,20374,23290,14928,18667,4377,7619,10,3,3358,3421,6876,7416,9002,10548,12634,15073,18115,20139,15753,18326,12860,16281,4137,7185,194298,133466,29868,17969,54988,23114,6545,38,43
2021-06-24T23:59:59+02:00,110,101,9729,9236,16629,15722,19557,19469,23822,24543,27648,28742,20360,23274,14921,18658,4376,7617,9,3,3233,3277,6656,7085,8689,10094,12100,14447,17561,19426,15529,18094,12712,16150,4134,7173,193456,131055,29527,17110,54987,21657,6507,38,43
2021-06-23T23:59:59+02:00,104,96,9600,9095,16487,15594,19438,19367,23725,24437,27581,28695,20345,23252,14917,18653,4373,7616,9,3,3029,3040,6297,6603,8185,9522,11397,13622,16796,18442,15232,17751,12562,16008,4124,7148,192529,126491,29363,16132,54976,20636,6469,38,42
2021-06-22T23:59:59+02:00,73,70,9311,8793,16254,15395,19253,19216,23578,24312,27510,28609,20320,23226,14909,18634,4369,7610,9,3,2795,2756,5814,6056,7561,8759,10481,12577,15773,17237,14935,17392,12455,15884,4111,7125,190838,120048,29159,15640,54972,19561,6436,37,38
2021-06-21T23:59:59+02:00,68,62,9184,8638,16079,15242,19063,19063,23446,24189,27449,28530,20295,23197,14904,18624,4369,7606,9,3,2648,2565,5431,5595,7098,8173,9749,11701,15043,16304,14656,17078,12346,15762,4106,7108,189633,115345,28938,15082,54968,18479,6432,37,37
2021-06-20T23:59:59+02:00,65,60,9047,8510,15941,15122,18951,18976,23372,24117,27409,28479,20283,23174,14893,18617,4366,7605,9,3,2587,2497,5261,5412,6882,7907,9441,11362,14676,15899,14519,16942,12306,15725,4101,7102,188734,113630,28822,14846,54967,17691,6427,37,37
2021-06-19T23:59:59+02:00,65,60,9046,8503,15937,15113,18948,18976,23370,24116,27409,28478,20283,23174,14893,18617,4366,7605,9,3,2584,2496,5260,5406,6880,7905,9440,11361,14673,15895,14517,16942,12306,15725,4101,7102,188710,113609,28819,14842,54966,17690,6427,37,37
2021-06-18T23:59:59+02:00,65,56,9014,8491,15924,15103,18932,18968,23363,24107,27403,28473,20283,23171,14892,18617,4366,7605,9,3,2556,2463,5204,5348,6799,7804,9342,11203,14502,15667,14438,16841,12295,15703,4099,7099,188586,112821,28818,14841,54965,17249,6427,37,37
2021-06-17T23:59:59+02:00,58,53,8833,8328,15693,14935,18732,18811,23206,23975,27268,28379,20259,23150,14885,18605,4364,7602,9,3,2416,2313,4879,5047,6409,7399,8797,10599,13672,14792,14200,16546,12222,15580,4095,7088,187247,109934,28813,13889,54958,16125,6081,37,37
2021-06-16T23:59:59+02:00,50,51,8607,8116,15461,14705,18521,18612,23014,23806,27162,28269,20230,23107,14871,18585,4360,7596,9,3,2303,2206,4638,4842,6053,7057,8265,10111,12954,13946,13849,16164,12137,15491,4090,7076,185465,106470,28710,13087,54955,15644,5956,37,37
2021-06-15T23:59:59+02:00,41,38,8263,7781,15083,14345,18200,18323,22764,23594,27001,28136,20199,23072,14858,18570,4358,7585,9,3,2123,2035,4287,4491,5547,6491,7383,9220,11759,12663,13306,15545,12016,15328,4075,7053,182868,100216,28670,12421,54951,14975,5685,37,37
2021-06-14T23:59:59+02:00,35,33,8082,7615,14823,14110,17996,18149,22612,23472,26888,28053,20176,23039,14844,18562,4354,7577,7,3,2010,1911,4029,4240,5159,6019,6724,8497,10831,11605,12988,15195,11945,15231,4065,7034,181279,95361,28644,12059,54948,14524,5512,37,37
2021-06-13T23:59:59+02:00,35,33,8008,7560,14739,14020,17880,18037,22529,23394,26859,28023,20163,23028,14840,18556,4354,7577,5,3,1968,1885,3947,4143,5040,5879,6490,8258,10536,11272,12830,15017,11887,15174,4064,7033,180521,93981,28633,11768,54943,14144,5501,37,37
2021-06-12T23:59:59+02:00,35,33,8007,7558,14739,14017,17880,18037,22527,23393,26858,28020,20162,23027,14840,18556,4354,7577,5,3,1967,1883,3945,4143,5037,5878,6487,8253,10532,11266,12827,15016,11887,15172,4064,7033,180507,93957,28633,11767,54942,14136,5501,37,37
2021-06-11T23:59:59+02:00,35,32,7941,7517,14649,13970,17803,17986,22458,23357,26814,27997,20160,23023,14840,18555,4354,7577,5,3,1949,1868,3910,4085,4993,5811,6426,8168,10432,11160,12787,14980,11876,15166,4064,7033,180167,93735,28555,11759,54941,13817,5368,37,37
2021-06-10T23:59:59+02:00,30,25,7601,7221,14255,13604,17371,17609,22128,23076,26618,27816,20116,22978,14827,18537,4351,7565,3,3,1849,1787,3695,3919,4717,5536,6100,7799,9813,10550,12266,14319,11806,15058,4057,7026,177568,90567,28057,11379,54930,13187,5136,37,34
2021-06-09T23:59:59+02:00,29,22,7236,6872,13793,13173,16853,17144,21738,22706,26401,27602,20042,22908,14809,18502,4348,7557,3,3,1687,1673,3499,3739,4462,5268,5710,7389,9037,9833,11598,13481,11684,14916,4047,7014,174330,86305,27511,10746,54918,13019,4939,37,34
2021-06-08T23:59:59+02:00,24,18,6860,6471,13280,12685,16385,16673,21378,22365,26183,27400,19985,22828,14778,18467,4346,7550,3,3,1596,1599,3281,3507,4139,4915,5199,6900,8151,8910,10712,12402,11540,14756,4043,6998,170918,80639,27016,10447,54909,12739,4796,37,33
2021-06-07T23:59:59+02:00,21,15,6586,6189,12836,12309,15986,16273,21053,22068,26020,27240,19948,22774,14757,18447,4339,7544,3,3,1536,1528,3086,3334,3866,4687,4793,6520,7437,8156,9797,11253,11428,14608,4032,6980,168356,75887,26585,10073,54888,12515,4540,36,32
2021-06-06T23:59:59+02:00,21,15,6445,6057,12693,12154,15823,16117,20887,21905,25933,27153,19928,22737,14746,18437,4338,7540,3,3,1521,1505,3010,3292,3772,4622,4686,6439,7295,8023,9538,10984,11382,14558,4029,6975,167129,75195,26478,9649,54867,12342,4419,36,32
2021-06-05T23:59:59+02:00,21,15,6435,6051,12679,12139,15813,16108,20884,21900,25933,27150,19928,22737,14746,18437,4338,7540,3,3,1519,1502,3007,3290,3771,4621,4683,6439,7290,8017,9530,10979,11382,14558,4029,6975,167068,75163,26465,9647,54867,12338,4418,36,32
2021-06-04T23:59:59+02:00,21,15,6400,6011,12618,12089,15753,16057,20856,21868,25912,27132,19924,22731,14743,18437,4338,7540,3,3,1516,1496,2994,3278,3752,4605,4673,6423,7251,7973,9498,10909,11344,14517,4028,6974,166961,74880,26206,9633,54842,12292,4400,36,32
2021-06-03T23:59:59+02:00,21,14,6167,5787,12319,11839,15431,15746,20523,21529,25655,26920,19877,22656,14723,18416,4337,7536,2,3,1474,1453,2919,3211,3654,4525,4560,6322,7051,7787,9117,10457,11293,14443,4028,6969,164479,73567,25959,9334,54839,12152,4183,36,32
2021-06-02T23:59:59+02:00,21,14,6100,5727,12246,11776,15358,15677,20451,21467,25638,26896,19873,22653,14720,18413,4336,7535,2,3,1461,1442,2899,3194,3637,4510,4524,6303,7016,7748,9036,10346,11284,14418,4027,6968,164120,73194,25778,9325,54838,12141,4129,36,29
2021-06-01T23:59:59+02:00,17,14,5646,5234,11512,11077,14534,14943,19733,20800,25226,26513,19783,22564,14686,18366,4328,7527,2,3,1349,1333,2601,2922,3258,4177,4034,5843,6184,6942,7844,8717,11037,14071,4013,6951,159085,67769,25125,8415,54810,11624,3447,36,26
2021-05-31T23:59:59+02:00,15,14,5396,4935,11071,10652,14006,14450,19254,20300,24919,26175,19691,22478,14648,18320,4319,7511,2,3,1289,1278,2446,2789,3055,4006,3748,5548,5623,6406,6824,7430,10792,13751,4004,6917,155619,63716,24436,7492,54802,11415,3262,35,26
2021-05-30T23:59:59+02:00,15,14,5318,4860,10883,10528,13839,14272,18904,19976,24676,25927,19659,22447,14640,18300,4318,7509,2,3,1270,1264,2417,2754,3005,3960,3680,5492,5517,6314,6648,7197,10754,13676,4001,6907,154118,62964,23931,7429,54774,11216,3227,35,25
2021-05-29T23:59:59+02:00,15,14,5315,4860,10883,10524,13834,14269,18904,19975,24675,25924,19659,22447,14639,18300,4318,7509,2,3,1269,1260,2415,2751,3001,3957,3680,5490,5515,6312,6643,7194,10753,13676,4001,6907,154099,62952,23931,7425,54773,11202,3226,35,24
2021-05-28T23:59:59+02:00,15,14,5299,4846,10862,10487,13807,14248,18887,19957,24666,25914,19657,22444,14637,18297,4318,7508,2,3,1263,1259,2414,2744,2998,3955,3673,5484,5500,6296,6626,7177,10744,13654,4000,6903,153907,62846,23929,7425,54769,11178,3223,35,23
2021-05-27T23:59:59+02:00,12,13,5005,4566,10334,10030,13219,13718,18196,19343,24085,25377,19557,22329,14604,18251,4307,7496,2,3,1100,1119,2128,2549,2696,3666,3376,5127,5171,6015,6325,6760,10516,13370,3995,6887,150634,60988,22941,7388,54661,10235,2171,35,23
2021-05-26T23:59:59+02:00,12,13,4742,4312,9901,9651,12701,13198,17582,18734,23450,24701,19433,22179,14557,18196,4301,7479,2,3,1021,1037,1967,2397,2496,3467,3113,4883,4783,5663,5765,6109,10141,12832,3979,6851,146541,57829,22183,7350,54538,9462,1845,35,23
2021-05-25T23:59:59+02:00,12,12,4528,4085,9488,9179,12244,12690,17045,18156,22930,24062,19301,22007,14525,18117,4292,7465,2,3,973,992,1903,2307,2386,3330,2940,4678,4437,5285,5177,5376,9687,12231,3963,6826,142506,54262,21349,7335,54407,9036,1841,35,22
2021-05-24T23:59:59+02:00,12,12,4416,3928,9276,8975,12039,12430,16742,17837,22600,23657,19225,21928,14510,18097,4290,7464,2,3,956,943,1842,2263,2311,3269,2852,4596,4314,5167,5030,5215,9597,12103,3960,6818,140998,53545,20389,7280,54231,8609,1785,35,22
2021-05-23T23:59:59+02:00,12,12,4404,3928,9270,8972,12026,12420,16731,17830,22584,23636,19219,21923,14509,18095,4290,7464,2,3,954,937,1840,2258,2306,3267,2845,4591,4306,5150,5023,5201,9588,12090,3959,6817,140890,53462,20386,7267,54230,8603,1784,35,21
2021-05-22T23:59:59+02:00,12,12,4400,3925,9266,8969,12018,12414,16726,17826,22581,23634,19219,21923,14509,18095,4290,7464,2,3,954,937,1839,2255,2302,3267,2843,4591,4306,5148,5021,5200,9587,12090,3959,6817,140860,53454,20386,7266,54218,8596,1784,35,21
2021-05-21T23:59:59+02:00,12,12,4368,3888,9195,8893,11944,12327,16636,17750,22516,23566,19200,21904,14505,18088,4290,7462,2,3,907,928,1807,2245,2268,3257,2811,4566,4257,5119,4997,5176,9574,12083,3958,6816,140200,53379,20386,7266,54199,8372,1736,35,21
2021-05-20T23:59:59+02:00,9,11,4114,3709,8743,8533,11463,11911,15967,17246,21933,22986,19015,21734,14473,18049,4285,7451,2,3,761,865,1548,2083,2026,3098,2568,4344,4007,4886,4840,5013,9458,11937,3950,6792,136802,52647,20008,7167,53779,7338,1009,34,20
2021-05-19T23:59:59+02:00,9,11,3872,3470,8244,8067,10886,11365,15294,16537,21254,22261,18814,21502,14432,17999,4279,7433,2,3,714,818,1487,2000,1949,2995,2501,4216,3862,4725,4663,4800,9255,11707,3930,6763,131402,51558,19825,7034,53481,6790,988,33,20
2021-05-18T23:59:59+02:00,8,10,3583,3207,7701,7532,10157,10670,14335,15595,20312,21204,18553,21217,14376,17939,4273,7411,2,3,660,770,1433,1914,1873,2884,2370,4074,3684,4522,4392,4508,9052,11456,3917,6736,124366,50323,19726,6833,53043,6161,915,33,18
2021-05-17T23:59:59+02:00,8,10,3394,2999,7241,7065,9651,10128,13604,14808,19627,20402,18367,20953,14327,17872,4262,7396,2,3,604,714,1352,1851,1798,2802,2256,3998,3547,4408,4145,4277,8908,11242,3904,6707,119123,49513,19485,6619,52574,5469,899,33,18
2021-05-16T23:59:59+02:00,8,9,3266,2925,7038,6891,9448,9913,13350,14573,19398,20171,18290,20873,14313,17852,4261,7390,2,3,591,669,1312,1802,1754,2740,2217,3905,3482,4324,4054,4175,8887,11213,3902,6705,117502,49362,19246,6451,52293,5011,895,33,18
2021-05-15T23:59:59+02:00,8,9,3265,2921,7031,6881,9446,9907,13346,14571,19395,20161,18288,20872,14313,17852,4261,7390,2,3,591,669,1309,1800,1750,2739,2214,3905,3481,4324,4052,4173,8887,11213,3902,6704,117456,49352,19245,6450,52290,5005,893,33,18
2021-05-14T23:59:59+02:00,8,9,3224,2876,6912,6739,9313,9767,13193,14387,19222,20024,18263,20846,14312,17844,4260,7387,2,3,571,656,1287,1776,1720,2717,2180,3878,3435,4287,4000,4114,8879,11206,3902,6703,117035,49307,18494,6294,52204,4877,820,33,18
2021-05-13T23:59:59+02:00,8,9,3107,2718,6586,6415,8875,9369,12643,13904,18620,19426,18134,20702,14279,17807,4255,7385,1,2,538,632,1236,1719,1664,2644,2093,3773,3284,4167,3896,3977,8856,11186,3899,6699,114145,49208,17797,5903,51597,4468,671,32,16
2021-05-12T23:59:59+02:00,8,9,3080,2687,6551,6377,8826,9315,12502,13791,18436,19222,18101,20668,14271,17797,4255,7385,1,2,537,630,1234,1714,1658,2640,2083,3767,3270,4159,3883,3963,8848,11179,3899,6698,113431,49179,17571,5873,51579,4429,668,32,16
2021-05-11T23:59:59+02:00,6,9,2694,2430,5755,5883,7851,8500,11107,12623,16869,17745,17596,20103,14187,17692,4237,7362,0,2,499,571,1105,1607,1491,2483,1897,3588,3049,3896,3774,3848,8779,11086,3894,6693,106023,48935,16948,5675,49506,3495,141,31,16
2021-05-10T23:59:59+02:00,6,7,2509,2264,5278,5503,7158,7874,10075,11708,15568,16372,17215,19651,14124,17578,4229,7338,0,2,475,546,1061,1568,1447,2429,1835,3486,2930,3765,3691,3775,8740,11038,3890,6689,100203,48815,16038,5444,48049,2956,136,31,16
2021-05-09T23:59:59+02:00,6,7,2428,2232,5141,5419,6971,7755,9664,11366,15020,15842,17097,19510,14104,17549,4226,7333,0,2,460,528,1026,1508,1376,2345,1776,3364,2818,3610,3605,3682,8717,11005,3887,6686,98621,48726,15448,5173,47438,2347,133,30,16
2021-05-08T23:59:59+02:00,6,7,2424,2230,5139,5419,6969,7752,9659,11362,15017,15841,17097,19510,14103,17549,4226,7333,0,2,459,527,1025,1507,1376,2344,1776,3364,2817,3609,3603,3682,8716,11005,3887,6686,98599,48719,15445,5173,47436,2344,133,30,16
2021-05-07T23:59:59+02:00,6,7,2254,2167,4868,5324,6605,7598,9209,11149,14574,15520,16920,19308,14091,17520,4226,7331,0,2,449,525,1014,1494,1361,2330,1741,3354,2768,3575,3557,3642,8636,10924,3887,6683,97890,48695,14926,4822,45702,2280,129,30,16
2021-05-06T23:59:59+02:00,6,7,2022,2034,4321,4980,5945,7223,8437,10588,13601,14700,16522,18858,14042,17426,4214,7318,0,2,419,477,973,1394,1274,2166,1633,3130,2545,3293,3379,3442,8457,10731,3878,6669,95301,48253,13691,4214,43163,1319,60,29,16
2021-05-05T23:59:59+02:00,6,7,1899,1925,4040,4756,5515,6852,7743,9995,12482,13641,15843,18022,13938,17324,4205,7294,0,2,411,463,959,1366,1246,2124,1598,3054,2484,3209,3328,3402,8378,10632,3872,6659,90889,48118,12371,4064,42155,945,44,28,16
2021-05-04T23:59:59+02:00,6,7,1814,1840,3775,4520,5105,6496,7075,9418,11264,12396,14925,16894,13829,17187,4201,7280,0,2,406,453,941,1345,1227,2081,1579,3015,2440,3152,3281,3353,8290,10520,3866,6645,85075,47972,11734,3865,41167,713,30,26,16
2021-05-03T23:59:59+02:00,5,7,1764,1786,3623,4395,4873,6284,6691,9086,10535,11660,14198,15913,13741,17071,4192,7263,0,2,400,443,935,1328,1212,2048,1558,2972,2407,3106,3228,3313,8175,10418,3861,6639,80643,47840,11529,3643,40865,523,24,26,15
2021-05-02T23:59:59+02:00,5,7,1754,1768,3547,4368,4788,6231,6619,9025,10415,11545,14011,15719,13709,17044,4191,7258,0,2,398,433,928,1313,1208,2031,1554,2958,2391,3089,3210,3294,8137,10386,3860,6635,80077,47812,11252,3543,40630,438,19,26,15
2021-05-01T23:59:59+02:00,5,7,1751,1768,3545,4367,4787,6229,6616,9023,10410,11541,14008,15719,13708,17043,4191,7255,0,2,397,433,928,1313,1207,2030,1554,2957,2391,3089,3210,3294,8137,10386,3860,6634,80048,47808,11252,3543,40629,438,18,26,15
2021-04-30T23:59:59+02:00,5,7,1747,1760,3539,4358,4780,6217,6594,9008,10371,11502,13957,15645,13682,17012,4190,7254,0,2,397,430,926,1311,1207,2030,1553,2957,2387,3087,3210,3292,8136,10384,3860,6634,79717,47798,11251,3542,40619,432,16,25,15
2021-04-29T23:59:59+02:00,5,7,1627,1719,3299,4243,4505,6062,6275,8757,9954,11108,13374,14940,13578,16855,4184,7246,0,2,388,419,917,1288,1187,1996,1528,2921,2358,3039,3196,3281,8123,10366,3857,6630,76928,47683,10866,3540,39905,243,15,24,15
2021-04-28T23:59:59+02:00,5,7,1502,1672,3123,4141,4272,5883,5917,8483,9366,10616,12493,13758,13422,16645,4175,7232,0,2,378,408,899,1275,1171,1967,1490,2877,2287,2969,3039,3145,8009,10250,3850,6619,72422,47254,10681,3124,39572,229,13,24,15
2021-04-27T23:59:59+02:00,5,7,1463,1627,3014,4023,4069,5741,5611,8225,8742,9945,11455,12446,13192,16288,4164,7210,0,2,366,391,889,1254,1156,1931,1463,2804,2240,2908,3000,3100,7981,10218,3843,6614,67611,47035,10495,2950,39088,147,13,20,15
2021-04-26T23:59:59+02:00,5,7,1438,1592,2903,3944,3897,5598,5298,8011,8250,9503,10697,11518,13047,16083,4153,7192,0,2,365,386,879,1243,1139,1919,1433,2783,2211,2877,2950,3048,7931,10168,3837,6609,64190,46931,10305,2695,38608,126,13,20,15
2021-04-25T23:59:59+02:00,5,7,1427,1585,2833,3910,3799,5538,5160,7964,8054,9394,10499,11281,13010,16029,4152,7187,0,2,364,381,870,1237,1121,1903,1418,2764,2187,2850,2908,3015,7883,10120,3836,6604,63671,46848,10102,2487,38028,100,13,20,15
2021-04-24T23:59:59+02:00,5,7,1426,1585,2833,3907,3797,5537,5158,7962,8050,9390,10492,11277,13010,16029,4152,7187,0,2,364,381,870,1236,1121,1900,1416,2763,2186,2850,2908,3015,7883,10120,3836,6604,63643,46842,10101,2486,38027,99,13,20,15
2021-04-23T23:59:59+02:00,5,7,1408,1574,2764,3873,3713,5507,5040,7914,7913,9330,10405,11163,12985,15988,4150,7183,0,2,363,381,869,1233,1121,1900,1415,2763,2186,2850,2907,3015,7882,10120,3836,6604,63503,46836,9821,2485,37565,98,13,20,15
2021-04-22T23:59:59+02:00,5,7,1365,1544,2656,3809,3552,5400,4807,7759,7559,9092,9830,10466,12718,15689,4144,7159,0,2,357,380,860,1224,1111,1887,1403,2736,2158,2829,2871,2982,7792,10010,3824,6587,61865,46420,9161,2476,36502,89,13,20,15
2021-04-21T23:59:59+02:00,5,7,1333,1507,2575,3727,3433,5298,4588,7578,7147,8765,8937,9432,12302,15109,4131,7117,0,2,351,378,855,1207,1102,1866,1385,2706,2127,2801,2812,2925,7677,9842,3806,6559,59118,45933,8292,2351,35548,89,13,20,15
2021-04-20T23:59:59+02:00,4,7,1310,1480,2504,3652,3333,5201,4414,7394,6762,8431,8043,8301,11837,14519,4117,7103,0,2,345,373,843,1194,1092,1844,1360,2683,2093,2758,2751,2868,7526,9653,3774,6504,56253,45208,7526,2345,34602,83,12,19,15
2021-04-19T23:59:59+02:00,4,7,1293,1463,2468,3615,3272,5134,4304,7291,6523,8194,7406,7524,11584,14163,4106,7085,0,2,343,371,837,1184,1086,1832,1337,2670,2059,2730,2696,2824,7409,9486,3751,6465,54294,44645,7150,2331,33961,79,12,19,15
2021-04-18T23:59:59+02:00,4,6,1283,1451,2434,3588,3231,5112,4251,7235,6386,8062,7052,7136,11490,14059,4103,7073,0,2,343,369,835,1180,1085,1824,1335,2657,2053,2725,2690,2810,7382,9453,3749,6461,53764,44519,6691,2328,33470,79,12,19,15
2021-04-17T23:59:59+02:00,4,6,1282,1449,2434,3586,3230,5108,4246,7232,6379,8052,7038,7126,11488,14057,4103,7073,0,2,343,369,834,1179,1085,1824,1333,2656,2052,2723,2687,2807,7381,9453,3749,6461,53742,44506,6689,2327,33431,79,12,19,14
2021-04-16T23:59:59+02:00,4,6,1279,1447,2423,3577,3222,5100,4227,7213,6328,8019,6961,7041,11475,14043,4101,7071,0,2,343,367,829,1177,1083,1824,1331,2655,2049,2723,2686,2800,7379,9451,3748,6461,53683,44480,6451,2323,33372,79,12,19,14
2021-04-15T23:59:59+02:00,2,4,1243,1427,2368,3528,3127,5041,4066,7085,6070,7786,6418,6483,11225,13755,4086,7039,0,2,336,365,810,1156,1044,1764,1286,2583,1975,2628,2606,2728,7290,9362,3738,6444,52594,43884,6061,2137,32067,73,12,19,11
2021-04-14T23:59:59+02:00,2,4,1222,1413,2332,3500,3057,4978,3958,6981,5880,7576,5774,5780,10832,13263,4054,6989,0,2,328,362,798,1146,1026,1737,1254,2542,1924,2576,2527,2658,7140,9166,3719,6418,51183,43215,5853,2013,30529,73,11,19,11
2021-04-13T23:59:59+02:00,2,4,1207,1401,2299,3469,3000,4914,3847,6901,5631,7355,5234,5227,10491,12850,4031,6961,0,2,307,348,779,1116,1004,1716,1230,2506,1886,2535,2460,2592,7020,9028,3683,6357,50150,42523,5648,1954,28996,70,11,19,11
2021-04-12T23:59:59+02:00,2,4,1192,1394,2272,3446,2949,4869,3718,6819,5422,7205,4905,4934,10239,12569,4022,6937,0,2,291,344,766,1111,987,1699,1216,2483,1835,2489,2382,2531,6905,8885,3669,6334,49679,41941,5448,1905,27744,63,9,18,11
2021-04-11T23:59:59+02:00,2,4,1186,1379,2252,3425,2915,4849,3657,6748,5278,7094,4672,4734,10052,12370,4016,6926,0,2,284,342,761,1102,978,1684,1204,2455,1813,2457,2328,2472,6821,8777,3655,6314,49589,41525,5211,1843,26736,62,8,15,11
2021-04-10T23:59:59+02:00,2,4,1186,1378,2249,3420,2912,4845,3650,6744,5268,7082,4666,4723,10044,12357,4016,6926,0,2,281,338,745,1095,964,1679,1180,2434,1741,2405,2240,2385,6762,8730,3653,6310,49532,41352,5209,1513,26709,61,7,15,11
2021-04-09T23:59:59+02:00,2,4,1182,1374,2242,3418,2902,4835,3640,6733,5239,7058,4641,4695,10017,12326,4015,6926,0,2,272,335,725,1085,948,1658,1146,2387,1649,2329,2020,2116,6607,8570,3631,6277,49451,40497,5203,1181,26573,61,7,15,11
2021-04-08T23:59:59+02:00,2,4,1158,1354,2189,3361,2816,4745,3498,6603,5002,6825,4248,4287,9473,11751,3996,6872,0,2,247,313,675,1026,890,1585,1073,2291,1513,2209,1742,1779,6138,8007,3543,6130,48984,37917,4673,1178,24505,50,7,15,11
2021-04-07T23:59:59+02:00,2,4,1147,1340,2154,3343,2774,4708,3409,6540,4837,6690,3955,3983,8910,11199,3979,6843,0,2,214,283,615,971,829,1512,1012,2231,1407,2110,1601,1602,5538,7303,3454,5973,48767,35418,4197,1174,22833,49,5,15,11
2021-04-06T23:59:59+02:00,2,4,1125,1322,2110,3317,2735,4674,3344,6492,4711,6596,3698,3728,8418,10688,3963,6812,0,2,206,278,586,951,804,1464,966,2173,1324,2023,1454,1413,4949,6509,3339,5767,48567,32981,3661,1166,21492,46,4,15,11
2021-04-05T23:59:59+02:00,2,4,1122,1318,2103,3313,2725,4672,3328,6477,4688,6577,3666,3701,8387,10650,3959,6810,0,2,203,266,579,934,785,1440,950,2136,1284,1984,1407,1350,4734,6240,3291,5710,48474,32070,3654,1164,21355,46,4,15,11
2021-04-04T23:59:59+02:00,2,4,1122,1317,2103,3310,2725,4670,3328,6477,4685,6576,3659,3697,8385,10648,3959,6810,0,2,203,266,578,934,785,1440,950,2136,1283,1983,1407,1350,4733,6240,3291,5710,48462,32067,3652,1164,21345,46,3,15,11
2021-04-03T23:59:59+02:00,2,4,1122,1317,2102,3310,2725,4670,3328,6477,4685,6576,3658,3695,8385,10647,3959,6810,0,2,203,266,578,933,784,1439,950,2136,1283,1983,1407,1350,4733,6240,3291,5710,48461,32064,3651,1164,21342,46,3,15,11
2021-04-02T23:59:59+02:00,2,4,1122,1317,2102,3308,2725,4669,3327,6473,4685,6574,3655,3691,8383,10646,3959,6810,0,2,203,266,578,933,784,1437,950,2135,1283,1982,1407,1348,4730,6238,3290,5710,48442,32053,3651,1163,21341,46,3,15,11
2021-04-01T23:59:59+02:00,1,4,1109,1282,2036,3189,2615,4469,3178,6223,4525,6335,3611,3654,8283,10539,3948,6793,0,2,198,257,574,924,773,1431,940,2121,1260,1967,1386,1320,4490,5917,3170,5543,48066,31062,3645,1159,20065,39,3,15,10
2021-03-31T23:59:59+02:00,1,4,1092,1253,1997,3090,2540,4326,3087,6011,4394,6105,3526,3571,8130,10342,3928,6757,0,2,190,254,567,913,769,1413,928,2100,1219,1934,1330,1257,3995,5311,3042,5307,47456,29323,3516,1159,19164,38,3,15,8
2021-03-30T23:59:59+02:00,1,3,1069,1220,1945,2907,2438,4102,2937,5653,4193,5716,3432,3476,7965,10137,3901,6703,0,2,186,248,558,903,758,1391,906,2080,1170,1889,1243,1172,3466,4590,2818,4970,46815,27151,3350,1159,17615,29,3,15,8
2021-03-29T23:59:59+02:00,1,3,1052,1177,1881,2778,2354,3945,2799,5399,4030,5440,3332,3376,7802,9907,3872,6655,0,2,185,243,552,892,747,1377,888,2056,1133,1861,1166,1084,2881,3906,2641,4675,46167,25107,3114,1153,16505,19,2,15,8
2021-03-28T23:59:59+02:00,1,3,1033,1145,1809,2615,2272,3741,2678,5104,3879,5163,3267,3310,7737,9844,3868,6650,0,2,185,243,550,889,746,1375,886,2050,1130,1858,1157,1072,2826,3839,2628,4648,46060,24910,2905,1151,15137,14,2,15,7
2021-03-27T23:59:59+01:00,1,3,1033,1145,1809,2614,2271,3740,2675,5104,3876,5163,3263,3309,7736,9844,3868,6650,0,2,185,243,549,889,746,1375,885,2050,1127,1858,1157,1072,2826,3839,2628,4648,46051,24905,2905,1151,15132,14,2,14,7
2021-03-26T23:59:59+01:00,1,3,1028,1120,1766,2499,2207,3582,2612,4893,3790,4939,3242,3293,7733,9839,3867,6649,0,2,185,242,549,889,745,1375,885,2050,1127,1855,1153,1071,2823,3833,2627,4645,46023,24884,2902,1151,14122,12,2,14,7
2021-03-25T23:59:59+01:00,1,3,1003,1089,1715,2396,2124,3413,2504,4664,3677,4741,3140,3201,7605,9705,3860,6635,0,2,183,240,544,887,738,1366,879,2032,1110,1831,1107,1027,2594,3485,2428,4352,45763,23634,2564,1151,13136,12,1,12,7
2021-03-24T23:59:59+01:00,1,3,980,1069,1695,2353,2093,3364,2467,4597,3634,4671,3052,3130,7475,9533,3841,6617,0,2,183,235,538,882,730,1355,867,2017,1091,1811,1067,984,2198,2936,2033,3829,45219,21589,2434,1149,12909,12,1,12,7
2021-03-23T23:59:59+01:00,1,3,969,1063,1677,2320,2069,3330,2432,4553,3593,4620,2984,3057,7380,9429,3823,6589,0,2,181,232,534,877,723,1343,853,1998,1054,1779,984,891,1832,2445,1681,3362,44698,19636,2423,1115,12759,12,1,11,7
2021-03-22T23:59:59+01:00,1,3,967,1054,1663,2302,2055,3312,2410,4524,3556,4578,2940,3023,7317,9359,3809,6572,0,2,178,229,532,866,707,1320,839,1984,1025,1752,935,818,1354,1869,1326,2869,44363,17527,2401,1058,12669,12,1,11,7
2021-03-21T23:59:59+01:00,1,3,967,1053,1662,2299,2055,3309,2405,4520,3544,4570,2926,3014,7270,9304,3802,6566,0,2,178,226,530,864,706,1316,837,1980,1014,1747,912,799,1276,1784,1270,2800,44213,17224,2397,997,12648,12,1,11,7
2021-03-20T23:59:59+01:00,1,3,966,1052,1661,2298,2055,3309,2405,4519,3542,4568,2925,3013,7270,9303,3802,6566,0,2,178,226,530,864,706,1316,837,1980,1001,1732,877,771,1244,1761,1261,2798,44209,17221,2393,843,12644,12,1,11,7
2021-03-19T23:59:59+01:00,1,3,965,1044,1654,2284,2044,3305,2402,4513,3535,4561,2915,3002,7258,9286,3801,6563,0,2,178,224,529,864,706,1314,837,1979,994,1727,833,733,1181,1709,1251,2787,44147,17177,2389,651,12588,12,1,11,7
2021-03-18T23:59:59+01:00,1,3,929,1012,1577,2169,1920,3136,2253,4264,3306,4311,2762,2844,6956,8920,3735,6461,0,2,177,223,524,859,699,1306,828,1968,971,1710,815,710,1104,1600,1106,2580,42749,16590,2077,572,11721,12,1,11,7
2021-03-17T23:59:59+01:00,1,3,876,980,1506,2109,1857,3070,2188,4204,3210,4216,2624,2708,6529,8426,3670,6346,0,2,176,221,520,854,697,1302,824,1963,966,1702,786,691,969,1447,951,2364,40970,15844,2072,571,11469,12,1,11,7
2021-03-16T23:59:59+01:00,1,3,851,954,1472,2067,1819,3020,2134,4147,3114,4118,2490,2549,6051,7774,3579,6195,0,0,170,218,516,853,693,1295,819,1954,958,1689,781,678,881,1321,807,2199,38965,15241,2009,571,11352,12,1,11,7
2021-03-15T23:59:59+01:00,1,3,834,948,1454,2042,1781,2964,2096,4076,3013,4009,2356,2378,5563,7229,3506,6078,0,0,169,217,516,845,691,1286,815,1944,948,1673,770,668,811,1210,651,1994,37188,14656,1908,533,11224,12,0,11,7
2021-03-14T23:59:59+01:00,1,3,829,933,1430,2014,1756,2935,2065,4016,2950,3940,2177,2181,5378,7002,3475,6045,0,0,169,217,515,842,689,1275,814,1937,945,1664,752,659,795,1191,627,1939,36163,14511,1806,509,11150,3,0,11,7
2021-03-13T23:59:59+01:00,1,3,821,925,1409,2002,1738,2921,2037,3988,2875,3892,2105,2106,5329,6947,3473,6044,0,0,169,217,515,841,689,1275,813,1937,945,1664,752,658,795,1191,627,1939,35906,14509,1558,509,11141,3,0,11,6
2021-03-12T23:59:59+01:00,1,3,797,909,1363,1943,1674,2823,1938,3837,2717,3725,1908,1867,5142,6723,3441,6001,0,0,169,217,514,841,689,1275,812,1937,945,1663,743,655,782,1175,619,1936,34572,14455,1315,508,10914,3,0,11,6
2021-03-11T23:59:59+01:00,1,3,763,848,1294,1858,1590,2674,1853,3637,2555,3553,1641,1556,4773,6249,3305,5818,0,0,160,210,508,832,678,1266,797,1901,925,1621,612,593,712,1132,599,1904,32452,13948,1215,495,10294,2,0,10,5
2021-03-10T23:59:59+01:00,1,3,748,796,1271,1800,1558,2617,1802,3565,2473,3464,1569,1467,4300,5704,3186,5564,0,0,160,208,499,811,660,1251,787,1881,918,1605,543,577,679,1123,592,1898,30629,13794,1209,391,10040,2,0,10,5
2021-03-09T23:59:59+01:00,1,3,734,774,1249,1770,1531,2571,1761,3514,2398,3412,1474,1369,3737,4949,2993,5254,0,0,157,206,493,790,650,1227,773,1849,906,1577,539,575,677,1118,589,1892,28438,13732,1206,279,9840,2,0,10,5
2021-03-08T23:59:59+01:00,0,3,730,746,1236,1750,1513,2549,1733,3475,2358,3369,1380,1267,3059,4117,2756,4884,0,0,153,203,479,767,628,1195,754,1799,882,1540,536,573,677,1117,589,1892,25967,13724,1206,55,9742,0,0,10,5
2021-03-07T23:59:59+01:00,0,3,727,742,1226,1740,1505,2533,1722,3467,2346,3360,1367,1251,2956,3994,2733,4835,0,0,153,203,479,767,628,1195,754,1799,882,1540,536,573,677,1117,589,1892,25612,13724,1204,55,9681,0,0,10,5
2021-03-06T23:59:59+01:00,0,3,726,742,1224,1735,1502,2530,1718,3464,2341,3359,1364,1251,2956,3994,2733,4835,0,0,152,203,479,767,628,1195,754,1799,882,1540,536,573,677,1117,589,1892,25607,13723,1204,55,9656,0,0,10,5
2021-03-05T23:59:59+01:00,0,3,665,718,1199,1720,1481,2520,1693,3449,2312,3349,1358,1248,2948,3988,2730,4830,0,0,152,203,479,766,628,1194,754,1799,882,1537,535,573,677,1117,589,1892,25580,13717,1199,55,9422,0,0,10,5
2021-03-04T23:59:59+01:00,0,3,599,672,1131,1650,1425,2437,1652,3368,2238,3271,1307,1200,2727,3622,2544,4542,0,0,150,197,476,752,617,1182,743,1771,873,1524,524,562,664,1107,584,1883,24349,13552,1191,53,8838,0,0,10,4
2021-03-03T23:59:59+01:00,0,3,562,632,1064,1587,1329,2356,1551,3282,2112,3185,1264,1153,2352,3099,2188,4090,0,0,150,197,474,749,617,1182,742,1767,870,1523,520,559,662,1104,584,1880,22472,13526,1189,51,8140,0,0,8,3
2021-03-02T23:59:59+01:00,0,3,544,598,1026,1541,1271,2312,1493,3230,2015,3123,1179,1049,1983,2620,1793,3567,0,0,148,195,469,743,612,1171,732,1757,865,1502,511,550,651,1081,564,1847,20389,13344,1186,51,7764,0,0,8,3
2021-03-01T23:59:59+01:00,0,3,537,549,1005,1502,1225,2251,1447,3165,1960,3050,1134,974,1484,2024,1405,3021,0,0,146,195,469,742,612,1170,732,1754,864,1502,509,550,647,1072,560,1836,18093,13306,1183,51,7452,0,0,8,3
2021-02-28T23:59:59+01:00,0,3,529,535,987,1461,1199,2189,1419,3107,1905,2977,1113,952,1369,1884,1331,2933,0,0,146,195,468,741,612,1170,731,1752,863,1501,507,550,647,1072,560,1836,17612,13297,1181,51,7092,0,0,8,3
2021-02-27T23:59:59+01:00,0,3,529,533,986,1458,1199,2188,1418,3106,1905,2976,1113,952,1369,1883,1329,2933,0,0,145,195,467,740,609,1168,729,1750,861,1500,507,550,647,1072,560,1836,17609,13296,1181,37,7082,0,0,8,3
2021-02-26T23:59:59+01:00,0,3,389,483,857,1414,1116,2145,1350,3065,1846,2934,1108,946,1366,1882,1329,2931,0,0,145,195,467,740,609,1168,729,1749,861,1499,507,550,647,1072,560,1836,17597,13295,1181,36,6378,0,0,8,3
2021-02-25T23:59:59+01:00,0,3,301,429,762,1319,1032,2054,1250,2892,1707,2771,1070,914,1284,1757,1209,2739,0,0,138,185,455,726,593,1142,722,1723,841,1475,493,536,619,1040,546,1817,16994,13024,1181,25,5310,0,0,8,2
2021-02-24T23:59:59+01:00,0,2,256,385,689,1243,958,1967,1196,2774,1641,2654,1043,894,1161,1611,1053,2520,0,0,135,185,451,722,589,1141,721,1718,840,1471,488,531,611,1035,543,1805,16282,12963,1179,21,4578,0,0,8,2
2021-02-23T23:59:59+01:00,0,2,244,364,669,1184,929,1888,1149,2662,1565,2543,1017,866,1080,1483,910,2355,0,0,135,183,451,721,589,1141,721,1715,838,1470,487,528,609,1034,543,1804,15719,12951,1144,17,4039,0,0,8,1
2021-02-22T23:59:59+01:00,0,0,230,345,646,1154,897,1805,1099,2570,1479,2420,971,836,961,1340,723,2098,0,0,135,183,450,720,586,1140,720,1715,832,1467,486,527,608,1032,542,1802,14965,12939,1071,5,3530,0,0,8,1
2021-02-21T23:59:59+01:00,0,0,224,334,610,1086,847,1700,1055,2469,1399,2312,954,815,928,1288,670,2032,0,0,135,182,447,712,585,1136,720,1710,832,1465,485,527,607,1032,541,1801,14755,12911,1028,5,2932,0,0,8,1
2021-02-20T23:59:59+01:00,0,0,224,331,607,1085,845,1695,1051,2463,1384,2293,918,785,895,1265,662,2030,0,0,135,182,447,712,585,1136,720,1710,832,1465,485,526,606,1032,541,1801,14753,12910,868,5,2905,0,0,7,0
2021-02-19T23:59:59+01:00,0,0,214,323,598,1077,832,1680,1030,2446,1351,2250,673,683,752,1201,637,2013,0,0,135,182,447,710,585,1133,719,1707,829,1462,485,525,606,1031,540,1801,14275,12893,680,4,2798,0,0,7,0
2021-02-18T23:59:59+01:00,0,0,198,274,559,955,747,1453,900,2188,1100,1875,594,615,711,1159,617,1995,0,0,130,182,434,698,570,1115,713,1681,813,1434,482,522,605,1030,540,1801,14115,12746,580,4,1239,0,0,6,0
2021-02-17T23:59:59+01:00,0,0,192,233,537,905,710,1356,841,2020,1015,1742,572,594,711,1156,615,1992,0,0,124,179,422,687,562,1099,694,1649,800,1411,479,520,603,1027,540,1800,14094,12593,580,3,511,0,0,6,0
2021-02-16T23:59:59+01:00,0,0,185,230,529,889,695,1325,821,1981,982,1702,560,589,705,1154,614,1989,0,0,119,174,408,682,551,1083,681,1631,790,1397,473,514,596,1013,532,1769,14063,12411,580,2,301,0,0,6,0
2021-02-15T23:59:59+01:00,0,0,171,221,524,862,689,1291,806,1947,953,1655,559,586,703,1154,614,1989,0,0,116,173,401,672,540,1064,652,1604,776,1379,471,511,596,1013,532,1769,14060,12267,541,2,117,0,0,6,0
2021-02-14T23:59:59+01:00,0,0,166,213,520,849,688,1282,803,1938,935,1647,558,585,703,1151,613,1989,0,0,109,169,390,661,523,1046,633,1589,769,1366,471,509,594,1011,532,1769,14054,12139,539,2,41,0,0,6,0
2021-02-13T23:59:59+01:00,0,0,165,213,519,849,688,1282,803,1938,935,1647,558,585,703,1151,613,1989,0,0,109,169,389,660,523,1046,633,1589,769,1366,471,509,594,1011,532,1769,14053,12137,539,2,40,0,0,6,0
2021-02-12T23:59:59+01:00,0,0,163,212,514,847,687,1279,799,1937,933,1644,557,585,703,1151,613,1989,0,0,106,167,386,654,518,1039,619,1574,766,1349,469,508,582,991,527,1740,14046,11993,538,2,23,0,0,6,0
2021-02-11T23:59:59+01:00,0,0,160,211,510,839,679,1275,796,1933,927,1642,552,579,695,1145,608,1983,0,0,87,131,357,585,471,959,567,1457,722,1255,445,463,538,937,483,1644,13995,11100,525,1,9,0,0,5,0
2021-02-10T23:59:59+01:00,0,0,157,209,500,821,662,1260,784,1905,912,1618,543,573,684,1132,603,1973,0,0,78,120,329,525,445,851,525,1280,647,1097,396,413,471,820,433,1481,13869,9910,461,1,1,0,0,5,0
2021-02-09T23:59:59+01:00,0,0,156,203,492,783,646,1221,764,1844,900,1577,532,561,678,1116,594,1954,0,0,73,103,310,455,410,765,482,1177,583,998,365,358,428,732,399,1359,13755,8997,262,0,0,0,0,4,0
2021-02-08T23:59:59+01:00,0,0,152,199,475,757,624,1186,744,1794,880,1533,526,560,676,1110,590,1938,0,0,59,77,265,387,360,631,422,947,510,818,307,303,362,578,334,1153,13684,7513,56,0,0,0,0,4,0
2021-02-07T23:59:59+01:00,0,0,152,198,473,756,622,1185,743,1786,878,1531,525,560,676,1110,590,1937,0,0,58,69,246,352,341,587,406,915,490,783,307,296,360,571,332,1149,13662,7262,56,0,0,0,0,4,0
2021-02-06T23:59:59+01:00,0,0,152,198,473,756,622,1185,743,1786,878,1531,525,560,676,1110,590,1937,0,0,58,69,246,351,341,587,406,914,488,781,307,295,359,569,331,1149,13662,7251,56,0,0,0,0,4,0
2021-02-05T23:59:59+01:00,0,0,152,198,473,756,622,1185,743,1786,878,1529,525,560,675,1110,590,1937,0,0,56,69,245,348,334,583,398,891,478,761,297,290,348,545,313,1109,13659,7065,56,0,0,0,0,4,0
2021-02-04T23:59:59+01:00,0,0,146,193,469,748,615,1177,739,1772,872,1520,518,553,654,1085,581,1919,0,0,42,52,212,314,292,487,356,750,384,615,232,219,263,379,232,822,13502,5651,55,0,0,0,0,4,0
2021-02-03T23:59:59+01:00,0,0,144,192,462,741,607,1168,735,1758,864,1504,506,545,639,1072,574,1911,0,0,34,33,157,221,238,355,265,573,309,465,182,172,186,283,179,614,13367,4266,52,0,0,0,0,3,0
2021-02-02T23:59:59+01:00,0,0,144,189,460,740,607,1168,732,1752,857,1500,505,543,635,1069,573,1907,0,0,25,27,138,174,193,283,221,437,257,375,142,132,139,211,142,485,13327,3381,52,0,0,0,0,2,0
2021-02-01T23:59:59+01:00,0,0,142,189,459,739,602,1165,731,1744,855,1495,503,541,630,1066,572,1900,0,0,21,19,102,128,139,192,155,304,168,259,90,94,94,134,76,259,13279,2234,52,0,0,0,0,2,0
2021-01-31T23:59:59+01:00,0,0,141,188,459,736,599,1164,731,1740,855,1494,501,540,629,1064,572,1899,0,0,14,15,69,88,97,127,118,227,141,203,85,87,90,126,74,244,13259,1805,52,0,0,0,0,1,0
2021-01-30T23:59:59+01:00,0,0,141,188,458,736,597,1162,730,1739,855,1494,501,540,628,1064,572,1899,0,0,14,15,69,88,97,125,116,223,138,200,84,86,90,120,68,234,13258,1767,45,0,0,0,0,1,0
2021-01-29T23:59:59+01:00,0,0,141,188,458,733,596,1159,728,1737,853,1493,501,540,628,1064,572,1899,0,0,12,15,57,82,80,121,98,212,115,188,79,79,88,116,67,233,13252,1642,37,0,0,0,0,1,0
2021-01-28T23:59:59+01:00,0,0,134,184,445,715,579,1132,722,1710,830,1464,494,534,625,1061,569,1896,0,0,7,3,14,20,25,47,31,98,47,87,46,50,57,86,49,176,13065,843,28,0,0,0,0,1,0
2021-01-27T23:59:59+01:00,0,0,127,181,433,704,571,1122,706,1675,823,1440,491,532,621,1056,569,1891,0,0,3,1,6,12,11,26,13,42,23,31,13,17,25,35,20,55,12915,333,26,0,0,0,0,1,0
2021-01-26T23:59:59+01:00,0,0,120,177,419,693,558,1108,697,1652,811,1419,486,526,615,1039,561,1856,0,0,3,1,6,11,8,24,11,39,17,28,13,15,24,33,20,54,12719,307,17,0,0,0,0,1,0
2021-01-25T23:59:59+01:00,0,0,117,175,410,681,547,1089,670,1624,793,1401,484,522,613,1038,561,1856,0,0,2,1,5,9,8,19,6,30,12,22,9,6,14,22,10,35,12574,210,6,0,0,0,0,1,0
2021-01-24T23:59:59+01:00,0,0,111,172,400,671,532,1071,653,1611,780,1389,483,519,612,1038,561,1856,0,0,2,0,3,6,8,7,4,8,5,9,1,2,12,15,6,21,12452,109,6,0,0,0,0,1,0
2021-01-23T23:59:59+01:00,0,0,111,172,400,670,532,1071,653,1611,780,1389,483,519,612,1038,561,1856,0,0,1,0,3,6,8,7,4,8,5,9,1,2,12,15,6,21,12451,108,6,0,0,0,0,1,0
2021-01-22T23:59:59+01:00,0,0,108,170,393,664,528,1064,639,1596,774,1371,483,514,601,1017,554,1827,0,0,1,0,3,6,8,7,4,8,5,9,1,2,12,15,6,21,12298,108,5,0,0,0,0,0,0
2021-01-21T23:59:59+01:00,0,0,97,162,378,648,505,1030,609,1546,752,1328,466,476,567,973,518,1759,0,0,1,0,3,6,8,6,4,8,5,9,1,2,12,15,6,21,11809,107,5,0,0,0,0,0,0
2021-01-20T23:59:59+01:00,0,0,79,121,343,558,462,889,551,1312,663,1140,404,417,482,830,454,1535,0,0,1,0,2,5,8,6,4,8,5,9,1,2,12,15,6,21,10235,105,5,0,0,0,0,0,0
2021-01-19T23:59:59+01:00,0,0,74,107,316,479,421,800,508,1200,611,1037,380,379,445,751,424,1439,0,0,1,0,1,3,7,5,4,7,5,9,1,0,9,10,5,18,9366,85,5,0,0,0,0,0,0
2021-01-18T23:59:59+01:00,0,0,60,77,270,392,365,652,431,968,519,840,312,311,375,597,358,1231,0,0,1,0,1,3,7,5,4,7,5,8,1,0,9,10,5,18,7756,84,2,0,0,0,0,0,0
2021-01-17T23:59:59+01:00,0,0,59,68,251,357,344,600,412,925,495,801,309,302,373,590,355,1223,0,0,0,0,0,0,0,1,0,0,0,0,0,0,0,0,0,0,7462,1,2,0,0,0,0,0,0
2021-01-16T23:59:59+01:00,0,0,59,68,251,356,344,600,412,924,493,799,309,301,371,586,354,1223,0,0,0,0,0,0,0,0,0,0,0,0,0,0,0,0,0,0,7448,0,2,0,0,0,0,0,0
2021-01-15T23:59:59+01:00,0,0,57,68,251,352,338,594,401,900,481,774,295,295,352,557,331,1181,0,0,0,0,0,0,0,0,0,0,0,0,0,0,0,0,0,0,7225,0,2,0,0,0,0,0,0
2021-01-14T23:59:59+01:00,0,0,44,55,237,328,313,519,367,775,393,629,232,221,262,381,238,849,0,0,0,0,0,0,0,0,0,0,0,0,0,0,0,0,0,0,5843,0,0,0,0,0,0,0,0
2021-01-13T23:59:59+01:00,0,0,38,44,213,269,272,418,300,621,322,503,177,178,190,290,192,657,0,0,0,0,0,0,0,0,0,0,0,0,0,0,0,0,0,0,4684,0,0,0,0,0,0,0,0
2021-01-12T23:59:59+01:00,0,0,33,41,208,253,257,382,276,539,290,457,140,136,144,222,150,516,0,0,0,0,0,0,0,0,0,0,0,0,0,0,0,0,0,0,4044,0,0,0,0,0,0,0,0
2021-01-11T23:59:59+01:00,0,0,28,37,198,232,239,329,229,451,240,382,109,106,108,145,88,320,0,0,0,0,0,0,0,0,0,0,0,0,0,0,0,0,0,0,3241,0,0,0,0,0,0,0,0
2021-01-10T23:59:59+01:00,0,0,26,31,159,172,196,254,191,355,198,305,98,99,105,140,86,305,0,0,0,0,0,0,0,0,0,0,0,0,0,0,0,0,0,0,2720,0,0,0,0,0,0,0,0
2021-01-09T23:59:59+01:00,0,0,26,31,152,168,194,246,187,347,196,300,98,99,105,140,86,305,0,0,0,0,0,0,0,0,0,0,0,0,0,0,0,0,0,0,2680,0,0,0,0,0,0,0,0
2021-01-08T23:59:59+01:00,0,0,23,28,121,144,173,233,162,318,168,279,93,89,103,136,85,304,0,0,0,0,0,0,0,0,0,0,0,0,0,0,0,0,0,0,2459,0,0,0,0,0,0,0,0
2021-01-07T23:59:59+01:00,0,0,8,3,18,26,32,57,37,109,61,111,48,51,64,94,54,212,0,0,0,0,0,0,0,0,0,0,0,0,0,0,0,0,0,0,985,0,0,0,0,0,0,0,0
2021-01-06T23:59:59+01:00,0,0,3,1,7,13,11,25,14,42,21,32,14,14,28,40,23,65,0,0,0,0,0,0,0,0,0,0,0,0,0,0,0,0,0,0,353,0,0,0,0,0,0,0,0
2021-01-05T23:59:59+01:00,0,0,3,1,6,10,10,21,11,34,15,27,11,14,24,35,21,57,0,0,0,0,0,0,0,0,0,0,0,0,0,0,0,0,0,0,300,0,0,0,0,0,0,0,0
2021-01-04T23:59:59+01:00,0,0,2,1,4,7,9,13,4,18,8,17,5,3,13,21,8,31,0,0,0,0,0,0,0,0,0,0,0,0,0,0,0,0,0,0,164,0,0,0,0,0,0,0,0
2021-01-03T23:59:59+01:00,0,0,2,0,3,6,8,7,4,10,5,10,1,2,13,17,7,21,0,0,0,0,0,0,0,0,0,0,0,0,0,0,0,0,0,0,116,0,0,0,0,0,0,0,0
2021-01-02T23:59:59+01:00,0,0,2,0,3,6,8,7,4,10,5,10,1,2,13,17,7,21,0,0,0,0,0,0,0,0,0,0,0,0,0,0,0,0,0,0,116,0,0,0,0,0,0,0,0
2021-01-01T23:59:59+01:00,0,0,1,0,3,6,8,6,4,10,5,10,1,2,13,16,7,21,0,0,0,0,0,0,0,0,0,0,0,0,0,0,0,0,0,0,113,0,0,0,0,0,0,0,0
2020-12-31T23:59:59+01:00,0,0,1,0,3,5,8,6,4,10,5,10,1,2,13,16,7,21,0,0,0,0,0,0,0,0,0,0,0,0,0,0,0,0,0,0,112,0,0,0,0,0,0,0,0
2020-12-30T23:59:59+01:00,0,0,1,0,2,5,8,6,4,10,5,10,1,2,13,16,7,21,0,0,0,0,0,0,0,0,0,0,0,0,0,0,0,0,0,0,111,0,0,0,0,0,0,0,0
2020-12-29T23:59:59+01:00,0,0,1,0,1,3,8,5,4,8,5,10,1,0,10,11,6,18,0,0,0,0,0,0,0,0,0,0,0,0,0,0,0,0,0,0,91,0,0,0,0,0,0,0,0
2020-12-28T23:59:59+01:00,0,0,1,0,1,3,8,5,4,8,5,9,1,0,10,11,6,18,0,0,0,0,0,0,0,0,0,0,0,0,0,0,0,0,0,0,90,0,0,0,0,0,0,0,0
2020-12-27T23:59:59+01:00,0,0,1,0,1,3,8,4,4,8,5,9,1,0,9,10,6,18,0,0,0,0,0,0,0,0,0,0,0,0,0,0,0,0,0,0,87,0,0,0,0,0,0,0,0
