Datum,<15_1_m,<15_1_w,15-24_1_m,15-24_1_w,25-34_1_m,25-34_1_w,35-44_1_m,35-44_1_w,45-54_1_m,45-54_1_w,55-64_1_m,55-64_1_w,65-74_1_m,65-74_1_w,75-84_1_m,75-84_1_w,>84_1_m,>84_1_w,<15_2_m,<15_2_w,15-24_2_m,15-24_2_w,25-34_2_m,25-34_2_w,35-44_2_m,35-44_2_w,45-54_2_m,45-54_2_w,55-64_2_m,55-64_2_w,65-74_2_m,65-74_2_w,75-84_2_m,75-84_2_w,>84_2_m,>84_2_w,bp_1,bp_2,mo_1,mo_2,az_1,az_2,ja,unb_1,unb_2
2021-11-11T23:59:59+01:00,2833,2718,19344,17764,24663,22595,25928,25222,29230,29678,31695,32574,21917,25037,15636,19661,4550,7959,2174,2053,16706,15519,22020,20255,23738,23163,27223,27754,30175,31049,21244,24256,15191,19041,4391,7638,252646,231421,33157,31872,55091,52167,18085,34,45
2021-11-10T23:59:59+01:00,2787,2659,19133,17589,24457,22427,25789,25095,29098,29584,31618,32488,21894,25012,15620,19642,4549,7951,2160,2031,16652,15451,21958,20206,23695,23123,27179,27723,30134,31015,21226,24238,15182,19024,4387,7632,251088,230879,33119,31857,55090,52165,18070,34,45
2021-11-09T23:59:59+01:00,2744,2621,19003,17464,24320,22318,25689,24988,29030,29516,31560,32424,21874,24982,15603,19625,4546,7937,2141,2016,16623,15417,21924,20182,23677,23096,27157,27697,30108,30973,21211,24221,15175,19007,4385,7628,249955,230508,33107,31855,55090,52163,18067,34,45
2021-11-08T23:59:59+01:00,2702,2585,18769,17264,24114,22120,25522,24860,28898,29397,31460,32346,21840,24934,15583,19604,4546,7929,2122,1996,16573,15373,21882,20148,23651,23057,27120,27673,30088,30950,21190,24208,15166,18993,4382,7625,248231,230100,33074,31839,55090,52160,18053,34,45
2021-11-07T23:59:59+01:00,2677,2554,18675,17169,24000,22016,25425,24783,28834,29332,31416,32295,21820,24912,15575,19600,4544,7926,2107,1983,16549,15358,21858,20121,23630,23044,27107,27656,30076,30939,21186,24202,15161,18986,4382,7623,247316,229877,33072,31839,55089,52156,18051,34,45
2021-11-06T23:59:59+01:00,2677,2551,18672,17166,23996,22016,25421,24780,28832,29330,31415,32293,21820,24912,15575,19600,4543,7926,2107,1983,16549,15358,21858,20120,23630,23044,27107,27656,30074,30939,21186,24201,15161,18986,4382,7623,247288,229875,33072,31837,55089,52156,18051,34,45
2021-11-05T23:59:59+01:00,2649,2512,18580,17094,23912,21926,25357,24717,28775,29281,31379,32263,21819,24905,15572,19593,4543,7925,2102,1977,16539,15342,21850,20109,23619,23037,27101,27643,30067,30931,21181,24196,15161,18985,4381,7622,246599,229764,33039,31832,55089,52152,18050,34,45
2021-11-04T23:59:59+01:00,2604,2476,18500,17007,23809,21831,25293,24661,28709,29237,31342,32226,21808,24893,15564,19584,4541,7921,2073,1953,16481,15294,21802,20067,23584,23008,27077,27615,30044,30909,21177,24187,15156,18975,4379,7620,245830,229370,33030,31816,55089,52138,18032,34,45
2021-11-03T23:59:59+01:00,2568,2450,18363,16882,23652,21699,25186,24571,28631,29177,31295,32171,21788,24881,15558,19578,4541,7919,2045,1930,16408,15225,21747,20001,23544,22967,27033,27580,30017,30880,21160,24163,15145,18964,4377,7613,244762,228792,33008,31800,55089,52136,18026,34,45
2021-11-02T23:59:59+01:00,2540,2427,18231,16800,23508,21598,25096,24505,28557,29121,31247,32137,21779,24862,15552,19569,4540,7910,2030,1910,16350,15189,21710,19954,23507,22929,27004,27554,29995,30857,21152,24151,15137,18961,4376,7610,243847,228386,33003,31794,55089,52136,18015,34,45
2021-11-01T23:59:59+01:00,2519,2409,18149,16729,23426,21544,25041,24462,28510,29082,31221,32112,21767,24854,15548,19568,4540,7909,2016,1896,16315,15136,21672,19916,23482,22898,26974,27518,29977,30838,21144,24146,15136,18951,4376,7608,243267,228025,32999,31783,55089,52136,18010,34,45
2021-10-31T23:59:59+01:00,2519,2409,18149,16729,23425,21542,25040,24462,28510,29082,31221,32112,21767,24854,15548,19568,4540,7909,2015,1895,16315,15136,21672,19916,23482,22897,26974,27518,29977,30838,21144,24146,15136,18951,4376,7608,243263,228022,32999,31783,55089,52136,18010,34,45
2021-10-30T23:59:59+02:00,2519,2409,18149,16729,23424,21542,25040,24462,28510,29082,31221,32112,21767,24854,15548,19568,4540,7909,2015,1895,16315,15136,21672,19916,23482,22897,26974,27518,29977,30838,21144,24146,15136,18951,4376,7608,243262,228022,32999,31783,55089,52136,18010,34,45
2021-10-29T23:59:59+02:00,2507,2395,18085,16688,23354,21504,24964,24419,28448,29045,31196,32093,21763,24845,15542,19563,4539,7908,2010,1890,16301,15124,21658,19901,23472,22883,26963,27505,29969,30835,21142,24144,15136,18950,4376,7608,242778,227899,32958,31779,55089,52136,18008,34,45
2021-10-28T23:59:59+02:00,2484,2371,18006,16625,23277,21448,24918,24369,28411,29007,31164,32065,21757,24838,15537,19555,4539,7905,1979,1871,16244,15075,21624,19856,23441,22851,26938,27482,29947,30810,21132,24135,15134,18947,4376,7603,242234,227503,32928,31764,55089,52133,18000,34,45
2021-10-27T23:59:59+02:00,2450,2335,17893,16543,23125,21349,24812,24284,28313,28948,31118,32033,21748,24814,15530,19546,4539,7904,1956,1842,16174,15026,21576,19796,23407,22812,26904,27444,29921,30785,21121,24122,15127,18937,4375,7599,241289,227018,32888,31739,55089,52129,17993,34,45
2021-10-26T23:59:59+02:00,2425,2311,17835,16497,23082,21302,24768,24247,28268,28906,31091,32016,21746,24804,15527,19544,4539,7901,1938,1819,16134,14981,21545,19765,23375,22782,26893,27423,29908,30774,21113,24122,15125,18935,4375,7599,240828,226713,32887,31739,55089,52129,17980,34,45
2021-10-25T23:59:59+02:00,2424,2307,17834,16493,23080,21300,24766,24244,28267,28904,31090,32016,21746,24804,15527,19544,4539,7901,1938,1818,16134,14980,21545,19764,23373,22781,26893,27423,29908,30774,21113,24122,15125,18935,4375,7599,240806,226708,32887,31739,55089,52129,17979,34,45
2021-10-24T23:59:59+02:00,2415,2298,17816,16468,23063,21281,24740,24228,28258,28898,31083,32011,21744,24802,15525,19543,4539,7901,1928,1801,16115,14944,21522,19741,23359,22753,26882,27412,29898,30767,21110,24117,15123,18929,4375,7599,240649,226499,32873,31725,55089,52129,17977,34,45
2021-10-23T23:59:59+02:00,2415,2298,17815,16468,23061,21281,24740,24228,28257,28898,31083,32011,21744,24802,15525,19543,4539,7901,1928,1801,16115,14944,21520,19741,23359,22753,26882,27412,29898,30767,21110,24117,15123,18929,4375,7599,240646,226498,32873,31725,55089,52129,17976,34,45
2021-10-22T23:59:59+02:00,2394,2281,17754,16428,23013,21236,24690,24176,28225,28869,31050,31991,21738,24793,15520,19541,4538,7899,1921,1794,16097,14933,21510,19732,23343,22736,26875,27408,29889,30761,21108,24115,15123,18929,4375,7599,240192,226390,32865,31723,55089,52125,17965,34,45
2021-10-21T23:59:59+02:00,2379,2255,17710,16383,22961,21187,24654,24141,28179,28842,31033,31969,21731,24788,15517,19537,4537,7891,1876,1756,16035,14855,21465,19672,23307,22689,26836,27370,29875,30740,21101,24103,15114,18911,4373,7594,239789,225874,32839,31676,55089,52125,17952,34,45
2021-10-20T23:59:59+02:00,2348,2213,17633,16321,22870,21123,24578,24099,28140,28795,30999,31942,21719,24779,15513,19528,4535,7889,1821,1713,15950,14784,21415,19605,23247,22643,26794,27314,29847,30711,21080,24091,15107,18893,4367,7591,239150,225213,32819,31652,55089,52122,17941,34,45
2021-10-19T23:59:59+02:00,2327,2199,17599,16295,22850,21108,24565,24082,28127,28783,30991,31921,21712,24768,15511,19520,4534,7888,1790,1674,15891,14735,21373,19558,23226,22618,26773,27295,29827,30692,21071,24077,15102,18887,4367,7588,238910,224789,32819,31652,55089,52121,17937,34,45
2021-10-18T23:59:59+02:00,2314,2189,17579,16274,22834,21083,24546,24064,28115,28773,30978,31909,21706,24766,15509,19513,4532,7885,1766,1651,15849,14687,21354,19534,23203,22589,26752,27269,29807,30677,21065,24072,15098,18881,4366,7587,238700,224453,32819,31652,55089,52121,17936,34,45
2021-10-17T23:59:59+02:00,2305,2183,17554,16240,22803,21054,24527,24050,28098,28764,30968,31901,21698,24762,15508,19510,4532,7883,1748,1622,15807,14640,21324,19491,23182,22562,26733,27248,29793,30673,21059,24063,15098,18876,4364,7585,238483,224138,32813,31632,55087,52121,17932,34,45
2021-10-16T23:59:59+02:00,2305,2183,17553,16240,22803,21054,24527,24050,28098,28764,30968,31901,21698,24762,15508,19510,4532,7883,1748,1622,15807,14640,21324,19490,23182,22562,26733,27248,29793,30673,21059,24063,15098,18876,4364,7585,238482,224137,32813,31632,55087,52121,17932,34,45
2021-10-15T23:59:59+02:00,2295,2173,17528,16224,22785,21039,24501,24032,28082,28749,30962,31897,21692,24755,15508,19510,4532,7882,1740,1607,15794,14623,21312,19479,23173,22555,26730,27241,29788,30668,21056,24061,15097,18876,4364,7585,238304,224021,32800,31632,55087,52121,17930,34,45
2021-10-14T23:59:59+02:00,2285,2155,17485,16189,22750,21006,24477,24010,28063,28729,30951,31884,21686,24752,15505,19507,4531,7879,1719,1581,15732,14571,21283,19434,23137,22517,26712,27205,29766,30645,21045,24053,15092,18866,4362,7583,238008,223614,32799,31618,55087,52102,17924,34,45
2021-10-13T23:59:59+02:00,2255,2135,17403,16114,22688,20943,24432,23967,28025,28684,30922,31854,21673,24742,15499,19502,4530,7875,1681,1550,15632,14480,21231,19383,23095,22480,26671,27165,29737,30617,21038,24035,15090,18851,4362,7579,237491,223074,32774,31591,55087,52102,17865,34,45
2021-10-12T23:59:59+02:00,2245,2116,17362,16070,22665,20915,24406,23939,28009,28663,30909,31834,21669,24737,15495,19494,4529,7873,1658,1530,15580,14419,21213,19349,23070,22459,26646,27140,29714,30596,21030,24026,15088,18848,4360,7578,237181,222717,32773,31580,55086,52098,17864,34,45
2021-10-11T23:59:59+02:00,2234,2104,17333,16039,22650,20894,24391,23918,27990,28644,30894,31824,21664,24729,15493,19489,4526,7868,1640,1519,15537,14383,21174,19295,23047,22421,26620,27100,29685,30580,21019,24016,15082,18841,4356,7575,236939,222307,32773,31580,55086,52098,17860,34,45
2021-10-10T23:59:59+02:00,2230,2096,17317,16021,22633,20880,24387,23910,27982,28631,30889,31817,21657,24725,15493,19487,4526,7865,1624,1508,15481,14338,21110,19235,23008,22382,26575,27074,29663,30558,21009,24005,15076,18834,4356,7575,236809,221856,32769,31557,55086,52097,17856,34,45
2021-10-09T23:59:59+02:00,2228,2096,17317,16020,22631,20879,24387,23910,27982,28631,30889,31817,21657,24725,15493,19487,4526,7865,1623,1505,15480,14336,21110,19234,23008,22382,26575,27073,29663,30558,21009,24005,15076,18834,4356,7575,236803,221847,32769,31557,55086,52097,17856,34,45
2021-10-08T23:59:59+02:00,2223,2088,17306,15996,22607,20867,24369,23901,27967,28615,30874,31808,21655,24720,15493,19487,4526,7865,1616,1501,15474,14323,21096,19219,22997,22374,26565,27056,29659,30551,21007,23999,15074,18833,4356,7575,236666,221745,32759,31557,55085,52097,17831,34,45
2021-10-07T23:59:59+02:00,2199,2068,17248,15953,22577,20820,24343,23873,27934,28590,30853,31784,21650,24717,15491,19478,4525,7860,1581,1469,15399,14245,21031,19149,22953,22327,26534,27019,29631,30528,20996,23984,15069,18823,4352,7574,236291,221205,32749,31510,55082,52089,17815,34,45
2021-10-06T23:59:59+02:00,2175,2045,17188,15906,22530,20767,24317,23832,27903,28560,30837,31758,21639,24705,15484,19472,4524,7856,1544,1442,15338,14172,20981,19088,22915,22291,26503,26980,29607,30499,20985,23970,15058,18817,4350,7572,235872,220707,32730,31483,55082,52089,17788,34,45
2021-10-05T23:59:59+02:00,2155,2028,17143,15867,22483,20739,24283,23792,27881,28535,30824,31741,21634,24697,15484,19467,4523,7855,1532,1425,15310,14141,20927,19063,22885,22262,26475,26954,29582,30474,20977,23951,15055,18809,4347,7572,235604,220439,32730,31481,55082,52089,17687,34,45
2021-10-04T23:59:59+02:00,2128,1993,17087,15828,22431,20710,24260,23767,27865,28501,30805,31723,21630,24688,15482,19463,4522,7852,1526,1413,15272,14117,20901,19035,22871,22237,26457,26935,29570,30460,20970,23941,15051,18804,4347,7564,235263,220228,32730,31479,55082,52087,17632,34,45
2021-10-03T23:59:59+02:00,2123,1981,17058,15788,22401,20677,24223,23743,27851,28481,30788,31713,21627,24681,15481,19458,4522,7850,1506,1392,15240,14079,20876,19005,22846,22217,26443,26913,29556,30450,20960,23928,15049,18801,4347,7564,235050,220008,32724,31468,55078,52085,17566,34,45
2021-10-02T23:59:59+02:00,2123,1981,17058,15788,22401,20677,24222,23743,27851,28481,30788,31713,21627,24681,15481,19458,4522,7850,1506,1392,15240,14079,20876,19005,22846,22217,26443,26913,29556,30449,20960,23928,15049,18801,4347,7564,235049,220007,32724,31468,55078,52085,17566,34,45
2021-10-01T23:59:59+02:00,2118,1976,17044,15771,22398,20665,24208,23722,27846,28474,30784,31708,21624,24679,15481,19456,4521,7850,1504,1389,15236,14077,20873,19003,22844,22217,26441,26911,29556,30445,20959,23926,15049,18801,4347,7564,234932,219980,32723,31468,55078,52085,17564,34,45
2021-09-30T23:59:59+02:00,2097,1960,16987,15719,22355,20608,24168,23687,27816,28441,30761,31684,21614,24673,15476,19449,4519,7845,1467,1358,15166,14011,20835,18967,22811,22176,26418,26877,29537,30424,20955,23917,15046,18793,4343,7559,234547,219591,32710,31447,55078,52081,17496,34,45
2021-09-29T23:59:59+02:00,2029,1915,16895,15643,22283,20538,24113,23636,27755,28389,30723,31654,21598,24659,15469,19435,4516,7843,1445,1327,15096,13955,20792,18914,22775,22123,26380,26847,29502,30396,20946,23905,15035,18785,4342,7556,233909,219188,32693,31424,55077,52078,17386,34,45
2021-09-28T23:59:59+02:00,2011,1898,16813,15578,22212,20485,24049,23594,27716,28346,30706,31637,21589,24645,15464,19425,4516,7840,1431,1315,15028,13910,20734,18872,22731,22097,26350,26812,29481,30375,20933,23890,15029,18775,4340,7552,233476,218858,32692,31424,55077,52077,17251,34,45
2021-09-27T23:59:59+02:00,1948,1829,16748,15518,22176,20449,24024,23566,27688,28310,30686,31620,21582,24638,15462,19422,4515,7838,1420,1300,15000,13879,20712,18835,22716,22072,26331,26800,29463,30359,20929,23880,15025,18767,4339,7549,232979,218588,32692,31424,55077,52076,17243,34,45
2021-09-26T23:59:59+02:00,1927,1808,16678,15454,22123,20389,23985,23515,27659,28284,30671,31611,21572,24631,15461,19419,4515,7836,1404,1286,14930,13811,20660,18780,22666,22015,26292,26763,29444,30332,20922,23870,15017,18764,4339,7546,232611,218188,32675,31397,55076,52063,17148,34,45
2021-09-25T23:59:59+02:00,1927,1808,16676,15454,22122,20388,23983,23514,27659,28284,30671,31611,21572,24631,15461,19419,4515,7836,1404,1286,14929,13811,20659,18780,22666,22015,26291,26761,29444,30332,20921,23870,15017,18764,4339,7546,232605,218184,32675,31396,55076,52063,17147,34,45
2021-09-24T23:59:59+02:00,1926,1805,16649,15434,22078,20359,23949,23493,27639,28262,30654,31596,21570,24627,15459,19418,4515,7836,1397,1279,14901,13784,20609,18748,22625,21989,26263,26741,29422,30312,20916,23864,15015,18762,4338,7545,232541,218057,32675,31396,55076,52063,16949,34,45
2021-09-23T23:59:59+02:00,1896,1767,16574,15348,22016,20284,23901,23425,27594,28207,30628,31556,21558,24616,15451,19403,4512,7834,1370,1251,14823,13721,20548,18705,22597,21942,26229,26697,29396,30285,20912,23853,15009,18754,4338,7544,231981,217655,32636,31362,55076,52063,16849,34,45
2021-09-22T23:59:59+02:00,1863,1736,16473,15270,21924,20207,23825,23371,27526,28146,30586,31521,21542,24593,15449,19390,4510,7831,1315,1200,14698,13614,20458,18626,22533,21871,26168,26636,29347,30249,20892,23843,15003,18746,4335,7535,231371,216976,32615,31319,55076,52056,16673,34,45
2021-09-21T23:59:59+02:00,1833,1692,16393,15195,21865,20147,23774,23322,27484,28111,30547,31481,21531,24573,15446,19380,4504,7823,1306,1184,14642,13567,20399,18587,22490,21828,26134,26611,29322,30224,20879,23829,14996,18735,4332,7531,230894,216689,32615,31319,55076,52056,16487,34,45
2021-09-20T23:59:59+02:00,1806,1677,16319,15130,21810,20100,23725,23282,27446,28068,30514,31463,21522,24560,15440,19374,4503,7821,1294,1174,14585,13514,20353,18543,22452,21800,26086,26579,29297,30199,20871,23817,14994,18729,4329,7528,230486,216371,32613,31318,55076,52055,16355,34,45
2021-09-19T23:59:59+02:00,1779,1654,16255,15080,21760,20039,23690,23248,27415,28040,30493,31438,21513,24549,15436,19363,4503,7818,1286,1164,14526,13471,20308,18489,22400,21777,26061,26547,29280,30185,20864,23804,14990,18726,4328,7524,230119,216089,32591,31285,55076,52055,16256,34,45
2021-09-18T23:59:59+02:00,1779,1654,16253,15078,21759,20038,23687,23246,27415,28039,30493,31438,21513,24549,15436,19363,4503,7818,1286,1164,14525,13469,20308,18489,22399,21776,26061,26545,29280,30185,20864,23804,14990,18726,4328,7524,230112,216088,32591,31284,55076,52055,16251,34,45
2021-09-17T23:59:59+02:00,1774,1647,16230,15059,21734,20018,23667,23235,27402,28024,30484,31432,21510,24546,15433,19360,4502,7818,1278,1155,14504,13455,20298,18483,22390,21771,26054,26541,29270,30179,20861,23801,14989,18725,4328,7524,229941,215985,32590,31284,55076,52055,16237,34,45
2021-09-16T23:59:59+02:00,1735,1616,16130,14958,21653,19917,23597,23152,27336,27964,30445,31394,21497,24529,15428,19350,4497,7818,1245,1126,14420,13381,20254,18428,22354,21720,26023,26496,29249,30148,20850,23791,14982,18718,4325,7520,229132,215528,32569,31206,55076,52043,16208,34,45
2021-09-15T23:59:59+02:00,1704,1599,16062,14880,21597,19863,23552,23107,27304,27930,30420,31370,21484,24507,15416,19341,4496,7816,1216,1098,14343,13295,20186,18368,22315,21668,25983,26452,29217,30125,20837,23776,14970,18710,4324,7518,228603,214968,32549,31161,55076,52038,16189,34,45
2021-09-14T23:59:59+02:00,1691,1583,16027,14834,21550,19825,23523,23072,27272,27894,30395,31346,21469,24496,15413,19329,4493,7815,1198,1083,14305,13257,20161,18346,22293,21642,25963,26437,29206,30116,20826,23768,14967,18703,4323,7516,228194,214688,32547,31160,55076,52038,16179,34,45
2021-09-13T23:59:59+02:00,1670,1570,15985,14781,21523,19793,23492,23039,27255,27858,30381,31331,21468,24486,15408,19327,4492,7812,1192,1075,14277,13242,20134,18330,22273,21622,25948,26425,29196,30093,20817,23757,14966,18696,4321,7514,227849,214464,32544,31160,55076,52038,16171,34,45
2021-09-12T23:59:59+02:00,1660,1557,15961,14758,21507,19771,23476,23014,27240,27843,30370,31323,21461,24478,15408,19322,4492,7812,1178,1070,14244,13213,20109,18293,22253,21596,25935,26402,29185,30085,20810,23749,14961,18689,4319,7509,227655,214224,32525,31129,55076,52036,16166,34,45
2021-09-11T23:59:59+02:00,1659,1557,15949,14754,21499,19763,23475,23013,27238,27842,30367,31321,21460,24477,15408,19322,4492,7812,1178,1070,14239,13211,20107,18290,22251,21596,25935,26401,29185,30085,20809,23749,14961,18689,4319,7509,227618,214213,32525,31129,55073,52036,16161,34,45
2021-09-10T23:59:59+02:00,1659,1557,15926,14749,21486,19752,23457,23010,27221,27832,30354,31316,21459,24475,15404,19320,4492,7811,1176,1070,14216,13204,20092,18280,22237,21592,25920,26388,29167,30082,20808,23745,14958,18686,4318,7508,227588,214174,32525,31129,55073,52036,16063,34,45
2021-09-09T23:59:59+02:00,1614,1518,15846,14670,21426,19685,23403,22960,27161,27782,30326,31287,21450,24458,15390,19306,4490,7809,1149,1044,14134,13130,20021,18211,22170,21537,25870,26347,29132,30050,20792,23717,14940,18672,4316,7506,227058,213706,32494,31046,55072,52016,15926,34,44
2021-09-08T23:59:59+02:00,1576,1471,15720,14576,21355,19608,23350,22885,27111,27739,30286,31239,21433,24440,15381,19295,4489,7809,1132,1019,14045,13040,19937,18158,22105,21485,25823,26307,29096,30000,20773,23696,14936,18664,4315,7505,226514,213306,32425,30954,55072,52011,15721,34,44
2021-09-07T23:59:59+02:00,1563,1451,15670,14524,21301,19583,23314,22862,27084,27708,30269,31223,21422,24418,15375,19287,4487,7809,1115,1005,13977,12991,19873,18118,22063,21455,25787,26275,29067,29972,20761,23682,14932,18657,4314,7505,226274,213022,32420,30924,55072,52006,15553,34,44
2021-09-06T23:59:59+02:00,1550,1441,15620,14479,21280,19552,23291,22834,27059,27689,30253,31201,21412,24415,15371,19280,4487,7807,1103,996,13945,12952,19853,18093,22034,21433,25767,26256,29052,29957,20752,23674,14928,18653,4314,7502,226023,212815,32420,30924,55072,52006,15475,34,44
2021-09-05T23:59:59+02:00,1530,1426,15590,14453,21262,19530,23281,22808,27050,27677,30248,31193,21407,24409,15365,19278,4487,7803,1095,982,13908,12916,19822,18057,22009,21405,25749,26239,29039,29938,20748,23666,14926,18651,4314,7502,225810,212600,32412,30844,55071,52005,15473,34,44
2021-09-04T23:59:59+02:00,1530,1426,15581,14450,21248,19525,23274,22803,27044,27671,30242,31190,21406,24406,15365,19277,4487,7803,1095,982,13899,12913,19808,18050,22002,21400,25742,26233,29033,29934,20747,23663,14926,18650,4314,7502,225809,212599,32412,30841,55071,52005,15404,34,44
2021-09-03T23:59:59+02:00,1527,1423,15563,14436,21215,19501,23243,22782,27020,27659,30227,31175,21399,24398,15365,19271,4487,7802,1095,982,13882,12899,19781,18031,21978,21385,25725,26223,29018,29923,20741,23656,14926,18647,4314,7502,225735,212580,32411,30836,55071,52004,15244,34,44
2021-09-02T23:59:59+02:00,1511,1403,15491,14377,21168,19451,23208,22733,26979,27618,30190,31149,21386,24388,15359,19258,4485,7796,1070,961,13789,12835,19736,17970,21933,21342,25683,26177,28979,29896,20729,23645,14921,18635,4313,7501,225312,212125,32406,30831,55069,51984,15131,34,44
2021-09-01T23:59:59+02:00,1460,1346,15353,14224,21048,19355,23139,22677,26912,27546,30138,31099,21368,24363,15351,19244,4482,7791,1038,921,13642,12713,19609,17873,21848,21272,25625,26108,28928,29833,20704,23616,14909,18622,4309,7495,224540,211541,32381,30634,55068,51971,14875,34,44
2021-08-31T23:59:59+02:00,1436,1331,15291,14153,20985,19303,23094,22635,26862,27503,30104,31067,21355,24350,15345,19235,4482,7790,1024,908,13568,12646,19561,17832,21816,21236,25592,26085,28900,29807,20698,23606,14906,18614,4308,7494,224080,211195,32380,30634,55067,51966,14762,34,44
2021-08-30T23:59:59+02:00,1413,1312,15223,14107,20937,19247,23062,22596,26825,27470,30071,31037,21342,24341,15341,19226,4480,7783,1019,893,13511,12604,19515,17781,21783,21211,25562,26048,28866,29782,20687,23591,14896,18605,4307,7490,223715,210893,32380,30631,55067,51964,14619,34,44
2021-08-29T23:59:59+02:00,1397,1300,15179,14063,20898,19216,23038,22572,26807,27446,30053,31022,21338,24332,15341,19224,4480,7782,1008,885,13458,12559,19492,17759,21756,21191,25541,26029,28853,29765,20679,23583,14893,18601,4305,7489,223426,210624,32379,30631,55067,51963,14584,34,44
2021-08-28T23:59:59+02:00,1397,1300,15173,14060,20887,19209,23032,22568,26804,27437,30050,31021,21337,24332,15341,19224,4480,7782,1008,885,13452,12555,19481,17752,21750,21187,25538,26020,28850,29764,20678,23583,14893,18601,4305,7489,223426,210623,32379,30631,55067,51963,14530,34,44
2021-08-27T23:59:59+02:00,1388,1293,15142,14032,20860,19193,22999,22552,26778,27425,30034,31001,21331,24324,15337,19223,4477,7779,1002,880,13423,12523,19445,17735,21722,21166,25510,26007,28833,29746,20672,23574,14890,18600,4304,7489,223289,210481,32379,30630,55064,51962,14404,34,44
2021-08-26T23:59:59+02:00,1375,1275,15097,13987,20813,19154,22969,22514,26745,27386,30002,30964,21316,24308,15330,19215,4474,7771,990,870,13354,12462,19368,17678,21663,21109,25454,25959,28793,29710,20659,23553,14880,18587,4303,7485,222994,210195,32360,30505,55064,51888,14245,34,44
2021-08-25T23:59:59+02:00,1330,1230,14952,13864,20700,19059,22889,22421,26666,27302,29944,30908,21293,24282,15320,19205,4470,7765,962,840,13231,12378,19283,17600,21596,21037,25384,25905,28748,29667,20632,23532,14872,18573,4302,7482,222138,209621,32344,30457,55064,51880,14023,33,43
2021-08-24T23:59:59+02:00,1306,1206,14888,13813,20658,19007,22834,22374,26630,27266,29915,30878,21276,24267,15314,19195,4469,7764,937,819,13135,12317,19222,17519,21559,20985,25340,25862,28718,29629,20614,23512,14865,18561,4300,7477,221720,209137,32314,30399,55064,51865,13931,33,39
2021-08-23T23:59:59+02:00,1288,1187,14820,13775,20618,18978,22806,22348,26595,27246,29890,30851,21257,24253,15309,19182,4468,7763,911,794,13019,12239,19159,17459,21506,20936,25300,25807,28673,29586,20595,23495,14858,18549,4297,7477,221410,208616,32298,30309,55064,51865,13831,33,39
2021-08-22T23:59:59+02:00,1279,1179,14805,13755,20602,18958,22794,22328,26580,27231,29873,30847,21250,24249,15307,19174,4466,7762,888,777,12960,12170,19107,17425,21477,20901,25279,25781,28647,29564,20587,23484,14857,18545,4297,7477,221235,208292,32279,30200,55064,51862,13830,33,39
2021-08-21T23:59:59+02:00,1279,1179,14796,13745,20591,18950,22784,22322,26576,27226,29862,30840,21250,24247,15307,19174,4466,7762,888,777,12950,12160,19097,17417,21469,20895,25273,25776,28637,29557,20587,23482,14857,18545,4297,7477,221230,208288,32279,30200,55064,51862,13752,33,39
2021-08-20T23:59:59+02:00,1272,1174,14766,13711,20556,18920,22761,22299,26550,27204,29845,30824,21247,24238,15305,19168,4466,7762,887,776,12931,12146,19072,17397,21451,20874,25259,25759,28619,29538,20583,23476,14856,18542,4297,7477,221036,208183,32279,30198,55064,51862,13658,33,39
2021-08-19T23:59:59+02:00,1254,1158,14707,13662,20516,18891,22730,22264,26527,27175,29820,30800,21236,24230,15302,19163,4465,7759,858,763,12798,12027,18983,17319,21365,20816,25188,25692,28559,29488,20562,23463,14850,18533,4295,7474,220730,207545,32247,30062,55064,51800,13587,33,39
2021-08-18T23:59:59+02:00,1231,1139,14624,13572,20401,18829,22654,22203,26461,27118,29762,30742,21211,24210,15296,19151,4463,7756,830,742,12659,11908,18845,17236,21267,20726,25101,25609,28476,29419,20530,23418,14839,18518,4294,7469,220319,206934,32229,29939,55062,51792,13182,33,39
2021-08-17T23:59:59+02:00,1220,1126,14584,13534,20359,18783,22618,22169,26426,27090,29746,30722,21199,24196,15285,19142,4459,7755,809,718,12551,11825,18764,17175,21189,20664,25049,25556,28440,29378,20511,23403,14830,18505,4292,7467,220035,206403,32194,29810,55062,51784,13091,33,38
2021-08-16T23:59:59+02:00,1208,1115,14536,13485,20324,18754,22589,22136,26405,27062,29712,30691,21186,24185,15278,19130,4457,7753,781,704,12455,11726,18673,17103,21119,20579,24984,25497,28373,29315,20488,23381,14820,18487,4291,7464,219767,205781,32192,29685,55062,51783,12954,33,37
2021-08-15T23:59:59+02:00,1198,1102,14499,13459,20295,18724,22561,22117,26392,27046,29702,30677,21181,24173,15273,19128,4456,7751,757,688,12392,11659,18622,17073,21068,20541,24948,25454,28354,29293,20478,23368,14816,18481,4289,7462,219544,205335,32192,29684,55062,51782,12905,33,37
2021-08-14T23:59:59+02:00,1198,1101,14492,13455,20286,18718,22552,22110,26378,27039,29697,30669,21178,24171,15272,19127,4456,7751,757,688,12384,11655,18612,17065,21058,20534,24934,25447,28349,29284,20475,23367,14815,18480,4289,7462,219543,205333,32191,29680,55062,51782,12823,33,37
2021-08-13T23:59:59+02:00,1195,1098,14483,13446,20272,18708,22540,22105,26371,27029,29681,30661,21169,24166,15271,19127,4456,7751,754,687,12369,11643,18601,17056,21045,20525,24928,25431,28335,29280,20469,23360,14813,18480,4289,7461,219486,205267,32190,29680,55062,51782,12760,33,37
2021-08-12T23:59:59+02:00,1175,1076,14426,13390,20229,18668,22516,22070,26344,27000,29650,30640,21157,24147,15267,19120,4456,7746,727,661,12203,11499,18464,16945,20952,20442,24847,25346,28268,29224,20448,23328,14800,18468,4286,7455,219161,204472,32178,29495,55062,51713,12646,32,37
2021-08-11T23:59:59+02:00,1159,1054,14356,13326,20186,18614,22472,22031,26311,26975,29622,30600,21143,24130,15264,19109,4453,7742,703,639,12065,11360,18380,16855,20872,20368,24798,25273,28225,29160,20415,23301,14793,18457,4284,7450,218757,203570,32105,29490,55062,51708,12593,32,37
2021-08-10T23:59:59+02:00,1144,1036,14276,13251,20130,18567,22437,21987,26279,26944,29589,30571,21129,24121,15264,19101,4452,7740,684,617,11949,11241,18281,16784,20807,20302,24746,25215,28181,29108,20388,23273,14779,18439,4283,7444,218335,202816,32073,29467,55062,51683,12518,32,37
2021-08-09T23:59:59+02:00,1127,1017,14191,13189,20049,18511,22389,21939,26228,26900,29552,30537,21111,24104,15258,19092,4447,7738,639,576,11767,11079,18111,16688,20682,20220,24651,25119,28102,29032,20352,23233,14765,18427,4280,7435,217889,201828,32052,29359,55061,51588,12347,32,36
2021-08-08T23:59:59+02:00,1113,1010,14148,13150,20028,18475,22363,21919,26213,26880,29536,30523,21104,24098,15255,19088,4446,7737,613,557,11684,10993,18023,16604,20616,20162,24588,25072,28056,28988,20330,23210,14752,18416,4280,7431,217659,201172,32021,29281,55060,51570,12316,32,36
2021-08-07T23:59:59+02:00,1113,1010,14133,13145,20018,18470,22357,21914,26201,26866,29521,30511,21102,24094,15251,19083,4445,7737,613,556,11670,10987,18006,16600,20610,20156,24575,25057,28039,28976,20328,23206,14748,18411,4279,7431,217657,201157,32020,29280,55059,51570,12205,32,36
2021-08-06T23:59:59+02:00,1113,1010,14123,13133,20005,18451,22343,21899,26179,26857,29507,30500,21099,24090,15248,19081,4445,7736,613,556,11659,10973,17983,16578,20594,20139,24554,25048,28026,28964,20325,23202,14745,18409,4279,7431,217649,201128,32016,29280,55059,51569,12065,32,36
2021-08-05T23:59:59+02:00,1101,991,14051,13091,19954,18416,22300,21856,26143,26801,29479,30476,21085,24075,15240,19073,4443,7733,578,526,11484,10864,17869,16478,20483,20041,24448,24958,27957,28915,20299,23178,14734,18395,4276,7429,217333,200341,31972,29189,55056,51429,11917,32,36
2021-08-04T23:59:59+02:00,1085,974,13987,13022,19850,18332,22233,21797,26101,26759,29429,30428,21062,24057,15230,19060,4443,7730,540,492,11298,10689,17639,16337,20308,19915,24329,24834,27848,28817,20271,23145,14721,18383,4273,7427,217067,199296,31809,29129,55055,51186,11619,31,36
2021-08-03T23:59:59+02:00,1061,956,13917,12959,19811,18283,22199,21756,26065,26718,29394,30399,21046,24033,15220,19046,4440,7720,484,450,11113,10516,17463,16209,20168,19782,24180,24711,27728,28710,20228,23098,14704,18351,4271,7421,216690,197857,31781,29094,55054,51131,11469,31,36
2021-08-02T23:59:59+02:00,1037,936,13832,12892,19752,18225,22148,21716,26011,26657,29342,30349,21017,24002,15210,19026,4437,7718,458,420,10946,10346,17290,16085,20020,19669,24063,24597,27641,28608,20183,23045,14685,18332,4268,7411,216211,196668,31750,29045,55054,51055,11263,31,36
2021-08-01T23:59:59+02:00,1027,921,13771,12845,19716,18208,22129,21695,25986,26636,29323,30332,21008,23990,15206,19019,4437,7717,422,389,10801,10199,17131,15977,19870,19561,23919,24492,27533,28528,20169,23021,14676,18318,4268,7407,215974,195779,31701,28954,55054,50705,11207,31,36
2021-07-31T23:59:59+02:00,1027,921,13746,12836,19698,18200,22112,21684,25972,26624,29315,30321,21005,23985,15205,19018,4436,7717,421,389,10775,10186,17110,15964,19852,19548,23906,24480,27525,28517,20166,23016,14675,18317,4267,7407,215970,195759,31701,28954,55054,50705,11067,31,36
2021-07-30T23:59:59+02:00,1019,911,13685,12790,19652,18178,22082,21665,25942,26602,29288,30303,20998,23977,15199,19016,4434,7716,400,371,10688,10112,17045,15921,19793,19513,23839,24439,27478,28492,20151,22994,14666,18313,4264,7405,215791,195370,31697,28954,55054,50639,10885,31,36
2021-07-29T23:59:59+02:00,995,893,13579,12704,19588,18116,22010,21612,25891,26546,29236,30265,20981,23967,15192,19009,4434,7714,355,331,10420,9851,16743,15678,19498,19297,23535,24210,27227,28328,20096,22939,14654,18292,4264,7404,215347,193616,31624,28843,55054,49950,10677,31,36
2021-07-28T23:59:59+02:00,967,863,13448,12576,19462,18008,21924,21529,25810,26467,29159,30197,20958,23931,15179,18997,4432,7712,320,291,10129,9648,16483,15490,19238,19108,23307,24019,27072,28185,20048,22866,14635,18269,4261,7399,214693,192277,31589,28761,55050,49437,10257,31,36
2021-07-27T23:59:59+02:00,936,842,13330,12482,19397,17948,21858,21476,25744,26409,29119,30152,20943,23911,15174,18977,4431,7706,272,236,9874,9434,16230,15263,19010,18923,23113,23846,26909,28048,20006,22813,14613,18242,4255,7390,214098,190612,31534,28604,55049,49100,10125,30,36
2021-07-26T23:59:59+02:00,911,824,13225,12388,19343,17891,21784,21411,25695,26376,29064,30092,20914,23888,15156,18958,4431,7702,224,207,9638,9184,15989,15056,18762,18722,22885,23679,26758,27921,19935,22752,14585,18206,4250,7384,213491,188853,31463,28503,55048,48722,10023,29,36
2021-07-25T23:59:59+02:00,892,813,13150,12317,19263,17841,21726,21359,25655,26328,29027,30046,20897,23872,15149,18952,4428,7701,201,187,9451,9043,15789,14903,18558,18581,22717,23568,26609,27801,19885,22704,14569,18193,4247,7381,213190,187942,31400,28352,55048,48307,9750,29,36
2021-07-24T23:59:59+02:00,892,813,13140,12308,19253,17834,21715,21354,25640,26321,29022,30040,20893,23871,15148,18951,4428,7701,201,187,9441,9029,15779,14896,18544,18575,22701,23559,26603,27793,19882,22701,14568,18192,4247,7381,213187,187924,31398,28349,55048,48307,9663,29,36
2021-07-23T23:59:59+02:00,884,812,13074,12271,19176,17800,21675,21321,25605,26282,28989,30004,20878,23854,15140,18947,4426,7698,201,186,9388,9001,15696,14852,18490,18534,22651,23518,26559,27754,19865,22684,14561,18186,4245,7378,213060,187761,31397,28343,55048,48306,9303,29,36
2021-07-22T23:59:59+02:00,872,798,12978,12189,19120,17732,21630,21292,25557,26235,28965,29981,20865,23836,15138,18941,4423,7696,147,143,9070,8727,15296,14604,18124,18279,22321,23271,26353,27619,19808,22628,14548,18164,4242,7373,212595,185934,31312,28089,55045,47390,9268,29,36
2021-07-21T23:59:59+02:00,850,770,12776,12021,18971,17608,21496,21193,25451,26132,28889,29910,20823,23801,15121,18918,4419,7691,124,123,8692,8413,14863,14279,17745,18006,21964,22939,26079,27408,19715,22540,14522,18126,4239,7364,211965,184032,31202,27740,55042,46730,8603,29,36
2021-07-20T23:59:59+02:00,820,745,12627,11886,18863,17522,21426,21117,25389,26067,28850,29859,20798,23768,15113,18902,4416,7688,94,96,8362,8106,14396,13942,17364,17731,21659,22709,25833,27221,19634,22431,14493,18091,4237,7358,211281,181876,31092,27577,55039,45853,8416,29,35
2021-07-19T23:59:59+02:00,791,718,12506,11769,18774,17451,21364,21058,25334,26013,28800,29822,20773,23739,15103,18888,4412,7682,73,65,8039,7853,14031,13688,17016,17482,21330,22505,25605,27079,19565,22355,14471,18069,4231,7352,210562,179835,30989,27418,55039,45142,8379,29,35
2021-07-18T23:59:59+02:00,773,699,12391,11661,18675,17372,21296,21004,25278,25959,28763,29768,20751,23719,15091,18877,4410,7680,60,54,7868,7700,13878,13566,16864,17359,21166,22393,25475,26997,19525,22315,14457,18053,4231,7349,209974,178901,30840,27313,55039,44775,8286,29,35
2021-07-17T23:59:59+02:00,773,699,12388,11661,18674,17369,21296,21004,25278,25959,28763,29768,20751,23719,15091,18877,4410,7680,60,54,7861,7699,13874,13561,16862,17358,21165,22392,25474,26995,19523,22314,14457,18053,4231,7349,209970,178879,30840,27311,55039,44774,8283,29,35
2021-07-16T23:59:59+02:00,766,694,12316,11607,18633,17338,21261,20977,25245,25936,28738,29749,20749,23716,15091,18875,4410,7680,56,51,7707,7598,13719,13491,16718,17299,21026,22333,25368,26947,19504,22294,14456,18047,4231,7346,209762,178426,30840,27238,55039,44380,8112,29,35
2021-07-15T23:59:59+02:00,751,674,12244,11536,18568,17279,21205,20929,25196,25895,28710,29721,20734,23699,15086,18866,4409,7677,54,48,7365,7281,13109,13084,16049,16876,20389,21962,24910,26635,19358,22153,14414,18001,4228,7339,209278,176190,30754,26335,55032,42608,8087,29,35
2021-07-14T23:59:59+02:00,722,654,12033,11399,18398,17170,21084,20833,25092,25792,28621,29621,20700,23666,15067,18850,4406,7674,46,37,6946,6927,12444,12631,15357,16388,19756,21504,24445,26294,19140,21927,14382,17953,4220,7328,208465,173366,30592,25996,55029,40661,7668,29,34
2021-07-13T23:59:59+02:00,678,619,11895,11266,18275,17085,20973,20738,24995,25697,28551,29555,20671,23627,15047,18840,4404,7664,36,26,6487,6503,11812,12131,14660,15884,19152,21093,24005,25967,18963,21711,14337,17892,4216,7319,207442,169705,30456,25823,55018,38999,7636,29,31
2021-07-12T23:59:59+02:00,644,588,11770,11129,18160,16996,20880,20630,24895,25598,28470,29488,20645,23593,15039,18828,4399,7657,32,20,6073,6090,11203,11596,14036,15348,18596,20601,23586,25605,18766,21521,14272,17834,4207,7315,206425,166019,30328,24997,55015,38041,7613,29,31
2021-07-11T23:59:59+02:00,608,561,11655,11037,18096,16933,20823,20574,24841,25551,28413,29439,20626,23573,15030,18819,4399,7656,29,19,5884,5920,10948,11394,13802,15148,18351,20412,23378,25419,18694,21439,14245,17808,4206,7309,205788,164628,30208,24528,55013,37619,7599,27,31
2021-07-10T23:59:59+02:00,607,560,11647,11036,18092,16931,20819,20573,24838,25550,28412,29439,20626,23573,15029,18817,4399,7656,29,19,5877,5919,10943,11387,13792,15144,18350,20410,23376,25417,18692,21438,14244,17808,4206,7309,205768,164598,30205,24527,55013,37612,7592,27,31
2021-07-09T23:59:59+02:00,579,537,11537,10909,18017,16847,20749,20512,24764,25474,28363,29394,20603,23553,15026,18807,4399,7655,29,18,5842,5885,10915,11353,13742,15123,18319,20379,23357,25395,18687,21428,14242,17805,4206,7308,204899,164366,30204,24477,55013,37576,7583,27,31
2021-07-08T23:59:59+02:00,544,509,11373,10773,17890,16744,20614,20410,24656,25345,28245,29315,20559,23505,15010,18778,4396,7647,26,15,5498,5626,10402,10957,13121,14673,17654,19820,22749,24928,18370,21037,14146,17722,4201,7298,204127,162054,30177,23670,54984,35489,6999,27,31
2021-07-07T23:59:59+02:00,484,457,11204,10626,17807,16657,20544,20342,24583,25267,28184,29251,20531,23469,15005,18766,4394,7639,21,15,5193,5336,9875,10506,12539,14192,16970,19299,22182,24428,18057,20673,14044,17625,4194,7275,203114,159591,30153,22205,54966,33646,6951,27,31
2021-07-06T23:59:59+02:00,443,423,11078,10476,17695,16563,20450,20239,24505,25174,28093,29172,20505,23429,14996,18749,4392,7636,14,9,4794,4909,9273,9989,11828,13590,16261,18684,21667,23935,17738,20367,13944,17509,4185,7265,201974,155401,30147,21262,54957,32353,6914,27,31
2021-07-05T23:59:59+02:00,421,396,10991,10386,17603,16491,20370,20167,24445,25123,28052,29135,20481,23408,14984,18741,4391,7633,11,8,4507,4589,8776,9539,11268,13037,15551,18039,21044,23328,17344,19970,13811,17351,4177,7257,201231,151507,30144,20582,54948,30618,6869,27,31
2021-07-04T23:59:59+02:00,408,390,10918,10331,17537,16437,20320,20117,24414,25087,28036,29117,20472,23397,14979,18738,4390,7632,11,8,4361,4499,8646,9372,11076,12862,15307,17827,20778,23056,17072,19679,13751,17259,4173,7253,200753,150187,30138,20276,54947,29640,6856,27,31
2021-07-03T23:59:59+02:00,406,389,10910,10320,17527,16431,20318,20113,24413,25087,28033,29116,20472,23396,14979,18738,4390,7632,11,8,4356,4491,8639,9368,11073,12862,15303,17827,20775,23053,17072,19676,13751,17259,4173,7253,200726,150174,30136,20276,54947,29634,6835,27,31
2021-07-02T23:59:59+02:00,363,326,10766,10210,17411,16330,20214,20037,24339,25023,27970,29057,20446,23370,14973,18724,4390,7629,11,8,4269,4412,8477,9232,10937,12750,15181,17719,20663,22949,17030,19646,13744,17244,4173,7250,199844,149188,30136,20275,54947,29576,6625,27,31
2021-07-01T23:59:59+02:00,316,283,10633,10075,17284,16237,20090,19947,24255,24948,27906,29005,20426,23346,14957,18709,4387,7625,11,6,4064,4214,8177,8898,10567,12339,14612,17219,20153,22411,16742,19347,13536,17030,4163,7228,198769,146130,30078,19592,54941,28349,6615,27,31
2021-06-30T23:59:59+02:00,233,222,10379,9835,17110,16087,19956,19817,24139,24824,27827,28916,20404,23314,14938,18691,4386,7624,11,5,3869,4021,7877,8562,10159,11876,14122,16663,19580,21777,16419,19003,13263,16752,4150,7201,197119,142454,30023,19342,54933,26882,6601,27,31
2021-06-29T23:59:59+02:00,189,185,10231,9660,16974,15991,19853,19725,24071,24748,27769,28847,20377,23287,14924,18671,4386,7620,10,5,3667,3763,7479,8110,9684,11341,13467,15993,18966,21075,16100,18676,13015,16462,4143,7187,195968,138176,30018,19043,54929,25325,6568,26,31
2021-06-28T23:59:59+02:00,140,133,10037,9476,16848,15886,19749,19622,23976,24653,27701,28785,20347,23257,14910,18652,4384,7618,9,4,3466,3508,7080,7668,9246,10849,12918,15456,18468,20557,15849,18410,12896,16329,4137,7176,194784,134340,29904,18619,54926,24501,6535,26,31
2021-06-27T23:59:59+02:00,122,116,9898,9365,16790,15826,19688,19571,23917,24602,27674,28760,20335,23241,14907,18648,4383,7615,9,4,3376,3443,6904,7472,9056,10650,12689,15216,18206,20298,15726,18305,12831,16242,4137,7172,194150,133150,29845,18273,54922,23766,6516,26,31
2021-06-26T23:59:59+02:00,122,116,9897,9360,16788,15822,19685,19570,23915,24601,27674,28760,20335,23241,14907,18648,4383,7615,9,4,3374,3442,6901,7471,9053,10649,12686,15213,18204,20297,15723,18304,12831,16240,4137,7172,194133,133130,29844,18273,54922,23761,6515,26,31
2021-06-25T23:59:59+02:00,118,113,9850,9320,16747,15788,19651,19539,23879,24573,27650,28741,20329,23234,14905,18645,4383,7615,9,4,3353,3396,6828,7360,8957,10494,12571,15016,18058,20089,15699,18275,12823,16237,4136,7171,193809,132947,29809,17920,54922,23063,6515,26,31
2021-06-24T23:59:59+02:00,108,102,9721,9197,16563,15661,19517,19415,23757,24484,27592,28680,20315,23218,14898,18636,4382,7613,8,4,3227,3254,6610,7028,8645,10040,12037,14392,17504,19381,15475,18043,12676,16105,4133,7159,192969,130545,29468,17062,54921,21607,6476,26,31
2021-06-23T23:59:59+02:00,102,97,9592,9061,16421,15535,19399,19312,23660,24379,27525,28633,20300,23196,14894,18631,4379,7612,8,4,3024,3017,6254,6546,8144,9471,11334,13567,16739,18400,15179,17702,12525,15963,4123,7134,192049,125992,29304,16086,54910,20587,6439,26,30
2021-06-22T23:59:59+02:00,71,71,9303,8757,16189,15336,19213,19161,23514,24254,27454,28549,20275,23170,14886,18612,4375,7606,8,4,2790,2733,5772,6000,7520,8709,10420,12525,15719,17196,14882,17343,12418,15839,4110,7111,190360,119560,29099,15595,54906,19512,6406,25,26
2021-06-21T23:59:59+02:00,67,63,9177,8601,16014,15184,19023,19008,23383,24131,27393,28471,20251,23141,14881,18602,4375,7602,8,4,2643,2542,5391,5540,7057,8126,9690,11649,14990,16264,14603,17030,12310,15719,4105,7094,189159,114867,28877,15037,54903,18432,6403,25,26
2021-06-20T23:59:59+02:00,64,61,9039,8474,15877,15066,18912,18921,23310,24060,27353,28420,20240,23120,14870,18595,4372,7601,8,4,2584,2474,5220,5359,6842,7860,9383,11315,14624,15859,14468,16896,12270,15682,4100,7088,188268,113160,28761,14804,54902,17647,6399,25,26
2021-06-19T23:59:59+02:00,64,61,9038,8468,15873,15057,18909,18921,23308,24059,27353,28419,20240,23120,14870,18595,4372,7601,8,4,2581,2473,5219,5354,6841,7859,9382,11314,14622,15855,14466,16896,12270,15682,4100,7088,188245,113141,28758,14802,54901,17646,6399,25,26
2021-06-18T23:59:59+02:00,64,57,9007,8455,15860,15048,18894,18913,23301,24050,27347,28414,20240,23117,14869,18595,4372,7601,8,4,2553,2440,5164,5295,6763,7759,9283,11157,14452,15626,14387,16795,12259,15660,4098,7085,188123,112355,28757,14801,54900,17207,6399,25,26
2021-06-17T23:59:59+02:00,57,54,8825,8293,15628,14880,18694,18755,23144,23918,27211,28321,20216,23096,14862,18583,4370,7598,8,4,2413,2292,4841,4998,6374,7356,8736,10553,13624,14752,14150,16500,12186,15537,4094,7074,186781,109481,28752,13847,54893,16084,6054,25,26
2021-06-16T23:59:59+02:00,49,52,8598,8080,15396,14652,18482,18554,22952,23749,27105,28211,20187,23053,14848,18563,4366,7592,8,4,2299,2185,4598,4795,6020,7013,8206,10066,12905,13911,13800,16117,12101,15448,4089,7062,184997,106024,28649,13046,54890,15603,5928,25,26
2021-06-15T23:59:59+02:00,40,39,8254,7748,15019,14294,18161,18267,22699,23538,26945,28078,20157,23019,14835,18548,4364,7581,8,4,2119,2016,4250,4445,5515,6450,7324,9175,11711,12633,13259,15499,11980,15285,4074,7039,182403,99786,28613,12380,54888,14937,5657,25,26
2021-06-14T23:59:59+02:00,34,34,8074,7583,14761,14060,17958,18094,22547,23416,26833,27996,20134,22986,14822,18540,4360,7573,6,4,2006,1893,3993,4195,5129,5979,6666,8453,10787,11578,12942,15151,11909,15191,4064,7020,180821,94950,28589,12019,54885,14486,5485,25,26
2021-06-13T23:59:59+02:00,34,34,8000,7528,14678,13970,17842,17983,22464,23338,26804,27966,20121,22975,14818,18534,4360,7573,4,4,1963,1867,3911,4098,5011,5839,6433,8214,10493,11245,12785,14973,11851,15134,4063,7019,180064,93573,28578,11727,54881,14107,5474,25,26
2021-06-12T23:59:59+02:00,34,34,7999,7527,14678,13968,17842,17983,22462,23337,26803,27963,20121,22974,14818,18534,4360,7573,4,4,1962,1865,3909,4098,5009,5838,6430,8209,10490,11239,12782,14972,11851,15132,4063,7019,180052,93551,28578,11727,54881,14098,5474,25,26
2021-06-11T23:59:59+02:00,34,33,7934,7486,14589,13921,17765,17932,22393,23303,26759,27940,20119,22970,14818,18533,4360,7573,4,4,1946,1852,3874,4040,4966,5771,6369,8126,10390,11134,12742,14937,11840,15126,4063,7019,179714,93334,28501,11720,54880,13781,5342,25,26
2021-06-10T23:59:59+02:00,29,26,7595,7190,14194,13557,17331,17557,22063,23023,26563,27759,20075,22925,14805,18515,4357,7561,2,4,1846,1770,3659,3874,4689,5497,6043,7758,9771,10523,12222,14278,11771,15018,4055,7012,177119,90168,28004,11339,54868,13152,5109,25,24
2021-06-09T23:59:59+02:00,28,23,7230,6841,13731,13125,16815,17093,21674,22654,26346,27545,20002,22855,14787,18480,4354,7553,2,4,1683,1655,3465,3694,4434,5229,5656,7350,8994,9806,11557,13442,11652,14878,4045,7000,173881,85918,27461,10706,54855,12984,4914,25,24
2021-06-08T23:59:59+02:00,23,19,6856,6438,13218,12638,16347,16623,21315,22314,26130,27342,19945,22775,14756,18445,4351,7546,2,4,1593,1580,3245,3463,4114,4878,5147,6861,8109,8883,10672,12365,11508,14720,4041,6985,170472,80263,26968,10409,54846,12705,4770,25,23
2021-06-07T23:59:59+02:00,20,16,6581,6156,12782,12262,15949,16224,20989,22017,25967,27186,19908,22721,14735,18425,4344,7540,2,4,1532,1509,3054,3291,3839,4650,4747,6484,7394,8129,9759,11217,11396,14574,4030,6967,167912,75520,26543,10036,54825,12482,4517,25,23
2021-06-06T23:59:59+02:00,20,16,6440,6024,12640,12108,15787,16067,20823,21854,25880,27100,19888,22684,14724,18415,4343,7536,2,4,1517,1486,2981,3250,3746,4585,4640,6404,7252,7998,9501,10948,11350,14524,4027,6962,166687,74836,26437,9613,54804,12309,4396,25,23
2021-06-05T23:59:59+02:00,20,16,6431,6020,12625,12095,15777,16058,20820,21849,25880,27097,19888,22684,14724,18415,4343,7536,2,4,1515,1484,2978,3248,3745,4584,4637,6404,7247,7992,9493,10943,11350,14524,4027,6962,166627,74805,26426,9610,54804,12305,4396,25,23
2021-06-04T23:59:59+02:00,20,16,6398,5980,12563,12046,15717,16009,20792,21817,25860,27080,19884,22678,14721,18415,4343,7536,2,4,1514,1478,2966,3236,3726,4570,4627,6390,7210,7949,9461,10873,11312,14483,4026,6961,166524,74529,26168,9597,54779,12260,4379,25,23
2021-06-03T23:59:59+02:00,20,15,6166,5757,12263,11796,15393,15698,20460,21479,25603,26867,19838,22604,14701,18395,4342,7532,1,4,1473,1435,2891,3170,3629,4491,4517,6290,7010,7766,9084,10424,11261,14409,4026,6956,164043,73231,25921,9298,54777,12122,4163,25,23
2021-06-02T23:59:59+02:00,20,15,6100,5699,12192,11731,15320,15631,20388,21417,25586,26843,19834,22601,14698,18392,4341,7531,1,4,1459,1424,2874,3157,3612,4476,4481,6273,6975,7728,9003,10313,11252,14384,4025,6955,163689,72864,25738,9289,54776,12112,4111,25,20
2021-06-01T23:59:59+02:00,16,15,5646,5206,11459,11034,14495,14897,19670,20752,25175,26460,19744,22511,14664,18345,4333,7523,1,4,1345,1318,2578,2886,3233,4143,3993,5814,6145,6924,7811,8687,11008,14037,4011,6938,158655,67451,25086,8382,54748,11594,3431,25,18
2021-05-31T23:59:59+02:00,14,15,5398,4909,11015,10607,13967,14403,19193,20255,24868,26121,19652,22425,14626,18299,4324,7507,1,4,1285,1263,2424,2751,3030,3973,3708,5521,5587,6391,6794,7401,10764,13717,4002,6904,155195,63411,24391,7460,54742,11386,3245,25,18
2021-05-30T23:59:59+02:00,14,15,5320,4833,10827,10484,13802,14225,18844,19931,24625,25873,19621,22395,14618,18279,4323,7505,1,4,1265,1249,2397,2717,2982,3927,3640,5465,5484,6302,6621,7170,10727,13642,3999,6894,153698,62672,23885,7397,54715,11188,3211,25,18
2021-05-29T23:59:59+02:00,14,15,5317,4833,10827,10480,13797,14222,18844,19930,24624,25871,19621,22395,14618,18279,4323,7505,1,4,1264,1245,2396,2714,2980,3924,3640,5463,5483,6300,6616,7167,10727,13642,3999,6894,153680,62662,23885,7394,54714,11174,3211,25,18
2021-05-28T23:59:59+02:00,14,15,5301,4819,10806,10442,13772,14203,18827,19913,24615,25861,19620,22394,14616,18276,4323,7504,1,4,1259,1245,2395,2707,2979,3922,3633,5457,5469,6284,6600,7150,10718,13620,3998,6890,153494,62558,23883,7394,54710,11152,3209,25,18
2021-05-27T23:59:59+02:00,11,14,5008,4540,10281,9987,13185,13673,18137,19299,24034,25324,19521,22279,14583,18230,4312,7492,1,3,1095,1105,2110,2514,2679,3631,3338,5101,5140,6004,6300,6734,10489,13337,3993,6874,150235,60704,22892,7357,54603,10215,2155,25,17
2021-05-26T23:59:59+02:00,11,14,4747,4287,9849,9608,12667,13152,17523,18689,23399,24648,19396,22129,14536,18175,4306,7475,1,3,1016,1024,1949,2361,2480,3433,3076,4857,4752,5651,5743,6084,10115,12802,3977,6838,146142,57553,22134,7319,54481,9444,1829,25,17
2021-05-25T23:59:59+02:00,11,13,4532,4060,9437,9135,12210,12646,16986,18112,22879,24009,19264,21957,14504,18096,4297,7461,1,3,969,979,1887,2272,2371,3297,2904,4653,4406,5274,5158,5351,9663,12202,3961,6813,142106,53997,21301,7304,54350,9019,1827,25,17
2021-05-24T23:59:59+02:00,11,13,4419,3903,9228,8931,12006,12387,16684,17792,22550,23606,19188,21878,14489,18076,4295,7460,1,3,952,930,1827,2231,2296,3236,2817,4572,4284,5158,5012,5191,9572,12075,3958,6805,140602,53288,20344,7250,54173,8594,1772,25,16
2021-05-23T23:59:59+02:00,11,13,4408,3903,9222,8928,11994,12377,16673,17785,22534,23585,19183,21873,14488,18074,4295,7460,1,3,951,925,1825,2226,2292,3234,2810,4568,4277,5141,5005,5177,9565,12062,3957,6804,140496,53211,20341,7237,54172,8588,1772,25,15
2021-05-22T23:59:59+02:00,11,13,4404,3900,9218,8924,11986,12371,16669,17781,22532,23583,19183,21873,14488,18074,4295,7460,1,3,951,925,1824,2224,2289,3234,2809,4568,4277,5139,5003,5176,9564,12062,3957,6804,140467,53205,20341,7237,54160,8581,1772,25,15
2021-05-21T23:59:59+02:00,11,13,4372,3863,9146,8848,11913,12284,16578,17706,22468,23515,19164,21855,14484,18067,4295,7458,1,3,905,915,1792,2213,2256,3224,2779,4543,4229,5110,4979,5152,9551,12055,3956,6803,139811,53135,20341,7237,54141,8357,1722,25,15
2021-05-20T23:59:59+02:00,8,12,4117,3685,8700,8489,11431,11870,15906,17203,21887,22935,18979,21687,14452,18027,4290,7447,1,3,758,852,1535,2052,2014,3066,2537,4323,3980,4876,4822,4989,9435,11910,3948,6779,136413,52405,19967,7138,53722,7324,998,25,15
2021-05-19T23:59:59+02:00,8,12,3875,3445,8207,8024,10851,11325,15236,16495,21210,22212,18778,21456,14411,17977,4284,7429,1,3,710,805,1474,1972,1937,2965,2471,4197,3839,4716,4646,4776,9232,11680,3928,6750,131022,51325,19785,7005,53424,6777,980,24,15
2021-05-18T23:59:59+02:00,7,11,3586,3182,7666,7492,10124,10629,14275,15556,20267,21155,18517,21172,14356,17917,4278,7407,1,3,655,757,1420,1884,1861,2854,2341,4056,3663,4514,4375,4486,9030,11430,3915,6723,123991,50096,19688,6804,52986,6146,908,24,14
2021-05-17T23:59:59+02:00,7,11,3396,2974,7209,7026,9620,10089,13546,14768,19581,20356,18331,20910,14309,17851,4267,7392,1,3,599,702,1339,1821,1786,2773,2231,3981,3527,4401,4129,4255,8885,11217,3902,6694,118756,49293,19449,6591,52522,5456,892,24,14
2021-05-16T23:59:59+02:00,7,10,3266,2901,7003,6851,9416,9874,13292,14533,19352,20126,18254,20831,14295,17832,4266,7386,1,3,586,656,1299,1772,1742,2712,2194,3888,3462,4318,4038,4153,8864,11189,3900,6692,117133,49146,19210,6423,52240,4998,888,24,14
2021-05-15T23:59:59+02:00,7,10,3265,2898,6996,6842,9414,9868,13289,14531,19349,20116,18252,20830,14295,17832,4266,7386,1,3,586,656,1296,1770,1738,2711,2192,3888,3461,4318,4036,4151,8864,11189,3900,6691,117088,49137,19210,6422,52238,4992,886,24,14
2021-05-14T23:59:59+02:00,7,10,3225,2853,6881,6698,9283,9729,13138,14349,19178,19980,18228,20805,14294,17824,4265,7383,1,3,566,643,1275,1747,1708,2689,2158,3862,3417,4280,3986,4096,8857,11182,3900,6690,116678,49097,18462,6271,52153,4865,813,24,14
2021-05-13T23:59:59+02:00,7,10,3108,2694,6556,6378,8846,9332,12589,13867,18576,19382,18100,20661,14261,17787,4260,7381,0,2,533,619,1223,1691,1652,2616,2071,3756,3268,4160,3882,3959,8834,11162,3897,6686,113798,49002,17767,5880,51547,4457,660,23,12
2021-05-12T23:59:59+02:00,7,10,3081,2663,6523,6341,8798,9279,12449,13754,18392,19178,18067,20627,14253,17777,4260,7381,0,2,532,617,1222,1688,1646,2613,2061,3750,3254,4152,3869,3945,8826,11156,3897,6685,113086,48973,17543,5853,51529,4418,659,23,12
2021-05-11T23:59:59+02:00,5,10,2693,2405,5729,5845,7826,8468,11054,12587,16827,17703,17562,20064,14169,17672,4241,7358,0,2,496,557,1094,1583,1482,2457,1876,3571,3033,3889,3762,3831,8757,11063,3893,6680,105686,48739,16919,5657,49457,3484,134,22,12
2021-05-10T23:59:59+02:00,5,8,2508,2239,5254,5465,7133,7844,10027,11671,15531,16333,17182,19612,14106,17558,4233,7334,0,2,472,532,1050,1544,1439,2405,1817,3468,2913,3758,3680,3758,8718,11015,3889,6676,99882,48622,16008,5426,47999,2944,132,22,12
2021-05-09T23:59:59+02:00,5,8,2427,2208,5117,5381,6947,7725,9616,11333,14985,15806,17063,19472,14086,17530,4230,7329,0,2,457,514,1018,1487,1368,2321,1758,3346,2801,3604,3594,3665,8695,10983,3886,6673,98306,48536,15420,5156,47391,2339,129,22,12
2021-05-08T23:59:59+02:00,5,8,2423,2207,5116,5381,6947,7723,9611,11329,14984,15805,17063,19472,14086,17530,4230,7329,0,2,456,513,1017,1487,1368,2320,1758,3346,2800,3603,3592,3665,8694,10983,3886,6673,98290,48530,15419,5156,47389,2336,129,22,12
2021-05-07T23:59:59+02:00,5,8,2252,2145,4845,5286,6583,7570,9162,11116,14541,15485,16886,19270,14074,17501,4230,7327,0,2,446,511,1006,1474,1353,2305,1723,3336,2751,3568,3546,3625,8615,10902,3886,6670,97583,48506,14900,4806,45656,2270,125,22,12
2021-05-06T23:59:59+02:00,5,8,2018,2013,4295,4940,5928,7196,8394,10558,13567,14663,16488,18820,14025,17407,4218,7314,0,2,416,463,965,1374,1266,2141,1617,3112,2530,3285,3368,3425,8436,10709,3877,6656,95003,48064,13665,4200,43111,1310,56,22,12
2021-05-05T23:59:59+02:00,5,8,1895,1904,4013,4715,5496,6825,7700,9968,12448,13607,15811,17983,13921,17305,4209,7290,0,2,408,450,952,1347,1238,2100,1582,3036,2470,3201,3317,3385,8357,10610,3871,6646,90591,47932,12344,4050,42106,938,40,22,12
2021-05-04T23:59:59+02:00,5,8,1809,1819,3747,4479,5089,6469,7037,9393,11228,12363,14893,16855,13812,17168,4205,7276,0,2,403,440,933,1327,1220,2058,1564,2997,2426,3146,3271,3337,8269,10499,3865,6632,84782,47793,11706,3850,41119,707,27,21,12
2021-05-03T23:59:59+02:00,4,8,1758,1765,3597,4354,4857,6257,6654,9062,10500,11628,14167,15875,13724,17053,4196,7259,0,2,397,430,929,1313,1205,2025,1543,2955,2393,3101,3218,3297,8154,10397,3860,6626,80355,47665,11501,3629,40819,518,22,21,11
2021-05-02T23:59:59+02:00,4,8,1748,1747,3523,4329,4774,6204,6584,9002,10383,11513,13981,15681,13692,17026,4195,7254,0,2,395,422,923,1298,1201,2008,1540,2942,2377,3084,3202,3279,8117,10365,3859,6622,79797,47644,11226,3531,40587,433,17,21,11
2021-05-01T23:59:59+02:00,4,8,1745,1747,3521,4328,4773,6203,6581,9000,10378,11509,13978,15681,13691,17025,4195,7251,0,2,394,422,923,1298,1200,2007,1540,2942,2377,3084,3202,3279,8117,10365,3859,6621,79769,47641,11226,3531,40586,433,16,21,11
2021-04-30T23:59:59+02:00,4,8,1743,1740,3515,4319,4766,6191,6560,8985,10340,11471,13927,15607,13665,16994,4194,7250,0,2,394,420,921,1296,1200,2007,1540,2942,2375,3083,3202,3277,8116,10363,3859,6621,79442,47634,11226,3530,40576,428,15,20,11
2021-04-29T23:59:59+02:00,4,7,1622,1699,3275,4204,4490,6037,6242,8734,9923,11078,13344,14903,13561,16838,4188,7242,0,2,385,409,912,1274,1180,1973,1516,2906,2346,3035,3188,3266,8103,10345,3856,6617,76657,47518,10840,3528,39862,242,14,18,11
2021-04-28T23:59:59+02:00,4,7,1497,1651,3101,4104,4255,5858,5886,8460,9336,10585,12467,13721,13405,16629,4179,7228,0,2,376,399,895,1261,1164,1944,1479,2862,2276,2965,3032,3132,7989,10229,3849,6606,72161,47095,10654,3114,39529,228,12,17,11
2021-04-27T23:59:59+02:00,4,7,1459,1607,2993,3984,4051,5716,5579,8202,8715,9915,11430,12410,13175,16272,4168,7206,0,2,364,383,886,1240,1149,1909,1452,2789,2229,2904,2993,3087,7962,10197,3842,6601,67353,46879,10467,2940,39045,147,12,16,11
2021-04-26T23:59:59+02:00,4,7,1435,1573,2881,3906,3879,5572,5268,7988,8223,9474,10675,11483,13031,16068,4157,7188,0,2,363,378,876,1229,1132,1898,1422,2768,2200,2873,2943,3035,7912,10147,3836,6596,63939,46775,10278,2686,38567,126,12,16,11
2021-04-25T23:59:59+02:00,4,7,1424,1567,2813,3874,3782,5512,5131,7941,8028,9368,10478,11248,12994,16014,4156,7183,0,2,362,373,867,1223,1114,1884,1407,2749,2177,2846,2901,3002,7864,10099,3835,6591,63431,46695,10076,2478,37990,100,12,15,11
2021-04-24T23:59:59+02:00,4,7,1423,1567,2813,3872,3781,5511,5129,7939,8024,9364,10471,11245,12994,16014,4156,7183,0,2,362,373,867,1222,1114,1881,1405,2748,2176,2846,2901,3002,7864,10099,3835,6591,63405,46689,10076,2477,37989,99,12,15,11
2021-04-23T23:59:59+02:00,4,7,1406,1556,2747,3838,3698,5481,5011,7891,7888,9304,10385,11133,12970,15973,4154,7179,0,2,361,373,866,1219,1114,1881,1404,2748,2176,2846,2900,3002,7863,10099,3835,6591,63272,46683,9796,2476,37530,98,12,15,11
2021-04-22T23:59:59+02:00,4,7,1364,1526,2639,3773,3537,5376,4778,7737,7535,9068,9811,10438,12702,15674,4148,7155,0,2,355,372,858,1210,1104,1868,1392,2722,2149,2825,2864,2969,7773,9990,3823,6574,61643,46271,9137,2467,36465,89,12,15,11
2021-04-21T23:59:59+02:00,4,7,1331,1489,2559,3696,3418,5274,4559,7557,7126,8740,8919,9405,12286,15095,4135,7113,0,2,350,370,853,1193,1095,1847,1374,2692,2118,2797,2804,2913,7657,9822,3805,6546,58907,45784,8268,2342,35511,89,12,15,11
2021-04-20T23:59:59+02:00,4,7,1309,1463,2487,3622,3318,5177,4386,7374,6741,8407,8026,8277,11820,14505,4121,7099,0,2,344,365,841,1180,1085,1825,1350,2669,2085,2754,2743,2856,7507,9634,3773,6491,56052,45062,7503,2336,34563,84,11,14,11
2021-04-19T23:59:59+02:00,4,7,1293,1446,2451,3585,3257,5110,4278,7271,6502,8174,7390,7501,11567,14149,4110,7081,0,2,342,363,836,1170,1079,1813,1327,2656,2051,2727,2688,2812,7390,9467,3750,6452,54100,44501,7129,2322,33922,80,11,14,11
2021-04-18T23:59:59+02:00,4,6,1283,1434,2419,3560,3217,5089,4225,7215,6366,8045,7037,7113,11473,14046,4107,7069,0,2,342,362,834,1166,1078,1805,1325,2643,2045,2722,2682,2798,7363,9434,3748,6448,53581,44375,6671,2320,33431,80,11,14,11
2021-04-17T23:59:59+02:00,4,6,1282,1432,2419,3558,3216,5085,4220,7212,6359,8035,7022,7103,11471,14044,4107,7069,0,2,342,362,833,1165,1078,1805,1323,2642,2044,2720,2679,2796,7362,9434,3748,6448,53559,44362,6669,2319,33392,80,11,13,11
2021-04-16T23:59:59+02:00,4,6,1279,1431,2408,3549,3208,5077,4201,7194,6308,8002,6945,7018,11459,14030,4105,7067,0,2,342,361,829,1163,1076,1805,1321,2641,2041,2720,2678,2789,7360,9432,3747,6448,53502,44338,6432,2315,33333,80,11,13,11
2021-04-15T23:59:59+02:00,2,4,1243,1411,2355,3500,3113,5018,4040,7065,6051,7769,6402,6461,11209,13741,4090,7035,0,2,335,359,810,1143,1037,1745,1276,2569,1967,2625,2598,2720,7272,9343,3737,6431,52414,43747,6041,2129,32030,74,11,13,8
2021-04-14T23:59:59+02:00,2,4,1222,1397,2320,3473,3044,4956,3932,6960,5861,7561,5759,5758,10815,13250,4058,6985,0,2,328,356,798,1134,1020,1719,1245,2528,1916,2573,2521,2650,7123,9148,3718,6405,51007,43086,5835,2006,30492,74,10,13,8
2021-04-13T23:59:59+02:00,2,4,1208,1387,2288,3442,2988,4892,3821,6879,5613,7340,5223,5212,10475,12836,4035,6957,0,2,307,342,779,1105,998,1698,1221,2492,1879,2532,2455,2584,7004,9011,3682,6344,49987,42398,5631,1949,28961,71,10,13,7
2021-04-12T23:59:59+02:00,2,4,1193,1381,2263,3419,2937,4847,3693,6798,5404,7191,4895,4918,10223,12555,4026,6933,0,2,291,338,766,1101,981,1682,1207,2469,1829,2485,2377,2523,6889,8870,3668,6322,49520,41821,5432,1900,27710,64,8,12,7
2021-04-11T23:59:59+02:00,2,4,1187,1368,2243,3399,2904,4827,3633,6727,5260,7082,4663,4718,10038,12356,4020,6922,0,2,284,336,761,1093,972,1667,1196,2441,1806,2453,2324,2464,6805,8762,3654,6302,49437,41406,5195,1839,26704,63,7,10,7
2021-04-10T23:59:59+02:00,2,4,1187,1367,2240,3395,2901,4823,3627,6724,5250,7070,4657,4709,10030,12343,4020,6922,0,2,281,332,745,1086,958,1662,1172,2421,1734,2401,2236,2378,6745,8715,3653,6298,49383,41236,5193,1509,26679,61,6,10,7
2021-04-09T23:59:59+02:00,2,4,1183,1364,2233,3393,2892,4813,3618,6713,5221,7046,4632,4681,10004,12313,4019,6922,0,2,272,329,725,1076,942,1641,1138,2374,1641,2325,2016,2109,6590,8554,3631,6265,49306,40381,5188,1175,26543,61,6,10,7
2021-04-08T23:59:59+02:00,2,4,1159,1344,2180,3337,2807,4723,3477,6583,4985,6813,4240,4273,9456,11739,4000,6868,0,2,247,308,673,1016,884,1568,1065,2278,1506,2205,1738,1772,6124,7992,3543,6119,48842,37805,4659,1172,24473,50,6,10,7
2021-04-07T23:59:59+02:00,2,4,1149,1330,2146,3319,2765,4686,3388,6520,4822,6679,3946,3971,8893,11187,3983,6839,0,2,214,279,613,961,823,1496,1006,2217,1400,2106,1597,1596,5525,7290,3454,5962,48630,35313,4184,1168,22801,49,4,10,7
2021-04-06T23:59:59+02:00,2,4,1127,1312,2102,3293,2726,4654,3323,6473,4696,6586,3690,3716,8402,10677,3967,6808,0,2,206,274,584,941,798,1448,960,2159,1317,2019,1450,1407,4940,6496,3339,5756,48435,32880,3647,1160,21463,46,3,10,7
2021-04-05T23:59:59+02:00,2,4,1124,1307,2096,3290,2716,4652,3308,6458,4673,6568,3658,3689,8372,10639,3963,6806,0,2,203,262,577,926,779,1424,944,2123,1277,1979,1403,1344,4725,6227,3291,5700,48345,31972,3641,1158,21326,46,3,10,7
2021-04-04T23:59:59+02:00,2,4,1124,1307,2096,3289,2716,4651,3308,6458,4672,6567,3653,3686,8370,10637,3963,6806,0,2,203,262,576,926,779,1424,944,2123,1277,1978,1403,1344,4724,6227,3291,5700,48339,31969,3640,1158,21317,46,3,10,7
2021-04-03T23:59:59+02:00,2,4,1124,1307,2095,3289,2716,4651,3308,6458,4672,6567,3652,3684,8370,10636,3963,6806,0,2,203,262,576,925,779,1424,944,2123,1277,1978,1403,1344,4724,6227,3291,5700,48338,31968,3639,1158,21314,46,3,10,7
2021-04-02T23:59:59+02:00,2,4,1124,1307,2095,3287,2716,4650,3308,6455,4672,6565,3649,3680,8368,10635,3963,6806,0,2,203,262,576,925,779,1422,944,2123,1277,1977,1403,1342,4722,6226,3290,5700,48321,31960,3639,1157,21313,46,3,10,7
2021-04-01T23:59:59+02:00,1,4,1111,1272,2030,3167,2608,4449,3159,6206,4514,6326,3605,3644,8268,10529,3952,6788,0,2,198,253,572,916,768,1416,934,2109,1254,1961,1382,1315,4482,5907,3170,5534,47949,30971,3633,1153,20038,39,3,10,7
2021-03-31T23:59:59+02:00,1,4,1094,1243,1991,3069,2532,4306,3069,5994,4383,6096,3520,3562,8115,10333,3932,6752,0,2,190,250,565,905,764,1398,922,2089,1213,1928,1326,1252,3988,5303,3042,5298,47342,29236,3506,1153,19135,38,3,10,5
2021-03-30T23:59:59+02:00,1,3,1072,1210,1939,2885,2430,4082,2919,5635,4182,5707,3426,3467,7951,10128,3905,6698,0,2,186,245,556,895,753,1376,900,2069,1165,1883,1240,1167,3462,4582,2816,4961,46703,27068,3340,1153,17584,29,3,10,5
2021-03-29T23:59:59+02:00,1,3,1055,1167,1876,2755,2346,3925,2781,5381,4019,5432,3326,3367,7789,9898,3876,6650,0,2,185,240,550,884,743,1362,882,2045,1128,1855,1165,1079,2877,3899,2638,4665,46057,25026,3105,1147,16473,19,2,10,5
2021-03-28T23:59:59+02:00,1,3,1036,1135,1805,2592,2264,3721,2660,5086,3867,5155,3261,3301,7724,9835,3872,6645,0,2,185,240,548,881,742,1360,880,2039,1125,1852,1156,1067,2822,3832,2625,4638,45950,24829,2896,1145,15105,14,2,10,4
2021-03-27T23:59:59+01:00,1,3,1036,1135,1805,2591,2263,3720,2657,5086,3864,5155,3257,3301,7723,9835,3872,6645,0,2,185,240,547,881,742,1360,879,2039,1122,1852,1156,1067,2822,3832,2625,4638,45941,24824,2896,1145,15100,14,2,10,4
2021-03-26T23:59:59+01:00,1,3,1031,1111,1763,2476,2199,3562,2594,4876,3778,4931,3236,3284,7720,9830,3871,6644,0,2,185,239,547,881,741,1360,879,2039,1122,1849,1152,1066,2819,3825,2624,4635,45914,24802,2893,1145,14091,12,2,10,4
2021-03-25T23:59:59+01:00,1,3,1006,1080,1712,2374,2116,3393,2485,4647,3666,4733,3134,3192,7592,9696,3864,6630,0,2,183,237,542,879,734,1350,873,2021,1105,1825,1106,1022,2590,3477,2424,4342,45655,23550,2555,1145,13105,12,1,8,4
2021-03-24T23:59:59+01:00,1,3,983,1060,1692,2331,2085,3343,2449,4580,3623,4663,3047,3121,7463,9524,3845,6612,0,2,183,233,536,874,727,1340,861,2006,1086,1804,1066,979,2194,2928,2031,3819,45115,21509,2425,1143,12876,12,1,8,4
2021-03-23T23:59:59+01:00,1,3,973,1054,1674,2299,2061,3309,2415,4536,3582,4613,2980,3048,7369,9422,3827,6584,0,2,181,230,532,869,720,1328,847,1987,1049,1772,985,888,1828,2437,1679,3353,44601,19561,2414,1109,12727,12,1,7,4
2021-03-22T23:59:59+01:00,1,3,971,1045,1660,2282,2047,3291,2393,4507,3545,4571,2936,3014,7306,9352,3813,6567,0,2,178,227,530,858,704,1305,833,1973,1020,1745,936,816,1351,1863,1325,2862,44267,17459,2392,1052,12637,12,1,7,4
2021-03-21T23:59:59+01:00,1,3,971,1045,1659,2279,2047,3288,2389,4503,3533,4563,2922,3005,7259,9297,3807,6561,0,2,178,224,528,856,703,1301,831,1969,1009,1740,913,797,1273,1778,1269,2793,44119,17156,2389,991,12616,12,1,7,4
2021-03-20T23:59:59+01:00,1,3,970,1044,1658,2278,2046,3288,2389,4503,3531,4561,2921,3004,7259,9296,3807,6561,0,2,178,224,528,856,703,1301,831,1969,996,1725,878,769,1241,1755,1260,2791,44117,17153,2384,837,12611,12,1,7,4
2021-03-19T23:59:59+01:00,1,3,969,1036,1651,2264,2035,3284,2387,4497,3524,4554,2911,2993,7247,9279,3806,6558,0,2,178,222,527,856,703,1299,831,1968,989,1720,834,730,1178,1703,1250,2780,44055,17109,2380,644,12556,12,1,7,4
2021-03-18T23:59:59+01:00,1,3,933,1004,1573,2150,1911,3115,2238,4248,3294,4303,2758,2836,6945,8914,3740,6457,0,2,177,221,522,851,696,1292,822,1957,966,1704,816,708,1101,1594,1105,2574,42659,16525,2069,566,11687,12,1,7,4
2021-03-17T23:59:59+01:00,1,3,880,972,1502,2090,1847,3049,2173,4188,3199,4208,2622,2702,6519,8420,3675,6342,0,2,176,219,519,846,694,1288,818,1952,961,1696,787,689,966,1441,949,2358,40883,15779,2065,565,11436,12,1,7,4
2021-03-16T23:59:59+01:00,1,3,855,948,1468,2049,1809,2999,2119,4133,3103,4110,2488,2543,6043,7768,3584,6191,0,0,170,216,514,845,690,1281,813,1943,954,1683,782,676,878,1315,805,2192,38882,15175,2004,565,11320,12,1,7,4
2021-03-15T23:59:59+01:00,1,3,838,942,1450,2026,1771,2944,2081,4062,3002,4001,2354,2372,5556,7225,3511,6074,0,0,169,215,514,837,688,1272,809,1933,944,1667,771,666,808,1203,649,1988,37111,14590,1903,527,11192,12,0,7,4
2021-03-14T23:59:59+01:00,1,3,833,927,1426,1999,1747,2915,2050,4003,2939,3933,2175,2175,5371,6998,3480,6041,0,0,169,215,513,834,686,1261,808,1926,941,1658,753,657,792,1184,625,1933,36087,14445,1802,503,11120,3,0,7,4
2021-03-13T23:59:59+01:00,1,3,825,920,1404,1987,1730,2902,2023,3975,2864,3885,2103,2101,5322,6943,3478,6040,0,0,169,215,513,833,686,1261,807,1926,941,1658,753,657,792,1184,625,1933,35832,14443,1554,503,11113,3,0,7,4
2021-03-12T23:59:59+01:00,1,3,801,904,1358,1929,1667,2804,1924,3824,2706,3718,1906,1862,5137,6718,3446,5997,0,0,169,215,512,833,686,1261,806,1926,941,1657,744,654,779,1169,617,1930,34501,14390,1310,502,10887,3,0,7,4
2021-03-11T23:59:59+01:00,1,3,767,845,1289,1844,1583,2655,1840,3623,2543,3546,1640,1552,4767,6246,3309,5815,0,0,160,208,506,824,676,1252,791,1890,921,1616,613,592,710,1126,596,1898,32384,13884,1209,490,10268,2,0,7,3
2021-03-10T23:59:59+01:00,1,3,752,793,1266,1788,1551,2597,1790,3552,2462,3457,1568,1463,4294,5701,3190,5561,0,0,160,206,497,803,658,1239,782,1870,914,1600,544,577,677,1117,589,1892,30563,13732,1203,388,10016,2,0,7,3
2021-03-09T23:59:59+01:00,1,3,738,772,1245,1758,1524,2551,1750,3501,2388,3405,1474,1365,3732,4945,2996,5251,0,0,157,204,491,782,648,1215,768,1838,902,1572,540,575,675,1112,586,1886,28374,13670,1200,276,9818,2,0,7,3
2021-03-08T23:59:59+01:00,0,3,734,744,1231,1737,1506,2531,1722,3463,2348,3362,1380,1263,3057,4113,2757,4880,0,0,153,201,477,759,626,1182,749,1788,878,1535,536,573,675,1111,586,1886,25903,13662,1200,50,9721,0,0,7,3
2021-03-07T23:59:59+01:00,0,3,731,740,1222,1727,1498,2516,1711,3455,2337,3354,1367,1247,2955,3991,2734,4831,0,0,153,201,477,759,626,1182,749,1788,878,1535,536,573,675,1111,586,1886,25550,13662,1198,50,9664,0,0,7,3
2021-03-06T23:59:59+01:00,0,3,730,740,1220,1722,1495,2513,1707,3452,2333,3353,1364,1247,2955,3991,2734,4831,0,0,152,201,477,759,626,1182,749,1788,878,1535,536,573,675,1111,586,1886,25545,13661,1198,50,9640,0,0,7,3
2021-03-05T23:59:59+01:00,0,3,669,716,1195,1707,1474,2503,1682,3437,2304,3343,1359,1244,2947,3984,2731,4826,0,0,152,201,477,758,626,1181,749,1788,878,1533,535,573,675,1111,586,1886,25517,13656,1194,50,9406,0,0,7,3
2021-03-04T23:59:59+01:00,0,3,603,669,1127,1637,1418,2420,1641,3356,2230,3265,1308,1196,2726,3618,2545,4538,0,0,150,195,474,744,615,1169,738,1760,869,1520,524,562,663,1101,581,1877,24286,13491,1186,48,8821,0,0,7,3
2021-03-03T23:59:59+01:00,0,3,566,630,1060,1574,1322,2339,1540,3270,2105,3178,1264,1149,2351,3096,2189,4085,0,0,150,195,472,741,615,1169,737,1757,866,1519,521,559,661,1098,581,1875,22408,13468,1184,46,8124,0,0,5,2
2021-03-02T23:59:59+01:00,0,3,548,596,1022,1528,1265,2297,1482,3218,2009,3116,1180,1047,1981,2617,1793,3561,0,0,148,193,467,735,610,1158,727,1747,861,1498,512,550,650,1077,561,1842,20327,13288,1181,46,7750,0,0,5,2
2021-03-01T23:59:59+01:00,0,3,541,547,1003,1489,1219,2236,1436,3154,1954,3043,1134,973,1482,2022,1405,3016,0,0,146,193,467,735,610,1157,727,1744,860,1498,510,550,646,1068,557,1831,18033,13251,1178,46,7441,0,0,5,2
2021-02-28T23:59:59+01:00,0,3,533,533,985,1449,1193,2174,1408,3096,1899,2970,1113,951,1367,1882,1331,2928,0,0,146,193,466,734,610,1157,726,1742,859,1497,508,550,646,1068,557,1831,17552,13242,1176,46,7082,0,0,5,2
2021-02-27T23:59:59+01:00,0,3,533,531,984,1446,1193,2173,1408,3095,1899,2969,1113,951,1367,1881,1329,2928,0,0,145,193,465,733,607,1155,724,1740,857,1496,508,550,646,1068,557,1831,17549,13241,1176,32,7073,0,0,5,2
2021-02-26T23:59:59+01:00,0,3,391,481,854,1402,1110,2131,1340,3054,1840,2927,1108,945,1364,1880,1329,2926,0,0,145,193,465,733,607,1155,724,1739,857,1495,508,550,646,1068,557,1831,17537,13240,1176,31,6367,0,0,5,2
2021-02-25T23:59:59+01:00,0,3,302,428,758,1308,1026,2041,1242,2881,1701,2765,1070,913,1282,1755,1209,2734,0,0,138,183,453,720,591,1130,717,1714,837,1471,494,536,618,1036,543,1812,16936,12970,1176,21,5301,0,0,5,2
2021-02-24T23:59:59+01:00,0,2,257,384,685,1232,952,1953,1188,2763,1635,2647,1043,893,1159,1609,1051,2515,0,0,136,183,450,716,587,1129,716,1709,836,1467,489,531,610,1031,540,1800,16221,12910,1174,18,4568,0,0,5,2
2021-02-23T23:59:59+01:00,0,2,245,362,664,1173,923,1874,1141,2651,1560,2537,1017,865,1078,1481,908,2350,0,0,136,181,450,715,587,1129,716,1706,834,1466,488,528,608,1030,540,1799,15659,12898,1139,14,4028,0,0,5,1
2021-02-22T23:59:59+01:00,0,0,231,343,641,1143,891,1791,1091,2559,1474,2414,971,835,959,1337,721,2093,0,0,136,181,449,714,585,1128,715,1706,828,1464,487,527,607,1028,539,1797,14904,12886,1066,4,3519,0,0,5,1
2021-02-21T23:59:59+01:00,0,0,225,332,605,1076,841,1686,1048,2458,1394,2307,954,814,926,1285,668,2027,0,0,136,180,446,707,584,1124,715,1701,828,1462,486,527,606,1028,538,1796,14694,12859,1023,4,2924,0,0,5,1
2021-02-20T23:59:59+01:00,0,0,225,329,602,1075,839,1681,1044,2452,1379,2288,918,785,893,1262,660,2025,0,0,136,180,446,707,584,1124,715,1701,828,1462,486,526,605,1028,538,1796,14692,12858,863,4,2897,0,0,5,0
2021-02-19T23:59:59+01:00,0,0,215,321,593,1067,826,1666,1023,2435,1346,2245,673,682,750,1198,635,2008,0,0,136,180,446,706,584,1121,714,1698,825,1459,486,525,605,1027,537,1796,14214,12842,674,3,2790,0,0,5,0
2021-02-18T23:59:59+01:00,0,0,199,272,554,945,741,1440,893,2177,1096,1870,594,614,709,1156,615,1991,0,0,131,180,433,694,569,1104,708,1672,809,1431,483,522,604,1026,537,1796,14055,12696,574,3,1233,0,0,4,0
2021-02-17T23:59:59+01:00,0,0,193,232,534,896,704,1344,834,2009,1011,1738,572,594,709,1153,613,1988,0,0,124,177,421,684,561,1089,690,1641,797,1410,480,520,602,1023,537,1795,14038,12548,574,3,508,0,0,4,0
2021-02-16T23:59:59+01:00,0,0,186,229,526,880,689,1313,815,1970,978,1698,560,589,703,1151,612,1985,0,0,119,172,407,679,550,1073,677,1623,788,1396,474,514,595,1009,529,1764,14007,12367,574,2,299,0,0,4,0
2021-02-15T23:59:59+01:00,0,0,172,220,521,853,683,1279,801,1935,949,1651,559,586,701,1151,612,1985,0,0,116,171,400,669,539,1054,648,1596,774,1378,472,511,595,1009,529,1764,14004,12223,535,2,115,0,0,4,0
2021-02-14T23:59:59+01:00,0,0,167,212,517,840,682,1270,798,1926,931,1642,558,585,701,1148,611,1985,0,0,109,167,389,658,522,1036,629,1581,767,1365,472,509,593,1007,529,1764,13998,12095,533,2,38,0,0,4,0
2021-02-13T23:59:59+01:00,0,0,166,212,516,840,682,1270,798,1926,931,1642,558,585,701,1148,611,1985,0,0,109,167,388,657,522,1036,629,1581,767,1365,472,509,593,1007,529,1764,13997,12093,533,2,37,0,0,4,0
2021-02-12T23:59:59+01:00,0,0,164,211,511,838,681,1267,794,1925,929,1639,557,585,701,1148,611,1985,0,0,106,165,385,651,517,1029,615,1566,764,1348,470,508,581,987,524,1735,13990,11949,532,2,20,0,0,4,0
2021-02-11T23:59:59+01:00,0,0,161,210,507,831,674,1263,792,1921,923,1637,552,579,694,1142,606,1979,0,0,87,129,356,581,470,949,563,1449,720,1254,446,463,537,933,480,1637,13939,11053,520,1,8,0,0,4,0
2021-02-10T23:59:59+01:00,0,0,158,208,497,814,658,1248,780,1894,908,1613,543,573,683,1129,601,1969,0,0,78,118,328,521,443,842,522,1273,647,1097,397,413,470,816,432,1476,13814,9872,457,1,1,0,0,4,0
2021-02-09T23:59:59+01:00,0,0,157,202,489,776,642,1209,760,1833,896,1572,531,561,677,1114,592,1950,0,0,73,101,309,454,408,757,480,1170,583,997,366,358,427,729,398,1355,13701,8965,257,0,0,0,0,3,0
2021-02-08T23:59:59+01:00,0,0,153,198,472,751,620,1174,740,1783,876,1528,525,560,675,1108,588,1934,0,0,59,75,264,386,358,623,421,941,510,818,308,303,361,575,333,1149,13631,7484,51,0,0,0,0,3,0
2021-02-07T23:59:59+01:00,0,0,153,197,470,750,618,1173,739,1775,874,1526,524,560,675,1108,588,1933,0,0,58,67,246,351,339,578,405,909,490,783,308,296,359,568,331,1145,13609,7233,51,0,0,0,0,3,0
2021-02-06T23:59:59+01:00,0,0,153,197,470,750,618,1173,739,1775,874,1526,524,560,675,1108,588,1933,0,0,58,67,246,350,339,578,405,908,488,781,308,295,358,566,330,1145,13609,7222,51,0,0,0,0,3,0
2021-02-05T23:59:59+01:00,0,0,153,197,470,750,618,1173,739,1775,874,1525,524,560,674,1108,588,1933,0,0,56,67,245,347,332,574,397,885,479,761,298,290,347,542,312,1105,13607,7037,51,0,0,0,0,3,0
2021-02-04T23:59:59+01:00,0,0,147,192,466,742,611,1165,735,1761,868,1516,517,553,653,1083,579,1915,0,0,42,51,212,312,290,478,355,744,385,615,233,219,262,376,231,818,13450,5623,50,0,0,0,0,3,0
2021-02-03T23:59:59+01:00,0,0,145,191,460,735,603,1156,731,1748,860,1500,505,545,638,1070,572,1907,0,0,34,32,156,221,237,348,265,567,309,466,182,172,185,282,178,612,13316,4246,47,0,0,0,0,3,0
2021-02-02T23:59:59+01:00,0,0,145,188,458,734,603,1156,728,1742,853,1496,504,543,634,1067,571,1903,0,0,25,26,137,174,192,279,221,431,257,375,142,132,138,210,141,483,13276,3363,47,0,0,0,0,2,0
2021-02-01T23:59:59+01:00,0,0,143,188,457,733,598,1153,727,1734,851,1491,503,541,629,1064,570,1896,0,0,21,19,101,128,138,188,155,299,168,259,90,94,93,133,76,258,13229,2220,47,0,0,0,0,2,0
2021-01-31T23:59:59+01:00,0,0,142,187,457,730,595,1152,727,1730,851,1490,501,540,628,1062,570,1895,0,0,14,15,68,88,96,123,118,222,141,203,85,87,89,125,74,244,13209,1792,47,0,0,0,0,1,0
2021-01-30T23:59:59+01:00,0,0,142,187,456,730,593,1150,726,1729,851,1490,501,540,627,1062,570,1895,0,0,14,15,68,88,96,121,116,218,138,200,84,86,89,119,68,234,13208,1754,40,0,0,0,0,1,0
2021-01-29T23:59:59+01:00,0,0,142,187,456,728,592,1147,724,1727,849,1489,501,540,627,1062,570,1895,0,0,12,15,56,82,79,117,98,207,115,188,79,79,87,115,67,233,13203,1629,32,0,0,0,0,1,0
2021-01-28T23:59:59+01:00,0,0,135,183,443,711,575,1121,718,1700,826,1460,494,534,624,1059,567,1892,0,0,7,3,13,20,24,45,31,95,47,87,46,50,56,85,49,176,13017,834,24,0,0,0,0,1,0
2021-01-27T23:59:59+01:00,0,0,127,180,431,701,567,1113,703,1666,820,1438,491,532,620,1054,567,1887,0,0,3,1,5,12,10,24,13,40,23,31,13,17,24,35,20,55,12874,326,22,0,0,0,0,1,0
2021-01-26T23:59:59+01:00,0,0,121,176,417,690,554,1099,694,1643,809,1417,486,526,614,1037,559,1852,0,0,3,1,5,11,7,22,11,37,17,28,13,15,23,33,20,54,12679,300,14,0,0,0,0,1,0
2021-01-25T23:59:59+01:00,0,0,118,174,408,678,543,1080,667,1615,791,1400,484,522,612,1036,559,1852,0,0,2,1,4,9,7,17,6,28,12,22,9,6,13,22,10,35,12534,203,4,0,0,0,0,1,0
2021-01-24T23:59:59+01:00,0,0,111,171,398,668,528,1062,650,1602,778,1388,483,519,611,1036,559,1852,0,0,2,0,2,6,7,5,4,7,5,9,1,2,11,15,6,21,12411,103,4,0,0,0,0,1,0
2021-01-23T23:59:59+01:00,0,0,111,171,398,667,528,1062,650,1602,778,1388,483,519,611,1036,559,1852,0,0,1,0,2,6,7,5,4,7,5,9,1,2,11,15,6,21,12410,102,4,0,0,0,0,1,0
2021-01-22T23:59:59+01:00,0,0,108,169,391,661,524,1055,636,1587,772,1370,483,514,600,1015,552,1823,0,0,1,0,2,6,7,5,4,7,5,9,1,2,11,15,6,21,12257,102,3,0,0,0,0,0,0
2021-01-21T23:59:59+01:00,0,0,97,161,376,644,501,1021,606,1537,750,1327,466,476,566,971,516,1755,0,0,1,0,2,6,7,5,4,7,5,9,1,2,11,15,6,21,11767,102,3,0,0,0,0,0,0
2021-01-20T23:59:59+01:00,0,0,79,120,342,555,457,881,549,1303,662,1140,404,417,481,828,454,1532,0,0,1,0,1,5,7,5,4,7,5,9,1,2,11,15,6,21,10201,100,3,0,0,0,0,0,0
2021-01-19T23:59:59+01:00,0,0,74,106,315,477,416,792,506,1191,610,1037,380,379,444,749,424,1436,0,0,1,0,1,3,7,5,4,7,5,9,1,0,8,10,5,18,9333,84,3,0,0,0,0,0,0
2021-01-18T23:59:59+01:00,0,0,60,76,269,391,362,644,430,959,518,840,312,311,374,595,358,1228,0,0,1,0,1,3,7,5,4,7,5,8,1,0,8,10,5,18,7725,83,2,0,0,0,0,0,0
2021-01-17T23:59:59+01:00,0,0,59,67,250,356,341,591,411,916,494,801,309,302,372,588,355,1220,0,0,0,0,0,0,0,1,0,0,0,0,0,0,0,0,0,0,7430,1,2,0,0,0,0,0,0
2021-01-16T23:59:59+01:00,0,0,59,67,250,355,341,591,411,915,492,799,309,301,370,584,354,1220,0,0,0,0,0,0,0,0,0,0,0,0,0,0,0,0,0,0,7416,0,2,0,0,0,0,0,0
2021-01-15T23:59:59+01:00,0,0,57,67,250,351,335,585,400,891,481,774,295,295,351,555,331,1178,0,0,0,0,0,0,0,0,0,0,0,0,0,0,0,0,0,0,7194,0,2,0,0,0,0,0,0
2021-01-14T23:59:59+01:00,0,0,44,54,236,326,310,510,366,766,393,629,233,221,261,379,238,847,0,0,0,0,0,0,0,0,0,0,0,0,0,0,0,0,0,0,5813,0,0,0,0,0,0,0,0
2021-01-13T23:59:59+01:00,0,0,38,43,211,269,271,410,300,613,322,503,178,178,189,289,192,655,0,0,0,0,0,0,0,0,0,0,0,0,0,0,0,0,0,0,4661,0,0,0,0,0,0,0,0
2021-01-12T23:59:59+01:00,0,0,33,41,206,254,256,378,276,533,290,457,141,136,143,221,150,514,0,0,0,0,0,0,0,0,0,0,0,0,0,0,0,0,0,0,4029,0,0,0,0,0,0,0,0
2021-01-11T23:59:59+01:00,0,0,28,37,196,233,238,325,229,445,240,382,110,106,107,144,88,320,0,0,0,0,0,0,0,0,0,0,0,0,0,0,0,0,0,0,3228,0,0,0,0,0,0,0,0
2021-01-10T23:59:59+01:00,0,0,26,31,158,172,195,250,191,349,198,305,98,99,104,139,86,305,0,0,0,0,0,0,0,0,0,0,0,0,0,0,0,0,0,0,2706,0,0,0,0,0,0,0,0
2021-01-09T23:59:59+01:00,0,0,26,31,151,168,193,242,187,341,196,300,98,99,104,139,86,305,0,0,0,0,0,0,0,0,0,0,0,0,0,0,0,0,0,0,2666,0,0,0,0,0,0,0,0
2021-01-08T23:59:59+01:00,0,0,23,28,120,144,172,229,162,312,168,279,93,89,102,135,85,304,0,0,0,0,0,0,0,0,0,0,0,0,0,0,0,0,0,0,2445,0,0,0,0,0,0,0,0
2021-01-07T23:59:59+01:00,0,0,8,3,17,26,31,55,37,104,61,111,48,51,63,93,54,212,0,0,0,0,0,0,0,0,0,0,0,0,0,0,0,0,0,0,974,0,0,0,0,0,0,0,0
2021-01-06T23:59:59+01:00,0,0,3,1,6,13,10,23,14,39,21,32,14,14,27,39,23,65,0,0,0,0,0,0,0,0,0,0,0,0,0,0,0,0,0,0,344,0,0,0,0,0,0,0,0
2021-01-05T23:59:59+01:00,0,0,3,1,5,10,9,19,11,31,15,27,11,14,23,34,21,57,0,0,0,0,0,0,0,0,0,0,0,0,0,0,0,0,0,0,291,0,0,0,0,0,0,0,0
2021-01-04T23:59:59+01:00,0,0,2,1,3,7,9,11,4,15,8,17,5,3,12,20,8,31,0,0,0,0,0,0,0,0,0,0,0,0,0,0,0,0,0,0,156,0,0,0,0,0,0,0,0
2021-01-03T23:59:59+01:00,0,0,2,0,2,6,8,5,4,7,5,10,1,2,12,16,7,21,0,0,0,0,0,0,0,0,0,0,0,0,0,0,0,0,0,0,108,0,0,0,0,0,0,0,0
2021-01-02T23:59:59+01:00,0,0,2,0,2,6,8,5,4,7,5,10,1,2,12,16,7,21,0,0,0,0,0,0,0,0,0,0,0,0,0,0,0,0,0,0,108,0,0,0,0,0,0,0,0
2021-01-01T23:59:59+01:00,0,0,1,0,2,6,8,5,4,7,5,10,1,2,12,15,7,21,0,0,0,0,0,0,0,0,0,0,0,0,0,0,0,0,0,0,106,0,0,0,0,0,0,0,0
2020-12-31T23:59:59+01:00,0,0,1,0,2,5,8,5,4,7,5,10,1,2,12,15,7,21,0,0,0,0,0,0,0,0,0,0,0,0,0,0,0,0,0,0,105,0,0,0,0,0,0,0,0
2020-12-30T23:59:59+01:00,0,0,1,0,1,5,8,5,4,7,5,10,1,2,12,15,7,21,0,0,0,0,0,0,0,0,0,0,0,0,0,0,0,0,0,0,104,0,0,0,0,0,0,0,0
2020-12-29T23:59:59+01:00,0,0,1,0,1,3,8,5,4,7,5,10,1,0,9,10,6,18,0,0,0,0,0,0,0,0,0,0,0,0,0,0,0,0,0,0,88,0,0,0,0,0,0,0,0
2020-12-28T23:59:59+01:00,0,0,1,0,1,3,8,5,4,7,5,9,1,0,9,10,6,18,0,0,0,0,0,0,0,0,0,0,0,0,0,0,0,0,0,0,87,0,0,0,0,0,0,0,0
2020-12-27T23:59:59+01:00,0,0,1,0,1,3,8,4,4,7,5,9,1,0,9,10,6,18,0,0,0,0,0,0,0,0,0,0,0,0,0,0,0,0,0,0,86,0,0,0,0,0,0,0,0
