Datum,<24_1_m,<24_1_w,25-34_1_m,25-34_1_w,35-44_1_m,35-44_1_w,45-54_1_m,45-54_1_w,55-64_1_m,55-64_1_w,65-74_1_m,65-74_1_w,75-84_1_m,75-84_1_w,>84_1_m,>84_1_w,<24_2_m,<24_2_w,25-34_2_m,25-34_2_w,35-44_2_m,35-44_2_w,45-54_2_m,45-54_2_w,55-64_2_m,55-64_2_w,65-74_2_m,65-74_2_w,75-84_2_m,75-84_2_w,>84_2_m,>84_2_w,bp_1,bp_2,mo_1,mo_2,az_1,az_2,ja
2021-06-12T23:59:59+02:00,9087,8608,14799,14194,17648,17843,23020,24063,26136,27481,19346,22260,13573,17323,3508,6262,2244,2135,3890,4090,4879,5745,6627,8466,10532,11319,12445,14793,11074,14386,3281,5813,177340,91340,28126,11423,54354,13625,5331
2021-06-11T23:59:59+02:00,9024,8582,14745,14161,17588,17812,22968,24036,26109,27468,19345,22257,13573,17322,3508,6262,2236,2127,3878,4054,4850,5691,6589,8397,10480,11254,12428,14778,11071,14386,3281,5813,177095,91223,28048,11417,54353,13409,5264
2021-06-10T23:59:59+02:00,8685,8285,14392,13815,17183,17485,22688,23780,25945,27316,19310,22221,13566,17305,3505,6253,2114,2039,3669,3877,4590,5444,6249,8024,9886,10625,11950,14185,11019,14303,3274,5809,174790,88155,27566,11046,54343,12821,5035
2021-06-09T23:59:59+02:00,8298,7918,13964,13393,16716,17046,22339,23444,25753,27141,19255,22160,13550,17276,3502,6248,1961,1918,3494,3720,4367,5188,5884,7627,9189,9918,11347,13420,10930,14190,3266,5803,171720,84225,27109,10449,54332,12706,4842
2021-06-08T23:59:59+02:00,7882,7468,13456,12917,16282,16605,21996,23108,25554,26956,19206,22091,13523,17245,3500,6242,1866,1828,3273,3494,4051,4843,5350,7112,8279,8972,10557,12441,10823,14074,3262,5791,168357,78641,26621,10156,54323,12489,4730
2021-06-07T23:59:59+02:00,7564,7151,13061,12550,15902,16230,21686,22833,25419,26818,19171,22045,13502,17225,3495,6238,1790,1751,3083,3306,3768,4620,4930,6716,7528,8164,9775,11438,10759,13983,3252,5776,165912,74086,26198,9800,54304,12277,4476
2021-06-06T23:59:59+02:00,7414,7008,12899,12396,15754,16067,21525,22675,25346,26740,19147,22015,13496,17216,3494,6234,1769,1726,3004,3263,3676,4555,4825,6641,7365,8018,9547,11183,10722,13946,3249,5771,164686,73415,26095,9379,54285,12106,4360
2021-06-05T23:59:59+02:00,7405,7003,12888,12385,15747,16061,21525,22673,25346,26739,19147,22015,13496,17216,3494,6234,1766,1725,3001,3262,3675,4554,4822,6641,7361,8012,9541,11181,10722,13946,3249,5771,164634,73389,26095,9378,54285,12102,4360
2021-06-04T23:59:59+02:00,7373,6965,12843,12339,15698,16018,21499,22648,25332,26729,19144,22011,13493,17216,3494,6234,1764,1720,2988,3253,3658,4541,4809,6628,7326,7964,9510,11110,10691,13914,3248,5770,164541,73121,25889,9368,54263,12062,4343
2021-06-03T23:59:59+02:00,7128,6720,12540,12092,15375,15722,21183,22309,25102,26534,19106,21951,13477,17200,3494,6230,1714,1672,2920,3189,3558,4467,4701,6532,7108,7752,9168,10686,10651,13864,3248,5765,162127,71860,25645,9079,54262,11927,4129
2021-06-02T23:59:59+02:00,7058,6653,12481,12028,15302,15661,21116,22249,25087,26514,19101,21948,13475,17196,3493,6230,1698,1663,2905,3176,3537,4453,4671,6517,7073,7708,9091,10579,10646,13846,3247,5764,161794,71507,25461,9073,54261,11918,4076
2021-06-01T23:59:59+02:00,6555,6097,11741,11340,14503,14951,20425,21607,24734,26176,19021,21870,13446,17156,3486,6225,1557,1533,2602,2903,3171,4115,4140,6037,6217,6828,7931,9005,10491,13604,3235,5754,156896,66160,24811,8180,54234,11391,3392
2021-05-31T23:59:59+02:00,6268,5762,11288,10909,13985,14448,19957,21143,24466,25849,18935,21799,13412,17121,3480,6211,1486,1470,2448,2773,2980,3944,3844,5726,5648,6234,6967,7780,10321,13383,3226,5730,153469,62178,24125,7382,54229,11190,3210
2021-05-30T23:59:59+02:00,6179,5671,11097,10787,13829,14265,19578,20803,24272,25639,18904,21774,13405,17104,3479,6209,1465,1455,2418,2740,2938,3901,3771,5668,5545,6133,6797,7550,10297,13331,3224,5720,151985,61454,23630,7324,54203,10998,3177
2021-05-29T23:59:59+02:00,6177,5671,11097,10783,13825,14263,19578,20802,24271,25637,18904,21774,13405,17104,3479,6209,1464,1454,2416,2739,2937,3898,3771,5666,5544,6129,6793,7548,10297,13331,3224,5720,151970,61444,23630,7324,54202,10986,3177
2021-05-28T23:59:59+02:00,6158,5656,11071,10746,13805,14246,19562,20785,24264,25630,18903,21772,13403,17103,3479,6208,1459,1452,2416,2735,2936,3897,3766,5660,5531,6112,6776,7530,10288,13312,3224,5716,151786,61343,23628,7324,54201,10967,3176
2021-05-27T23:59:59+02:00,5817,5334,10555,10279,13228,13726,18850,20157,23760,25144,18824,21683,13364,17057,3474,6199,1271,1293,2130,2533,2639,3618,3469,5313,5224,5842,6447,7069,10110,13104,3220,5702,148574,59522,22644,7292,54099,10036,2134
2021-05-26T23:59:59+02:00,5510,5045,10121,9894,12713,13219,18233,19534,23160,24506,18721,21555,13327,17008,3468,6186,1182,1193,1970,2381,2443,3422,3199,5055,4843,5505,5855,6339,9808,12690,3209,5674,144500,56413,21910,7258,53980,9287,1810
2021-05-25T23:59:59+02:00,5260,4787,9708,9396,12238,12736,17708,18943,22655,23895,18620,21414,13301,16933,3460,6176,1125,1140,1908,2291,2331,3289,3016,4833,4477,5114,5237,5530,9462,12227,3193,5653,140483,52902,21084,7244,53854,8871,1809
2021-05-24T23:59:59+02:00,5130,4615,9495,9187,12039,12486,17397,18608,22337,23504,18573,21369,13287,16914,3459,6176,1108,1088,1847,2249,2261,3226,2929,4750,4354,5002,5094,5367,9391,12116,3191,5646,139002,52208,20139,7195,53678,8459,1757
2021-05-23T23:59:59+02:00,5120,4611,9489,9184,12028,12479,17384,18598,22321,23486,18568,21363,13286,16913,3459,6176,1108,1085,1845,2246,2257,3224,2923,4746,4348,4984,5086,5353,9385,12106,3190,5645,138893,52137,20138,7182,53677,8455,1757
2021-05-22T23:59:59+02:00,5114,4608,9488,9179,12020,12475,17382,18594,22319,23484,18568,21363,13286,16913,3459,6176,1108,1085,1845,2245,2254,3224,2923,4746,4348,4982,5084,5352,9384,12106,3190,5645,138868,52132,20138,7182,53665,8450,1757
2021-05-21T23:59:59+02:00,5075,4564,9421,9100,11948,12392,17286,18524,22262,23416,18552,21348,13283,16906,3459,6174,1061,1073,1811,2236,2224,3213,2890,4723,4303,4951,5059,5335,9375,12100,3189,5644,138218,52069,20138,7182,53646,8228,1708
2021-05-20T23:59:59+02:00,4798,4367,8968,8743,11471,11965,16613,18008,21737,22892,18393,21207,13254,16872,3455,6164,895,992,1546,2082,1999,3057,2636,4497,4079,4736,4904,5179,9287,11978,3183,5628,134922,51377,19767,7089,53233,7227,985
2021-05-19T23:59:59+02:00,4519,4086,8455,8269,10908,11406,15943,17291,21090,22225,18226,21011,13221,16831,3450,6150,839,939,1482,2003,1925,2957,2567,4377,3929,4572,4712,4944,9122,11786,3166,5605,129599,50313,19587,6957,52931,6691,964
2021-05-18T23:59:59+02:00,4202,3782,7880,7719,10187,10709,14949,16326,20204,21219,18015,20779,13179,16783,3444,6134,782,887,1423,1907,1852,2853,2437,4229,3740,4366,4450,4651,8946,11564,3158,5589,122634,49111,19494,6761,52491,6070,892
2021-05-17T23:59:59+02:00,3976,3535,7412,7231,9684,10181,14212,15503,19549,20462,17867,20566,13134,16726,3437,6122,714,822,1351,1850,1776,2771,2330,4156,3587,4236,4208,4409,8822,11385,3146,5563,117439,48317,19254,6550,52028,5383,876
2021-05-16T23:59:59+02:00,3834,3444,7205,7051,9480,9973,13965,15266,19341,20250,17807,20505,13122,16711,3436,6116,698,774,1314,1798,1733,2717,2288,4058,3525,4148,4118,4323,8809,11365,3144,5562,115871,48180,19015,6385,51748,4937,872
2021-05-15T23:59:59+02:00,3832,3441,7199,7044,9478,9968,13962,15261,19339,20244,17805,20504,13122,16711,3436,6116,697,774,1313,1798,1732,2717,2287,4058,3525,4148,4116,4321,8809,11365,3144,5562,115830,48176,19015,6384,51746,4935,871
2021-05-14T23:59:59+02:00,3782,3388,7090,6904,9347,9836,13806,15074,19183,20118,17785,20487,13121,16703,3435,6114,674,762,1289,1779,1706,2695,2251,4030,3477,4113,4072,4267,8805,11362,3144,5561,115433,48138,18274,6240,51666,4809,800
2021-05-13T23:59:59+02:00,3628,3202,6764,6569,8894,9438,13250,14573,18617,19567,17684,20363,13092,16676,3432,6112,628,731,1236,1729,1651,2618,2154,3924,3336,3991,3978,4147,8785,11349,3142,5557,112578,48055,17580,5857,51069,4410,634
2021-05-12T23:59:59+02:00,3600,3166,6731,6531,8842,9383,13107,14449,18436,19370,17662,20338,13085,16669,3432,6112,627,729,1236,1727,1646,2615,2144,3918,3322,3983,3966,4133,8779,11344,3142,5557,111873,48032,17354,5831,51052,4371,634
2021-05-11T23:59:59+02:00,3153,2886,5909,5997,7873,8558,11631,13259,16960,17920,17245,19884,13022,16575,3416,6093,583,665,1105,1615,1485,2456,1956,3734,3095,3739,3872,4027,8726,11269,3140,5552,104537,47805,16737,5637,48992,3462,115
2021-05-10T23:59:59+02:00,2934,2683,5407,5594,7171,7935,10548,12280,15730,16574,16943,19530,12969,16480,3408,6072,545,638,1068,1572,1445,2407,1891,3622,2970,3610,3802,3959,8691,11227,3138,5550,98771,47689,15842,5410,47531,2922,114
2021-05-09T23:59:59+02:00,2841,2649,5269,5513,6973,7809,10113,11903,15219,16066,16852,19428,12952,16455,3405,6067,527,614,1032,1521,1380,2317,1824,3495,2863,3468,3721,3863,8675,11206,3136,5548,97217,47606,15267,5145,46917,2326,113
2021-05-08T23:59:59+02:00,2837,2648,5268,5513,6973,7807,10110,11900,15218,16065,16852,19428,12952,16455,3405,6067,526,613,1032,1520,1380,2317,1824,3494,2861,3468,3720,3863,8675,11206,3136,5548,97204,47602,15266,5145,46915,2323,113
2021-05-07T23:59:59+02:00,2641,2576,4995,5422,6604,7642,9660,11687,14782,15719,16706,19271,12945,16431,3405,6067,514,609,1024,1509,1363,2305,1787,3481,2810,3431,3666,3818,8614,11136,3136,5545,96505,47580,14775,4806,45163,2252,110
2021-05-06T23:59:59+02:00,2371,2420,4432,5059,5965,7273,8858,11098,13862,14895,16370,18888,12901,16352,3395,6056,479,552,984,1410,1277,2145,1671,3241,2583,3155,3483,3611,8469,10975,3128,5533,93945,47145,13542,4209,42666,1300,42
2021-05-05T23:59:59+02:00,2215,2291,4138,4820,5521,6902,8131,10469,12747,13791,15774,18169,12820,16268,3388,6037,470,538,969,1383,1250,2106,1635,3166,2523,3066,3432,3572,8395,10887,3125,5525,89550,47014,12221,4068,41683,933,27
2021-05-04T23:59:59+02:00,2114,2188,3848,4574,5110,6539,7409,9824,11509,12515,14972,17151,12731,16175,3384,6026,464,527,950,1362,1231,2067,1615,3129,2478,3011,3384,3521,8314,10783,3120,5513,83765,46881,11584,3870,40707,705,13
2021-05-03T23:59:59+02:00,2047,2127,3691,4439,4881,6331,7000,9466,10740,11714,14318,16261,12676,16091,3376,6011,458,517,948,1346,1216,2035,1595,3087,2443,2966,3329,3476,8206,10688,3117,5508,79365,46758,11380,3652,40413,514,11
2021-05-02T23:59:59+02:00,2034,2109,3615,4410,4803,6272,6927,9413,10609,11581,14151,16089,12654,16069,3375,6006,456,508,942,1332,1213,2016,1591,3075,2428,2951,3313,3458,8171,10657,3116,5504,78813,46739,11105,3556,40192,429,7
2021-05-01T23:59:59+02:00,2032,2109,3613,4409,4802,6272,6925,9412,10603,11577,14149,16088,12653,16068,3375,6004,455,508,942,1332,1213,2015,1591,3075,2428,2951,3313,3458,8171,10657,3116,5503,78787,46736,11105,3556,40192,429,7
2021-04-30T23:59:59+02:00,2029,2102,3607,4401,4796,6258,6899,9392,10564,11536,14101,16016,12630,16044,3374,6003,455,506,941,1330,1213,2015,1590,3075,2427,2950,3312,3456,8170,10655,3116,5503,78458,46729,11105,3554,40183,425,6
2021-04-29T23:59:59+02:00,1894,2050,3343,4289,4524,6099,6590,9127,10125,11122,13549,15334,12559,15928,3370,5996,447,494,931,1309,1190,1976,1566,3036,2396,2906,3300,3443,8158,10641,3113,5499,75685,46607,10721,3553,39487,239,6
2021-04-28T23:59:59+02:00,1748,1996,3171,4181,4270,5912,6203,8850,9526,10571,12711,14188,12445,15777,3362,5988,436,485,916,1295,1174,1945,1528,2990,2323,2834,3131,3298,8072,10547,3107,5489,71207,46198,10534,3143,39153,224,5
2021-04-27T23:59:59+02:00,1702,1940,3054,4064,4066,5765,5870,8558,8856,9839,11699,12899,12292,15512,3351,5973,424,469,908,1273,1158,1906,1501,2920,2273,2774,3091,3257,8051,10518,3101,5487,66416,45991,10346,2971,38673,144,5
2021-04-26T23:59:59+02:00,1671,1899,2938,3984,3887,5617,5530,8332,8348,9347,10966,11985,12199,15376,3340,5959,423,463,898,1265,1142,1895,1470,2897,2242,2745,3043,3205,8008,10472,3096,5485,63015,45896,10158,2725,38200,123,5
2021-04-25T23:59:59+02:00,1653,1891,2871,3954,3787,5556,5390,8285,8154,9222,10781,11758,12170,15336,3339,5955,419,456,891,1259,1123,1881,1455,2878,2218,2717,2998,3166,7967,10429,3095,5483,62515,45817,9956,2516,37626,97,5
2021-04-24T23:59:59+02:00,1652,1891,2871,3953,3787,5555,5388,8284,8150,9217,10776,11757,12170,15336,3339,5955,419,456,891,1259,1123,1880,1454,2877,2217,2717,2998,3166,7967,10429,3095,5483,62495,45813,9956,2516,37625,97,5
2021-04-23T23:59:59+02:00,1627,1878,2806,3918,3707,5530,5266,8230,8020,9159,10697,11648,12148,15302,3338,5951,419,456,891,1257,1123,1880,1453,2876,2217,2717,2997,3166,7967,10429,3095,5483,62367,45810,9682,2516,37172,96,4
2021-04-22T23:59:59+02:00,1574,1838,2701,3857,3549,5425,5006,8068,7689,8893,10087,10927,11955,15079,3332,5934,410,454,881,1247,1109,1866,1428,2848,2181,2686,2942,3113,7885,10325,3083,5469,60767,45406,9030,2437,36113,80,4
2021-04-21T23:59:59+02:00,1534,1797,2617,3770,3430,5331,4774,7865,7252,8538,9175,9816,11632,14636,3321,5899,406,452,876,1230,1100,1849,1409,2817,2149,2658,2879,3045,7778,10164,3070,5451,58052,44936,8163,2313,35168,80,4
2021-04-20T23:59:59+02:00,1499,1767,2554,3694,3327,5232,4586,7666,6832,8159,8229,8625,11289,14191,3309,5886,401,449,866,1216,1090,1827,1383,2786,2118,2616,2810,2979,7638,9989,3043,5405,55210,44231,7397,2307,34235,75,3
2021-04-19T23:59:59+02:00,1481,1751,2516,3654,3265,5162,4470,7554,6564,7889,7591,7821,11089,13923,3301,5871,398,447,863,1206,1084,1816,1356,2771,2084,2588,2754,2931,7526,9829,3026,5373,53269,43683,7026,2294,33604,72,3
2021-04-18T23:59:59+02:00,1470,1735,2482,3629,3227,5138,4406,7496,6418,7732,7222,7446,11030,13847,3298,5859,397,444,862,1204,1083,1808,1354,2758,2078,2584,2747,2918,7501,9796,3024,5371,52756,43562,6560,2292,33116,72,3
2021-04-17T23:59:59+02:00,1469,1734,2481,3627,3226,5135,4402,7491,6409,7721,7209,7437,11028,13847,3298,5859,397,444,861,1203,1083,1808,1353,2757,2077,2582,2744,2916,7500,9796,3024,5371,52735,43550,6559,2291,33076,72,3
2021-04-16T23:59:59+02:00,1465,1732,2471,3623,3217,5127,4379,7473,6354,7680,7136,7358,11023,13838,3296,5857,397,443,857,1201,1082,1808,1351,2756,2074,2581,2742,2910,7498,9794,3023,5371,52679,43527,6325,2286,33022,72,3
2021-04-15T23:59:59+02:00,1423,1706,2411,3575,3121,5068,4203,7338,6076,7430,6585,6800,10835,13587,3284,5835,389,441,833,1177,1045,1746,1306,2674,2000,2493,2664,2840,7415,9714,3015,5357,51598,42939,5939,2100,31737,67,3
2021-04-14T23:59:59+02:00,1397,1691,2378,3545,3046,5007,4081,7224,5871,7208,5908,6036,10514,13187,3260,5797,381,436,821,1166,1026,1723,1274,2628,1947,2439,2575,2764,7280,9535,3001,5334,50206,42282,5732,1979,30210,67,2
2021-04-13T23:59:59+02:00,1380,1682,2343,3513,2989,4946,3967,7130,5592,6976,5369,5455,10227,12838,3242,5775,360,421,799,1134,1004,1704,1249,2593,1910,2395,2505,2703,7166,9395,2972,5281,49196,41603,5530,1921,28696,65,2
2021-04-12T23:59:59+02:00,1364,1675,2316,3487,2937,4901,3828,7041,5390,6823,5003,5122,10038,12614,3233,5754,344,416,787,1129,988,1687,1232,2568,1859,2352,2428,2637,7056,9261,2960,5264,48735,41036,5333,1872,27456,58,2
2021-04-11T23:59:59+02:00,1359,1662,2296,3464,2906,4882,3758,6969,5224,6703,4758,4901,9895,12455,3229,5745,338,412,782,1122,976,1670,1219,2541,1838,2324,2371,2569,6975,9162,2949,5245,48654,40621,5098,1813,26452,57,2
2021-04-10T23:59:59+02:00,1359,1661,2294,3460,2904,4877,3752,6967,5215,6692,4748,4886,9892,12448,3229,5744,334,407,767,1116,963,1664,1194,2516,1766,2272,2287,2480,6924,9124,2949,5241,48601,40455,5098,1490,26427,57,2
2021-04-09T23:59:59+02:00,1356,1658,2286,3458,2898,4868,3739,6953,5190,6666,4718,4860,9873,12421,3228,5744,321,404,750,1107,944,1638,1162,2472,1670,2188,2054,2194,6795,8990,2932,5213,48528,39613,5093,1162,26293,57,2
2021-04-08T23:59:59+02:00,1329,1635,2226,3396,2819,4780,3585,6817,4946,6423,4295,4386,9398,11944,3218,5699,290,379,695,1046,888,1564,1078,2373,1529,2059,1770,1825,6337,8457,2874,5105,48075,37067,4571,1151,24248,49,2
2021-04-07T23:59:59+02:00,1318,1619,2190,3378,2780,4739,3486,6758,4778,6269,3958,4045,8905,11460,3204,5670,246,348,644,988,823,1498,1017,2303,1423,1959,1609,1638,5753,7764,2805,4975,47868,34596,4100,1148,22588,48,1
2021-04-06T23:59:59+02:00,1294,1598,2149,3355,2743,4707,3413,6711,4644,6166,3670,3760,8481,11009,3189,5644,239,342,617,966,799,1452,969,2242,1333,1872,1456,1432,5185,6972,2716,4810,47674,32215,3564,1141,21294,45,1
2021-04-05T23:59:59+02:00,1292,1594,2145,3352,2731,4706,3398,6694,4624,6150,3637,3729,8456,10978,3186,5643,236,328,608,949,782,1429,953,2205,1292,1833,1402,1354,4971,6708,2678,4765,47588,31308,3560,1139,21166,45,1
2021-04-04T23:59:59+02:00,1292,1594,2145,3351,2731,4705,3398,6693,4623,6150,3633,3727,8454,10977,3186,5643,236,328,607,949,782,1429,953,2205,1292,1833,1402,1354,4970,6708,2678,4765,47582,31306,3560,1139,21159,45,1
2021-04-03T23:59:59+02:00,1292,1594,2145,3351,2731,4705,3398,6693,4623,6150,3632,3725,8454,10976,3186,5643,236,328,607,949,782,1429,953,2205,1292,1833,1402,1354,4970,6708,2678,4765,47580,31306,3560,1139,21157,45,1
2021-04-02T23:59:59+02:00,1292,1594,2145,3349,2731,4704,3398,6689,4623,6148,3629,3722,8453,10975,3186,5643,236,328,607,949,782,1427,953,2205,1292,1832,1402,1352,4968,6707,2677,4765,47564,31298,3560,1138,21156,45,1
2021-04-01T23:59:59+02:00,1274,1548,2073,3223,2626,4501,3248,6434,4477,5938,3585,3685,8359,10871,3177,5632,231,319,601,940,772,1421,942,2192,1269,1814,1382,1324,4708,6362,2581,4630,47203,30315,3555,1134,19892,38,1
2021-03-31T23:59:59+02:00,1256,1510,2030,3117,2554,4360,3154,6205,4346,5729,3499,3590,8221,10689,3160,5602,223,316,594,925,768,1405,926,2170,1226,1779,1324,1260,4218,5735,2470,4434,46605,28601,3429,1134,18987,37,1
2021-03-30T23:59:59+02:00,1234,1465,1976,2933,2446,4121,2998,5827,4154,5380,3397,3492,8072,10494,3137,5559,219,311,586,915,756,1384,904,2145,1172,1734,1239,1173,3671,4979,2286,4160,45974,26471,3267,1134,17443,28,1
2021-03-29T23:59:59+02:00,1213,1408,1910,2799,2362,3956,2862,5552,3987,5129,3303,3392,7915,10274,3115,5523,218,308,579,903,746,1371,888,2117,1131,1703,1154,1073,3071,4256,2147,3931,45336,24447,3040,1130,16323,18,1
2021-03-28T23:59:59+02:00,1190,1358,1840,2635,2274,3742,2734,5270,3843,4861,3240,3330,7859,10213,3111,5520,218,308,577,900,745,1369,886,2110,1128,1702,1144,1060,3014,4184,2137,3911,45229,24252,2830,1127,14960,13,1
2021-03-27T23:59:59+01:00,1190,1358,1840,2634,2273,3742,2732,5270,3840,4861,3237,3330,7858,10213,3111,5520,218,308,576,900,745,1369,885,2110,1126,1702,1144,1060,3014,4184,2137,3911,45220,24248,2830,1127,14958,13,1
2021-03-26T23:59:59+01:00,1186,1325,1795,2521,2203,3578,2672,5056,3758,4652,3220,3320,7855,10208,3110,5519,218,307,575,900,744,1369,885,2109,1125,1700,1141,1059,3011,4176,2136,3908,45194,24224,2828,1127,13955,11,1
2021-03-25T23:59:59+01:00,1160,1284,1742,2414,2115,3412,2571,4829,3653,4472,3098,3222,7754,10091,3104,5509,215,304,571,899,737,1359,879,2088,1109,1675,1095,1011,2740,3772,1988,3685,44936,22988,2496,1127,12997,11,1
2021-03-24T23:59:59+01:00,1139,1263,1721,2373,2086,3357,2533,4767,3606,4402,3011,3147,7632,9928,3088,5494,215,299,563,895,731,1351,868,2072,1090,1655,1048,964,2288,3137,1676,3274,44403,20989,2367,1125,12776,11,1
2021-03-23T23:59:59+01:00,1128,1253,1699,2337,2068,3330,2492,4722,3569,4346,2940,3073,7544,9834,3074,5468,213,296,559,890,723,1340,849,2051,1052,1613,960,880,1888,2597,1389,2874,43893,19071,2356,1091,12627,11,1
2021-03-22T23:59:59+01:00,1122,1243,1686,2324,2053,3311,2469,4691,3530,4309,2896,3035,7483,9769,3062,5452,210,292,558,877,706,1321,834,2036,1019,1583,907,798,1369,1960,1106,2474,43559,17001,2336,1037,12539,11,1
2021-03-21T23:59:59+01:00,1122,1241,1685,2323,2053,3309,2465,4688,3520,4302,2881,3027,7434,9713,3059,5447,210,290,557,875,705,1316,830,2032,1008,1576,881,778,1291,1868,1058,2415,43414,16699,2333,979,12521,11,1
2021-03-20T23:59:59+01:00,1121,1240,1684,2323,2053,3309,2465,4688,3518,4300,2881,3026,7434,9712,3059,5447,210,290,557,875,705,1316,830,2032,994,1559,844,746,1261,1853,1051,2413,43414,16697,2329,827,12516,11,1
2021-03-19T23:59:59+01:00,1119,1231,1677,2312,2042,3305,2463,4680,3512,4293,2869,3013,7423,9697,3058,5445,210,289,556,874,705,1315,829,2031,985,1546,800,709,1205,1808,1041,2405,43352,16655,2324,641,12462,11,1
2021-03-18T23:59:59+01:00,1073,1192,1598,2190,1915,3135,2311,4415,3294,4068,2700,2852,7124,9323,3013,5375,209,288,549,867,700,1310,820,2018,964,1530,780,685,1121,1691,912,2221,41956,16089,2014,564,11607,11,1
2021-03-17T23:59:59+01:00,1013,1155,1529,2134,1849,3067,2246,4347,3202,3976,2553,2705,6703,8831,2965,5280,207,287,546,860,699,1308,815,2012,959,1521,751,665,971,1524,774,2027,40186,15351,2011,563,11357,11,1
2021-03-16T23:59:59+01:00,988,1130,1491,2092,1811,3018,2191,4291,3099,3877,2415,2528,6236,8191,2889,5154,200,282,542,859,694,1300,811,2002,950,1508,746,652,868,1380,649,1881,38205,14749,1951,563,11244,11,1
2021-03-15T23:59:59+01:00,971,1121,1471,2068,1773,2961,2146,4212,2998,3771,2272,2348,5759,7653,2832,5056,199,279,541,853,691,1289,807,1994,941,1493,735,642,787,1242,510,1711,36441,14178,1853,525,11118,11,0
2021-03-14T23:59:59+01:00,966,1105,1442,2038,1748,2932,2114,4143,2935,3700,2084,2147,5586,7451,2806,5026,199,279,540,848,689,1280,806,1986,937,1484,718,634,771,1220,487,1659,35422,14034,1755,500,11046,3,0
2021-03-13T23:59:59+01:00,955,1097,1423,2029,1731,2915,2084,4116,2862,3651,2017,2065,5543,7410,2805,5025,199,279,540,848,689,1280,806,1986,937,1484,716,633,771,1217,486,1659,35173,14027,1515,500,11040,3,0
2021-03-12T23:59:59+01:00,928,1077,1378,1971,1667,2809,1980,3960,2696,3489,1820,1816,5376,7209,2783,4987,198,279,540,848,689,1280,805,1986,937,1483,708,629,755,1203,483,1656,33851,13977,1275,499,10820,3,0
2021-03-11T23:59:59+01:00,888,1013,1307,1881,1588,2658,1886,3761,2528,3308,1549,1492,5003,6743,2680,4838,189,273,533,839,680,1266,789,1953,908,1443,582,567,690,1163,468,1629,31740,13481,1178,489,10205,2,0
2021-03-10T23:59:59+01:00,869,956,1285,1822,1556,2606,1826,3681,2445,3227,1480,1394,4527,6170,2581,4635,189,269,523,818,662,1250,782,1936,895,1428,517,553,658,1154,463,1624,29932,13332,1173,387,9955,2,0
2021-03-09T23:59:59+01:00,856,931,1263,1788,1528,2563,1781,3627,2373,3170,1381,1295,3949,5378,2429,4388,187,267,517,794,651,1230,769,1900,883,1403,514,552,655,1146,460,1620,27771,13272,1171,274,9758,2,0
2021-03-08T23:59:59+01:00,850,903,1250,1767,1511,2545,1756,3588,2331,3122,1279,1183,3247,4495,2241,4093,183,262,502,768,631,1197,746,1839,863,1381,509,550,654,1145,460,1620,25322,13263,1171,47,9668,0,0
2021-03-07T23:59:59+01:00,846,899,1243,1758,1502,2531,1749,3578,2319,3116,1266,1163,3142,4369,2225,4053,183,262,502,768,631,1197,746,1839,863,1381,509,550,654,1145,460,1620,24974,13263,1169,47,9616,0,0
2021-03-06T23:59:59+01:00,845,899,1241,1755,1499,2528,1746,3575,2316,3115,1263,1163,3142,4369,2225,4053,182,262,502,768,631,1197,746,1839,863,1381,509,550,654,1145,460,1620,24970,13262,1169,47,9595,0,0
2021-03-05T23:59:59+01:00,779,873,1215,1739,1478,2519,1719,3561,2292,3107,1258,1161,3133,4359,2223,4050,182,262,502,768,631,1196,746,1839,863,1379,508,550,654,1145,460,1620,24940,13258,1165,47,9361,0,0
2021-03-04T23:59:59+01:00,706,823,1151,1667,1424,2436,1679,3477,2219,3033,1205,1110,2878,3937,2084,3830,181,257,498,752,620,1184,735,1809,852,1370,499,540,643,1135,455,1611,23722,13095,1158,46,8779,0,0
2021-03-03T23:59:59+01:00,665,776,1079,1601,1330,2358,1567,3392,2109,2952,1158,1066,2442,3327,1810,3478,181,257,496,749,620,1184,734,1805,850,1370,496,539,642,1131,455,1610,21867,13074,1156,45,8087,0,0
2021-03-02T23:59:59+01:00,645,737,1040,1556,1272,2321,1504,3335,2018,2880,1068,976,2035,2782,1475,3030,179,255,491,742,615,1172,724,1794,843,1350,489,532,629,1108,438,1581,19804,12897,1153,45,7717,0,0
2021-03-01T23:59:59+01:00,637,686,1022,1513,1221,2264,1462,3265,1961,2809,1017,892,1482,2120,1168,2580,177,255,491,742,615,1171,724,1791,842,1350,487,532,625,1096,435,1573,17537,12861,1150,45,7412,0,0
2021-02-28T23:59:59+01:00,628,669,1007,1471,1193,2206,1431,3207,1907,2737,1000,871,1360,1967,1105,2505,177,255,490,741,615,1171,723,1789,841,1349,485,532,625,1096,435,1573,17060,12852,1148,45,7056,0,0
2021-02-27T23:59:59+01:00,628,667,1006,1471,1193,2204,1431,3206,1907,2736,1000,871,1360,1966,1104,2505,177,255,489,740,612,1169,721,1788,839,1348,485,532,625,1096,435,1573,17058,12852,1148,32,7049,0,0
2021-02-26T23:59:59+01:00,456,607,884,1435,1119,2161,1366,3164,1852,2694,999,868,1357,1965,1104,2504,177,255,489,740,612,1169,721,1787,839,1347,485,532,625,1096,435,1573,17048,12851,1148,31,6339,0,0
2021-02-25T23:59:59+01:00,360,542,788,1345,1034,2067,1264,2983,1714,2543,973,845,1269,1830,1000,2330,170,244,473,726,600,1144,711,1762,824,1325,473,518,591,1063,427,1557,16459,12587,1148,21,5280,0,0
2021-02-24T23:59:59+01:00,304,488,719,1271,961,1973,1210,2861,1645,2440,953,824,1134,1669,857,2139,168,244,470,723,596,1143,710,1756,823,1320,468,514,583,1058,424,1545,15756,12527,1146,18,4546,0,0
2021-02-23T23:59:59+01:00,291,461,695,1209,932,1888,1163,2747,1563,2343,938,800,1042,1530,733,1991,168,244,470,721,596,1142,710,1754,820,1319,468,512,581,1057,424,1544,15201,12517,1114,13,4011,0,0
2021-02-22T23:59:59+01:00,273,438,671,1171,902,1808,1107,2650,1479,2231,896,772,913,1353,568,1772,168,244,468,720,594,1141,708,1754,815,1317,467,510,580,1056,423,1542,14459,12505,1045,2,3500,0,0
2021-02-21T23:59:59+01:00,265,420,636,1105,853,1704,1059,2545,1403,2128,879,756,880,1297,520,1715,168,243,465,712,593,1138,708,1749,815,1316,466,510,579,1056,421,1541,14254,12478,1004,2,2907,0,0
2021-02-20T23:59:59+01:00,265,417,633,1104,850,1699,1057,2541,1386,2107,843,723,850,1282,513,1713,168,243,465,712,593,1138,708,1749,815,1316,466,510,578,1056,421,1541,14254,12477,849,2,2880,0,0
2021-02-19T23:59:59+01:00,254,407,624,1096,838,1684,1034,2522,1339,2059,603,620,719,1231,494,1696,168,243,465,710,593,1137,707,1747,812,1313,466,510,578,1055,420,1541,13780,12463,667,2,2773,0,0
2021-02-18T23:59:59+01:00,231,342,584,974,752,1455,898,2245,1077,1692,552,578,680,1188,479,1685,162,240,452,701,578,1118,701,1721,796,1287,463,508,578,1053,420,1541,13624,12317,571,2,1217,0,0
2021-02-17T23:59:59+01:00,224,303,563,914,716,1360,835,2077,993,1560,537,571,680,1184,477,1683,154,236,442,691,567,1100,683,1690,785,1267,460,507,576,1049,420,1541,13608,12166,571,2,498,0,0
2021-02-16T23:59:59+01:00,218,298,554,901,700,1327,819,2040,955,1520,530,566,674,1182,476,1682,148,231,429,683,556,1086,671,1671,777,1253,454,502,569,1034,414,1517,13580,11994,571,1,291,0,0
2021-02-15T23:59:59+01:00,202,286,548,872,692,1294,804,2005,930,1476,528,565,674,1182,476,1681,145,230,421,673,544,1068,645,1642,763,1235,453,502,569,1034,414,1517,13577,11854,532,1,106,0,0
2021-02-14T23:59:59+01:00,196,279,545,858,692,1287,799,1993,914,1470,527,565,673,1179,475,1681,137,227,410,662,525,1050,629,1628,757,1223,453,500,567,1032,414,1517,13571,11730,530,1,32,0,0
2021-02-13T23:59:59+01:00,195,279,544,858,692,1287,799,1993,914,1470,527,565,673,1179,475,1681,137,227,409,661,525,1050,629,1628,757,1223,453,500,567,1032,414,1517,13570,11728,530,1,31,0,0
2021-02-12T23:59:59+01:00,194,278,540,857,691,1285,794,1991,913,1468,526,565,673,1179,475,1681,133,224,406,656,520,1042,617,1616,753,1206,450,499,555,1010,412,1494,13563,11592,529,1,18,0,0
2021-02-11T23:59:59+01:00,192,277,535,850,685,1281,792,1988,906,1466,521,558,667,1174,470,1675,112,180,372,585,475,964,566,1491,713,1124,424,456,514,945,373,1412,13512,10706,517,0,8,0,0
2021-02-10T23:59:59+01:00,188,274,525,832,668,1265,780,1958,892,1448,512,553,659,1161,465,1666,101,167,343,519,447,852,525,1318,636,977,375,407,445,828,335,1264,13389,9539,456,0,1,0,0
2021-02-09T23:59:59+01:00,187,267,515,788,654,1229,760,1890,877,1413,503,544,652,1145,458,1652,93,145,326,455,410,764,478,1204,578,894,344,352,403,743,312,1156,13280,8657,254,0,0,0,0
2021-02-08T23:59:59+01:00,183,261,498,762,630,1192,739,1832,860,1382,497,543,649,1139,455,1638,71,107,286,389,362,624,421,966,503,733,286,295,340,591,260,971,13212,7205,48,0,0,0,0
2021-02-07T23:59:59+01:00,183,260,497,760,628,1192,737,1824,859,1380,496,543,649,1139,455,1637,70,93,266,360,345,576,402,933,487,704,285,288,337,584,259,968,13191,6957,48,0,0,0,0
2021-02-06T23:59:59+01:00,183,260,497,760,628,1192,737,1824,859,1380,496,543,649,1139,455,1637,70,93,266,360,345,576,402,932,485,702,285,287,336,582,258,968,13191,6947,48,0,0,0,0
2021-02-05T23:59:59+01:00,183,260,497,760,628,1192,737,1824,859,1379,496,543,649,1139,455,1637,68,93,263,358,340,572,392,905,476,685,278,284,326,557,243,935,13190,6775,48,0,0,0,0
2021-02-04T23:59:59+01:00,177,254,491,751,623,1184,733,1810,852,1371,490,537,625,1111,449,1622,51,74,225,320,302,476,345,761,384,551,215,213,240,383,184,692,13033,5416,47,0,0,0,0
2021-02-03T23:59:59+01:00,176,254,485,744,615,1176,728,1798,844,1355,481,530,610,1096,444,1616,40,49,166,226,249,356,258,572,306,424,170,169,173,294,138,518,12906,4108,46,0,0,0,0
2021-02-02T23:59:59+01:00,176,253,483,743,615,1176,724,1792,839,1352,480,529,606,1093,443,1612,30,42,142,176,204,287,217,436,253,340,128,134,138,219,104,411,12870,3261,46,0,0,0,0
2021-02-01T23:59:59+01:00,174,253,482,742,610,1171,723,1784,837,1348,478,526,601,1091,443,1607,25,31,102,130,146,194,152,303,160,240,81,94,96,136,54,222,12824,2166,46,0,0,0,0
2021-01-31T23:59:59+01:00,174,253,482,739,607,1170,723,1780,837,1347,476,526,600,1089,443,1606,16,22,70,86,104,128,116,227,133,192,77,88,92,127,52,209,12806,1739,46,0,0,0,0
2021-01-30T23:59:59+01:00,174,253,481,739,605,1168,722,1780,837,1347,476,526,599,1089,443,1606,16,22,70,86,104,126,114,224,130,189,76,86,92,122,46,199,12805,1702,40,0,0,0,0
2021-01-29T23:59:59+01:00,174,253,481,737,604,1166,720,1778,835,1346,476,526,599,1089,443,1606,13,20,59,82,86,121,97,215,109,176,71,79,90,119,46,198,12801,1581,32,0,0,0,0
2021-01-28T23:59:59+01:00,167,247,467,720,588,1141,713,1752,813,1318,470,521,596,1086,440,1603,7,4,13,22,24,44,31,102,46,82,45,52,59,86,34,149,12618,800,24,0,0,0,0
2021-01-27T23:59:59+01:00,159,244,456,710,578,1131,698,1716,808,1298,466,520,593,1080,440,1599,3,2,5,12,9,22,15,42,22,27,12,17,24,34,16,47,12474,309,22,0,0,0,0
2021-01-26T23:59:59+01:00,152,240,443,696,566,1117,690,1692,796,1278,461,514,587,1062,434,1568,3,2,5,11,6,20,12,37,17,26,12,14,23,34,16,46,12283,284,13,0,0,0,0
2021-01-25T23:59:59+01:00,149,238,433,683,551,1098,665,1663,779,1260,460,512,585,1062,434,1568,2,2,4,9,6,16,7,28,12,21,8,5,13,22,8,29,12138,192,2,0,0,0,0
2021-01-24T23:59:59+01:00,141,235,423,673,536,1079,649,1651,767,1249,459,509,584,1062,434,1568,1,0,2,6,6,4,5,7,4,9,1,2,11,14,5,16,12017,93,2,0,0,0,0
2021-01-23T23:59:59+01:00,141,235,423,672,536,1079,649,1651,767,1249,459,509,584,1062,434,1568,1,0,2,6,6,4,5,7,4,9,1,2,11,14,5,16,12016,93,2,0,0,0,0
2021-01-22T23:59:59+01:00,137,232,416,667,532,1071,637,1639,761,1232,458,506,571,1038,431,1545,1,0,2,6,6,4,5,7,4,9,1,2,11,14,5,16,11871,93,2,0,0,0,0
2021-01-21T23:59:59+01:00,124,223,402,647,506,1038,606,1586,742,1193,441,471,537,985,400,1489,1,0,2,6,6,4,5,7,4,9,1,2,11,14,5,16,11388,93,2,0,0,0,0
2021-01-20T23:59:59+01:00,104,173,361,553,463,894,552,1350,652,1020,381,413,452,841,348,1288,1,0,2,5,6,4,5,7,4,9,1,2,11,14,5,16,9843,92,2,0,0,0,0
2021-01-19T23:59:59+01:00,96,153,333,480,422,798,510,1235,602,928,356,375,414,762,325,1202,1,0,2,3,6,4,5,7,4,9,1,0,8,10,4,15,8989,79,2,0,0,0,0
2021-01-18T23:59:59+01:00,73,110,293,394,367,648,432,988,513,752,290,306,349,611,275,1020,1,0,2,3,6,4,5,7,4,9,1,0,8,10,4,15,7420,79,1,0,0,0,0
2021-01-17T23:59:59+01:00,70,95,273,365,347,591,410,944,493,720,287,298,347,604,274,1012,0,0,0,0,0,0,0,0,0,0,0,0,0,0,0,0,7129,0,1,0,0,0,0
2021-01-16T23:59:59+01:00,70,95,273,365,347,591,410,943,491,718,287,297,345,600,273,1012,0,0,0,0,0,0,0,0,0,0,0,0,0,0,0,0,7116,0,1,0,0,0,0
2021-01-15T23:59:59+01:00,68,95,271,362,341,585,398,915,479,696,276,293,328,570,253,978,0,0,0,0,0,0,0,0,0,0,0,0,0,0,0,0,6907,0,1,0,0,0,0
2021-01-14T23:59:59+01:00,53,79,255,337,319,504,357,787,392,564,216,216,241,384,187,711,0,0,0,0,0,0,0,0,0,0,0,0,0,0,0,0,5602,0,0,0,0,0,0
2021-01-13T23:59:59+01:00,46,66,227,275,279,414,291,621,320,458,163,174,180,299,146,552,0,0,0,0,0,0,0,0,0,0,0,0,0,0,0,0,4511,0,0,0,0,0,0
2021-01-12T23:59:59+01:00,42,64,219,258,264,381,272,548,286,412,126,135,145,226,110,431,0,0,0,0,0,0,0,0,0,0,0,0,0,0,0,0,3919,0,0,0,0,0,0
2021-01-11T23:59:59+01:00,36,58,207,237,245,330,222,453,236,348,93,102,112,147,62,273,0,0,0,0,0,0,0,0,0,0,0,0,0,0,0,0,3161,0,0,0,0,0,0
2021-01-10T23:59:59+01:00,31,51,170,168,202,253,184,358,190,282,87,97,109,141,60,260,0,0,0,0,0,0,0,0,0,0,0,0,0,0,0,0,2643,0,0,0,0,0,0
2021-01-09T23:59:59+01:00,30,49,164,164,200,246,180,352,188,277,87,97,109,141,60,260,0,0,0,0,0,0,0,0,0,0,0,0,0,0,0,0,2604,0,0,0,0,0,0
2021-01-08T23:59:59+01:00,25,43,134,141,179,233,157,324,162,257,82,87,107,138,60,259,0,0,0,0,0,0,0,0,0,0,0,0,0,0,0,0,2388,0,0,0,0,0,0
2021-01-07T23:59:59+01:00,8,6,17,25,32,53,38,114,60,103,47,51,66,94,38,178,0,0,0,0,0,0,0,0,0,0,0,0,0,0,0,0,930,0,0,0,0,0,0
2021-01-06T23:59:59+01:00,3,2,6,12,8,21,14,40,20,29,14,13,25,40,17,53,0,0,0,0,0,0,0,0,0,0,0,0,0,0,0,0,317,0,0,0,0,0,0
2021-01-05T23:59:59+01:00,2,1,5,11,7,17,11,32,15,24,10,13,22,33,17,49,0,0,0,0,0,0,0,0,0,0,0,0,0,0,0,0,269,0,0,0,0,0,0
2021-01-04T23:59:59+01:00,1,1,3,7,7,11,5,15,8,15,4,3,11,18,7,26,0,0,0,0,0,0,0,0,0,0,0,0,0,0,0,0,142,0,0,0,0,0,0
2021-01-03T23:59:59+01:00,1,0,2,6,7,4,5,7,4,9,1,2,11,14,6,16,0,0,0,0,0,0,0,0,0,0,0,0,0,0,0,0,95,0,0,0,0,0,0
2021-01-02T23:59:59+01:00,1,0,2,6,7,4,5,7,4,9,1,2,11,14,6,16,0,0,0,0,0,0,0,0,0,0,0,0,0,0,0,0,95,0,0,0,0,0,0
2021-01-01T23:59:59+01:00,1,0,2,6,7,4,5,7,4,9,1,2,11,14,6,16,0,0,0,0,0,0,0,0,0,0,0,0,0,0,0,0,95,0,0,0,0,0,0
2020-12-31T23:59:59+01:00,1,0,2,5,7,4,5,7,4,9,1,2,11,14,6,16,0,0,0,0,0,0,0,0,0,0,0,0,0,0,0,0,94,0,0,0,0,0,0
2020-12-30T23:59:59+01:00,1,0,2,5,7,4,5,7,4,9,1,2,11,14,6,16,0,0,0,0,0,0,0,0,0,0,0,0,0,0,0,0,94,0,0,0,0,0,0
2020-12-29T23:59:59+01:00,1,0,2,3,7,4,5,7,4,9,1,0,8,10,5,15,0,0,0,0,0,0,0,0,0,0,0,0,0,0,0,0,81,0,0,0,0,0,0
2020-12-28T23:59:59+01:00,1,0,2,3,7,4,5,7,4,9,1,0,8,10,5,15,0,0,0,0,0,0,0,0,0,0,0,0,0,0,0,0,81,0,0,0,0,0,0
2020-12-27T23:59:59+01:00,1,0,2,3,7,4,5,7,4,9,1,0,8,10,5,15,0,0,0,0,0,0,0,0,0,0,0,0,0,0,0,0,81,0,0,0,0,0,0
