Datum,<24_1_m,<24_1_w,25-34_1_m,25-34_1_w,35-44_1_m,35-44_1_w,45-54_1_m,45-54_1_w,55-64_1_m,55-64_1_w,65-74_1_m,65-74_1_w,75-84_1_m,75-84_1_w,>84_1_m,>84_1_w,<24_2_m,<24_2_w,25-34_2_m,25-34_2_w,35-44_2_m,35-44_2_w,45-54_2_m,45-54_2_w,55-64_2_m,55-64_2_w,65-74_2_m,65-74_2_w,75-84_2_m,75-84_2_w,>84_2_m,>84_2_w,bp_1,bp_2,mo_1,mo_2,az_1,az_2,ja
2021-06-08T23:59:59+02:00,7869,7446,13429,12873,16269,16574,21966,23066,25525,26929,19207,22082,13563,17250,3526,6302,1867,1824,3260,3480,4034,4809,5328,7072,8250,8948,10545,12410,10847,14076,3285,5840,168211,78576,26617,10139,54314,12426,4734
2021-06-07T23:59:59+02:00,7560,7131,13041,12519,15893,16207,21664,22798,25394,26798,19173,22037,13542,17230,3522,6298,1792,1747,3076,3296,3759,4601,4915,6699,7514,8157,9768,11420,10784,13988,3275,5825,165836,74081,26195,9782,54296,12273,4480
2021-06-06T23:59:59+02:00,7409,6988,12880,12367,15745,16044,21503,22646,25321,26720,19149,22007,13536,17221,3521,6294,1771,1722,2997,3253,3667,4537,4811,6624,7353,8011,9539,11166,10747,13951,3272,5820,164619,73411,26091,9361,54277,12105,4364
2021-06-05T23:59:59+02:00,7400,6982,12870,12356,15738,16038,21503,22644,25321,26718,19149,22007,13536,17221,3521,6294,1768,1721,2994,3252,3666,4536,4808,6624,7349,8005,9533,11164,10747,13951,3272,5820,164567,73385,26090,9360,54277,12101,4364
2021-06-04T23:59:59+02:00,7368,6944,12825,12310,15689,15995,21478,22619,25307,26708,19146,22003,13533,17221,3521,6294,1766,1717,2981,3243,3649,4523,4795,6611,7314,7957,9502,11093,10716,13919,3271,5819,164474,73117,25884,9350,54256,12062,4347
2021-06-03T23:59:59+02:00,7124,6700,12521,12063,15366,15705,21166,22288,25077,26517,19108,21943,13517,17205,3521,6290,1716,1669,2913,3179,3550,4450,4688,6516,7097,7745,9160,10669,10676,13869,3271,5814,162081,71860,25642,9062,54255,11927,4133
2021-06-02T23:59:59+02:00,7054,6633,12461,11999,15295,15644,21099,22228,25061,26497,19103,21940,13515,17201,3520,6290,1700,1660,2898,3167,3529,4436,4658,6501,7062,7701,9083,10562,10671,13851,3270,5813,161749,71508,25457,9056,54254,11918,4080
2021-06-01T23:59:59+02:00,6552,6082,11722,11311,14496,14938,20412,21591,24713,26160,19023,21862,13486,17161,3513,6285,1561,1533,2597,2897,3166,4106,4137,6030,6217,6828,7930,8998,10516,13610,3258,5803,156869,66202,24813,8194,54227,11393,3398
2021-05-31T23:59:59+02:00,6267,5747,11269,10881,13977,14437,19944,21127,24445,25834,18937,21791,13452,17126,3507,6271,1490,1470,2443,2766,2975,3936,3841,5720,5649,6234,6969,7773,10346,13389,3249,5779,153446,62224,24128,7397,54222,11192,3216
2021-05-30T23:59:59+02:00,6177,5656,11078,10759,13820,14255,19565,20789,24250,25624,18907,21766,13445,17109,3506,6269,1468,1455,2413,2733,2934,3893,3768,5662,5546,6133,6799,7543,10322,13338,3247,5771,151964,61504,23633,7339,54196,11000,3182
2021-05-29T23:59:59+02:00,6175,5656,11078,10755,13816,14253,19565,20788,24249,25622,18907,21766,13445,17109,3506,6269,1467,1454,2411,2732,2933,3890,3768,5660,5545,6129,6795,7541,10322,13338,3247,5771,151949,61494,23633,7339,54195,10988,3182
2021-05-28T23:59:59+02:00,6157,5641,11052,10718,13796,14237,19549,20771,24242,25615,18906,21764,13443,17108,3506,6268,1462,1452,2411,2729,2932,3889,3763,5654,5533,6112,6778,7523,10313,13319,3247,5767,151767,61394,23631,7339,54194,10970,3181
2021-05-27T23:59:59+02:00,5818,5321,10535,10252,13220,13721,18837,20144,23738,25128,18828,21675,13404,17062,3501,6259,1275,1292,2125,2529,2635,3611,3466,5307,5226,5843,6450,7062,10135,13113,3243,5753,148563,59577,22646,7307,54092,10039,2142
2021-05-26T23:59:59+02:00,5510,5033,10101,9871,12704,13214,18220,19523,23139,24490,18725,21547,13367,17014,3495,6246,1184,1191,1965,2377,2439,3416,3196,5051,4845,5506,5858,6334,9833,12700,3232,5725,144499,56471,21913,7274,53971,9291,1816
2021-05-25T23:59:59+02:00,5262,4778,9689,9375,12230,12734,17695,18934,22636,23879,18624,21407,13341,16939,3487,6236,1127,1139,1902,2287,2328,3283,3014,4829,4479,5115,5242,5529,9490,12237,3216,5704,140488,52970,21096,7261,53847,8875,1815
2021-05-24T23:59:59+02:00,5131,4606,9476,9167,12031,12484,17386,18599,22318,23491,18577,21362,13327,16920,3486,6236,1110,1087,1842,2245,2258,3221,2927,4746,4356,5003,5098,5367,9419,12126,3214,5697,139008,52277,20155,7213,53671,8463,1763
2021-05-23T23:59:59+02:00,5122,4601,9470,9164,12020,12477,17373,18589,22302,23473,18572,21356,13326,16919,3486,6236,1110,1084,1840,2243,2254,3219,2921,4742,4350,4985,5090,5353,9413,12116,3213,5696,138899,52206,20154,7200,53670,8460,1763
2021-05-22T23:59:59+02:00,5117,4598,9469,9159,12012,12473,17371,18585,22300,23471,18572,21356,13326,16919,3486,6236,1110,1084,1840,2242,2251,3219,2921,4742,4350,4983,5088,5352,9412,12116,3213,5696,138875,52201,20154,7200,53658,8455,1763
2021-05-21T23:59:59+02:00,5078,4554,9402,9081,11940,12390,17275,18515,22243,23403,18556,21341,13323,16912,3486,6234,1062,1072,1806,2233,2221,3208,2888,4719,4305,4952,5063,5335,9403,12110,3212,5695,138226,52138,20154,7200,53639,8232,1714
2021-05-20T23:59:59+02:00,4802,4357,8951,8727,11464,11966,16603,18000,21718,22879,18398,21200,13294,16878,3482,6224,896,991,1545,2081,1998,3054,2637,4495,4082,4736,4908,5180,9315,11988,3206,5679,134942,51460,19783,7107,53227,7233,991
2021-05-19T23:59:59+02:00,4524,4077,8439,8255,10900,11406,15933,17283,21070,22212,18231,21004,13261,16837,3477,6210,840,938,1481,2003,1924,2955,2567,4374,3932,4572,4717,4945,9150,11798,3189,5656,129621,50400,19603,6976,52926,6696,969
2021-05-18T23:59:59+02:00,4209,3772,7869,7705,10179,10708,14939,16316,20186,21208,18020,20771,13219,16789,3471,6194,783,885,1422,1908,1851,2851,2437,4226,3743,4366,4456,4653,8974,11578,3181,5640,122660,49203,19509,6780,52489,6074,897
2021-05-17T23:59:59+02:00,3984,3525,7402,7220,9677,10179,14204,15493,19531,20452,17872,20558,13174,16731,3464,6182,714,820,1350,1853,1775,2769,2330,4153,3589,4235,4215,4411,8850,11399,3169,5614,117468,48411,19271,6569,52028,5385,881
2021-05-16T23:59:59+02:00,3842,3434,7195,7040,9473,9970,13957,15256,19323,20240,17812,20497,13162,16716,3463,6176,698,772,1313,1800,1733,2714,2288,4055,3527,4148,4126,4326,8838,11380,3167,5613,115900,48273,19032,6410,51748,4939,876
2021-05-15T23:59:59+02:00,3840,3431,7189,7033,9471,9965,13954,15251,19321,20234,17810,20496,13162,16716,3463,6176,697,772,1312,1800,1732,2714,2287,4055,3527,4148,4124,4324,8838,11380,3167,5613,115859,48269,19032,6409,51746,4937,875
2021-05-14T23:59:59+02:00,3790,3379,7081,6895,9341,9832,13800,15068,19180,20110,17791,20481,13161,16709,3462,6174,674,760,1288,1781,1706,2692,2252,4027,3479,4113,4080,4270,8834,11377,3167,5612,115493,48232,18290,6265,51667,4811,804
2021-05-13T23:59:59+02:00,3635,3193,6757,6562,8887,9434,13244,14565,18614,19559,17690,20357,13132,16682,3459,6172,627,729,1235,1731,1649,2615,2155,3922,3338,3991,3986,4150,8814,11364,3165,5608,112638,48149,17599,5882,51069,4412,636
2021-05-12T23:59:59+02:00,3607,3157,6724,6524,8836,9379,13101,14441,18433,19362,17668,20332,13125,16675,3459,6172,626,727,1235,1729,1644,2612,2145,3916,3324,3983,3974,4136,8808,11359,3165,5608,111933,48126,17374,5856,51052,4373,636
2021-05-11T23:59:59+02:00,3159,2875,5902,5992,7867,8555,11627,13253,16958,17912,17251,19878,13061,16581,3443,6153,579,663,1103,1617,1484,2453,1957,3733,3097,3739,3880,4030,8755,11284,3163,5603,104603,47898,16758,5662,48991,3465,115
2021-05-10T23:59:59+02:00,2940,2674,5401,5589,7164,7932,10543,12274,15728,16566,16949,19526,13008,16486,3435,6132,541,636,1066,1573,1444,2404,1892,3621,2972,3610,3810,3962,8720,11241,3161,5601,98838,47780,15864,5435,47531,2925,114
2021-05-09T23:59:59+02:00,2847,2641,5264,5508,6967,7806,10109,11898,15216,16057,16858,19424,12991,16461,3432,6127,523,612,1030,1522,1379,2314,1825,3493,2865,3468,3729,3866,8704,11220,3159,5599,97289,47697,15287,5170,46917,2328,113
2021-05-08T23:59:59+02:00,2842,2640,5263,5508,6967,7804,10106,11895,15215,16056,16858,19424,12991,16461,3432,6127,522,611,1030,1521,1379,2314,1825,3492,2863,3468,3728,3866,8704,11220,3159,5599,97275,47693,15286,5170,46915,2325,113
2021-05-07T23:59:59+02:00,2646,2568,4990,5417,6596,7639,9657,11682,14780,15711,16713,19267,12984,16437,3432,6127,510,607,1022,1510,1362,2302,1788,3479,2813,3431,3674,3821,8643,11152,3159,5596,96577,47671,14797,4835,45162,2253,110
2021-05-06T23:59:59+02:00,2377,2411,4431,5056,5960,7271,8858,11094,13860,14888,16379,18884,12940,16359,3422,6116,475,550,982,1410,1276,2142,1672,3238,2586,3155,3491,3614,8498,10991,3151,5584,94023,47236,13565,4238,42677,1300,41
2021-05-05T23:59:59+02:00,2220,2282,4138,4817,5517,6901,8133,10466,12747,13787,15784,18165,12859,16276,3415,6097,466,536,967,1383,1249,2103,1636,3165,2526,3067,3441,3576,8424,10903,3148,5576,89640,47109,12244,4097,41694,934,26
2021-05-04T23:59:59+02:00,2119,2180,3849,4571,5106,6540,7412,9821,11513,12515,14986,17152,12770,16183,3412,6087,460,525,948,1362,1230,2064,1616,3128,2482,3013,3392,3525,8343,10799,3143,5564,83881,46978,11607,3898,40716,706,12
2021-05-03T23:59:59+02:00,2053,2119,3692,4436,4876,6333,7003,9463,10745,11715,14331,16264,12713,16099,3404,6072,454,515,946,1346,1215,2032,1596,3086,2447,2968,3337,3480,8235,10705,3140,5559,79482,46856,11404,3680,40422,515,10
2021-05-02T23:59:59+02:00,2040,2101,3616,4407,4798,6274,6931,9410,10614,11582,14164,16093,12691,16077,3403,6067,451,506,940,1332,1212,2013,1592,3074,2432,2953,3321,3462,8200,10676,3139,5555,78931,46838,11130,3585,40201,429,6
2021-05-01T23:59:59+02:00,2038,2101,3614,4406,4797,6274,6929,9409,10608,11578,14162,16092,12690,16076,3403,6065,450,506,940,1332,1212,2012,1592,3074,2432,2953,3321,3462,8200,10676,3139,5554,78905,46835,11130,3585,40201,429,6
2021-04-30T23:59:59+02:00,2035,2094,3608,4398,4791,6260,6903,9389,10569,11537,14114,16020,12667,16052,3402,6064,450,504,939,1330,1212,2012,1591,3074,2431,2952,3320,3460,8199,10674,3139,5554,78576,46828,11130,3583,40192,425,5
2021-04-29T23:59:59+02:00,1900,2043,3345,4286,4522,6101,6595,9124,10130,11123,13562,15337,12596,15937,3398,6057,445,492,929,1310,1191,1976,1569,3036,2401,2908,3308,3447,8187,10660,3136,5550,75809,46719,10746,3582,39496,239,5
2021-04-28T23:59:59+02:00,1754,1989,3173,4178,4270,5915,6209,8847,9532,10572,12724,14189,12482,15788,3390,6049,434,483,914,1296,1174,1945,1531,2990,2328,2835,3139,3302,8101,10566,3130,5540,71336,46309,10558,3171,39163,224,4
2021-04-27T23:59:59+02:00,1708,1934,3055,4059,4066,5768,5876,8556,8864,9839,11714,12903,12329,15524,3379,6034,424,468,906,1274,1159,1906,1504,2920,2278,2775,3099,3261,8080,10536,3124,5537,66552,46104,10370,2999,38682,144,4
2021-04-26T23:59:59+02:00,1677,1893,2939,3978,3887,5620,5536,8330,8355,9346,10981,11989,12236,15388,3368,6020,423,462,896,1266,1143,1895,1473,2897,2247,2746,3050,3206,8035,10490,3119,5535,63149,46007,10181,2749,38209,123,4
2021-04-25T23:59:59+02:00,1658,1886,2872,3948,3787,5559,5396,8283,8162,9221,10796,11762,12207,15348,3367,6017,419,455,889,1260,1124,1881,1458,2878,2223,2718,3005,3167,7994,10447,3118,5533,62652,45928,9979,2540,37634,97,4
2021-04-24T23:59:59+02:00,1657,1886,2872,3947,3787,5558,5394,8282,8158,9216,10791,11761,12207,15348,3367,6017,419,455,889,1260,1124,1880,1457,2877,2222,2718,3005,3167,7994,10447,3118,5533,62632,45924,9979,2540,37633,97,4
2021-04-23T23:59:59+02:00,1632,1873,2807,3912,3707,5533,5272,8228,8028,9158,10714,11652,12185,15315,3366,6013,419,455,889,1258,1124,1880,1456,2876,2222,2718,3004,3167,7994,10447,3118,5533,62504,45921,9705,2540,37183,96,3
2021-04-22T23:59:59+02:00,1578,1832,2702,3852,3549,5427,5012,8066,7697,8892,10104,10931,11992,15091,3360,5996,410,453,879,1248,1110,1866,1431,2848,2186,2687,2948,3114,7912,10343,3106,5519,60903,45517,9053,2460,36122,80,3
2021-04-21T23:59:59+02:00,1538,1791,2619,3767,3430,5333,4780,7864,7259,8537,9192,9820,11668,14648,3349,5960,406,451,874,1231,1101,1849,1412,2817,2154,2659,2884,3047,7805,10182,3093,5501,58190,45047,8187,2336,35175,80,3
2021-04-20T23:59:59+02:00,1503,1761,2555,3691,3327,5234,4593,7665,6838,8158,8243,8630,11325,14203,3337,5947,401,448,864,1217,1091,1827,1386,2786,2123,2617,2815,2981,7664,10005,3065,5454,55347,44337,7421,2330,34240,75,2
2021-04-19T23:59:59+02:00,1485,1745,2517,3651,3265,5164,4477,7553,6570,7889,7606,7828,11125,13934,3329,5932,398,446,861,1207,1085,1816,1359,2771,2089,2589,2758,2934,7552,9845,3049,5422,53407,43790,7052,2317,33609,72,2
2021-04-18T23:59:59+02:00,1474,1729,2483,3626,3227,5140,4413,7495,6423,7733,7237,7456,11068,13858,3326,5920,397,443,860,1205,1084,1808,1357,2759,2083,2585,2751,2921,7527,9812,3047,5419,52896,43669,6590,2315,33120,72,2
2021-04-17T23:59:59+02:00,1473,1728,2482,3624,3226,5137,4409,7490,6414,7722,7224,7447,11066,13858,3326,5920,397,443,860,1204,1084,1808,1356,2758,2082,2583,2748,2919,7526,9812,3047,5419,52875,43657,6589,2315,33080,72,2
2021-04-16T23:59:59+02:00,1469,1726,2472,3620,3218,5129,4386,7472,6359,7681,7151,7368,11061,13849,3324,5918,397,442,856,1202,1083,1808,1354,2757,2079,2582,2746,2913,7524,9810,3046,5419,52820,43634,6355,2310,33026,72,2
2021-04-15T23:59:59+02:00,1427,1700,2412,3574,3120,5070,4210,7337,6081,7431,6600,6810,10872,13598,3312,5896,389,440,833,1178,1046,1748,1309,2676,2005,2495,2669,2843,7441,9730,3038,5405,51739,43052,5969,2124,31740,67,2
2021-04-14T23:59:59+02:00,1401,1685,2379,3544,3045,5009,4088,7222,5876,7210,5925,6047,10551,13200,3288,5858,381,435,821,1167,1027,1725,1277,2630,1951,2441,2579,2766,7306,9551,3024,5382,50351,42394,5762,2001,30214,67,1
2021-04-13T23:59:59+02:00,1383,1676,2344,3512,2988,4948,3973,7128,5597,6978,5385,5466,10263,12851,3270,5836,360,420,799,1135,1005,1706,1252,2595,1915,2396,2509,2705,7192,9410,2995,5329,49338,41715,5561,1942,28698,65,1
2021-04-12T23:59:59+02:00,1367,1669,2317,3486,2936,4903,3832,7040,5396,6825,5019,5133,10073,12628,3261,5815,344,416,787,1130,989,1689,1235,2570,1864,2353,2432,2639,7083,9276,2983,5312,48876,41150,5367,1893,27456,58,1
2021-04-11T23:59:59+02:00,1362,1656,2297,3463,2904,4884,3762,6968,5231,6706,4773,4911,9930,12471,3257,5806,338,412,782,1123,977,1672,1222,2542,1842,2325,2375,2571,7002,9176,2972,5294,48796,40735,5132,1832,26452,57,1
2021-04-10T23:59:59+02:00,1362,1655,2295,3459,2902,4879,3756,6966,5222,6695,4763,4896,9927,12464,3257,5805,334,407,767,1117,964,1666,1196,2517,1770,2273,2290,2482,6950,9138,2972,5290,48743,40569,5132,1506,26427,57,1
2021-04-09T23:59:59+02:00,1359,1652,2287,3457,2896,4870,3743,6952,5197,6669,4733,4870,9908,12437,3256,5805,320,405,750,1108,945,1640,1163,2473,1673,2189,2056,2196,6821,9003,2955,5262,48670,39727,5127,1174,26293,57,1
2021-04-08T23:59:59+02:00,1332,1629,2227,3395,2817,4782,3589,6817,4953,6426,4310,4396,9433,11961,3245,5760,289,380,695,1047,889,1566,1079,2374,1533,2060,1772,1826,6362,8471,2897,5153,48217,37180,4605,1163,24249,49,1
2021-04-07T23:59:59+02:00,1321,1613,2191,3377,2778,4741,3490,6759,4784,6272,3973,4054,8938,11479,3231,5731,245,349,645,989,824,1500,1018,2305,1427,1960,1610,1639,5777,7778,2828,5022,48009,34707,4136,1160,22586,48,1
2021-04-06T23:59:59+02:00,1297,1592,2151,3354,2742,4709,3417,6712,4650,6169,3683,3769,8516,11028,3217,5704,238,343,618,967,799,1454,969,2244,1337,1873,1457,1431,5208,6987,2737,4856,47816,32319,3598,1153,21295,45,1
2021-04-05T23:59:59+02:00,1294,1588,2147,3351,2730,4708,3402,6695,4630,6153,3650,3737,8491,10997,3214,5703,235,329,609,950,782,1431,953,2207,1296,1834,1403,1353,4994,6723,2699,4810,47729,31411,3594,1151,21166,45,1
2021-04-04T23:59:59+02:00,1294,1588,2147,3350,2730,4707,3402,6694,4629,6153,3646,3735,8489,10996,3214,5703,235,329,608,950,782,1431,953,2207,1296,1834,1403,1353,4993,6723,2699,4810,47723,31409,3594,1151,21159,45,1
2021-04-03T23:59:59+02:00,1294,1588,2147,3350,2730,4707,3402,6694,4629,6153,3645,3733,8489,10995,3214,5703,235,329,608,950,782,1431,953,2207,1296,1834,1403,1353,4993,6723,2699,4810,47721,31409,3594,1151,21157,45,1
2021-04-02T23:59:59+02:00,1294,1588,2147,3348,2730,4706,3402,6690,4629,6151,3642,3730,8488,10994,3214,5703,235,329,608,950,782,1429,953,2207,1296,1833,1403,1351,4991,6722,2698,4810,47705,31401,3594,1150,21156,45,1
2021-04-01T23:59:59+02:00,1276,1543,2075,3221,2625,4503,3252,6435,4483,5941,3598,3693,8394,10890,3205,5691,230,320,602,941,772,1423,942,2194,1273,1815,1383,1323,4731,6377,2602,4675,47343,30418,3589,1146,19892,38,1
2021-03-31T23:59:59+02:00,1258,1505,2031,3115,2554,4362,3158,6206,4352,5731,3510,3598,8255,10711,3188,5662,222,317,594,927,768,1407,926,2172,1230,1780,1325,1259,4243,5749,2491,4479,46745,28705,3462,1146,18988,37,1
2021-03-30T23:59:59+02:00,1237,1460,1977,2931,2446,4123,3002,5828,4160,5382,3407,3500,8106,10514,3164,5617,218,312,586,918,756,1386,904,2147,1175,1735,1240,1172,3696,4993,2304,4204,46109,26570,3300,1146,17444,29,1
2021-03-29T23:59:59+02:00,1216,1403,1911,2797,2362,3958,2866,5553,3994,5131,3311,3398,7948,10295,3142,5581,217,309,579,905,746,1373,888,2119,1133,1704,1155,1072,3093,4269,2165,3974,45471,24540,3070,1142,16324,18,1
2021-03-28T23:59:59+02:00,1193,1353,1841,2633,2274,3744,2738,5271,3850,4863,3248,3336,7892,10234,3138,5578,217,309,577,902,745,1371,886,2112,1130,1703,1145,1059,3036,4197,2156,3954,45364,24346,2860,1139,14961,13,1
2021-03-27T23:59:59+01:00,1193,1353,1841,2632,2273,3744,2736,5271,3847,4863,3245,3336,7891,10234,3138,5578,217,309,576,902,745,1371,885,2112,1128,1703,1145,1059,3036,4197,2156,3954,45355,24342,2860,1139,14959,13,1
2021-03-26T23:59:59+01:00,1189,1320,1796,2519,2203,3580,2676,5057,3765,4654,3228,3326,7888,10229,3137,5577,217,308,576,902,744,1371,885,2111,1127,1701,1142,1058,3033,4189,2155,3951,45329,24319,2858,1139,13956,11,1
2021-03-25T23:59:59+01:00,1163,1280,1743,2414,2115,3414,2575,4831,3660,4474,3105,3225,7787,10112,3131,5567,214,305,572,901,737,1361,879,2090,1111,1676,1096,1011,2762,3784,2008,3728,45071,23084,2523,1139,13001,11,1
2021-03-24T23:59:59+01:00,1143,1260,1722,2373,2086,3359,2537,4769,3613,4404,3018,3150,7665,9948,3115,5552,214,300,564,897,731,1353,867,2074,1092,1656,1049,964,2305,3149,1696,3312,44540,21074,2393,1137,12780,11,1
2021-03-23T23:59:59+01:00,1132,1250,1700,2337,2068,3332,2496,4724,3577,4348,2947,3076,7577,9853,3101,5526,212,297,560,892,723,1342,847,2053,1054,1614,961,880,1905,2608,1408,2910,44030,19151,2382,1103,12631,11,1
2021-03-22T23:59:59+01:00,1126,1240,1687,2324,2053,3313,2473,4693,3538,4311,2902,3037,7516,9788,3089,5510,209,293,559,879,706,1323,832,2038,1021,1584,908,798,1383,1971,1123,2506,43696,17074,2361,1047,12542,11,1
2021-03-21T23:59:59+01:00,1126,1239,1686,2323,2053,3311,2469,4690,3527,4304,2887,3029,7467,9732,3086,5506,209,291,558,877,705,1318,828,2034,1010,1577,882,778,1305,1879,1074,2447,43552,16772,2358,988,12524,11,1
2021-03-20T23:59:59+01:00,1125,1239,1686,2323,2053,3311,2469,4690,3525,4302,2887,3028,7467,9731,3086,5506,209,291,558,877,705,1318,828,2034,995,1559,845,746,1275,1864,1067,2445,43552,16770,2355,834,12520,11,1
2021-03-19T23:59:59+01:00,1123,1230,1678,2313,2042,3307,2467,4682,3519,4295,2875,3015,7456,9716,3085,5504,209,290,557,876,705,1317,827,2033,986,1546,801,709,1216,1817,1057,2437,43490,16728,2350,643,12466,11,1
2021-03-18T23:59:59+01:00,1077,1192,1599,2191,1915,3138,2315,4416,3301,4070,2705,2854,7157,9341,3040,5434,208,289,550,869,700,1312,818,2020,964,1529,781,685,1132,1700,927,2250,42094,16157,2038,565,11612,11,1
2021-03-17T23:59:59+01:00,1017,1155,1532,2135,1849,3070,2250,4348,3209,3978,2557,2707,6735,8849,2992,5338,206,288,547,862,699,1310,813,2014,959,1520,752,665,982,1533,790,2055,40323,15419,2035,564,11362,11,1
2021-03-16T23:59:59+01:00,992,1130,1495,2093,1810,3021,2194,4292,3106,3878,2419,2530,6267,8207,2914,5212,199,283,543,861,694,1302,809,2004,950,1507,747,652,878,1389,665,1909,38335,14816,1974,564,11250,11,1
2021-03-15T23:59:59+01:00,975,1121,1475,2069,1772,2964,2149,4213,3005,3772,2276,2350,5788,7669,2857,5112,198,280,542,855,691,1291,805,1996,941,1492,736,642,797,1251,524,1737,36567,14241,1876,526,11124,11,0
2021-03-14T23:59:59+01:00,969,1106,1446,2039,1747,2935,2117,4143,2942,3702,2088,2148,5616,7466,2831,5081,198,280,541,850,689,1282,804,1988,937,1483,719,634,781,1229,501,1685,35547,14097,1776,501,11053,3,0
2021-03-13T23:59:59+01:00,958,1098,1427,2030,1730,2918,2086,4116,2869,3654,2021,2066,5571,7425,2830,5080,198,280,541,850,689,1282,804,1988,937,1483,717,633,781,1226,500,1685,35299,14090,1533,501,11047,3,0
2021-03-12T23:59:59+01:00,930,1080,1382,1972,1666,2812,1981,3960,2702,3492,1824,1815,5404,7224,2806,5042,197,280,541,850,689,1282,803,1988,937,1482,709,629,765,1212,497,1682,33975,14040,1289,500,10828,3,0
2021-03-11T23:59:59+01:00,890,1016,1311,1882,1587,2661,1887,3762,2534,3311,1551,1491,5030,6759,2702,4893,188,274,534,841,680,1268,787,1955,908,1442,585,567,700,1173,482,1654,31864,13546,1190,490,10213,2,0
2021-03-10T23:59:59+01:00,871,958,1287,1823,1555,2609,1827,3682,2451,3230,1482,1393,4554,6186,2603,4690,188,270,524,820,662,1252,780,1938,895,1427,520,553,668,1164,477,1649,30055,13397,1185,388,9961,2,0
2021-03-09T23:59:59+01:00,859,933,1265,1789,1527,2566,1782,3628,2378,3173,1383,1294,3976,5394,2448,4442,186,268,518,795,651,1232,767,1902,883,1402,517,552,665,1156,474,1645,27889,13337,1183,274,9765,2,0
2021-03-08T23:59:59+01:00,853,905,1252,1768,1510,2548,1757,3589,2335,3125,1281,1181,3270,4511,2260,4146,182,263,502,770,631,1199,744,1841,863,1380,512,550,664,1155,474,1645,25433,13328,1183,47,9675,0,0
2021-03-07T23:59:59+01:00,849,901,1245,1759,1501,2534,1750,3579,2323,3119,1268,1161,3166,4384,2245,4106,182,263,502,770,631,1199,744,1841,863,1380,512,550,664,1155,474,1645,25086,13328,1181,47,9623,0,0
2021-03-06T23:59:59+01:00,848,901,1243,1756,1498,2531,1747,3576,2320,3118,1265,1161,3166,4384,2245,4106,181,263,502,770,631,1199,744,1841,863,1380,512,550,664,1155,474,1645,25082,13327,1181,47,9602,0,0
2021-03-05T23:59:59+01:00,781,875,1218,1742,1477,2522,1720,3562,2296,3110,1260,1159,3157,4374,2243,4103,181,263,502,770,631,1198,744,1841,863,1378,511,550,664,1155,474,1645,25053,13323,1177,47,9369,0,0
2021-03-04T23:59:59+01:00,708,825,1154,1670,1423,2439,1680,3478,2223,3036,1206,1109,2900,3951,2105,3883,180,258,498,754,621,1186,733,1811,852,1369,502,540,653,1145,469,1636,23833,13161,1170,46,8787,0,0
2021-03-03T23:59:59+01:00,667,777,1082,1604,1329,2361,1567,3393,2113,2955,1159,1065,2461,3341,1831,3527,180,258,496,751,621,1186,732,1807,850,1369,498,539,652,1141,469,1635,21970,13139,1168,45,8094,0,0
2021-03-02T23:59:59+01:00,647,738,1043,1559,1271,2324,1502,3336,2022,2883,1069,975,2054,2795,1495,3077,178,256,491,744,616,1174,722,1796,843,1349,491,532,638,1118,452,1606,19902,12961,1165,45,7723,0,0
2021-03-01T23:59:59+01:00,639,687,1025,1515,1220,2267,1460,3266,1963,2812,1018,892,1499,2132,1186,2622,176,256,491,744,616,1173,722,1793,842,1349,489,531,634,1106,449,1598,17625,12924,1162,45,7416,0,0
2021-02-28T23:59:59+01:00,630,670,1010,1474,1192,2209,1429,3208,1909,2740,1001,871,1377,1979,1123,2547,176,256,490,743,616,1173,721,1791,841,1348,487,531,634,1106,449,1598,17148,12915,1160,45,7061,0,0
2021-02-27T23:59:59+01:00,630,668,1009,1474,1192,2207,1429,3207,1909,2739,1001,871,1377,1978,1122,2547,176,256,489,742,613,1171,719,1790,839,1347,487,531,634,1106,449,1598,17146,12915,1160,32,7054,0,0
2021-02-26T23:59:59+01:00,457,608,886,1438,1118,2164,1364,3165,1854,2697,1000,868,1374,1977,1122,2546,176,256,489,742,613,1171,719,1789,839,1346,487,531,634,1106,449,1598,17136,12914,1160,31,6342,0,0
2021-02-25T23:59:59+01:00,359,543,790,1348,1033,2070,1262,2984,1717,2546,974,845,1286,1842,1017,2371,169,245,473,728,601,1146,709,1764,824,1324,474,517,599,1073,441,1582,16545,12648,1160,21,5282,0,0
2021-02-24T23:59:59+01:00,303,489,721,1275,960,1976,1208,2862,1648,2442,954,824,1151,1681,875,2179,167,245,470,725,597,1145,708,1758,823,1319,469,513,591,1068,438,1570,15842,12588,1158,18,4548,0,0
2021-02-23T23:59:59+01:00,290,462,697,1213,931,1891,1161,2748,1566,2345,939,800,1057,1542,750,2029,167,245,470,723,597,1144,708,1756,820,1318,469,511,589,1067,438,1569,15284,12578,1124,13,4013,0,0
2021-02-22T23:59:59+01:00,272,439,673,1175,901,1811,1105,2651,1481,2233,897,771,928,1365,583,1809,167,245,468,722,595,1143,706,1756,815,1316,468,509,588,1066,437,1567,14538,12566,1054,2,3502,0,0
2021-02-21T23:59:59+01:00,264,421,637,1108,852,1707,1057,2546,1404,2130,880,756,895,1309,535,1752,167,244,465,714,594,1140,706,1751,815,1315,467,509,587,1066,435,1566,14333,12539,1012,2,2908,0,0
2021-02-20T23:59:59+01:00,264,418,634,1107,849,1702,1055,2542,1387,2108,844,723,865,1294,528,1750,167,244,465,714,594,1140,706,1751,815,1315,467,509,586,1066,435,1566,14333,12538,856,2,2881,0,0
2021-02-19T23:59:59+01:00,253,408,625,1099,837,1687,1032,2523,1340,2060,605,620,731,1241,509,1733,167,244,465,712,594,1139,705,1749,812,1312,467,509,586,1065,434,1566,13860,12524,669,2,2774,0,0
2021-02-18T23:59:59+01:00,230,344,585,976,751,1458,896,2247,1077,1691,555,578,692,1199,494,1722,161,241,452,703,579,1120,699,1723,796,1286,464,507,586,1063,434,1566,13706,12378,572,2,1217,0,0
2021-02-17T23:59:59+01:00,223,304,564,916,716,1363,833,2079,993,1559,540,571,692,1195,492,1720,153,237,442,693,568,1102,681,1692,785,1266,461,506,584,1059,434,1566,13690,12227,572,2,498,0,0
2021-02-16T23:59:59+01:00,217,299,555,903,700,1330,817,2042,955,1519,533,566,686,1193,491,1718,147,232,429,685,557,1088,669,1673,777,1252,455,501,577,1044,428,1542,13661,12055,572,1,291,0,0
2021-02-15T23:59:59+01:00,201,287,549,874,692,1297,802,2007,930,1475,531,565,686,1193,491,1717,144,231,421,675,545,1070,643,1644,763,1234,454,501,577,1044,428,1542,13658,11915,533,1,106,0,0
2021-02-14T23:59:59+01:00,195,280,546,860,692,1290,797,1995,914,1469,530,565,685,1190,490,1717,136,228,410,664,526,1052,627,1630,757,1221,454,499,575,1042,428,1542,13652,11790,531,1,32,0,0
2021-02-13T23:59:59+01:00,194,280,545,860,692,1290,797,1995,914,1469,530,565,685,1190,490,1717,136,228,409,663,526,1052,627,1630,757,1221,454,499,575,1042,428,1542,13651,11788,531,1,31,0,0
2021-02-12T23:59:59+01:00,193,279,541,859,691,1288,792,1993,913,1467,529,565,685,1190,490,1717,132,225,406,658,521,1044,615,1618,753,1204,451,498,563,1020,426,1519,13644,11652,530,1,18,0,0
2021-02-11T23:59:59+01:00,191,278,536,852,686,1284,790,1990,906,1465,524,558,679,1185,485,1711,111,181,371,587,476,964,564,1493,713,1122,425,455,522,955,387,1435,13594,10761,518,0,8,0,0
2021-02-10T23:59:59+01:00,187,275,526,834,669,1268,778,1960,892,1447,515,553,671,1172,480,1702,101,168,341,521,448,853,523,1319,636,975,376,406,453,835,347,1285,13471,9587,457,0,1,0,0
2021-02-09T23:59:59+01:00,186,268,515,789,655,1232,758,1892,877,1412,506,544,663,1156,473,1688,93,146,324,457,411,765,476,1205,578,892,345,351,410,749,324,1173,13361,8699,253,0,0,0,0
2021-02-08T23:59:59+01:00,182,262,498,764,631,1195,737,1834,860,1381,500,543,660,1150,470,1673,71,108,284,390,363,625,420,967,503,732,286,294,345,597,270,987,13292,7242,48,0,0,0,0
2021-02-07T23:59:59+01:00,182,261,497,762,629,1195,735,1826,859,1379,499,543,660,1150,470,1672,70,94,264,361,346,577,401,934,487,703,285,287,342,590,269,984,13271,6994,48,0,0,0,0
2021-02-06T23:59:59+01:00,182,261,497,762,629,1195,735,1826,859,1379,499,543,660,1150,470,1672,70,94,264,361,346,577,401,933,485,701,285,286,341,588,268,984,13271,6984,48,0,0,0,0
2021-02-05T23:59:59+01:00,182,261,497,762,629,1195,735,1826,859,1378,499,543,659,1150,470,1672,68,94,261,359,341,573,391,906,476,684,278,283,331,563,253,949,13269,6810,48,0,0,0,0
2021-02-04T23:59:59+01:00,176,255,491,753,624,1187,731,1812,852,1370,493,537,634,1122,464,1657,51,75,225,321,303,477,344,762,384,550,215,211,245,386,188,700,13111,5437,47,0,0,0,0
2021-02-03T23:59:59+01:00,175,255,485,746,616,1179,726,1800,844,1354,482,530,619,1107,459,1651,40,49,166,227,250,357,257,573,306,423,171,169,178,296,141,528,12982,4131,46,0,0,0,0
2021-02-02T23:59:59+01:00,175,254,483,745,616,1179,722,1794,839,1351,481,529,615,1104,458,1647,30,42,142,177,205,287,216,437,253,339,129,134,141,221,107,419,12946,3279,46,0,0,0,0
2021-02-01T23:59:59+01:00,173,254,482,744,611,1174,721,1786,837,1347,479,526,610,1102,458,1642,25,31,102,132,147,194,152,303,160,240,82,94,99,138,56,225,12900,2180,46,0,0,0,0
2021-01-31T23:59:59+01:00,173,254,482,741,608,1173,721,1782,837,1346,477,526,609,1100,458,1641,16,22,70,87,105,128,116,227,133,192,78,88,95,128,54,212,12882,1751,46,0,0,0,0
2021-01-30T23:59:59+01:00,173,254,481,741,606,1171,720,1782,837,1346,477,526,608,1100,458,1641,16,22,70,86,105,126,114,224,130,189,77,86,95,123,48,202,12881,1713,40,0,0,0,0
2021-01-29T23:59:59+01:00,173,254,481,739,605,1169,718,1780,835,1345,477,526,608,1100,458,1641,13,20,59,82,87,121,97,215,109,176,72,79,92,120,48,201,12877,1591,32,0,0,0,0
2021-01-28T23:59:59+01:00,166,248,467,722,589,1144,711,1754,813,1317,471,521,605,1097,455,1638,7,4,13,22,24,44,31,102,46,82,46,52,60,87,36,152,12694,808,24,0,0,0,0
2021-01-27T23:59:59+01:00,158,245,456,712,579,1134,696,1718,808,1297,467,520,602,1091,455,1634,3,2,5,12,9,22,15,42,22,27,13,17,24,35,17,48,12550,313,22,0,0,0,0
2021-01-26T23:59:59+01:00,151,241,443,698,567,1120,688,1694,796,1277,462,514,596,1073,449,1603,3,2,5,11,6,20,12,37,17,26,13,14,23,35,17,47,12359,288,13,0,0,0,0
2021-01-25T23:59:59+01:00,148,239,433,685,552,1101,663,1665,779,1259,461,512,594,1073,449,1603,2,2,4,9,6,16,7,28,12,21,8,5,13,23,9,29,12214,194,2,0,0,0,0
2021-01-24T23:59:59+01:00,140,236,423,675,537,1082,647,1653,767,1247,460,509,593,1073,449,1603,1,0,2,6,6,4,5,7,4,9,1,2,11,15,6,16,12092,95,2,0,0,0,0
2021-01-23T23:59:59+01:00,140,236,423,674,537,1082,647,1653,767,1247,460,509,593,1073,449,1603,1,0,2,6,6,4,5,7,4,9,1,2,11,15,6,16,12091,95,2,0,0,0,0
2021-01-22T23:59:59+01:00,136,233,416,669,533,1074,635,1641,761,1230,459,506,580,1049,446,1580,1,0,2,6,6,4,5,7,4,9,1,2,11,15,6,16,11946,95,2,0,0,0,0
2021-01-21T23:59:59+01:00,123,224,401,649,507,1040,604,1588,742,1191,442,471,546,996,415,1522,1,0,2,6,6,4,5,7,4,9,1,2,11,15,6,16,11459,95,2,0,0,0,0
2021-01-20T23:59:59+01:00,104,174,360,555,464,895,550,1351,652,1018,381,413,461,849,361,1319,1,0,2,5,6,4,5,7,4,9,1,2,11,15,6,16,9905,94,2,0,0,0,0
2021-01-19T23:59:59+01:00,96,154,331,481,423,799,508,1236,602,926,356,375,423,769,338,1231,1,0,2,3,6,4,5,7,4,9,1,0,8,11,5,15,9046,81,2,0,0,0,0
2021-01-18T23:59:59+01:00,73,111,291,395,368,649,431,989,513,751,290,306,355,618,286,1046,1,0,2,3,6,4,5,7,4,9,1,0,8,11,5,15,7471,81,1,0,0,0,0
2021-01-17T23:59:59+01:00,70,96,271,366,348,592,409,945,493,719,287,298,353,611,285,1038,0,0,0,0,0,0,0,0,0,0,0,0,0,0,0,0,7180,0,1,0,0,0,0
2021-01-16T23:59:59+01:00,70,96,271,366,348,592,409,944,491,717,287,297,351,607,284,1038,0,0,0,0,0,0,0,0,0,0,0,0,0,0,0,0,7167,0,1,0,0,0,0
2021-01-15T23:59:59+01:00,68,96,269,363,342,586,397,916,479,695,276,293,334,577,264,1002,0,0,0,0,0,0,0,0,0,0,0,0,0,0,0,0,6956,0,1,0,0,0,0
2021-01-14T23:59:59+01:00,53,80,254,338,320,505,356,788,392,563,216,215,247,388,192,727,0,0,0,0,0,0,0,0,0,0,0,0,0,0,0,0,5634,0,0,0,0,0,0
2021-01-13T23:59:59+01:00,46,66,226,276,280,415,290,622,320,457,164,174,185,301,149,562,0,0,0,0,0,0,0,0,0,0,0,0,0,0,0,0,4533,0,0,0,0,0,0
2021-01-12T23:59:59+01:00,42,64,218,258,265,382,271,549,286,412,127,135,148,228,113,439,0,0,0,0,0,0,0,0,0,0,0,0,0,0,0,0,3937,0,0,0,0,0,0
2021-01-11T23:59:59+01:00,36,58,206,237,246,331,221,453,236,348,94,102,115,149,64,278,0,0,0,0,0,0,0,0,0,0,0,0,0,0,0,0,3174,0,0,0,0,0,0
2021-01-10T23:59:59+01:00,31,51,169,168,203,253,183,358,190,282,88,97,112,142,62,265,0,0,0,0,0,0,0,0,0,0,0,0,0,0,0,0,2654,0,0,0,0,0,0
2021-01-09T23:59:59+01:00,30,49,163,164,201,246,180,352,188,277,88,97,112,142,62,265,0,0,0,0,0,0,0,0,0,0,0,0,0,0,0,0,2616,0,0,0,0,0,0
2021-01-08T23:59:59+01:00,25,43,134,141,180,233,157,324,162,257,83,87,109,139,62,264,0,0,0,0,0,0,0,0,0,0,0,0,0,0,0,0,2400,0,0,0,0,0,0
2021-01-07T23:59:59+01:00,8,6,17,26,32,53,38,114,60,103,48,51,67,95,40,182,0,0,0,0,0,0,0,0,0,0,0,0,0,0,0,0,940,0,0,0,0,0,0
2021-01-06T23:59:59+01:00,3,2,6,12,8,21,14,40,20,29,15,13,25,41,18,55,0,0,0,0,0,0,0,0,0,0,0,0,0,0,0,0,322,0,0,0,0,0,0
2021-01-05T23:59:59+01:00,2,1,5,11,7,17,11,32,15,24,11,13,22,34,18,51,0,0,0,0,0,0,0,0,0,0,0,0,0,0,0,0,274,0,0,0,0,0,0
2021-01-04T23:59:59+01:00,1,1,3,7,7,11,5,15,8,15,4,3,11,19,8,26,0,0,0,0,0,0,0,0,0,0,0,0,0,0,0,0,144,0,0,0,0,0,0
2021-01-03T23:59:59+01:00,1,0,2,6,7,4,5,7,4,9,1,2,11,15,7,16,0,0,0,0,0,0,0,0,0,0,0,0,0,0,0,0,97,0,0,0,0,0,0
2021-01-02T23:59:59+01:00,1,0,2,6,7,4,5,7,4,9,1,2,11,15,7,16,0,0,0,0,0,0,0,0,0,0,0,0,0,0,0,0,97,0,0,0,0,0,0
2021-01-01T23:59:59+01:00,1,0,2,6,7,4,5,7,4,9,1,2,11,15,7,16,0,0,0,0,0,0,0,0,0,0,0,0,0,0,0,0,97,0,0,0,0,0,0
2020-12-31T23:59:59+01:00,1,0,2,5,7,4,5,7,4,9,1,2,11,15,7,16,0,0,0,0,0,0,0,0,0,0,0,0,0,0,0,0,96,0,0,0,0,0,0
2020-12-30T23:59:59+01:00,1,0,2,5,7,4,5,7,4,9,1,2,11,15,7,16,0,0,0,0,0,0,0,0,0,0,0,0,0,0,0,0,96,0,0,0,0,0,0
2020-12-29T23:59:59+01:00,1,0,2,3,7,4,5,7,4,9,1,0,8,11,6,15,0,0,0,0,0,0,0,0,0,0,0,0,0,0,0,0,83,0,0,0,0,0,0
2020-12-28T23:59:59+01:00,1,0,2,3,7,4,5,7,4,9,1,0,8,11,6,15,0,0,0,0,0,0,0,0,0,0,0,0,0,0,0,0,83,0,0,0,0,0,0
2020-12-27T23:59:59+01:00,1,0,2,3,7,4,5,7,4,9,1,0,8,11,6,15,0,0,0,0,0,0,0,0,0,0,0,0,0,0,0,0,83,0,0,0,0,0,0
