Datum,<24_1_m,<24_1_w,25-34_1_m,25-34_1_w,35-44_1_m,35-44_1_w,45-54_1_m,45-54_1_w,55-64_1_m,55-64_1_w,65-74_1_m,65-74_1_w,75-84_1_m,75-84_1_w,>84_1_m,>84_1_w,<24_2_m,<24_2_w,25-34_2_m,25-34_2_w,35-44_2_m,35-44_2_w,45-54_2_m,45-54_2_w,55-64_2_m,55-64_2_w,65-74_2_m,65-74_2_w,75-84_2_m,75-84_2_w,>84_2_m,>84_2_w,bp_1,bp_2,mo_1,mo_2,az_1,az_2,ja
2021-04-28T23:59:59+02:00,1767,2046,3138,4158,4198,5860,6096,8742,9394,10446,12600,14065,12447,15732,3371,6024,426,492,900,1286,1141,1901,1455,2905,2235,2757,3024,3184,8022,10463,3107,5513,70683,45888,10452,2702,38942,214,7
2021-04-27T23:59:59+02:00,1724,1994,3018,4042,3995,5714,5777,8463,8741,9727,11606,12798,12301,15475,3361,6010,422,478,894,1271,1134,1874,1442,2854,2211,2716,3012,3167,8009,10447,3102,5511,66001,45709,10270,2695,38469,134,6
2021-04-26T23:59:59+02:00,1694,1953,2903,3961,3823,5572,5442,8241,8233,9232,10881,11894,12208,15340,3349,5995,422,474,890,1269,1130,1868,1432,2844,2197,2700,2992,3138,7980,10416,3098,5510,62641,45612,10079,2629,37995,113,6
2021-04-25T23:59:59+02:00,1675,1946,2835,3930,3724,5513,5301,8192,8034,9106,10702,11669,12179,15301,3348,5992,418,467,883,1263,1112,1854,1418,2826,2173,2672,2949,3100,7941,10375,3097,5508,62149,45531,9873,2432,37419,87,6
2021-04-24T23:59:59+02:00,1674,1946,2835,3929,3723,5512,5300,8191,8030,9101,10697,11668,12179,15301,3348,5992,418,467,883,1263,1112,1853,1418,2825,2172,2672,2949,3100,7941,10375,3097,5508,62129,45528,9873,2432,37418,87,6
2021-04-23T23:59:59+02:00,1651,1934,2767,3893,3644,5487,5176,8136,7899,9042,10622,11562,12157,15268,3347,5987,418,466,883,1261,1112,1853,1417,2824,2172,2672,2948,3100,7941,10375,3097,5508,62006,45525,9597,2431,36964,86,5
2021-04-22T23:59:59+02:00,1599,1893,2666,3835,3487,5382,4920,7976,7574,8778,10016,10843,11966,15048,3341,5969,410,466,875,1252,1103,1840,1404,2800,2151,2649,2908,3071,7862,10272,3085,5495,60428,45135,8949,2424,35911,79,5
2021-04-21T23:59:59+02:00,1560,1855,2584,3754,3375,5288,4692,7775,7142,8430,9111,9745,11642,14598,3329,5933,406,463,871,1235,1094,1826,1388,2775,2120,2623,2846,3004,7756,10113,3072,5477,57751,44677,8083,2308,34974,79,5
2021-04-20T23:59:59+02:00,1527,1826,2520,3679,3272,5191,4505,7579,6723,8051,8167,8552,11299,14150,3317,5919,401,460,863,1221,1084,1805,1363,2746,2089,2580,2775,2937,7619,9935,3044,5431,54925,43973,7315,2302,34033,74,4
2021-04-19T23:59:59+02:00,1513,1811,2484,3643,3212,5124,4393,7470,6456,7786,7536,7753,11104,13884,3309,5902,398,458,860,1211,1080,1794,1338,2731,2056,2552,2718,2891,7505,9777,3028,5400,53024,43435,6947,2287,33405,71,4
2021-04-18T23:59:59+02:00,1504,1795,2454,3622,3175,5101,4335,7420,6337,7655,7168,7381,11048,13808,3307,5893,397,456,859,1209,1079,1786,1336,2719,2051,2549,2711,2878,7482,9745,3026,5397,52515,43318,6562,2287,32922,71,4
2021-04-17T23:59:59+02:00,1503,1795,2453,3620,3173,5098,4331,7415,6328,7644,7156,7373,11047,13808,3307,5893,397,456,859,1208,1079,1786,1334,2718,2050,2547,2708,2876,7481,9745,3026,5397,52494,43306,6562,2286,32884,71,4
2021-04-16T23:59:59+02:00,1500,1792,2441,3616,3164,5090,4309,7397,6272,7603,7084,7296,11042,13799,3305,5891,397,455,856,1208,1078,1786,1333,2716,2047,2546,2706,2871,7478,9740,3025,5397,52438,43283,6331,2281,32828,71,4
2021-04-15T23:59:59+02:00,1458,1769,2385,3571,3078,5033,4164,7269,6015,7355,6544,6741,10854,13551,3292,5869,389,451,833,1184,1041,1727,1288,2636,1975,2460,2630,2801,7398,9658,3018,5385,51379,42709,5946,2095,31619,66,4
2021-04-14T23:59:59+02:00,1432,1751,2354,3541,3007,4971,4042,7154,5816,7138,5884,6003,10538,13157,3269,5831,380,446,822,1173,1023,1704,1259,2591,1925,2406,2541,2726,7263,9481,3004,5362,50019,42068,5748,1969,30118,66,3
2021-04-13T23:59:59+02:00,1414,1741,2319,3509,2953,4911,3929,7061,5540,6905,5341,5424,10253,12809,3251,5807,357,431,800,1142,1001,1685,1234,2557,1890,2361,2472,2665,7150,9342,2975,5307,49018,41393,5548,1909,28598,64,3
2021-04-12T23:59:59+02:00,1397,1734,2294,3484,2903,4866,3790,6973,5341,6756,4975,5092,10061,12588,3242,5786,342,427,788,1137,985,1668,1217,2533,1839,2319,2396,2597,7040,9209,2963,5289,48566,40827,5354,1862,27359,57,3
2021-04-11T23:59:59+02:00,1392,1721,2274,3461,2874,4846,3721,6901,5179,6639,4727,4867,9919,12428,3238,5777,336,423,782,1130,974,1652,1205,2505,1817,2291,2340,2530,6960,9110,2952,5271,48485,40415,5122,1804,26354,56,3
2021-04-10T23:59:59+02:00,1392,1720,2272,3457,2872,4841,3715,6899,5170,6627,4715,4852,9916,12421,3238,5776,332,419,767,1124,960,1646,1181,2479,1746,2242,2257,2444,6910,9072,2952,5267,48430,40253,5121,1486,26329,56,3
2021-04-09T23:59:59+02:00,1389,1717,2264,3455,2867,4833,3704,6886,5145,6602,4686,4825,9897,12396,3237,5775,317,417,748,1115,941,1620,1148,2436,1650,2159,2025,2162,6781,8943,2935,5240,48365,39411,5110,1167,26200,56,3
2021-04-08T23:59:59+02:00,1359,1690,2205,3394,2789,4747,3552,6752,4910,6366,4267,4354,9425,11922,3226,5730,287,390,695,1051,884,1553,1064,2345,1515,2029,1745,1791,6321,8408,2878,5131,47921,36875,4587,1164,24179,47,1
2021-04-07T23:59:59+02:00,1348,1675,2168,3376,2750,4708,3453,6696,4742,6216,3930,4014,8929,11437,3212,5701,244,358,646,994,818,1487,1004,2279,1412,1932,1587,1607,5739,7718,2810,4998,47710,34425,4122,1161,22522,46,1
2021-04-06T23:59:59+02:00,1325,1654,2129,3354,2716,4678,3381,6653,4610,6115,3643,3725,8505,10990,3198,5675,237,352,619,972,793,1442,956,2218,1322,1845,1433,1398,5166,6924,2719,4833,47532,32032,3588,1153,21230,43,1
2021-04-05T23:59:59+02:00,1323,1651,2125,3351,2706,4677,3367,6637,4590,6099,3612,3693,8479,10960,3195,5674,234,338,610,955,776,1419,940,2181,1282,1805,1379,1319,4951,6658,2681,4787,47450,31119,3584,1152,21104,43,1
2021-04-04T23:59:59+02:00,1323,1651,2125,3350,2706,4677,3367,6636,4589,6099,3608,3691,8477,10959,3195,5674,234,338,610,955,776,1419,940,2181,1282,1805,1379,1319,4949,6658,2681,4787,47446,31117,3584,1152,21096,43,1
2021-04-03T23:59:59+02:00,1323,1651,2125,3350,2706,4677,3367,6636,4589,6099,3607,3689,8477,10958,3195,5674,234,338,610,955,776,1419,940,2181,1282,1804,1379,1319,4949,6658,2681,4787,47444,31116,3584,1152,21094,43,1
2021-04-02T23:59:59+02:00,1323,1651,2125,3348,2706,4676,3367,6632,4589,6097,3604,3686,8476,10957,3195,5674,234,338,610,955,776,1417,940,2181,1282,1803,1379,1317,4945,6656,2680,4786,47428,31104,3584,1151,21093,43,1
2021-04-01T23:59:59+02:00,1304,1604,2053,3219,2602,4473,3218,6378,4440,5884,3561,3649,8381,10854,3186,5663,228,329,604,946,766,1411,929,2168,1258,1785,1359,1289,4686,6314,2586,4647,47067,30121,3578,1147,19823,36,1
2021-03-31T23:59:59+02:00,1286,1564,2011,3109,2530,4331,3127,6153,4310,5675,3473,3556,8246,10680,3170,5635,223,327,597,932,762,1398,913,2148,1218,1756,1308,1229,4229,5730,2479,4452,46492,28518,3453,1147,18910,35,1
2021-03-30T23:59:59+02:00,1266,1516,1958,2923,2421,4092,2970,5777,4118,5320,3369,3458,8081,10478,3146,5588,219,322,589,923,751,1379,893,2127,1165,1714,1226,1144,3700,4976,2293,4177,45820,26425,3295,1146,17366,27,0
2021-03-29T23:59:59+02:00,1245,1455,1904,2797,2349,3934,2842,5502,3958,5077,3277,3359,7925,10258,3124,5552,218,319,583,910,741,1367,877,2100,1125,1686,1144,1050,3101,4254,2155,3949,45183,24419,3070,1143,16305,17,0
2021-03-28T23:59:59+02:00,1222,1404,1834,2634,2259,3722,2714,5221,3813,4808,3216,3295,7870,10196,3120,5549,218,319,582,907,740,1365,875,2093,1123,1686,1134,1037,3044,4182,2147,3929,45078,24228,2859,1140,14940,13,0
2021-03-27T23:59:59+01:00,1222,1404,1834,2633,2258,3722,2713,5221,3810,4808,3213,3295,7869,10196,3120,5549,218,319,581,907,740,1365,874,2093,1121,1686,1134,1037,3044,4182,2147,3929,45070,24224,2859,1140,14938,13,0
2021-03-26T23:59:59+01:00,1217,1368,1790,2523,2190,3558,2653,5007,3729,4599,3196,3287,7865,10188,3119,5548,218,318,581,907,739,1365,874,2092,1120,1684,1131,1036,3040,4171,2146,3926,45044,24197,2857,1140,13936,11,0
2021-03-25T23:59:59+01:00,1191,1326,1737,2419,2101,3395,2552,4782,3625,4422,3077,3187,7764,10070,3113,5540,216,315,577,906,733,1355,868,2069,1104,1659,1085,990,2771,3770,1999,3703,44785,22969,2534,1140,12982,11,0
2021-03-24T23:59:59+01:00,1173,1308,1719,2382,2077,3342,2518,4721,3578,4351,2992,3114,7640,9911,3098,5525,216,310,569,902,727,1348,856,2053,1086,1641,1039,943,2316,3141,1695,3294,44284,20986,2405,1139,12760,11,0
2021-03-23T23:59:59+01:00,1162,1298,1698,2346,2058,3315,2478,4677,3542,4296,2924,3040,7552,9815,3084,5499,213,307,565,897,719,1338,836,2032,1047,1599,953,860,1912,2604,1407,2889,43780,19062,2394,1105,12610,11,0
2021-03-22T23:59:59+01:00,1156,1286,1686,2332,2045,3296,2456,4647,3503,4259,2880,3002,7491,9747,3072,5481,210,303,564,884,705,1319,821,2017,1015,1572,906,785,1390,1967,1120,2487,43443,17006,2374,1048,12522,11,0
2021-03-21T23:59:59+01:00,1155,1286,1685,2331,2045,3294,2452,4644,3493,4252,2866,2995,7443,9692,3069,5477,210,301,563,882,704,1314,817,2013,1004,1565,879,766,1312,1875,1070,2428,43303,16705,2373,987,12503,11,0
2021-03-20T23:59:59+01:00,1154,1286,1685,2331,2045,3294,2451,4644,3493,4251,2866,2994,7443,9691,3069,5477,210,301,563,882,704,1314,817,2013,988,1547,840,734,1282,1860,1063,2426,43303,16703,2372,830,12499,11,0
2021-03-19T23:59:59+01:00,1152,1277,1678,2319,2035,3290,2449,4636,3487,4244,2854,2981,7433,9676,3068,5475,210,300,562,881,704,1313,816,2012,979,1534,796,696,1222,1812,1053,2419,43241,16659,2367,639,12446,11,0
2021-03-18T23:59:59+01:00,1106,1237,1599,2196,1903,3120,2297,4374,3267,4019,2683,2821,7133,9301,3023,5403,209,299,555,874,700,1308,808,1999,957,1518,775,672,1137,1696,920,2231,41846,16087,2053,560,11583,11,0
2021-03-17T23:59:59+01:00,1046,1201,1534,2138,1837,3054,2233,4306,3177,3928,2539,2675,6709,8809,2973,5307,207,297,552,867,699,1305,803,1993,952,1509,746,653,984,1531,781,2034,40083,15343,2049,559,11334,11,0
2021-03-16T23:59:59+01:00,1020,1176,1499,2097,1798,3007,2179,4248,3074,3828,2399,2496,6235,8165,2895,5179,200,292,548,866,694,1297,799,1982,943,1496,741,641,879,1387,655,1888,38086,14738,1986,559,11223,11,0
2021-03-15T23:59:59+01:00,1004,1166,1480,2073,1760,2951,2133,4167,2973,3722,2255,2316,5758,7628,2838,5080,199,289,547,860,691,1287,795,1974,934,1482,730,630,798,1250,514,1713,36322,14161,1887,521,11095,11,0
2021-03-14T23:59:59+01:00,1000,1152,1454,2043,1735,2923,2102,4096,2910,3649,2067,2115,5588,7423,2812,5047,199,289,546,855,689,1278,794,1966,929,1473,713,622,783,1227,491,1661,35304,14016,1786,496,11026,3,0
2021-03-13T23:59:59+01:00,989,1144,1434,2032,1716,2905,2069,4070,2836,3600,1999,2036,5544,7381,2811,5046,199,289,546,855,688,1278,793,1966,929,1473,710,621,783,1224,490,1661,35056,14006,1541,496,11015,3,0
2021-03-12T23:59:59+01:00,959,1124,1387,1975,1652,2799,1965,3915,2669,3439,1804,1787,5380,7185,2789,5011,199,289,546,855,688,1278,792,1966,929,1472,702,617,767,1210,487,1658,33747,13957,1299,495,10794,3,0
2021-03-11T23:59:59+01:00,918,1058,1319,1885,1572,2649,1869,3719,2503,3259,1532,1460,5006,6720,2687,4861,190,284,540,846,678,1264,776,1933,902,1432,578,555,702,1170,472,1630,31633,13466,1197,484,10187,2,0
2021-03-10T23:59:59+01:00,896,997,1295,1829,1540,2600,1810,3644,2424,3183,1464,1364,4544,6160,2588,4655,190,280,529,826,659,1246,769,1913,887,1414,513,541,656,1153,468,1623,29864,13283,1193,382,9936,2,0
2021-03-09T23:59:59+01:00,885,971,1274,1794,1513,2559,1767,3593,2352,3126,1365,1266,3970,5367,2433,4408,188,278,523,801,647,1226,757,1878,875,1389,510,540,655,1145,465,1618,27710,13224,1190,269,9743,2,0
2021-03-08T23:59:59+01:00,877,939,1262,1771,1496,2540,1742,3554,2310,3081,1270,1159,3266,4482,2245,4112,184,271,508,776,629,1193,734,1817,855,1367,504,538,654,1144,465,1618,25273,13217,1189,40,9644,0,0
2021-03-07T23:59:59+01:00,873,936,1256,1762,1487,2526,1736,3545,2300,3075,1257,1139,3161,4357,2231,4072,184,271,508,776,629,1193,734,1817,855,1367,504,538,654,1144,465,1618,24929,13217,1187,40,9597,0,0
2021-03-06T23:59:59+01:00,872,936,1253,1759,1484,2523,1733,3542,2297,3074,1253,1139,3161,4357,2231,4072,183,271,508,776,629,1193,734,1817,855,1367,504,538,654,1144,465,1618,24924,13216,1187,40,9575,0,0
2021-03-05T23:59:59+01:00,801,908,1226,1744,1464,2513,1705,3527,2273,3067,1248,1137,3151,4344,2229,4069,183,271,508,776,629,1192,734,1817,855,1365,503,538,654,1144,465,1618,24891,13212,1182,40,9333,0,0
2021-03-04T23:59:59+01:00,728,856,1163,1671,1410,2429,1664,3443,2200,2995,1193,1088,2891,3924,2092,3848,182,266,504,758,619,1180,723,1786,844,1356,494,528,643,1134,460,1608,23669,13045,1175,40,8751,0,0
2021-03-03T23:59:59+01:00,686,807,1090,1604,1317,2352,1550,3358,2088,2916,1145,1044,2456,3319,1825,3500,182,266,502,755,619,1180,722,1784,842,1356,490,527,643,1130,460,1607,21832,13025,1173,40,8052,0,0
2021-03-02T23:59:59+01:00,666,768,1050,1561,1260,2315,1484,3302,1996,2845,1055,955,2047,2780,1491,3044,181,263,498,748,614,1168,712,1772,835,1336,483,520,629,1107,443,1577,19767,12846,1169,40,7683,0,0
2021-03-01T23:59:59+01:00,656,715,1033,1517,1210,2259,1443,3232,1939,2777,1011,880,1491,2117,1178,2590,180,263,498,748,613,1167,712,1769,834,1336,482,519,625,1094,441,1569,17505,12810,1167,40,7376,0,0
2021-02-28T23:59:59+01:00,648,697,1020,1476,1185,2201,1413,3176,1887,2711,995,859,1370,1963,1115,2514,180,263,498,747,613,1167,711,1767,834,1335,481,519,625,1094,441,1569,17030,12804,1165,40,7035,0,0
2021-02-27T23:59:59+01:00,648,694,1019,1476,1185,2200,1413,3175,1887,2708,995,859,1370,1962,1114,2514,180,263,497,746,610,1165,709,1766,832,1334,481,519,625,1094,441,1569,17026,12804,1165,27,7028,0,0
2021-02-26T23:59:59+01:00,475,630,896,1441,1111,2158,1349,3132,1832,2671,994,856,1366,1960,1114,2513,180,263,497,746,610,1165,709,1765,832,1333,481,519,625,1094,441,1569,17016,12803,1165,26,6317,0,0
2021-02-25T23:59:59+01:00,371,557,797,1350,1028,2065,1247,2955,1695,2523,967,833,1278,1825,1005,2335,174,252,481,732,597,1140,699,1740,817,1312,471,510,592,1067,434,1556,16418,12556,1165,18,5248,0,0
2021-02-24T23:59:59+01:00,312,501,727,1277,955,1971,1192,2833,1627,2418,946,812,1142,1664,862,2141,172,250,479,729,593,1139,698,1735,816,1308,467,508,586,1062,432,1548,15709,12507,1164,15,4507,0,0
2021-02-23T23:59:59+01:00,295,472,703,1217,926,1886,1146,2720,1546,2322,931,788,1045,1526,736,1990,172,250,478,727,593,1137,698,1733,813,1307,467,506,584,1060,432,1547,15148,12494,1129,10,3972,0,0
2021-02-22T23:59:59+01:00,276,449,681,1178,897,1805,1091,2623,1461,2211,887,759,917,1350,570,1770,172,250,476,726,591,1136,697,1733,809,1305,466,506,583,1059,431,1545,14406,12484,1057,1,3462,0,0
2021-02-21T23:59:59+01:00,268,429,644,1109,848,1701,1043,2517,1383,2109,868,744,883,1294,522,1712,172,249,473,718,590,1133,697,1728,809,1304,465,506,582,1059,429,1544,14199,12457,1013,1,2862,0,0
2021-02-20T23:59:59+01:00,267,426,642,1108,846,1697,1041,2512,1364,2087,831,711,853,1279,515,1710,172,249,473,718,590,1133,697,1728,809,1304,465,506,580,1059,429,1544,14199,12455,854,1,2836,0,0
2021-02-19T23:59:59+01:00,256,416,633,1101,835,1682,1019,2494,1317,2040,596,608,718,1225,497,1693,172,249,473,717,590,1132,696,1726,806,1301,465,506,580,1058,428,1544,13733,12442,666,1,2731,0,0
2021-02-18T23:59:59+01:00,232,350,594,979,753,1456,881,2219,1062,1676,546,566,678,1184,482,1683,166,245,460,707,575,1113,690,1701,790,1275,462,503,579,1056,428,1544,13576,12293,568,1,1197,0,0
2021-02-17T23:59:59+01:00,224,312,573,919,718,1360,821,2057,978,1544,533,559,678,1180,480,1681,158,241,450,697,563,1095,672,1670,779,1255,459,502,577,1052,428,1544,13561,12141,568,1,488,0,0
2021-02-16T23:59:59+01:00,218,307,564,906,702,1327,806,2021,943,1505,526,554,673,1178,479,1679,151,236,436,689,552,1080,660,1651,771,1241,453,497,570,1037,422,1520,13532,11966,568,0,288,0,0
2021-02-15T23:59:59+01:00,202,295,558,878,694,1293,791,1986,918,1462,524,553,673,1178,479,1679,148,235,428,678,540,1062,634,1622,757,1223,452,497,570,1037,422,1520,13529,11825,529,0,105,0,0
2021-02-14T23:59:59+01:00,196,288,555,866,694,1286,786,1974,902,1456,523,553,673,1175,478,1679,140,232,417,667,521,1044,618,1607,751,1210,452,495,568,1035,422,1520,13523,11699,528,0,33,0,0
2021-02-13T23:59:59+01:00,195,288,554,866,694,1286,786,1974,902,1456,523,553,673,1175,478,1679,140,232,416,667,521,1044,618,1607,751,1210,452,495,568,1035,422,1520,13522,11698,528,0,32,0,0
2021-02-12T23:59:59+01:00,194,288,550,865,691,1284,781,1973,902,1454,522,553,673,1175,478,1679,136,229,413,662,516,1036,606,1595,747,1193,449,494,556,1013,420,1497,13515,11562,527,0,20,0,0
2021-02-11T23:59:59+01:00,192,287,545,857,685,1280,779,1970,895,1452,517,546,667,1170,473,1672,115,184,377,592,472,954,555,1472,706,1111,423,451,514,948,382,1413,13463,10669,515,0,9,0,0
2021-02-10T23:59:59+01:00,189,285,534,839,667,1264,767,1941,881,1434,508,541,659,1157,468,1662,103,171,347,527,444,843,514,1298,629,965,374,402,445,828,341,1260,13342,9491,453,0,1,0,0
2021-02-09T23:59:59+01:00,188,277,523,794,652,1227,748,1873,866,1399,499,532,651,1141,461,1648,95,148,330,463,405,755,467,1183,572,881,342,348,402,741,317,1147,13229,8596,249,0,1,0,0
2021-02-08T23:59:59+01:00,184,269,506,768,628,1190,727,1815,849,1368,494,531,648,1135,458,1633,74,111,287,395,357,615,412,949,497,721,283,291,337,589,263,959,13161,7140,41,0,1,0,0
2021-02-07T23:59:59+01:00,184,268,505,766,626,1190,725,1807,849,1366,493,531,648,1135,458,1632,73,97,267,365,340,567,393,916,481,692,282,284,334,582,262,956,13142,6891,41,0,0,0,0
2021-02-06T23:59:59+01:00,184,268,505,766,626,1190,725,1807,849,1366,493,531,648,1135,458,1632,72,95,267,365,339,567,393,915,479,690,282,283,333,580,261,956,13142,6877,41,0,0,0,0
2021-02-05T23:59:59+01:00,184,268,505,766,626,1190,725,1807,849,1365,493,531,647,1135,458,1632,71,95,262,363,337,563,386,898,474,682,276,282,328,565,252,946,13140,6780,41,0,0,0,0
2021-02-04T23:59:59+01:00,180,261,500,758,620,1182,721,1794,842,1357,487,525,622,1107,452,1616,53,75,224,325,300,468,340,754,383,548,214,209,242,391,187,697,12983,5410,41,0,0,0,0
2021-02-03T23:59:59+01:00,179,260,494,751,612,1174,716,1782,834,1342,479,521,608,1095,448,1612,42,48,165,230,249,353,254,570,307,424,170,169,181,303,143,534,12866,4142,41,0,0,0,0
2021-02-02T23:59:59+01:00,179,259,492,750,612,1174,712,1776,829,1338,478,520,604,1091,447,1608,31,41,141,179,205,284,214,436,256,341,128,133,143,228,110,424,12828,3294,41,0,0,0,0
2021-02-01T23:59:59+01:00,177,259,491,749,608,1168,711,1768,827,1334,476,518,599,1089,447,1603,26,30,103,133,149,195,153,305,161,241,81,93,100,144,58,228,12783,2200,41,0,0,0,0
2021-01-31T23:59:59+01:00,177,259,491,746,605,1167,711,1764,827,1333,475,518,598,1087,447,1602,17,21,70,86,106,128,116,228,134,193,77,87,96,134,56,215,12766,1764,41,0,0,0,0
2021-01-30T23:59:59+01:00,177,259,490,746,603,1165,710,1764,827,1333,475,518,596,1087,447,1602,17,21,70,86,106,126,114,225,131,190,76,85,96,129,50,205,12764,1727,35,0,0,0,0
2021-01-29T23:59:59+01:00,177,259,490,745,602,1163,708,1762,825,1332,475,518,596,1087,447,1602,14,19,59,82,87,121,97,216,109,176,71,78,93,126,50,203,12761,1601,27,0,0,0,0
2021-01-28T23:59:59+01:00,170,253,476,727,586,1138,701,1737,803,1304,469,513,593,1083,445,1599,8,4,13,22,24,44,31,103,46,82,46,51,61,93,38,152,12576,818,21,0,0,0,0
2021-01-27T23:59:59+01:00,162,250,464,717,576,1128,685,1701,798,1284,465,512,590,1077,445,1595,4,2,5,12,9,22,15,42,22,27,13,16,24,40,17,48,12431,318,18,0,0,0,0
2021-01-26T23:59:59+01:00,154,246,451,703,563,1114,676,1677,787,1264,460,506,584,1059,439,1564,4,2,5,11,6,20,12,37,17,26,13,13,23,40,17,47,12237,293,10,0,0,0,0
2021-01-25T23:59:59+01:00,151,243,441,689,548,1095,653,1648,771,1246,460,506,584,1059,439,1564,3,2,4,9,6,16,7,28,12,21,8,4,13,27,9,29,12096,198,1,0,0,0,0
2021-01-24T23:59:59+01:00,143,240,431,679,533,1076,637,1635,759,1234,459,503,583,1059,439,1564,2,0,2,6,6,4,5,7,4,9,1,1,11,19,6,16,11973,99,1,0,0,0,0
2021-01-23T23:59:59+01:00,143,240,431,679,533,1076,637,1635,759,1234,459,503,583,1059,439,1564,2,0,2,6,6,4,5,7,4,9,1,1,11,19,6,16,11973,99,1,0,0,0,0
2021-01-22T23:59:59+01:00,139,237,424,674,529,1068,625,1623,753,1217,458,500,570,1035,436,1541,2,0,2,6,6,4,5,7,4,9,1,1,11,19,6,16,11828,99,1,0,0,0,0
2021-01-21T23:59:59+01:00,126,228,409,655,504,1033,594,1570,734,1179,441,465,536,982,405,1483,2,0,2,6,6,4,5,7,4,9,1,1,11,19,6,16,11343,99,1,0,0,0,0
2021-01-20T23:59:59+01:00,107,178,367,562,461,887,540,1334,643,1007,380,407,450,835,350,1277,2,0,2,5,6,4,5,7,4,9,1,1,11,19,6,16,9784,98,1,0,0,0,0
2021-01-19T23:59:59+01:00,98,157,336,487,418,791,498,1219,594,915,354,369,412,754,328,1188,2,0,2,3,6,4,5,7,4,9,1,0,8,15,5,16,8917,87,1,0,0,0,0
2021-01-18T23:59:59+01:00,75,115,294,401,363,640,423,972,505,739,288,301,344,603,275,1001,2,0,2,3,6,4,5,7,4,9,1,0,8,15,5,16,7339,87,0,0,0,0,0
2021-01-17T23:59:59+01:00,72,100,274,371,343,583,401,928,485,707,285,293,342,596,274,993,0,0,0,0,0,0,0,0,0,0,0,0,0,2,0,1,7047,3,0,0,0,0,0
2021-01-16T23:59:59+01:00,71,98,274,371,342,583,401,927,483,705,285,292,340,592,273,993,0,0,0,0,0,0,0,0,0,0,0,0,0,2,0,1,7030,3,0,0,0,0,0
2021-01-15T23:59:59+01:00,70,98,271,368,339,577,392,909,475,692,276,290,328,572,260,981,0,0,0,0,0,0,0,0,0,0,0,0,0,2,0,1,6898,3,0,0,0,0,0
2021-01-14T23:59:59+01:00,54,79,255,343,317,496,352,781,388,561,216,211,240,386,188,705,0,0,0,0,0,0,0,0,0,0,0,0,0,0,0,0,5572,0,0,0,0,0,0
2021-01-13T23:59:59+01:00,47,65,226,282,277,407,285,617,318,454,163,170,181,298,146,538,0,0,0,0,0,0,0,0,0,0,0,0,0,0,0,0,4474,0,0,0,0,0,0
2021-01-12T23:59:59+01:00,42,63,217,264,263,375,267,544,286,410,126,131,144,224,111,414,0,0,0,0,0,0,0,0,0,0,0,0,0,0,0,0,3881,0,0,0,0,0,0
2021-01-11T23:59:59+01:00,36,57,205,243,245,325,218,450,236,347,93,99,110,145,63,256,0,0,0,0,0,0,0,0,0,0,0,0,0,0,0,0,3128,0,0,0,0,0,0
2021-01-10T23:59:59+01:00,31,49,169,171,203,248,181,354,189,279,87,94,107,138,61,243,0,0,0,0,0,0,0,0,0,0,0,0,0,0,0,0,2604,0,0,0,0,0,0
2021-01-09T23:59:59+01:00,30,47,163,166,201,241,178,348,188,274,87,94,107,138,61,243,0,0,0,0,0,0,0,0,0,0,0,0,0,0,0,0,2566,0,0,0,0,0,0
2021-01-08T23:59:59+01:00,25,41,134,143,179,228,156,320,161,253,82,84,104,135,61,241,0,0,0,0,0,0,0,0,0,0,0,0,0,0,0,0,2347,0,0,0,0,0,0
2021-01-07T23:59:59+01:00,8,5,16,24,30,49,36,110,58,98,47,48,62,91,38,158,0,0,0,0,0,0,0,0,0,0,0,0,0,0,0,0,878,0,0,0,0,0,0
2021-01-06T23:59:59+01:00,3,2,6,12,8,21,14,40,20,29,15,12,26,42,19,54,0,0,0,0,0,0,0,0,0,0,0,0,0,0,0,0,323,0,0,0,0,0,0
2021-01-05T23:59:59+01:00,2,1,5,11,7,17,11,32,15,24,11,12,22,35,18,50,0,0,0,0,0,0,0,0,0,0,0,0,0,0,0,0,273,0,0,0,0,0,0
2021-01-04T23:59:59+01:00,1,1,3,7,7,11,5,15,8,15,4,2,11,19,8,25,0,0,0,0,0,0,0,0,0,0,0,0,0,0,0,0,142,0,0,0,0,0,0
2021-01-03T23:59:59+01:00,1,0,2,6,7,4,5,7,4,9,1,1,11,15,7,15,0,0,0,0,0,0,0,0,0,0,0,0,0,0,0,0,95,0,0,0,0,0,0
2021-01-02T23:59:59+01:00,1,0,2,6,7,4,5,7,4,9,1,1,11,15,7,15,0,0,0,0,0,0,0,0,0,0,0,0,0,0,0,0,95,0,0,0,0,0,0
2021-01-01T23:59:59+01:00,1,0,2,6,7,4,5,7,4,9,1,1,11,15,7,15,0,0,0,0,0,0,0,0,0,0,0,0,0,0,0,0,95,0,0,0,0,0,0
2020-12-31T23:59:59+01:00,1,0,2,5,7,4,5,7,4,9,1,1,11,15,7,15,0,0,0,0,0,0,0,0,0,0,0,0,0,0,0,0,94,0,0,0,0,0,0
2020-12-30T23:59:59+01:00,1,0,2,5,7,4,5,7,4,9,1,1,11,15,7,15,0,0,0,0,0,0,0,0,0,0,0,0,0,0,0,0,94,0,0,0,0,0,0
2020-12-29T23:59:59+01:00,1,0,2,3,7,4,5,7,4,9,1,0,8,12,6,15,0,0,0,0,0,0,0,0,0,0,0,0,0,0,0,0,84,0,0,0,0,0,0
2020-12-28T23:59:59+01:00,1,0,2,3,7,4,5,7,4,9,1,0,8,12,6,15,0,0,0,0,0,0,0,0,0,0,0,0,0,0,0,0,84,0,0,0,0,0,0
2020-12-27T23:59:59+01:00,1,0,2,3,7,4,5,7,4,9,1,0,8,11,6,15,0,0,0,0,0,0,0,0,0,0,0,0,0,0,0,0,83,0,0,0,0,0,0
