Datum,<15_m,<15_w,15-24_1_m,15-24_1_w,25-34_1_m,25-34_1_w,35-44_1_m,35-44_1_w,45-54_1_m,45-54_1_w,55-64_1_m,55-64_1_w,65-74_1_m,65-74_1_w,75-84_1_m,75-84_1_w,>84_1_m,>84_1_w,<24_2_m,<24_2_w,25-34_2_m,25-34_2_w,35-44_2_m,35-44_2_w,45-54_2_m,45-54_2_w,55-64_2_m,55-64_2_w,65-74_2_m,65-74_2_w,75-84_2_m,75-84_2_w,>84_2_m,>84_2_w,bp_1,bp_2,mo_1,mo_2,az_1,az_2,ja,unb_1,unb_2
2021-07-21T23:59:59+02:00,832,746,12782,11997,18842,17460,21380,21147,25312,26021,28786,29808,20699,23693,14939,18775,4254,7417,8701,8401,14721,14146,17591,17915,21761,22782,25923,27251,19534,22375,14319,17942,4103,7119,210438,182276,30998,27483,54890,46448,8534,30,85
2021-07-20T23:59:59+02:00,803,722,12640,11866,18740,17381,21313,21075,25253,25958,28751,29758,20675,23663,14931,18762,4251,7414,8382,8101,14269,13822,17225,17652,21473,22559,25685,27070,19453,22269,14290,17907,4101,7113,209795,180202,30889,27324,54888,45591,8354,30,85
2021-07-19T23:59:59+02:00,775,695,12523,11752,18651,17312,21255,21015,25200,25904,28701,29722,20650,23635,14921,18749,4247,7408,8055,7846,13906,13573,16884,17407,21152,22363,25460,26930,19385,22195,14268,17885,4095,7107,209096,178196,30785,27162,54888,44887,8316,30,85
2021-07-18T23:59:59+02:00,757,676,12415,11652,18548,17240,21193,20963,25146,25854,28664,29668,20628,23615,14910,18739,4245,7406,7888,7695,13753,13455,16733,17287,20995,22252,25333,26851,19346,22156,14253,17869,4095,7104,208541,177277,30635,27059,54888,44530,8225,30,85
2021-07-17T23:59:59+02:00,757,676,12411,11652,18547,17237,21193,20963,25146,25854,28664,29668,20628,23615,14910,18739,4245,7406,7880,7694,13749,13450,16732,17286,20994,22251,25332,26849,19345,22156,14253,17869,4095,7104,208537,177257,30635,27058,54888,44529,8221,30,85
2021-07-16T23:59:59+02:00,750,671,12338,11596,18510,17206,21156,20936,25113,25831,28639,29649,20626,23612,14910,18737,4245,7406,7731,7592,13598,13378,16589,17228,20856,22193,25229,26801,19328,22137,14252,17864,4095,7101,208330,176813,30635,26987,54887,44142,8049,30,85
2021-07-15T23:59:59+02:00,735,653,12272,11531,18449,17156,21103,20887,25068,25793,28611,29622,20612,23596,14905,18728,4244,7403,7392,7277,13000,12978,15923,16808,20225,21830,24783,26491,19182,21997,14209,17818,4092,7094,207884,174601,30549,26103,54881,42385,8024,30,85
2021-07-14T23:59:59+02:00,706,633,12065,11398,18285,17051,20984,20794,24969,25693,28524,29524,20578,23563,14886,18713,4241,7400,6977,6917,12343,12521,15246,16327,19597,21375,24322,26152,18967,21771,14177,17770,4084,7083,207088,171781,30402,25773,54880,40462,7607,30,85
2021-07-13T23:59:59+02:00,663,599,11932,11275,18169,16974,20876,20698,24877,25602,28456,29461,20549,23524,14867,18703,4239,7390,6519,6487,11712,12027,14562,15825,18997,20967,23888,25832,18789,21558,14134,17707,4080,7074,206118,168216,30263,25589,54869,38809,7583,21,19
2021-07-12T23:59:59+02:00,630,571,11810,11141,18056,16886,20788,20594,24778,25505,28375,29396,20521,23492,14859,18692,4234,7383,6106,6071,11117,11493,13944,15288,18447,20479,23472,25470,18595,21369,14070,17649,4071,7070,205127,164557,30137,24765,54866,37858,7560,21,19
2021-07-11T23:59:59+02:00,597,546,11697,11053,17990,16825,20734,20539,24725,25462,28320,29351,20502,23473,14850,18685,4234,7382,5912,5904,10860,11291,13719,15091,18205,20297,23269,25285,18523,21289,14044,17623,4070,7064,204524,163192,30016,24297,54864,37438,7547,14,16
2021-07-10T23:59:59+02:00,596,546,11690,11052,17986,16823,20731,20539,24722,25461,28319,29351,20502,23473,14849,18683,4234,7382,5906,5903,10859,11285,13711,15087,18204,20295,23268,25283,18521,21288,14043,17623,4070,7064,204505,163167,30015,24296,54864,37434,7541,14,16
2021-07-09T23:59:59+02:00,568,523,11582,10932,17911,16740,20663,20477,24649,25386,28270,29306,20479,23453,14846,18675,4234,7381,5872,5873,10830,11252,13661,15065,18173,20262,23249,25260,18516,21278,14041,17620,4070,7063,203649,162932,30015,24246,54864,37401,7533,14,16
2021-07-08T23:59:59+02:00,536,499,11424,10804,17794,16638,20536,20382,24545,25265,28154,29231,20435,23404,14830,18647,4231,7373,5523,5617,10324,10862,13044,14611,17517,19704,22648,24802,18213,20900,13944,17538,4065,7053,202926,160631,29991,23442,54843,35359,6954,14,16
2021-07-07T23:59:59+02:00,476,448,11264,10669,17714,16555,20466,20313,24471,25188,28093,29170,20408,23369,14825,18635,4229,7365,5213,5326,9804,10415,12474,14139,16839,19187,22085,24308,17904,20541,13842,17440,4058,7030,201946,158194,29968,21994,54825,33529,6905,14,16
2021-07-06T23:59:59+02:00,439,417,11146,10524,17602,16466,20376,20215,24395,25098,28004,29095,20382,23330,14816,18619,4227,7362,4841,4914,9213,9914,11775,13546,16152,18582,21584,23816,17588,20239,13743,17327,4049,7020,200854,154125,29962,21058,54816,32258,6867,14,16
2021-07-05T23:59:59+02:00,417,391,11055,10439,17515,16398,20296,20145,24334,25046,27963,29057,20358,23309,14805,18611,4226,7359,4551,4598,8720,9463,11214,12995,15445,17942,20965,23210,17195,19846,13612,17172,4041,7012,200125,150247,29958,20384,54808,30532,6819,14,16
2021-07-04T23:59:59+02:00,404,385,10979,10385,17449,16344,20247,20096,24303,25010,27947,29039,20349,23297,14799,18608,4225,7358,4406,4505,8590,9298,11024,12819,15207,17732,20702,22940,16924,19556,13553,17081,4037,7008,199645,148944,29954,20078,54806,29556,6805,14,16
2021-07-03T23:59:59+02:00,403,384,10972,10376,17439,16337,20245,20093,24301,25009,27944,29038,20349,23296,14799,18608,4225,7357,4402,4500,8584,9297,11021,12819,15203,17732,20699,22937,16924,19553,13553,17081,4037,7008,199614,148934,29953,20078,54806,29551,6788,14,16
2021-07-02T23:59:59+02:00,359,321,10826,10266,17329,16235,20144,20019,24230,24944,27885,28978,20323,23270,14793,18594,4225,7355,4313,4421,8426,9157,10886,12709,15080,17625,20587,22833,16883,19524,13546,17066,4037,7005,198741,147945,29953,20078,54806,29494,6582,14,16
2021-07-01T23:59:59+02:00,313,277,10695,10131,17202,16144,20023,19932,24149,24868,27824,28928,20303,23245,14777,18579,4222,7351,4113,4220,8132,8822,10520,12300,14521,17130,20083,22294,16596,19227,13341,16854,4027,6983,197678,144903,29896,19411,54799,28272,6576,14,16
2021-06-30T23:59:59+02:00,231,216,10444,9895,17034,15997,19892,19800,24035,24746,27744,28841,20282,23214,14758,18561,4221,7350,3918,4024,7830,8484,10110,11841,14034,16578,19513,21664,16274,18890,13070,16578,4015,6957,196054,141242,29841,19156,54790,26818,6562,14,16
2021-06-29T23:59:59+02:00,186,179,10298,9720,16901,15901,19788,19712,23967,24671,27687,28773,20256,23188,14744,18542,4221,7347,3714,3763,7434,8036,9637,11306,13382,15914,18901,20964,15957,18564,12825,16288,4008,6943,194914,136968,29837,18861,54786,25274,6530,14,16
2021-06-28T23:59:59+02:00,137,127,10101,9539,16784,15794,19687,19613,23875,24577,27620,28714,20226,23159,14730,18523,4219,7345,3511,3506,7036,7599,9205,10814,12833,15378,18407,20450,15708,18300,12707,16156,4002,6932,193753,133155,29724,18437,54783,24452,6496,14,16
2021-06-27T23:59:59+02:00,119,110,9965,9428,16729,15735,19627,19563,23817,24528,27593,28690,20213,23143,14727,18519,4218,7342,3419,3440,6861,7406,9019,10613,12604,15138,18146,20191,15588,18197,12642,16071,4002,6928,193126,131966,29669,18092,54778,23724,6479,14,16
2021-06-26T23:59:59+02:00,119,110,9963,9424,16728,15731,19625,19562,23814,24527,27593,28690,20213,23143,14727,18519,4218,7342,3416,3440,6859,7405,9016,10611,12603,15135,18144,20190,15585,18196,12642,16070,4002,6928,193109,131947,29668,18092,54778,23720,6479,14,16
2021-06-25T23:59:59+02:00,115,107,9917,9383,16691,15699,19592,19534,23778,24499,27569,28671,20207,23136,14725,18516,4218,7342,3397,3395,6785,7295,8920,10456,12489,14939,18001,19983,15563,18167,12634,16067,4001,6927,192795,131770,29633,17740,54778,23026,6479,14,16
2021-06-24T23:59:59+02:00,105,96,9794,9259,16511,15578,19463,19413,23658,24412,27513,28612,20194,23120,14718,18507,4217,7340,3275,3250,6581,6967,8614,10003,11960,14319,17447,19282,15339,17939,12489,15938,3998,6915,191969,129383,29291,16886,54777,21583,6459,14,16
2021-06-23T23:59:59+02:00,100,90,9666,9122,16374,15454,19349,19307,23561,24309,27449,28565,20179,23098,14714,18502,4214,7339,3072,3008,6233,6485,8116,9440,11266,13502,16688,18306,15050,17603,12340,15797,3988,6890,191061,124886,29127,15916,54767,20554,6423,14,16
2021-06-22T23:59:59+02:00,70,64,9376,8817,16148,15255,19163,19158,23417,24187,27378,28483,20158,23074,14706,18483,4210,7333,2838,2719,5750,5938,7493,8675,10356,12464,15661,17098,14747,17238,12231,15671,3975,6867,189393,118430,28921,15428,54763,19474,6391,12,9
2021-06-21T23:59:59+02:00,66,57,9250,8654,15975,15110,18975,19004,23286,24064,27318,28404,20134,23047,14700,18474,4210,7329,2693,2527,5367,5472,7029,8090,9626,11589,14931,16166,14469,16926,12125,15550,3970,6851,188202,113728,28697,14870,54757,18396,6389,12,9
2021-06-20T23:59:59+02:00,63,56,9115,8524,15840,14997,18866,18916,23212,23993,27278,28353,20123,23027,14689,18467,4207,7328,2636,2458,5203,5291,6815,7824,9321,11259,14568,15766,14336,16794,12085,15513,3965,6846,187322,112040,28578,14647,54757,17610,6385,12,9
2021-06-19T23:59:59+02:00,63,56,9115,8523,15839,14992,18865,18916,23211,23993,27278,28352,20123,23027,14689,18467,4207,7328,2633,2457,5202,5287,6814,7824,9321,11258,14566,15762,14334,16794,12085,15513,3965,6846,187313,112024,28577,14645,54757,17609,6385,12,9
2021-06-18T23:59:59+02:00,63,52,9087,8512,15826,14984,18850,18908,23204,23984,27271,28347,20123,23024,14688,18467,4207,7328,2604,2423,5147,5228,6736,7724,9222,11102,14394,15535,14256,16693,12075,15492,3963,6843,187196,111240,28576,14644,54756,17170,6385,12,9
2021-06-17T23:59:59+02:00,56,50,8913,8351,15592,14817,18652,18752,23048,23853,27135,28256,20099,23002,14682,18455,4205,7325,2469,2272,4820,4929,6350,7322,8675,10498,13564,14666,14019,16404,12003,15371,3959,6831,185876,108383,28571,13690,54748,16045,6036,12,9
2021-06-16T23:59:59+02:00,48,48,8684,8137,15360,14594,18442,18554,22860,23686,27029,28146,20070,22959,14668,18435,4201,7319,2355,2164,4578,4727,5999,6978,8150,10011,12849,13829,13669,16021,11918,15282,3954,6819,184101,104938,28474,12891,54745,15568,5908,12,9
2021-06-15T23:59:59+02:00,39,35,8335,7800,14982,14239,18123,18264,22611,23473,26871,28012,20041,22926,14655,18419,4199,7309,2171,1997,4227,4373,5492,6419,7271,9125,11657,12556,13133,15406,11796,15119,3939,6796,181506,98711,28438,12230,54744,14905,5633,12,9
2021-06-14T23:59:59+02:00,33,30,8154,7633,14727,14009,17920,18093,22460,23353,26760,27932,20020,22893,14642,18411,4195,7301,2057,1872,3973,4128,5105,5949,6615,8405,10732,11506,12818,15059,11724,15025,3929,6777,179930,93886,28417,11869,54742,14454,5465,12,9
2021-06-13T23:59:59+02:00,33,30,8077,7578,14647,13924,17806,17982,22379,23273,26730,27904,20007,22883,14638,18405,4195,7301,2009,1844,3892,4030,4986,5810,6385,8164,10438,11172,12661,14881,11666,14969,3928,6776,179182,92503,28405,11577,54739,14076,5454,12,8
2021-06-12T23:59:59+02:00,33,30,8076,7577,14646,13924,17806,17982,22377,23272,26729,27901,20007,22882,14638,18405,4195,7301,2008,1842,3891,4030,4984,5809,6382,8162,10435,11166,12658,14880,11666,14967,3928,6776,179171,92485,28405,11577,54739,14067,5454,12,8
2021-06-11T23:59:59+02:00,33,29,8010,7536,14558,13876,17731,17932,22307,23238,26686,27879,20005,22878,14638,18404,4195,7301,1992,1833,3855,3973,4942,5742,6321,8079,10336,11063,12619,14845,11655,14961,3928,6776,178837,92272,28327,11571,54738,13754,5322,12,8
2021-06-10T23:59:59+02:00,28,22,7669,7242,14168,13512,17302,17556,21977,22957,26494,27700,19962,22833,14625,18387,4192,7289,1887,1750,3641,3811,4669,5473,6004,7714,9726,10451,12104,14188,11587,14853,3920,6769,176250,89125,27836,11196,54728,13134,5089,12,8
2021-06-09T23:59:59+02:00,27,19,7300,6892,13703,13071,16785,17090,21587,22589,26280,27488,19889,22762,14607,18352,4189,7281,1718,1636,3442,3636,4416,5205,5622,7311,8957,9739,11440,13358,11470,14713,3910,6757,172999,84903,27291,10562,54715,12968,4894,12,8
2021-06-08T23:59:59+02:00,22,15,6923,6484,13189,12589,16316,16624,21229,22252,26065,27286,19831,22684,14577,18317,4186,7274,1626,1560,3220,3407,4098,4853,5115,6823,8073,8821,10557,12282,11328,14556,3906,6742,169589,79258,26805,10265,54706,12691,4751,12,7
2021-06-07T23:59:59+02:00,19,12,6645,6193,12762,12215,15918,16225,20902,21957,25903,27131,19795,22631,14556,18298,4179,7268,1564,1489,3032,3235,3821,4625,4716,6447,7362,8074,9652,11138,11218,14410,3895,6724,167034,74526,26379,9902,54687,12475,4497,12,7
2021-06-06T23:59:59+02:00,19,12,6503,6060,12619,12064,15755,16065,20737,21794,25817,27044,19775,22594,14545,18288,4178,7264,1549,1466,2959,3194,3726,4561,4610,6367,7220,7945,9395,10870,11172,14360,3892,6719,165801,73846,26276,9477,54666,12302,4378,12,7
2021-06-05T23:59:59+02:00,19,12,6494,6057,12610,12052,15747,16058,20735,21792,25817,27042,19775,22594,14545,18288,4178,7264,1547,1464,2956,3193,3725,4560,4607,6367,7216,7940,9389,10866,11172,14360,3892,6719,165747,73819,26276,9476,54666,12298,4378,12,7
2021-06-04T23:59:59+02:00,19,12,6464,6017,12552,12001,15687,16010,20707,21760,25800,27025,19771,22588,14542,18288,4178,7264,1546,1459,2943,3183,3706,4546,4597,6353,7181,7897,9357,10796,11134,14319,3891,6718,165652,73545,26017,9464,54644,12255,4360,12,7
2021-06-03T23:59:59+02:00,19,11,6231,5793,12253,11753,15365,15699,20376,21421,25545,26813,19725,22514,14522,18269,4177,7260,1503,1414,2871,3118,3609,4469,4484,6254,6980,7716,8982,10350,11082,14246,3891,6713,163175,72248,25770,9167,54643,12118,4146,12,7
2021-06-02T23:59:59+02:00,19,11,6170,5733,12187,11688,15292,15632,20304,21360,25528,26789,19720,22511,14519,18266,4176,7259,1489,1405,2855,3106,3593,4455,4450,6237,6947,7678,8903,10240,11073,14221,3890,6712,162833,71888,25584,9161,54642,12109,4093,12,7
2021-06-01T23:59:59+02:00,15,11,5713,5235,11445,10990,14467,14901,19590,20692,25118,26405,19630,22420,14485,18219,4168,7251,1376,1297,2556,2839,3215,4119,3963,5778,6121,6876,7717,8622,10829,13875,3876,6695,157789,66494,24930,8259,54615,11590,3409,12,6
2021-05-31T23:59:59+02:00,14,11,5464,4935,11001,10565,13941,14407,19111,20196,24812,26065,19536,22335,14446,18173,4159,7235,1317,1243,2404,2707,3014,3950,3693,5489,5571,6350,6721,7364,10588,13556,3867,6661,154317,62470,24241,7411,54611,11387,3225,12,6
2021-05-30T23:59:59+02:00,14,11,5384,4859,10818,10440,13777,14228,18764,19877,24570,25820,19505,22305,14438,18153,4158,7233,1296,1230,2379,2677,2967,3904,3625,5434,5468,6261,6550,7134,10551,13482,3865,6651,152824,61740,23741,7350,54585,11190,3192,12,6
2021-05-29T23:59:59+02:00,14,11,5382,4859,10818,10436,13773,14225,18764,19876,24569,25818,19505,22305,14438,18153,4158,7233,1295,1228,2378,2676,2965,3901,3625,5432,5467,6259,6546,7130,10551,13482,3865,6651,152808,61730,23741,7349,54584,11178,3192,12,6
2021-05-28T23:59:59+02:00,14,11,5365,4847,10796,10400,13747,14206,18748,19859,24561,25809,19504,22304,14436,18150,4158,7232,1290,1228,2378,2670,2964,3899,3619,5426,5453,6243,6530,7112,10542,13460,3864,6647,152623,61625,23739,7349,54583,11159,3190,12,6
2021-05-27T23:59:59+02:00,11,11,5071,4565,10281,9948,13162,13675,18060,19246,23982,25273,19407,22191,14403,18104,4147,7219,1122,1088,2097,2480,2665,3612,3328,5073,5124,5965,6233,6697,10314,13179,3859,6632,149370,59788,22753,7313,54477,10221,2144,12,6
2021-05-26T23:59:59+02:00,11,11,4808,4305,9844,9568,12643,13157,17447,18638,23348,24595,19282,22042,14357,18049,4141,7202,1042,1006,1941,2326,2466,3415,3066,4828,4735,5618,5680,6050,9946,12648,3843,6596,145264,56654,22000,7277,54356,9455,1818,10,6
2021-05-25T23:59:59+02:00,11,11,4593,4075,9429,9093,12181,12652,16912,18060,22826,23957,19150,21870,14326,17970,4132,7188,991,961,1879,2238,2355,3281,2895,4627,4389,5244,5105,5317,9498,12048,3827,6571,141211,53110,21172,7262,54227,9036,1816,10,6
2021-05-24T23:59:59+02:00,11,11,4479,3916,9217,8891,11979,12394,16612,17739,22497,23559,19075,21791,14311,17950,4130,7187,975,913,1820,2196,2282,3220,2809,4546,4269,5128,4962,5158,9408,11921,3825,6563,139709,52407,20218,7210,54050,8614,1762,10,6
2021-05-23T23:59:59+02:00,11,11,4469,3915,9211,8887,11967,12384,16601,17732,22481,23538,19069,21786,14310,17948,4130,7187,975,910,1818,2192,2279,3218,2803,4543,4262,5112,4955,5144,9401,11908,3824,6562,139600,52336,20216,7197,54049,8609,1762,10,6
2021-05-22T23:59:59+02:00,11,11,4464,3912,9208,8884,11959,12378,16599,17728,22479,23536,19069,21786,14310,17948,4130,7187,975,910,1818,2191,2277,3218,2802,4543,4262,5110,4953,5143,9400,11908,3824,6562,139574,52331,20216,7197,54037,8604,1762,10,6
2021-05-21T23:59:59+02:00,11,11,4431,3873,9140,8809,11887,12289,16508,17653,22415,23468,19049,21768,14306,17941,4130,7185,930,900,1785,2179,2246,3209,2771,4518,4214,5082,4928,5120,9388,11901,3823,6561,138918,52266,20216,7197,54018,8378,1712,10,6
2021-05-20T23:59:59+02:00,8,10,4173,3689,8695,8454,11405,11872,15838,17150,21832,22889,18863,21601,14274,17900,4125,7174,783,835,1529,2020,2003,3053,2528,4298,3967,4851,4771,4958,9275,11758,3815,6536,135514,51533,19841,7099,53599,7358,988,10,6
2021-05-19T23:59:59+02:00,8,10,3926,3444,8197,7987,10826,11325,15166,16448,21154,22165,18662,21371,14233,17850,4119,7157,731,789,1469,1941,1926,2950,2461,4174,3826,4693,4597,4747,9072,11530,3795,6507,130111,50452,19658,6967,53299,6817,970,10,6
2021-05-18T23:59:59+02:00,7,9,3639,3178,7648,7447,10094,10624,14203,15513,20207,21107,18403,21088,14178,17790,4113,7135,675,741,1413,1856,1852,2840,2332,4031,3651,4492,4329,4456,8870,11282,3782,6480,123054,49220,19563,6770,52858,6192,898,10,6
2021-05-17T23:59:59+02:00,7,9,3449,2967,7185,6980,9587,10084,13471,14722,19522,20305,18217,20826,14131,17725,4103,7121,616,686,1332,1793,1778,2758,2223,3956,3514,4379,4081,4225,8727,11070,3769,6451,117803,48421,19323,6555,52393,5498,882,10,6
2021-05-16T23:59:59+02:00,7,8,3321,2894,6978,6802,9384,9870,13217,14487,19296,20077,18139,20746,14117,17706,4102,7115,604,641,1293,1744,1735,2697,2186,3863,3450,4296,3990,4126,8707,11045,3767,6449,116184,48278,19082,6390,52112,5045,878,10,6
2021-05-15T23:59:59+02:00,7,8,3320,2891,6972,6795,9382,9864,13214,14485,19293,20068,18137,20745,14117,17706,4102,7115,604,641,1291,1744,1733,2697,2184,3863,3449,4296,3988,4124,8707,11045,3767,6449,116142,48272,19082,6389,52110,5042,877,10,6
2021-05-14T23:59:59+02:00,7,8,3280,2848,6860,6653,9253,9728,13065,14302,19122,19933,18113,20720,14116,17698,4101,7112,582,629,1270,1725,1705,2677,2150,3837,3405,4260,3938,4070,8700,11038,3767,6448,115739,48234,18335,6242,52030,4917,806,9,6
2021-05-13T23:59:59+02:00,7,8,3157,2684,6537,6334,8817,9330,12522,13822,18518,19337,17982,20576,14083,17662,4096,7110,546,604,1217,1671,1647,2604,2062,3731,3255,4142,3835,3934,8680,11018,3764,6444,112867,48142,17638,5855,51429,4513,640,8,6
2021-05-12T23:59:59+02:00,7,8,3130,2652,6504,6296,8770,9277,12385,13709,18333,19132,17949,20542,14075,17652,4096,7110,545,602,1216,1669,1642,2601,2054,3725,3241,4134,3822,3921,8672,11012,3764,6443,112156,48117,17411,5828,51412,4474,640,8,6
2021-05-11T23:59:59+02:00,5,8,2739,2397,5704,5795,7805,8463,10996,12551,16765,17657,17443,19980,13993,17547,4078,7087,508,543,1085,1562,1479,2445,1867,3546,3017,3873,3714,3808,8603,10920,3760,6438,104760,47888,16790,5633,49340,3527,116,7,6
2021-05-10T23:59:59+02:00,5,7,2552,2229,5232,5415,7108,7837,9963,11637,15473,16287,17065,19530,13930,17433,4071,7063,481,517,1042,1524,1435,2394,1807,3444,2898,3742,3633,3735,8564,10873,3756,6434,98947,47773,15891,5405,47877,2983,115,7,5
2021-05-09T23:59:59+02:00,5,7,2468,2199,5095,5332,6922,7718,9556,11299,14928,15760,16947,19392,13910,17405,4068,7058,465,499,1008,1467,1363,2310,1749,3321,2786,3586,3549,3641,8539,10841,3753,6431,97375,47689,15310,5123,47264,2380,113,7,5
2021-05-08T23:59:59+02:00,5,7,2464,2198,5094,5332,6922,7716,9552,11296,14927,15759,16947,19392,13910,17405,4068,7058,464,498,1008,1467,1363,2309,1749,3321,2785,3585,3547,3641,8539,10841,3753,6431,97361,47685,15309,5123,47262,2377,113,7,5
2021-05-07T23:59:59+02:00,5,7,2292,2136,4823,5238,6560,7562,9104,11081,14486,15439,16771,19191,13898,17376,4068,7056,452,496,997,1456,1348,2295,1713,3312,2736,3550,3503,3601,8463,10760,3753,6428,96657,47662,14796,4785,45524,2304,109,7,5
2021-05-06T23:59:59+02:00,5,7,2057,2003,4275,4887,5915,7186,8343,10523,13516,14618,16375,18741,13849,17282,4056,7043,421,448,955,1357,1262,2134,1607,3089,2516,3267,3325,3402,8286,10571,3744,6415,94083,47226,13556,4185,42995,1344,41,6,5
2021-05-05T23:59:59+02:00,5,7,1931,1890,3990,4664,5484,6816,7653,9937,12400,13563,15699,17906,13746,17180,4047,7019,410,436,942,1330,1232,2090,1571,3013,2456,3184,3275,3362,8208,10475,3738,6405,89672,47095,12232,4041,42001,962,26,6,5
2021-05-04T23:59:59+02:00,5,7,1845,1805,3723,4429,5075,6458,6993,9363,11184,12323,14781,16779,13636,17043,4043,7005,405,428,923,1311,1211,2047,1553,2977,2411,3130,3231,3315,8119,10364,3732,6391,83864,46961,11594,3843,41021,729,12,6,5
2021-05-03T23:59:59+02:00,4,7,1792,1753,3573,4307,4844,6247,6610,9032,10457,11587,14059,15802,13550,16927,4034,6988,400,419,920,1298,1197,2013,1534,2936,2378,3084,3179,3275,8006,10262,3727,6385,79444,46836,11390,3625,40724,539,10,5,5
2021-05-02T23:59:59+02:00,4,7,1782,1735,3499,4283,4763,6194,6540,8974,10343,11473,13873,15608,13518,16900,4033,6983,398,411,914,1283,1194,1996,1531,2923,2362,3067,3164,3258,7970,10230,3726,6381,78890,46817,11114,3528,40497,454,6,5,5
2021-05-01T23:59:59+02:00,4,7,1780,1735,3498,4282,4763,6193,6537,8973,10338,11469,13870,15608,13517,16899,4033,6980,397,411,914,1283,1194,1995,1531,2923,2362,3067,3164,3258,7970,10230,3726,6380,78864,46814,11114,3528,40497,454,6,5,5
2021-04-30T23:59:59+02:00,4,7,1778,1729,3492,4273,4757,6180,6516,8958,10300,11431,13818,15534,13491,16868,4032,6979,397,409,913,1281,1194,1995,1531,2923,2360,3066,3164,3256,7969,10228,3726,6380,78535,46807,11114,3527,40488,450,5,5,5
2021-04-29T23:59:59+02:00,4,7,1651,1687,3252,4157,4482,6031,6203,8708,9887,11042,13239,14831,13388,16714,4026,6971,389,398,904,1260,1173,1959,1507,2886,2330,3018,3149,3244,7956,10210,3724,6376,75759,46686,10728,3526,39783,263,5,5,5
2021-04-28T23:59:59+02:00,4,7,1523,1640,3076,4057,4245,5853,5846,8436,9301,10553,12366,13650,13233,16505,4017,6957,380,388,888,1248,1157,1930,1472,2842,2260,2949,2996,3112,7844,10094,3717,6365,71272,46272,10541,3115,39447,248,4,5,5
2021-04-27T23:59:59+02:00,4,7,1483,1595,2967,3940,4043,5711,5539,8177,8680,9882,11327,12345,13004,16150,4006,6935,368,373,879,1227,1142,1895,1446,2770,2214,2888,2957,3068,7817,10064,3711,6361,66470,46062,10353,2943,38963,168,4,5,5
2021-04-26T23:59:59+02:00,4,7,1456,1562,2856,3863,3870,5567,5228,7965,8191,9441,10571,11419,12860,15946,3995,6917,367,368,869,1217,1126,1884,1416,2750,2187,2858,2908,3018,7773,10015,3705,6356,63060,45966,10164,2697,38485,147,4,5,5
2021-04-25T23:59:59+02:00,4,7,1445,1556,2789,3833,3775,5507,5093,7918,7995,9334,10375,11184,12823,15892,3994,6912,366,363,860,1210,1108,1870,1401,2731,2165,2831,2867,2985,7724,9967,3704,6351,62556,45887,9961,2488,37910,121,4,5,5
2021-04-24T23:59:59+02:00,4,7,1444,1556,2789,3832,3775,5506,5091,7916,7991,9330,10369,11182,12823,15892,3994,6912,366,363,860,1210,1108,1869,1400,2730,2164,2831,2867,2985,7724,9967,3704,6351,62534,45883,9961,2488,37909,121,4,5,5
2021-04-23T23:59:59+02:00,4,7,1428,1547,2721,3798,3693,5476,4973,7868,7860,9271,10284,11073,12799,15851,3992,6908,366,363,859,1208,1108,1869,1399,2730,2164,2831,2867,2985,7723,9967,3704,6351,62404,45879,9685,2488,37455,120,4,5,5
2021-04-22T23:59:59+02:00,4,7,1385,1518,2615,3731,3535,5372,4742,7715,7508,9035,9717,10381,12533,15553,3986,6885,358,362,850,1197,1096,1857,1379,2703,2130,2805,2817,2932,7631,9861,3693,6335,60793,45475,9026,2419,36394,105,4,5,5
2021-04-21T23:59:59+02:00,4,7,1351,1482,2534,3653,3417,5270,4525,7534,7099,8710,8833,9350,12121,14974,3973,6844,354,360,845,1181,1087,1837,1361,2674,2101,2777,2759,2875,7519,9697,3676,6307,58073,45003,8158,2295,35441,105,4,5,5
2021-04-20T23:59:59+02:00,4,7,1328,1456,2465,3579,3315,5172,4351,7353,6713,8380,7942,8224,11659,14383,3959,6830,349,356,834,1168,1078,1815,1337,2651,2068,2734,2699,2818,7371,9514,3646,6254,55222,44296,7392,2290,34498,100,3,5,5
2021-04-19T23:59:59+02:00,4,7,1312,1441,2427,3541,3254,5105,4246,7251,6473,8148,7312,7450,11407,14028,3949,6812,347,354,830,1159,1072,1803,1314,2638,2035,2709,2646,2775,7256,9350,3623,6215,53280,43746,7021,2277,33858,97,3,5,5
2021-04-18T23:59:59+02:00,4,6,1303,1429,2395,3515,3214,5084,4193,7193,6340,8019,6958,7062,11313,13923,3946,6800,347,353,828,1155,1071,1796,1312,2625,2029,2704,2640,2762,7230,9318,3621,6212,52765,43625,6560,2275,33364,97,3,5,5
2021-04-17T23:59:59+02:00,4,6,1302,1427,2395,3514,3213,5080,4188,7190,6333,8009,6944,7052,11311,13921,3946,6800,347,353,827,1154,1071,1796,1311,2624,2028,2702,2637,2760,7229,9318,3621,6212,52743,43613,6558,2274,33326,97,3,5,5
2021-04-16T23:59:59+02:00,4,6,1299,1426,2385,3508,3205,5073,4168,7172,6282,7976,6868,6967,11300,13907,3944,6798,346,352,823,1151,1069,1796,1308,2623,2025,2702,2636,2753,7226,9316,3620,6212,52686,43590,6322,2269,33272,93,3,5,5
2021-04-15T23:59:59+02:00,2,4,1262,1404,2330,3461,3108,5013,4008,7045,6024,7744,6325,6411,11053,13619,3930,6766,338,350,805,1130,1030,1737,1263,2551,1951,2607,2559,2683,7138,9229,3610,6195,51602,43001,5935,2083,31964,88,3,5,3
2021-04-14T23:59:59+02:00,2,4,1240,1391,2295,3433,3038,4951,3901,6939,5833,7536,5683,5708,10665,13134,3898,6715,330,347,793,1121,1013,1712,1233,2510,1900,2557,2482,2614,6990,9034,3591,6169,50201,42342,5728,1963,30430,88,2,5,3
2021-04-13T23:59:59+02:00,2,4,1226,1382,2263,3403,2983,4888,3791,6857,5585,7315,5151,5162,10324,12721,3875,6687,309,333,775,1093,990,1692,1208,2475,1864,2516,2417,2549,6872,8898,3555,6108,49187,41660,5524,1906,28901,85,2,5,3
2021-04-12T23:59:59+02:00,2,4,1211,1376,2239,3379,2933,4843,3665,6776,5375,7165,4824,4867,10075,12440,3866,6664,293,329,764,1089,974,1675,1194,2452,1815,2468,2341,2489,6758,8757,3540,6086,48722,41089,5326,1858,27649,74,2,5,3
2021-04-11T23:59:59+02:00,2,4,1206,1364,2220,3360,2900,4823,3603,6705,5230,7056,4593,4668,9890,12242,3861,6653,287,327,759,1081,964,1661,1183,2424,1793,2438,2287,2430,6675,8649,3526,6066,48641,40674,5090,1800,26642,73,2,5,3
2021-04-10T23:59:59+02:00,2,4,1206,1363,2218,3356,2898,4819,3598,6702,5220,7045,4588,4659,9882,12229,3861,6652,284,323,744,1074,951,1656,1160,2404,1723,2386,2204,2344,6619,8602,3525,6062,48588,40509,5090,1479,26617,70,2,5,3
2021-04-09T23:59:59+02:00,2,4,1203,1360,2211,3354,2890,4810,3589,6691,5190,7021,4564,4633,9857,12199,3860,6652,275,320,724,1064,937,1635,1128,2357,1632,2311,1986,2076,6466,8445,3504,6029,48515,39663,5085,1153,26483,70,2,5,3
2021-04-08T23:59:59+02:00,2,4,1178,1340,2156,3298,2806,4720,3448,6565,4954,6788,4177,4225,9317,11628,3842,6599,250,300,670,1002,879,1561,1054,2258,1498,2191,1711,1742,6006,7890,3417,5886,48058,37112,4563,1148,24419,52,2,5,3
2021-04-07T23:59:59+02:00,2,4,1168,1326,2125,3282,2764,4682,3359,6503,4793,6654,3885,3925,8756,11078,3825,6568,216,270,610,948,819,1491,995,2198,1393,2092,1571,1567,5412,7196,3327,5734,47852,34642,4091,1144,22750,51,1,5,3
2021-04-06T23:59:59+02:00,2,4,1147,1309,2082,3258,2725,4650,3294,6456,4666,6562,3635,3672,8266,10568,3809,6538,209,265,582,929,794,1443,951,2141,1310,2006,1428,1381,4838,6407,3217,5531,47657,32245,3555,1137,21425,48,1,5,3
2021-04-05T23:59:59+02:00,2,4,1145,1305,2078,3255,2715,4648,3280,6442,4644,6544,3603,3645,8239,10531,3805,6536,206,252,575,913,775,1419,935,2105,1270,1966,1381,1318,4625,6137,3169,5476,47571,31337,3551,1135,21293,48,1,5,3
2021-04-04T23:59:59+02:00,2,4,1145,1305,2078,3254,2715,4647,3280,6442,4643,6543,3599,3643,8237,10529,3805,6536,206,252,574,913,775,1419,935,2105,1270,1965,1381,1318,4624,6137,3169,5476,47565,31334,3551,1135,21285,48,1,5,3
2021-04-03T23:59:59+02:00,2,4,1145,1305,2077,3254,2715,4647,3280,6442,4643,6543,3598,3641,8237,10527,3805,6536,206,252,574,913,775,1419,935,2105,1270,1965,1381,1318,4624,6137,3169,5476,47563,31334,3550,1135,21282,48,1,5,3
2021-04-02T23:59:59+02:00,2,4,1145,1305,2077,3252,2715,4646,3280,6439,4643,6541,3596,3637,8235,10526,3805,6536,206,252,574,913,775,1417,935,2105,1270,1964,1381,1316,4622,6136,3168,5476,47547,31326,3550,1134,21281,48,1,5,3
2021-04-01T23:59:59+02:00,1,4,1132,1268,2012,3130,2608,4449,3133,6192,4486,6304,3552,3601,8137,10421,3795,6520,201,243,570,905,764,1411,925,2091,1247,1948,1360,1289,4384,5818,3050,5311,47185,30344,3545,1130,20009,41,1,5,3
2021-03-31T23:59:59+02:00,1,4,1114,1236,1973,3029,2532,4306,3043,5979,4358,6074,3471,3520,7987,10223,3776,6486,193,240,563,893,760,1393,913,2071,1206,1914,1304,1226,3899,5224,2923,5078,46588,28630,3418,1130,19100,40,1,5,1
2021-03-30T23:59:59+02:00,1,3,1092,1202,1924,2848,2430,4080,2892,5621,4156,5687,3378,3426,7823,10019,3750,6435,189,235,555,881,749,1371,891,2051,1158,1869,1221,1143,3377,4516,2701,4746,45955,26492,3256,1130,17550,31,1,5,1
2021-03-29T23:59:59+02:00,1,3,1076,1158,1863,2713,2345,3919,2753,5367,3994,5413,3282,3328,7663,9791,3721,6388,188,232,549,870,739,1357,874,2027,1123,1840,1147,1058,2800,3839,2522,4452,45316,24470,3029,1126,16427,21,1,5,1
2021-03-28T23:59:59+02:00,1,3,1056,1125,1791,2548,2262,3713,2632,5068,3842,5136,3217,3263,7598,9726,3717,6382,188,232,547,867,738,1355,872,2021,1120,1838,1138,1046,2745,3772,2509,4425,45209,24274,2818,1123,15047,16,1,5,1
2021-03-27T23:59:59+01:00,1,3,1056,1125,1791,2547,2261,3712,2629,5068,3839,5136,3213,3263,7597,9726,3717,6382,188,232,546,867,738,1355,871,2021,1118,1838,1138,1046,2745,3772,2509,4425,45200,24270,2818,1123,15042,16,1,5,1
2021-03-26T23:59:59+01:00,1,3,1053,1103,1748,2432,2197,3554,2569,4857,3753,4912,3192,3246,7594,9721,3716,6381,188,231,545,867,737,1355,871,2021,1118,1835,1134,1045,2742,3764,2508,4422,45174,24246,2817,1123,14035,14,1,5,1
2021-03-25T23:59:59+01:00,1,3,1027,1072,1697,2329,2114,3386,2463,4630,3642,4715,3091,3156,7467,9590,3709,6367,186,228,540,866,730,1345,865,2004,1103,1811,1089,1001,2517,3418,2311,4131,44919,23008,2485,1123,13050,14,1,4,1
2021-03-24T23:59:59+01:00,1,3,1005,1053,1677,2287,2083,3335,2429,4563,3598,4646,3004,3087,7339,9419,3692,6348,186,224,534,863,723,1335,854,1989,1084,1790,1049,959,2133,2875,1923,3621,44384,21007,2356,1121,12824,14,1,4,1
2021-03-23T23:59:59+01:00,1,3,995,1047,1658,2255,2060,3301,2393,4520,3558,4595,2937,3014,7246,9320,3674,6320,184,221,530,858,716,1324,840,1970,1048,1760,968,869,1772,2385,1581,3158,43872,19084,2346,1087,12675,13,1,3,1
2021-03-22T23:59:59+01:00,1,3,992,1040,1643,2240,2046,3283,2371,4492,3521,4554,2892,2980,7184,9250,3659,6303,181,218,529,848,700,1301,826,1956,1019,1733,922,798,1303,1812,1236,2678,43537,17014,2326,1033,12587,13,1,3,1
2021-03-21T23:59:59+01:00,1,3,992,1040,1642,2237,2046,3282,2368,4488,3510,4547,2879,2972,7136,9194,3653,6297,181,215,528,846,699,1297,824,1952,1008,1728,899,779,1227,1727,1183,2609,43392,16713,2323,976,12568,13,1,3,1
2021-03-20T23:59:59+01:00,1,3,991,1039,1641,2237,2046,3282,2368,4488,3508,4545,2879,2971,7136,9193,3653,6297,181,215,528,846,699,1297,824,1952,996,1715,864,751,1196,1704,1175,2607,43392,16711,2319,826,12563,13,1,3,1
2021-03-19T23:59:59+01:00,1,3,990,1031,1634,2225,2035,3278,2366,4481,3501,4537,2869,2960,7123,9176,3652,6294,181,214,527,846,699,1295,824,1951,989,1710,820,714,1139,1654,1165,2597,43329,16669,2314,643,12509,13,1,3,1
2021-03-18T23:59:59+01:00,1,3,951,999,1560,2114,1911,3111,2218,4235,3273,4286,2717,2802,6821,8811,3586,6195,180,213,522,841,692,1288,815,1940,967,1694,802,692,1064,1548,1025,2398,41934,16102,2005,566,11651,13,1,3,1
2021-03-17T23:59:59+01:00,1,3,897,966,1490,2057,1848,3045,2153,4173,3178,4190,2582,2670,6396,8321,3522,6081,179,211,519,836,690,1284,811,1935,962,1687,773,673,930,1395,869,2186,40169,15362,2002,565,11398,13,1,3,1
2021-03-16T23:59:59+01:00,1,3,872,943,1457,2018,1809,2996,2100,4118,3084,4092,2448,2511,5926,7676,3434,5931,173,208,514,835,686,1277,806,1926,954,1674,768,660,843,1269,727,2023,38187,14763,1943,565,11285,13,1,3,1
2021-03-15T23:59:59+01:00,1,3,855,936,1439,1996,1771,2941,2062,4046,2984,3983,2316,2341,5444,7134,3362,5818,172,207,514,828,684,1268,802,1916,944,1658,757,650,773,1158,579,1826,36423,14195,1847,527,11159,13,0,3,1
2021-03-14T23:59:59+01:00,1,3,850,922,1414,1967,1747,2912,2032,3986,2923,3917,2139,2148,5259,6908,3330,5787,172,207,513,825,682,1257,801,1909,941,1648,740,641,757,1139,555,1771,35405,14051,1750,502,11087,4,0,3,1
2021-03-13T23:59:59+01:00,1,3,842,915,1393,1956,1731,2899,2007,3958,2851,3869,2070,2074,5212,6855,3328,5786,172,207,513,825,682,1257,801,1909,941,1648,738,640,757,1136,554,1771,35155,14044,1511,502,11081,4,0,3,1
2021-03-12T23:59:59+01:00,1,3,818,900,1349,1899,1669,2800,1910,3806,2694,3703,1873,1837,5029,6633,3298,5743,172,207,512,825,682,1257,800,1909,941,1647,731,637,744,1121,547,1768,33832,13994,1271,501,10859,4,0,3,1
2021-03-11T23:59:59+01:00,1,3,783,841,1280,1817,1586,2653,1827,3604,2531,3531,1610,1529,4663,6164,3165,5561,163,201,506,816,672,1248,786,1874,920,1607,604,576,676,1080,527,1737,31725,13498,1176,491,10245,3,0,3,1
2021-03-10T23:59:59+01:00,1,3,767,790,1257,1760,1553,2594,1777,3535,2450,3441,1541,1440,4195,5626,3047,5311,163,199,497,794,654,1235,778,1854,913,1591,535,562,643,1071,520,1731,29920,13348,1170,388,9995,3,0,3,1
2021-03-09T23:59:59+01:00,1,3,755,768,1237,1730,1525,2548,1737,3484,2377,3389,1450,1344,3635,4878,2863,5006,161,197,492,773,644,1211,764,1822,901,1563,531,560,641,1066,517,1725,27761,13288,1168,276,9798,3,0,3,1
2021-03-08T23:59:59+01:00,0,3,751,741,1224,1711,1509,2528,1711,3448,2339,3346,1358,1244,2967,4051,2627,4636,157,194,478,749,622,1178,745,1772,877,1526,527,558,641,1065,517,1725,25316,13280,1168,49,9707,1,0,3,1
2021-03-07T23:59:59+01:00,0,3,748,737,1216,1702,1501,2514,1703,3440,2328,3338,1345,1228,2867,3931,2604,4586,157,194,478,749,622,1178,745,1772,877,1526,527,558,640,1065,517,1725,24966,13280,1166,49,9656,0,0,3,1
2021-03-06T23:59:59+01:00,0,3,747,737,1215,1699,1498,2511,1699,3437,2325,3337,1342,1228,2867,3931,2604,4586,156,194,478,749,622,1178,745,1772,877,1526,527,558,640,1065,517,1725,24962,13279,1166,49,9635,0,0,3,1
2021-03-05T23:59:59+01:00,0,3,683,711,1189,1685,1477,2502,1674,3422,2296,3328,1337,1226,2859,3923,2601,4581,156,194,478,748,622,1177,745,1772,877,1524,526,558,640,1065,517,1725,24932,13274,1162,49,9400,0,0,3,1
2021-03-04T23:59:59+01:00,0,3,617,662,1122,1616,1420,2420,1634,3343,2222,3251,1287,1178,2643,3559,2418,4294,154,189,475,734,610,1165,734,1744,868,1511,516,547,628,1055,512,1716,23715,13109,1155,48,8816,0,0,3,1
2021-03-03T23:59:59+01:00,0,3,581,623,1054,1552,1323,2338,1534,3257,2097,3167,1243,1133,2276,3039,2065,3850,154,189,473,731,610,1165,733,1742,866,1509,514,546,626,1052,512,1714,21860,13088,1154,47,8120,0,0,1,1
2021-03-02T23:59:59+01:00,0,3,563,590,1017,1506,1267,2295,1477,3205,2001,3106,1160,1033,1910,2560,1677,3328,152,187,468,725,605,1154,723,1732,861,1489,505,537,615,1031,493,1684,19798,12913,1151,47,7748,0,0,1,1
2021-03-01T23:59:59+01:00,0,3,556,542,999,1467,1221,2235,1431,3140,1946,3032,1116,959,1418,1965,1302,2792,150,187,468,725,605,1153,723,1729,860,1489,503,537,612,1022,489,1673,17535,12877,1148,47,7440,0,0,1,1
2021-02-28T23:59:59+01:00,0,3,549,529,982,1428,1195,2174,1403,3082,1891,2959,1095,937,1304,1824,1230,2703,150,187,467,724,605,1153,722,1727,859,1488,501,537,612,1022,489,1673,17057,12868,1146,47,7084,0,0,1,1
2021-02-27T23:59:59+01:00,0,3,549,527,981,1428,1195,2172,1403,3081,1891,2958,1095,937,1304,1823,1229,2703,150,187,466,723,602,1151,720,1725,857,1487,501,537,612,1022,489,1673,17055,12868,1146,33,7077,0,0,1,1
2021-02-26T23:59:59+01:00,0,3,400,476,851,1384,1111,2129,1336,3040,1832,2916,1090,930,1301,1822,1229,2702,150,187,466,723,602,1151,720,1724,857,1486,501,537,612,1022,489,1673,17045,12867,1146,32,6360,0,0,1,1
2021-02-25T23:59:59+01:00,0,3,308,422,756,1291,1027,2040,1237,2866,1693,2754,1052,898,1220,1698,1116,2514,143,177,454,710,586,1126,713,1699,837,1462,489,523,584,991,475,1654,16457,12600,1146,22,5291,0,0,1,1
2021-02-24T23:59:59+01:00,0,2,259,377,684,1216,953,1952,1183,2749,1628,2637,1025,878,1097,1553,960,2301,141,177,451,707,582,1125,712,1693,836,1458,484,518,576,986,472,1642,15753,12540,1144,19,4556,0,0,1,1
2021-02-23T23:59:59+01:00,0,2,247,356,662,1158,925,1873,1135,2637,1553,2529,1000,850,1020,1425,823,2143,141,176,451,705,582,1125,712,1690,834,1457,483,516,574,985,472,1641,15204,12529,1113,14,4020,0,0,1,1
2021-02-22T23:59:59+01:00,0,0,233,337,639,1128,893,1790,1085,2545,1469,2406,955,821,902,1282,642,1891,141,176,450,704,580,1124,710,1690,828,1455,482,515,573,983,471,1639,14464,12517,1044,3,3509,0,0,1,1
2021-02-21T23:59:59+01:00,0,0,227,326,605,1063,843,1684,1042,2444,1390,2299,938,800,871,1231,590,1827,141,175,447,697,579,1120,710,1685,828,1454,481,515,572,983,470,1638,14258,12491,1004,3,2917,0,0,1,1
2021-02-20T23:59:59+01:00,0,0,227,323,602,1062,841,1680,1039,2439,1377,2282,902,771,840,1208,582,1825,141,175,447,697,579,1120,710,1685,828,1454,481,514,571,983,470,1638,14258,12490,850,3,2891,0,0,1,0
2021-02-19T23:59:59+01:00,0,0,217,315,592,1054,828,1665,1018,2422,1344,2239,659,669,703,1146,557,1808,141,175,447,696,579,1117,709,1683,825,1451,481,514,571,982,469,1638,13782,12475,670,3,2783,0,0,1,0
2021-02-18T23:59:59+01:00,0,0,200,265,553,933,744,1438,888,2163,1096,1864,579,601,665,1106,538,1791,136,175,434,684,564,1100,703,1657,809,1423,478,511,570,980,469,1638,13626,12328,574,3,1223,0,0,1,0
2021-02-17T23:59:59+01:00,0,0,195,227,533,885,708,1341,830,1996,1011,1732,557,581,665,1103,536,1788,129,173,423,674,556,1084,684,1626,796,1401,475,509,568,977,469,1637,13610,12178,574,3,503,0,0,1,0
2021-02-16T23:59:59+01:00,0,0,189,224,526,870,692,1310,811,1957,978,1692,545,576,659,1101,535,1786,124,168,409,668,545,1068,672,1608,787,1387,468,504,561,964,463,1610,13582,12004,574,2,294,0,0,1,0
2021-02-15T23:59:59+01:00,0,0,174,215,520,843,686,1276,797,1922,949,1645,544,573,658,1101,535,1786,121,167,402,659,535,1049,643,1581,773,1369,466,502,561,964,463,1610,13580,11863,535,2,108,0,0,1,0
2021-02-14T23:59:59+01:00,0,0,169,207,517,831,685,1267,794,1913,931,1636,543,572,658,1098,534,1786,114,164,391,648,518,1031,625,1567,766,1357,466,500,559,962,463,1610,13574,11739,533,2,33,0,0,1,0
2021-02-13T23:59:59+01:00,0,0,168,207,516,831,685,1267,794,1913,931,1636,543,572,658,1098,534,1786,114,164,390,647,518,1031,625,1567,766,1357,466,500,559,962,463,1610,13573,11737,533,2,32,0,0,1,0
2021-02-12T23:59:59+01:00,0,0,167,206,512,830,684,1264,790,1912,929,1633,542,572,658,1098,534,1786,110,162,387,641,514,1025,611,1553,762,1340,464,499,548,942,460,1585,13566,11601,532,2,18,0,0,1,0
2021-02-11T23:59:59+01:00,0,0,165,205,508,823,677,1260,788,1908,923,1631,537,566,651,1092,529,1780,90,126,358,570,468,946,560,1436,718,1246,439,454,507,888,419,1492,13514,10716,520,1,8,0,0,1,0
2021-02-10T23:59:59+01:00,0,0,162,203,498,806,661,1245,776,1881,908,1607,529,560,641,1080,524,1770,80,115,330,511,441,839,518,1261,644,1091,391,404,441,776,373,1337,13391,9551,458,1,1,0,0,1,0
2021-02-09T23:59:59+01:00,0,0,161,196,490,767,645,1206,756,1820,897,1565,517,549,635,1066,516,1754,75,99,311,445,406,755,478,1157,579,991,361,351,402,691,343,1224,13282,8668,257,0,0,0,0,1,0
2021-02-08T23:59:59+01:00,0,0,157,192,473,742,622,1171,736,1770,877,1521,511,548,633,1060,512,1741,62,73,266,376,358,619,418,928,506,813,304,296,339,543,288,1033,13215,7222,50,0,0,0,0,1,0
2021-02-07T23:59:59+01:00,0,0,157,191,472,741,620,1170,735,1762,875,1519,510,548,633,1060,512,1740,61,65,248,341,339,575,402,896,487,780,303,288,337,536,286,1030,13194,6974,50,0,0,0,0,1,0
2021-02-06T23:59:59+01:00,0,0,157,191,472,741,620,1170,735,1762,875,1519,510,548,633,1060,512,1740,61,65,248,341,339,575,402,895,485,778,303,287,336,534,285,1030,13194,6964,50,0,0,0,0,1,0
2021-02-05T23:59:59+01:00,0,0,157,191,472,741,620,1170,735,1762,875,1518,510,548,633,1060,512,1740,59,65,246,339,333,571,394,873,476,758,293,282,326,512,270,994,13193,6791,50,0,0,0,0,1,0
2021-02-04T23:59:59+01:00,0,0,151,186,468,733,613,1162,731,1748,869,1509,503,541,612,1035,503,1722,43,50,212,307,292,475,353,732,384,612,229,215,243,352,201,736,13036,5436,49,0,0,0,0,1,0
2021-02-03T23:59:59+01:00,0,0,149,186,462,727,605,1153,727,1737,860,1493,494,533,599,1022,495,1714,35,32,156,216,238,348,265,559,309,464,180,169,171,264,153,555,12907,4114,48,0,0,0,0,1,0
2021-02-02T23:59:59+01:00,0,0,149,183,460,726,605,1153,724,1731,853,1489,493,532,595,1019,494,1710,26,26,137,169,193,279,221,426,258,374,140,130,129,199,119,437,12867,3263,48,0,0,0,0,1,0
2021-02-01T23:59:59+01:00,0,0,147,183,459,725,600,1150,723,1722,851,1484,492,530,590,1016,493,1705,21,19,100,125,137,188,154,300,169,259,89,93,87,126,65,238,12821,2170,48,0,0,0,0,1,0
2021-01-31T23:59:59+01:00,0,0,147,183,459,722,597,1149,723,1718,851,1483,490,529,589,1014,493,1704,15,15,67,84,95,123,117,223,142,203,84,87,83,118,63,224,12803,1743,48,0,0,0,0,0,0
2021-01-30T23:59:59+01:00,0,0,147,183,458,722,595,1147,722,1717,851,1483,490,529,588,1014,493,1704,15,15,67,84,95,121,115,219,139,200,83,86,83,112,57,214,12802,1705,41,0,0,0,0,0,0
2021-01-29T23:59:59+01:00,0,0,147,183,458,720,594,1144,720,1715,849,1482,490,529,588,1014,493,1704,13,15,55,79,78,117,97,208,116,188,78,79,82,108,56,213,12797,1582,33,0,0,0,0,0,0
2021-01-28T23:59:59+01:00,0,0,140,179,445,703,577,1119,714,1688,826,1453,483,523,585,1011,490,1701,8,3,12,19,24,45,30,96,48,89,45,50,54,78,41,158,12612,800,25,0,0,0,0,0,0
2021-01-27T23:59:59+01:00,0,0,133,177,434,693,569,1110,698,1654,819,1430,480,521,581,1006,490,1696,4,1,4,11,10,23,13,40,23,31,12,17,24,31,18,48,12468,310,23,0,0,0,0,0,0
2021-01-26T23:59:59+01:00,0,0,127,173,420,680,556,1096,689,1631,808,1409,474,516,575,989,484,1662,4,1,4,10,7,21,11,37,17,28,12,15,23,30,18,47,12275,285,14,0,0,0,0,0,0
2021-01-25T23:59:59+01:00,0,0,124,171,411,668,545,1077,661,1603,790,1392,472,513,573,988,484,1662,3,1,3,9,7,16,6,28,12,22,9,6,13,19,9,29,12131,192,3,0,0,0,0,0,0
2021-01-24T23:59:59+01:00,0,0,117,168,401,658,531,1059,644,1590,777,1381,471,510,572,988,484,1662,2,0,1,6,7,4,4,7,5,9,1,2,11,12,6,16,12010,93,3,0,0,0,0,0,0
2021-01-23T23:59:59+01:00,0,0,117,168,401,657,531,1059,644,1590,777,1381,471,510,572,988,484,1662,1,0,1,6,7,4,4,7,5,9,1,2,11,12,6,16,12009,92,3,0,0,0,0,0,0
2021-01-22T23:59:59+01:00,0,0,113,166,394,651,528,1053,630,1576,771,1364,471,507,561,967,479,1636,1,0,1,6,7,4,4,7,5,9,1,2,11,12,6,16,11864,92,3,0,0,0,0,0,0
2021-01-21T23:59:59+01:00,0,0,101,158,379,633,505,1020,600,1527,748,1322,455,469,528,923,446,1571,1,0,1,6,7,4,4,7,5,9,1,2,11,12,6,16,11382,92,3,0,0,0,0,0,0
2021-01-20T23:59:59+01:00,0,0,82,116,345,544,461,880,542,1293,660,1136,397,410,445,788,387,1359,1,0,1,5,7,4,4,7,5,9,1,2,11,12,6,16,9842,91,3,0,0,0,0,0,0
2021-01-19T23:59:59+01:00,0,0,77,104,316,468,421,791,502,1179,608,1033,374,373,410,710,358,1269,1,0,1,3,7,4,4,7,5,9,1,0,8,8,5,15,8990,78,3,0,0,0,0,0,0
2021-01-18T23:59:59+01:00,0,0,63,74,271,381,366,641,428,947,515,836,308,306,345,562,305,1081,1,0,1,3,7,4,4,7,5,9,1,0,8,8,5,15,7427,78,2,0,0,0,0,0,0
2021-01-17T23:59:59+01:00,0,0,61,65,252,346,344,589,409,905,492,798,305,297,344,555,303,1073,0,0,0,0,0,0,0,0,0,0,0,0,0,0,0,0,7136,0,2,0,0,0,0,0,0
2021-01-16T23:59:59+01:00,0,0,61,65,252,346,344,589,409,904,490,796,305,296,342,551,302,1073,0,0,0,0,0,0,0,0,0,0,0,0,0,0,0,0,7123,0,2,0,0,0,0,0,0
2021-01-15T23:59:59+01:00,0,0,59,65,251,343,338,583,398,881,479,771,291,290,325,524,281,1035,0,0,0,0,0,0,0,0,0,0,0,0,0,0,0,0,6912,0,2,0,0,0,0,0,0
2021-01-14T23:59:59+01:00,0,0,45,52,237,321,314,508,364,756,392,626,228,218,242,353,205,752,0,0,0,0,0,0,0,0,0,0,0,0,0,0,0,0,5613,0,0,0,0,0,0,0,0
2021-01-13T23:59:59+01:00,0,0,39,42,212,265,272,409,300,608,321,501,177,175,174,269,163,588,0,0,0,0,0,0,0,0,0,0,0,0,0,0,0,0,4515,0,0,0,0,0,0,0,0
2021-01-12T23:59:59+01:00,0,0,35,40,207,250,258,377,277,531,290,456,141,134,135,206,127,458,0,0,0,0,0,0,0,0,0,0,0,0,0,0,0,0,3922,0,0,0,0,0,0,0,0
2021-01-11T23:59:59+01:00,0,0,29,36,196,230,239,325,229,444,240,382,110,105,101,133,75,291,0,0,0,0,0,0,0,0,0,0,0,0,0,0,0,0,3165,0,0,0,0,0,0,0,0
2021-01-10T23:59:59+01:00,0,0,27,31,158,168,196,250,191,348,198,305,98,99,98,128,73,277,0,0,0,0,0,0,0,0,0,0,0,0,0,0,0,0,2645,0,0,0,0,0,0,0,0
2021-01-09T23:59:59+01:00,0,0,27,31,151,164,194,242,187,341,196,300,98,99,98,128,73,277,0,0,0,0,0,0,0,0,0,0,0,0,0,0,0,0,2606,0,0,0,0,0,0,0,0
2021-01-08T23:59:59+01:00,0,0,24,28,121,141,173,229,162,312,168,279,93,89,97,124,72,276,0,0,0,0,0,0,0,0,0,0,0,0,0,0,0,0,2388,0,0,0,0,0,0,0,0
2021-01-07T23:59:59+01:00,0,0,9,3,16,24,31,55,37,104,61,112,48,51,60,84,46,187,0,0,0,0,0,0,0,0,0,0,0,0,0,0,0,0,928,0,0,0,0,0,0,0,0
2021-01-06T23:59:59+01:00,0,0,4,1,5,11,9,22,13,39,20,31,13,14,25,35,20,55,0,0,0,0,0,0,0,0,0,0,0,0,0,0,0,0,317,0,0,0,0,0,0,0,0
2021-01-05T23:59:59+01:00,0,0,3,1,4,9,8,18,10,31,15,26,10,14,22,30,19,49,0,0,0,0,0,0,0,0,0,0,0,0,0,0,0,0,269,0,0,0,0,0,0,0,0
2021-01-04T23:59:59+01:00,0,0,2,1,2,7,8,10,4,15,8,16,5,3,11,16,8,26,0,0,0,0,0,0,0,0,0,0,0,0,0,0,0,0,142,0,0,0,0,0,0,0,0
2021-01-03T23:59:59+01:00,0,0,2,0,1,6,8,4,4,7,5,9,1,2,11,12,7,16,0,0,0,0,0,0,0,0,0,0,0,0,0,0,0,0,95,0,0,0,0,0,0,0,0
2021-01-02T23:59:59+01:00,0,0,2,0,1,6,8,4,4,7,5,9,1,2,11,12,7,16,0,0,0,0,0,0,0,0,0,0,0,0,0,0,0,0,95,0,0,0,0,0,0,0,0
2021-01-01T23:59:59+01:00,0,0,1,0,1,6,8,4,4,7,5,9,1,2,11,12,7,16,0,0,0,0,0,0,0,0,0,0,0,0,0,0,0,0,94,0,0,0,0,0,0,0,0
2020-12-31T23:59:59+01:00,0,0,1,0,1,5,8,4,4,7,5,9,1,2,11,12,7,16,0,0,0,0,0,0,0,0,0,0,0,0,0,0,0,0,93,0,0,0,0,0,0,0,0
2020-12-30T23:59:59+01:00,0,0,1,0,1,5,8,4,4,7,5,9,1,2,11,12,7,16,0,0,0,0,0,0,0,0,0,0,0,0,0,0,0,0,93,0,0,0,0,0,0,0,0
2020-12-29T23:59:59+01:00,0,0,1,0,1,3,8,4,4,7,5,9,1,0,8,8,6,15,0,0,0,0,0,0,0,0,0,0,0,0,0,0,0,0,80,0,0,0,0,0,0,0,0
2020-12-28T23:59:59+01:00,0,0,1,0,1,3,8,4,4,7,5,9,1,0,8,8,6,15,0,0,0,0,0,0,0,0,0,0,0,0,0,0,0,0,80,0,0,0,0,0,0,0,0
2020-12-27T23:59:59+01:00,0,0,1,0,1,3,8,4,4,7,5,9,1,0,8,8,6,15,0,0,0,0,0,0,0,0,0,0,0,0,0,0,0,0,80,0,0,0,0,0,0,0,0
