Datum,<24_1_m,<24_1_w,25-34_1_m,25-34_1_w,35-44_1_m,35-44_1_w,45-54_1_m,45-54_1_w,55-64_1_m,55-64_1_w,65-74_1_m,65-74_1_w,75-84_1_m,75-84_1_w,>84_1_m,>84_1_w,<24_2_m,<24_2_w,25-34_2_m,25-34_2_w,35-44_2_m,35-44_2_w,45-54_2_m,45-54_2_w,55-64_2_m,55-64_2_w,65-74_2_m,65-74_2_w,75-84_2_m,75-84_2_w,>84_2_m,>84_2_w,bp_1,bp_2,mo_1,mo_2,az_1,az_2,ja
2021-05-23T23:59:59+02:00,5041,4554,9411,9093,11932,12406,17271,18499,22197,23363,18520,21281,13302,16887,3478,6204,1089,1059,1800,2195,2210,3171,2847,4668,4291,4903,5020,5288,9373,12078,3207,5671,138267,51922,20019,7029,53467,8233,1686
2021-05-22T23:59:59+02:00,5037,4551,9410,9089,11924,12402,17269,18495,22195,23361,18520,21281,13302,16887,3478,6204,1089,1059,1800,2194,2207,3171,2847,4668,4291,4901,5018,5287,9372,12078,3207,5671,138245,51917,20019,7029,53455,8228,1686
2021-05-21T23:59:59+02:00,5003,4512,9352,9017,11857,12323,17180,18432,22141,23294,18504,21266,13299,16881,3478,6202,1046,1051,1775,2192,2184,3164,2826,4653,4249,4870,4997,5271,9363,12072,3206,5670,137598,51857,20019,7029,53438,8017,1686
2021-05-20T23:59:59+02:00,4731,4323,8915,8678,11392,11910,16517,17928,21620,22774,18347,21126,13271,16847,3474,6192,882,976,1528,2059,1969,3024,2587,4447,4037,4669,4848,5121,9276,11956,3201,5658,134369,51207,19651,6937,53035,7104,990
2021-05-19T23:59:59+02:00,4455,4048,8407,8215,10840,11357,15853,17218,20975,22110,18180,20930,13238,16806,3469,6178,828,929,1465,1983,1896,2931,2520,4330,3890,4513,4661,4891,9113,11766,3184,5635,129103,50161,19473,6809,52735,6597,968
2021-05-18T23:59:59+02:00,4148,3745,7838,7671,10128,10669,14865,16251,20092,21109,17969,20697,13196,16758,3463,6161,772,878,1410,1895,1829,2834,2399,4188,3705,4316,4404,4605,8938,11548,3176,5619,122175,48979,19381,6617,52308,6024,896
2021-05-17T23:59:59+02:00,3924,3499,7370,7186,9628,10143,14133,15429,19441,20358,17821,20485,13151,16701,3456,6149,703,813,1338,1845,1753,2751,2292,4115,3555,4187,4165,4367,8814,11371,3164,5594,117005,48202,19143,6406,51846,5339,880
2021-05-16T23:59:59+02:00,3782,3408,7164,7007,9424,9934,13889,15194,19233,20146,17761,20424,13139,16685,3455,6143,689,766,1301,1793,1712,2696,2251,4017,3493,4101,4078,4283,8802,11352,3162,5593,115443,48070,18904,6248,51566,4896,875
2021-05-15T23:59:59+02:00,3780,3405,7159,7000,9422,9929,13886,15189,19231,20140,17759,20423,13139,16685,3455,6143,688,766,1300,1793,1711,2696,2251,4017,3493,4101,4076,4281,8802,11352,3162,5593,115402,48067,18904,6247,51565,4894,874
2021-05-14T23:59:59+02:00,3730,3353,7051,6862,9292,9796,13732,15006,19090,20016,17740,20408,13138,16678,3454,6141,666,755,1277,1774,1685,2675,2217,3989,3445,4067,4032,4227,8798,11349,3162,5592,115036,48036,18162,6103,51486,4768,803
2021-05-13T23:59:59+02:00,3575,3167,6728,6529,8840,9397,13176,14506,18523,19467,17640,20284,13109,16651,3451,6139,620,726,1226,1725,1628,2599,2123,3887,3305,3946,3940,4107,8778,11336,3160,5588,112189,47959,17471,5721,50887,4379,635
2021-05-12T23:59:59+02:00,3548,3131,6695,6491,8790,9344,13033,14382,18344,19271,17618,20259,13102,16644,3451,6139,619,725,1226,1723,1623,2596,2114,3881,3291,3938,3928,4093,8772,11331,3160,5588,111491,47938,17246,5695,50870,4340,635
2021-05-11T23:59:59+02:00,3109,2850,5874,5960,7823,8523,11562,13194,16874,17824,17205,19806,13038,16551,3435,6120,574,661,1095,1611,1463,2437,1927,3700,3067,3694,3835,3989,8719,11256,3158,5583,104186,47718,16629,5501,48818,3435,115
2021-05-10T23:59:59+02:00,2890,2649,5373,5558,7123,7902,10479,12216,15644,16478,16904,19454,12985,16456,3427,6099,537,634,1058,1567,1426,2390,1862,3589,2944,3566,3766,3922,8684,11213,3156,5581,98428,47600,15736,5284,47358,2896,115
2021-05-09T23:59:59+02:00,2797,2616,5238,5478,6926,7776,10047,11840,15133,15969,16811,19352,12968,16431,3424,6094,519,610,1022,1516,1362,2301,1797,3463,2838,3424,3684,3828,8669,11193,3154,5579,96883,47518,15158,5022,46745,2305,114
2021-05-08T23:59:59+02:00,2792,2615,5237,5478,6926,7774,10044,11837,15132,15968,16811,19352,12968,16431,3424,6094,518,609,1022,1515,1362,2301,1797,3462,2836,3424,3683,3828,8669,11193,3154,5579,96869,47514,15157,5022,46743,2302,114
2021-05-07T23:59:59+02:00,2596,2543,4964,5388,6555,7609,9595,11624,14697,15623,16666,19195,12961,16407,3424,6094,506,605,1014,1504,1345,2289,1761,3449,2786,3391,3630,3784,8609,11125,3154,5576,96172,47492,14669,4694,44989,2231,111
2021-05-06T23:59:59+02:00,2342,2389,4409,5027,5922,7248,8804,11041,13783,14800,16333,18814,12917,16329,3414,6083,471,549,974,1404,1260,2130,1647,3210,2558,3117,3447,3580,8466,10964,3146,5564,93629,47065,13437,4099,42547,1281,42
2021-05-05T23:59:59+02:00,2200,2261,4116,4788,5480,6878,8087,10414,12675,13701,15737,18096,12836,16246,3407,6064,462,535,959,1377,1233,2091,1613,3140,2499,3032,3397,3542,8391,10876,3143,5557,89247,46941,12118,3958,41594,921,27
2021-05-04T23:59:59+02:00,2101,2160,3827,4542,5071,6518,7368,9773,11441,12431,14942,17085,12748,16153,3404,6054,456,524,940,1356,1214,2052,1593,3103,2455,2978,3348,3492,8312,10773,3138,5545,83509,46811,11481,3762,40615,693,13
2021-05-03T23:59:59+02:00,2036,2099,3670,4407,4845,6313,6960,9416,10676,11635,14294,16202,12691,16068,3396,6039,450,514,938,1340,1199,2020,1573,3061,2420,2932,3294,3447,8204,10680,3135,5540,79137,46689,11278,3544,40321,503,11
2021-05-02T23:59:59+02:00,2023,2081,3594,4378,4767,6255,6888,9364,10546,11501,14127,16033,12669,16046,3395,6034,447,505,932,1326,1196,2001,1569,3049,2405,2917,3278,3429,8169,10651,3134,5536,78588,46671,11005,3449,40101,417,7
2021-05-01T23:59:59+02:00,2021,2081,3592,4377,4766,6255,6886,9363,10540,11497,14125,16032,12668,16045,3395,6032,446,505,932,1326,1196,2000,1569,3049,2405,2917,3278,3429,8169,10651,3134,5535,78562,46668,11005,3449,40101,417,7
2021-04-30T23:59:59+02:00,2018,2075,3586,4369,4760,6241,6860,9343,10501,11456,14077,15960,12645,16021,3394,6031,446,503,931,1324,1196,2000,1568,3049,2404,2916,3277,3427,8168,10649,3134,5535,78234,46661,11005,3447,40092,413,6
2021-04-29T23:59:59+02:00,1883,2024,3325,4258,4491,6082,6553,9079,10064,11043,13524,15279,12574,15907,3390,6024,441,491,921,1305,1175,1964,1547,3011,2374,2873,3265,3414,8156,10635,3131,5531,75475,46553,10622,3446,39397,229,6
2021-04-28T23:59:59+02:00,1737,1970,3154,4151,4243,5897,6170,8803,9470,10497,12686,14138,12460,15758,3382,6016,431,482,906,1291,1160,1938,1512,2967,2302,2806,3103,3272,8075,10545,3125,5521,71028,46175,10435,3042,39064,214,5
2021-04-27T23:59:59+02:00,1692,1916,3037,4034,4039,5751,5840,8514,8805,9767,11679,12862,12309,15495,3371,6001,421,467,898,1269,1147,1899,1485,2898,2253,2745,3063,3232,8054,10515,3119,5518,66276,45972,10247,2872,38584,134,5
2021-04-26T23:59:59+02:00,1661,1876,2923,3953,3866,5605,5503,8292,8299,9274,10951,11955,12216,15360,3360,5987,420,461,888,1261,1131,1888,1455,2875,2221,2717,3016,3178,8011,10470,3114,5516,62906,45875,10059,2629,38111,113,5
2021-04-25T23:59:59+02:00,1642,1869,2856,3923,3766,5544,5364,8245,8106,9150,10766,11728,12187,15320,3359,5984,416,454,881,1255,1113,1874,1441,2857,2198,2690,2973,3140,7972,10429,3113,5514,62411,45796,9857,2432,37536,87,5
2021-04-24T23:59:59+02:00,1641,1869,2856,3922,3766,5543,5363,8244,8102,9145,10761,11727,12187,15320,3359,5984,416,454,881,1255,1113,1873,1440,2856,2197,2690,2973,3140,7972,10429,3113,5514,62392,45792,9857,2432,37535,87,5
2021-04-23T23:59:59+02:00,1616,1856,2791,3887,3687,5518,5241,8190,7972,9087,10685,11619,12165,15287,3358,5980,416,454,881,1253,1113,1873,1439,2855,2197,2690,2972,3140,7972,10429,3113,5514,62266,45789,9583,2432,37086,86,4
2021-04-22T23:59:59+02:00,1563,1817,2687,3827,3529,5412,4982,8028,7644,8823,10078,10899,11973,15064,3352,5963,408,453,873,1244,1104,1859,1425,2830,2174,2667,2931,3107,7892,10326,3101,5500,60681,45387,8932,2424,36024,79,4
2021-04-21T23:59:59+02:00,1523,1778,2605,3746,3414,5318,4752,7827,7208,8471,9166,9791,11650,14623,3341,5927,404,451,868,1227,1095,1842,1407,2800,2142,2639,2867,3040,7786,10167,3088,5482,57988,44922,8067,2300,35081,79,4
2021-04-20T23:59:59+02:00,1490,1749,2541,3671,3310,5219,4568,7630,6790,8093,8223,8604,11308,14180,3329,5914,399,448,859,1213,1085,1820,1381,2769,2112,2597,2798,2974,7646,9989,3060,5435,55166,44214,7302,2294,34148,74,3
2021-04-19T23:59:59+02:00,1476,1733,2503,3634,3248,5151,4456,7521,6523,7827,7587,7806,11111,13912,3321,5899,396,446,856,1203,1080,1809,1354,2754,2078,2569,2741,2927,7534,9829,3044,5403,53251,43668,6935,2281,33519,71,3
2021-04-18T23:59:59+02:00,1467,1717,2474,3614,3212,5128,4398,7471,6401,7695,7220,7434,11054,13836,3318,5887,395,443,855,1201,1079,1801,1352,2742,2072,2565,2734,2914,7510,9796,3042,5400,52742,43548,6550,2279,33031,71,3
2021-04-17T23:59:59+02:00,1466,1716,2473,3612,3211,5125,4394,7466,6392,7684,7207,7425,11052,13836,3318,5887,395,443,855,1200,1079,1801,1351,2741,2071,2563,2731,2912,7509,9796,3042,5400,52721,43536,6549,2279,32991,71,3
2021-04-16T23:59:59+02:00,1462,1714,2463,3608,3203,5117,4371,7448,6337,7643,7134,7346,11047,13827,3316,5885,395,442,852,1199,1078,1801,1349,2740,2068,2562,2729,2906,7507,9794,3041,5400,52666,43515,6315,2274,32937,71,3
2021-04-15T23:59:59+02:00,1421,1690,2403,3562,3106,5058,4195,7313,6059,7394,6583,6788,10858,13577,3304,5863,387,440,829,1175,1041,1741,1304,2659,1994,2475,2652,2836,7425,9714,3033,5386,51589,42934,5929,2088,31653,66,3
2021-04-14T23:59:59+02:00,1395,1675,2370,3532,3031,4997,4073,7198,5854,7174,5909,6028,10537,13179,3281,5825,379,435,817,1164,1022,1718,1272,2613,1940,2421,2562,2759,7290,9535,3019,5363,50204,42276,5725,1965,30127,66,2
2021-04-13T23:59:59+02:00,1377,1666,2335,3500,2975,4936,3960,7104,5576,6943,5369,5448,10249,12829,3263,5803,358,420,795,1132,1000,1699,1247,2579,1904,2376,2492,2698,7176,9394,2990,5310,49194,41598,5524,1906,28613,64,2
2021-04-12T23:59:59+02:00,1361,1659,2308,3474,2923,4891,3820,7016,5376,6791,5003,5117,10059,12606,3254,5783,342,416,783,1127,984,1682,1230,2554,1853,2333,2416,2631,7067,9260,2978,5293,48733,41032,5330,1858,27376,57,2
2021-04-11T23:59:59+02:00,1356,1646,2288,3451,2893,4872,3751,6944,5214,6673,4757,4895,9916,12449,3250,5774,336,412,778,1120,972,1665,1217,2526,1831,2305,2360,2563,6987,9161,2967,5275,48653,40618,5098,1799,26376,56,2
2021-04-10T23:59:59+02:00,1356,1645,2286,3447,2891,4867,3745,6942,5205,6662,4747,4880,9913,12442,3250,5773,332,407,763,1114,959,1659,1193,2502,1760,2254,2278,2477,6936,9123,2967,5271,48600,40453,5098,1484,26351,56,2
2021-04-09T23:59:59+02:00,1353,1642,2278,3445,2885,4858,3733,6928,5180,6636,4717,4855,9894,12415,3249,5773,318,405,746,1105,940,1633,1160,2458,1664,2171,2047,2191,6808,8990,2950,5243,48529,39611,5093,1160,26217,56,2
2021-04-08T23:59:59+02:00,1326,1619,2218,3384,2806,4770,3580,6793,4939,6396,4295,4383,9419,11940,3238,5728,288,380,692,1044,884,1561,1075,2360,1527,2042,1764,1822,6350,8458,2892,5134,48079,37068,4578,1157,24177,48,0
2021-04-07T23:59:59+02:00,1315,1604,2183,3366,2767,4730,3481,6736,4771,6243,3958,4046,8923,11458,3224,5699,244,349,642,986,819,1495,1014,2291,1421,1944,1604,1635,5766,7765,2823,5003,47870,34600,4109,1154,22525,47,0
2021-04-06T23:59:59+02:00,1292,1583,2143,3343,2732,4699,3408,6689,4637,6141,3669,3761,8502,11008,3210,5672,237,343,615,964,794,1449,965,2230,1331,1857,1451,1427,5197,6974,2732,4837,47681,32212,3571,1147,21237,44,0
2021-04-05T23:59:59+02:00,1290,1579,2139,3340,2720,4698,3394,6672,4617,6125,3636,3729,8477,10977,3207,5671,234,329,606,947,777,1426,949,2193,1291,1818,1397,1349,4983,6710,2694,4791,47594,31304,3567,1146,21110,44,0
2021-04-04T23:59:59+02:00,1290,1579,2139,3339,2720,4697,3394,6671,4616,6125,3632,3727,8475,10976,3207,5671,234,329,605,947,777,1426,949,2193,1291,1818,1397,1349,4982,6710,2694,4791,47589,31302,3567,1146,21102,44,0
2021-04-03T23:59:59+02:00,1290,1579,2139,3339,2720,4697,3394,6671,4616,6125,3631,3725,8475,10975,3207,5671,234,329,605,947,777,1426,949,2193,1291,1818,1397,1349,4982,6710,2694,4791,47587,31302,3567,1146,21100,44,0
2021-04-02T23:59:59+02:00,1290,1579,2139,3337,2720,4696,3394,6667,4616,6123,3628,3722,8474,10974,3207,5671,234,329,605,947,777,1424,949,2193,1291,1817,1397,1347,4980,6709,2693,4791,47571,31294,3567,1145,21099,44,0
2021-04-01T23:59:59+02:00,1272,1534,2067,3210,2615,4493,3244,6413,4470,5913,3584,3685,8380,10870,3198,5659,229,320,599,938,767,1418,938,2180,1268,1799,1377,1319,4720,6365,2597,4656,47209,30312,3562,1141,19836,37,0
2021-03-31T23:59:59+02:00,1254,1496,2023,3104,2544,4352,3150,6183,4339,5703,3496,3590,8241,10695,3181,5630,221,317,591,924,763,1402,922,2158,1225,1764,1319,1255,4233,5736,2486,4460,46615,28599,3435,1141,18931,36,0
2021-03-30T23:59:59+02:00,1233,1451,1969,2920,2436,4114,2994,5806,4148,5354,3393,3493,8092,10498,3157,5584,217,312,583,915,751,1381,900,2133,1170,1719,1234,1168,3689,4980,2299,4185,45979,26467,3275,1141,17388,28,0
2021-03-29T23:59:59+02:00,1212,1394,1903,2786,2354,3949,2859,5531,3983,5103,3299,3392,7936,10280,3135,5548,216,309,577,902,741,1368,884,2106,1128,1688,1149,1068,3086,4256,2160,3955,45342,24439,3052,1137,16270,17,0
2021-03-28T23:59:59+02:00,1189,1344,1833,2622,2266,3735,2731,5250,3839,4835,3238,3330,7880,10220,3131,5545,216,309,575,899,740,1366,882,2099,1125,1688,1139,1055,3029,4184,2151,3935,45235,24245,2844,1134,14909,13,0
2021-03-27T23:59:59+01:00,1189,1344,1833,2621,2265,3735,2730,5250,3836,4835,3235,3330,7879,10220,3131,5545,216,309,574,899,740,1366,881,2099,1123,1688,1139,1055,3029,4184,2151,3935,45227,24241,2844,1134,14907,13,0
2021-03-26T23:59:59+01:00,1185,1311,1789,2509,2195,3571,2670,5036,3754,4626,3218,3320,7876,10215,3130,5544,216,308,574,899,739,1366,881,2098,1122,1686,1136,1054,3026,4176,2150,3932,45203,24218,2842,1134,13904,11,0
2021-03-25T23:59:59+01:00,1159,1271,1736,2404,2107,3406,2569,4812,3650,4449,3097,3219,7776,10098,3124,5534,213,305,570,898,732,1356,875,2077,1106,1661,1090,1007,2755,3772,2004,3709,44945,22985,2516,1134,12950,11,0
2021-03-24T23:59:59+01:00,1139,1251,1715,2363,2079,3351,2531,4750,3603,4379,3010,3144,7654,9934,3108,5519,213,300,562,894,726,1348,863,2061,1087,1641,1043,960,2298,3137,1692,3293,44414,20975,2386,1132,12730,11,0
2021-03-23T23:59:59+01:00,1128,1241,1693,2327,2061,3324,2490,4706,3567,4323,2939,3070,7566,9839,3094,5493,211,297,558,889,718,1337,843,2040,1049,1599,955,876,1898,2596,1404,2892,43905,19053,2375,1098,12581,11,0
2021-03-22T23:59:59+01:00,1122,1231,1680,2314,2046,3305,2467,4675,3528,4286,2894,3031,7505,9774,3082,5477,208,293,557,876,702,1318,828,2025,1016,1569,902,794,1377,1959,1119,2489,43571,16979,2354,1042,12492,11,0
2021-03-21T23:59:59+01:00,1122,1230,1679,2313,2046,3303,2463,4672,3517,4279,2879,3023,7456,9719,3079,5473,208,291,556,874,701,1313,824,2021,1005,1562,876,774,1299,1867,1070,2430,43428,16677,2351,983,12474,11,0
2021-03-20T23:59:59+01:00,1121,1230,1679,2313,2046,3303,2463,4672,3515,4277,2879,3022,7456,9718,3079,5473,208,291,556,874,701,1313,824,2021,990,1544,839,742,1269,1852,1063,2428,43428,16675,2348,829,12470,11,0
2021-03-19T23:59:59+01:00,1119,1221,1671,2303,2035,3299,2461,4664,3509,4270,2867,3009,7445,9703,3078,5471,208,290,555,873,701,1312,823,2020,981,1531,795,705,1210,1805,1053,2420,43366,16633,2343,638,12416,11,0
2021-03-18T23:59:59+01:00,1073,1183,1592,2181,1908,3130,2310,4399,3291,4045,2697,2848,7146,9328,3033,5401,207,289,548,866,696,1307,815,2007,959,1515,775,681,1126,1688,923,2233,41972,16064,2031,560,11562,11,0
2021-03-17T23:59:59+01:00,1013,1147,1526,2125,1842,3062,2245,4331,3199,3953,2551,2701,6724,8836,2985,5305,205,288,545,859,695,1305,810,2001,954,1506,746,661,976,1522,786,2038,40204,15327,2028,559,11313,11,0
2021-03-16T23:59:59+01:00,988,1122,1491,2083,1803,3013,2189,4275,3096,3854,2413,2524,6256,8194,2907,5179,198,283,541,858,690,1297,806,1991,945,1493,741,648,872,1378,661,1892,38218,14724,1967,559,11202,11,0
2021-03-15T23:59:59+01:00,971,1113,1471,2059,1765,2957,2143,4196,2994,3748,2270,2344,5777,7656,2850,5079,197,280,540,852,687,1287,802,1983,936,1479,730,638,791,1240,520,1720,36449,14150,1869,521,11075,11,0
2021-03-14T23:59:59+01:00,965,1098,1442,2029,1740,2928,2111,4126,2931,3678,2082,2142,5607,7453,2824,5048,197,280,539,847,685,1278,801,1975,932,1470,713,630,776,1218,497,1668,35431,14007,1769,496,11004,3,0
2021-03-13T23:59:59+01:00,954,1090,1423,2020,1723,2911,2080,4100,2859,3630,2015,2061,5562,7412,2823,5047,197,280,539,847,685,1278,801,1975,932,1470,711,629,776,1215,496,1668,35185,14000,1527,496,10998,3,0
2021-03-12T23:59:59+01:00,926,1073,1378,1962,1659,2805,1976,3944,2692,3468,1818,1810,5395,7211,2799,5009,197,280,539,847,685,1278,800,1975,932,1469,703,625,760,1201,493,1665,33861,13951,1283,495,10781,3,0
2021-03-11T23:59:59+01:00,886,1009,1307,1873,1580,2655,1882,3746,2524,3287,1545,1486,5021,6746,2695,4860,188,274,532,838,676,1264,784,1942,903,1429,579,563,695,1162,478,1637,31749,13457,1184,485,10169,2,0
2021-03-10T23:59:59+01:00,867,953,1284,1815,1548,2603,1822,3666,2442,3206,1476,1388,4545,6174,2596,4657,188,270,522,817,658,1248,777,1925,890,1414,514,549,663,1153,474,1632,29941,13309,1180,383,9921,2,0
2021-03-09T23:59:59+01:00,856,928,1262,1781,1520,2561,1777,3612,2369,3150,1377,1289,3969,5382,2441,4410,186,268,516,792,647,1228,764,1889,878,1389,511,548,662,1145,471,1627,27778,13249,1178,270,9728,2,0
2021-03-08T23:59:59+01:00,850,900,1250,1760,1503,2542,1752,3574,2326,3102,1275,1176,3263,4498,2253,4114,182,263,500,767,627,1195,741,1828,858,1367,506,546,661,1144,471,1627,25323,13240,1178,43,9637,0,0
2021-03-07T23:59:59+01:00,847,897,1243,1751,1494,2528,1745,3564,2314,3096,1262,1156,3159,4371,2238,4074,182,263,500,767,627,1195,741,1828,858,1367,506,546,661,1144,471,1627,24976,13240,1176,43,9587,0,0
2021-03-06T23:59:59+01:00,846,897,1241,1748,1491,2525,1742,3561,2311,3095,1259,1156,3159,4371,2238,4074,181,263,500,767,627,1195,741,1828,858,1367,506,546,661,1144,471,1627,24972,13239,1176,43,9566,0,0
2021-03-05T23:59:59+01:00,779,871,1216,1734,1470,2517,1715,3547,2287,3087,1254,1154,3150,4361,2236,4071,181,263,500,767,627,1194,741,1828,858,1365,505,546,661,1144,471,1627,24943,13235,1172,43,9334,0,0
2021-03-04T23:59:59+01:00,706,822,1152,1663,1416,2434,1675,3464,2215,3015,1200,1104,2893,3939,2099,3851,180,258,496,751,617,1182,730,1798,847,1356,496,536,650,1135,466,1618,23725,13073,1165,43,8758,0,0
2021-03-03T23:59:59+01:00,665,775,1080,1598,1322,2357,1562,3379,2105,2935,1153,1060,2454,3329,1825,3495,180,258,494,748,617,1182,729,1795,845,1356,492,535,649,1131,466,1617,21862,13052,1163,42,8069,0,0
2021-03-02T23:59:59+01:00,645,736,1041,1555,1264,2320,1497,3323,2014,2863,1063,970,2047,2783,1489,3046,178,256,489,741,612,1170,719,1784,838,1336,485,528,635,1108,449,1588,19795,12874,1160,42,7701,0,0
2021-03-01T23:59:59+01:00,637,685,1023,1511,1214,2263,1456,3253,1955,2792,1012,887,1492,2120,1180,2592,176,256,489,741,612,1169,719,1781,837,1336,483,527,631,1096,446,1580,17519,12837,1157,42,7396,0,0
2021-02-28T23:59:59+01:00,629,668,1009,1470,1187,2204,1425,3196,1901,2722,995,866,1370,1967,1117,2517,176,256,488,740,612,1169,718,1779,837,1335,482,527,631,1096,446,1580,17042,12830,1155,42,7046,0,0
2021-02-27T23:59:59+01:00,629,666,1008,1470,1187,2203,1425,3195,1901,2721,995,866,1370,1966,1116,2517,176,256,487,739,609,1167,716,1778,835,1334,482,527,631,1096,446,1580,17040,12830,1155,29,7040,0,0
2021-02-26T23:59:59+01:00,457,606,885,1434,1113,2160,1360,3154,1846,2680,994,863,1367,1965,1116,2516,176,256,487,739,609,1167,716,1777,835,1333,482,527,631,1096,446,1580,17030,12829,1155,28,6331,0,0
2021-02-25T23:59:59+01:00,359,541,789,1344,1029,2066,1258,2973,1710,2530,968,840,1279,1830,1011,2341,169,245,471,725,597,1142,706,1752,820,1312,472,515,596,1068,438,1567,16439,12575,1155,20,5274,0,0
2021-02-24T23:59:59+01:00,303,487,720,1271,956,1972,1204,2851,1642,2426,948,819,1144,1669,869,2149,167,245,468,722,593,1141,705,1746,819,1307,467,511,588,1063,435,1555,15736,12515,1153,17,4541,0,0
2021-02-23T23:59:59+01:00,290,460,696,1209,927,1887,1158,2737,1560,2330,933,795,1050,1530,744,1999,167,245,468,720,593,1140,705,1744,816,1306,467,509,586,1062,435,1554,15178,12505,1119,12,4008,0,0
2021-02-22T23:59:59+01:00,272,438,672,1171,897,1807,1102,2640,1475,2219,891,766,921,1353,577,1779,167,245,466,719,591,1139,703,1744,811,1304,466,507,585,1061,434,1552,14434,12493,1049,1,3497,0,0
2021-02-21T23:59:59+01:00,264,420,636,1105,848,1703,1054,2535,1398,2116,874,751,888,1297,529,1722,167,244,463,711,590,1136,703,1739,811,1303,465,507,584,1061,432,1551,14229,12466,1007,1,2904,0,0
2021-02-20T23:59:59+01:00,264,417,633,1104,845,1698,1052,2531,1381,2094,838,718,858,1282,522,1720,167,244,463,711,590,1136,703,1739,811,1303,465,507,583,1061,432,1551,14229,12465,851,1,2877,0,0
2021-02-19T23:59:59+01:00,253,407,624,1096,833,1683,1029,2512,1334,2046,599,615,724,1229,504,1703,167,244,463,710,590,1135,702,1737,808,1300,465,507,583,1060,431,1551,13757,12452,664,1,2770,0,0
2021-02-18T23:59:59+01:00,230,343,584,974,747,1455,893,2236,1071,1677,549,573,685,1187,489,1692,161,240,450,701,575,1116,696,1711,792,1274,462,505,583,1058,431,1551,13603,12305,567,1,1215,0,0
2021-02-17T23:59:59+01:00,223,304,563,914,712,1360,830,2068,987,1545,534,566,685,1183,487,1690,153,237,440,691,564,1098,678,1680,781,1254,459,504,581,1054,431,1551,13587,12155,567,1,497,0,0
2021-02-16T23:59:59+01:00,217,299,554,901,696,1327,814,2031,950,1505,527,561,679,1181,486,1688,147,232,427,683,553,1084,666,1661,773,1240,453,499,574,1039,425,1527,13558,11983,567,0,291,0,0
2021-02-15T23:59:59+01:00,201,287,548,872,688,1294,799,1995,925,1461,525,560,679,1181,486,1688,144,231,419,673,541,1066,640,1632,759,1222,452,499,574,1039,425,1527,13555,11843,528,0,106,0,0
2021-02-14T23:59:59+01:00,195,280,545,858,688,1287,794,1983,909,1455,524,560,679,1178,485,1688,136,228,408,662,522,1048,624,1618,753,1209,452,497,572,1037,425,1527,13549,11718,527,0,32,0,0
2021-02-13T23:59:59+01:00,194,280,544,858,688,1287,794,1983,909,1455,524,560,679,1178,485,1688,136,228,407,661,522,1048,624,1618,753,1209,452,497,572,1037,425,1527,13548,11716,527,0,31,0,0
2021-02-12T23:59:59+01:00,193,279,540,857,687,1285,789,1981,908,1453,523,560,679,1178,485,1688,132,225,404,656,517,1040,612,1606,749,1192,449,496,560,1015,423,1504,13541,11580,526,0,18,0,0
2021-02-11T23:59:59+01:00,191,278,535,850,682,1281,787,1978,901,1451,518,553,673,1173,480,1682,111,181,369,585,472,960,561,1483,709,1110,423,453,519,950,384,1420,13491,10690,514,0,8,0,0
2021-02-10T23:59:59+01:00,187,275,525,832,665,1265,775,1948,887,1433,509,548,665,1160,475,1673,101,168,340,519,444,849,520,1309,632,963,374,404,450,830,344,1270,13368,9517,453,0,1,0,0
2021-02-09T23:59:59+01:00,186,268,514,787,651,1229,755,1880,872,1398,500,539,657,1144,468,1659,93,146,323,455,407,761,473,1195,574,880,343,349,407,744,321,1158,13258,8629,249,0,0,0,0
2021-02-08T23:59:59+01:00,182,262,497,762,627,1192,734,1822,855,1367,494,538,654,1138,465,1644,71,108,283,388,359,621,417,959,499,720,284,292,342,593,267,972,13189,7175,44,0,0,0,0
2021-02-07T23:59:59+01:00,182,261,496,760,625,1192,732,1814,855,1365,493,538,654,1138,465,1643,70,94,263,359,342,573,398,926,483,691,283,285,339,586,266,969,13169,6927,44,0,0,0,0
2021-02-06T23:59:59+01:00,182,261,496,760,625,1192,732,1814,855,1365,493,538,654,1138,465,1643,70,94,263,359,342,573,398,925,481,689,283,284,338,584,265,969,13169,6917,44,0,0,0,0
2021-02-05T23:59:59+01:00,182,261,496,760,625,1192,732,1814,855,1364,493,538,653,1138,465,1643,68,94,261,357,339,569,390,901,474,678,276,282,329,561,251,936,13167,6766,44,0,0,0,0
2021-02-04T23:59:59+01:00,176,255,490,751,620,1184,728,1800,848,1356,487,532,628,1111,459,1628,51,75,225,320,301,473,343,757,382,545,214,210,243,384,186,687,13009,5396,44,0,0,0,0
2021-02-03T23:59:59+01:00,175,255,484,744,612,1176,723,1788,840,1341,479,527,613,1099,454,1623,40,49,166,227,250,356,257,572,306,422,170,169,178,297,141,527,12890,4127,43,0,0,0,0
2021-02-02T23:59:59+01:00,175,254,482,743,612,1176,719,1782,835,1338,478,526,609,1096,453,1619,30,42,142,177,205,286,216,436,253,339,128,134,141,222,107,419,12854,3277,43,0,0,0,0
2021-02-01T23:59:59+01:00,173,254,481,742,607,1170,718,1774,833,1334,476,523,604,1094,453,1614,25,31,102,132,147,194,152,303,160,240,81,94,99,138,56,225,12807,2179,43,0,0,0,0
2021-01-31T23:59:59+01:00,173,254,481,739,604,1169,718,1770,833,1333,475,523,603,1092,453,1613,16,22,70,86,105,128,116,227,133,192,77,88,95,128,54,212,12790,1749,43,0,0,0,0
2021-01-30T23:59:59+01:00,173,254,480,739,602,1167,717,1770,833,1333,475,523,602,1092,453,1613,16,22,70,86,105,126,114,224,130,189,76,86,95,123,48,202,12789,1712,37,0,0,0,0
2021-01-29T23:59:59+01:00,173,254,480,738,601,1165,715,1768,831,1332,475,523,602,1092,453,1613,13,20,59,82,87,121,97,215,109,176,71,79,92,120,48,201,12786,1590,29,0,0,0,0
2021-01-28T23:59:59+01:00,166,248,466,721,585,1140,708,1742,809,1304,469,518,599,1089,450,1610,7,4,13,22,24,44,31,102,46,82,46,52,60,87,36,152,12601,808,23,0,0,0,0
2021-01-27T23:59:59+01:00,158,245,455,711,575,1130,693,1706,804,1284,465,517,596,1083,450,1606,3,2,5,12,9,22,15,42,22,27,13,17,24,35,17,48,12457,313,21,0,0,0,0
2021-01-26T23:59:59+01:00,151,241,442,697,563,1116,685,1682,792,1264,460,511,590,1065,444,1575,3,2,5,11,6,20,12,37,17,26,13,14,23,35,17,47,12266,288,12,0,0,0,0
2021-01-25T23:59:59+01:00,148,239,432,684,548,1097,660,1653,775,1246,459,509,588,1065,444,1575,2,2,4,9,6,16,7,28,12,21,8,5,13,23,9,29,12121,194,1,0,0,0,0
2021-01-24T23:59:59+01:00,140,236,422,674,533,1078,644,1641,763,1234,458,506,587,1065,444,1575,1,0,2,6,6,4,5,7,4,9,1,2,11,15,6,16,11999,95,1,0,0,0,0
2021-01-23T23:59:59+01:00,140,236,422,673,533,1078,644,1641,763,1234,458,506,587,1065,444,1575,1,0,2,6,6,4,5,7,4,9,1,2,11,15,6,16,11998,95,1,0,0,0,0
2021-01-22T23:59:59+01:00,136,233,415,668,529,1070,632,1629,757,1217,457,503,574,1041,441,1552,1,0,2,6,6,4,5,7,4,9,1,2,11,15,6,16,11853,95,1,0,0,0,0
2021-01-21T23:59:59+01:00,123,224,400,648,503,1036,601,1576,738,1178,440,468,540,988,410,1494,1,0,2,6,6,4,5,7,4,9,1,2,11,15,6,16,11366,95,1,0,0,0,0
2021-01-20T23:59:59+01:00,104,174,359,554,460,891,547,1339,648,1005,379,410,455,841,356,1291,1,0,2,5,6,4,5,7,4,9,1,2,11,15,6,16,9812,94,1,0,0,0,0
2021-01-19T23:59:59+01:00,96,154,330,480,419,795,505,1224,598,913,354,372,417,761,333,1203,1,0,2,3,6,4,5,7,4,9,1,0,8,11,5,15,8953,81,1,0,0,0,0
2021-01-18T23:59:59+01:00,73,111,290,394,364,645,428,978,509,738,288,303,349,611,281,1018,1,0,2,3,6,4,5,7,4,9,1,0,8,11,5,15,7380,81,0,0,0,0,0
2021-01-17T23:59:59+01:00,70,96,270,365,344,588,406,934,489,706,285,295,347,604,280,1010,0,0,0,0,0,0,0,0,0,0,0,0,0,0,0,0,7089,0,0,0,0,0,0
2021-01-16T23:59:59+01:00,70,96,270,365,344,588,406,933,487,704,285,294,345,600,279,1010,0,0,0,0,0,0,0,0,0,0,0,0,0,0,0,0,7076,0,0,0,0,0,0
2021-01-15T23:59:59+01:00,68,96,269,362,340,582,396,908,477,688,275,291,329,572,260,975,0,0,0,0,0,0,0,0,0,0,0,0,0,0,0,0,6888,0,0,0,0,0,0
2021-01-14T23:59:59+01:00,53,80,254,337,318,501,355,781,390,557,215,213,242,383,188,700,0,0,0,0,0,0,0,0,0,0,0,0,0,0,0,0,5567,0,0,0,0,0,0
2021-01-13T23:59:59+01:00,46,66,226,275,278,411,289,616,318,451,163,172,180,296,145,535,0,0,0,0,0,0,0,0,0,0,0,0,0,0,0,0,4467,0,0,0,0,0,0
2021-01-12T23:59:59+01:00,42,64,218,257,263,378,270,544,284,407,126,133,143,223,109,413,0,0,0,0,0,0,0,0,0,0,0,0,0,0,0,0,3874,0,0,0,0,0,0
2021-01-11T23:59:59+01:00,36,58,206,236,244,327,220,448,235,343,93,100,110,144,60,254,0,0,0,0,0,0,0,0,0,0,0,0,0,0,0,0,3114,0,0,0,0,0,0
2021-01-10T23:59:59+01:00,31,50,169,167,201,248,182,353,189,277,87,95,107,137,58,241,0,0,0,0,0,0,0,0,0,0,0,0,0,0,0,0,2592,0,0,0,0,0,0
2021-01-09T23:59:59+01:00,30,48,163,163,199,241,179,347,187,272,87,95,107,137,58,241,0,0,0,0,0,0,0,0,0,0,0,0,0,0,0,0,2554,0,0,0,0,0,0
2021-01-08T23:59:59+01:00,25,42,134,140,178,228,156,319,161,252,82,85,104,134,58,240,0,0,0,0,0,0,0,0,0,0,0,0,0,0,0,0,2338,0,0,0,0,0,0
2021-01-07T23:59:59+01:00,8,5,17,24,30,49,37,109,59,98,47,49,62,90,36,158,0,0,0,0,0,0,0,0,0,0,0,0,0,0,0,0,878,0,0,0,0,0,0
2021-01-06T23:59:59+01:00,3,2,6,12,8,21,14,40,21,29,15,13,25,41,18,55,0,0,0,0,0,0,0,0,0,0,0,0,0,0,0,0,323,0,0,0,0,0,0
2021-01-05T23:59:59+01:00,2,1,5,11,7,17,11,32,15,24,11,13,22,34,18,51,0,0,0,0,0,0,0,0,0,0,0,0,0,0,0,0,274,0,0,0,0,0,0
2021-01-04T23:59:59+01:00,1,1,3,7,7,11,5,15,8,15,4,3,11,19,8,26,0,0,0,0,0,0,0,0,0,0,0,0,0,0,0,0,144,0,0,0,0,0,0
2021-01-03T23:59:59+01:00,1,0,2,6,7,4,5,7,4,9,1,2,11,15,7,16,0,0,0,0,0,0,0,0,0,0,0,0,0,0,0,0,97,0,0,0,0,0,0
2021-01-02T23:59:59+01:00,1,0,2,6,7,4,5,7,4,9,1,2,11,15,7,16,0,0,0,0,0,0,0,0,0,0,0,0,0,0,0,0,97,0,0,0,0,0,0
2021-01-01T23:59:59+01:00,1,0,2,6,7,4,5,7,4,9,1,2,11,15,7,16,0,0,0,0,0,0,0,0,0,0,0,0,0,0,0,0,97,0,0,0,0,0,0
2020-12-31T23:59:59+01:00,1,0,2,5,7,4,5,7,4,9,1,2,11,15,7,16,0,0,0,0,0,0,0,0,0,0,0,0,0,0,0,0,96,0,0,0,0,0,0
2020-12-30T23:59:59+01:00,1,0,2,5,7,4,5,7,4,9,1,2,11,15,7,16,0,0,0,0,0,0,0,0,0,0,0,0,0,0,0,0,96,0,0,0,0,0,0
2020-12-29T23:59:59+01:00,1,0,2,3,7,4,5,7,4,9,1,0,8,11,6,15,0,0,0,0,0,0,0,0,0,0,0,0,0,0,0,0,83,0,0,0,0,0,0
2020-12-28T23:59:59+01:00,1,0,2,3,7,4,5,7,4,9,1,0,8,11,6,15,0,0,0,0,0,0,0,0,0,0,0,0,0,0,0,0,83,0,0,0,0,0,0
2020-12-27T23:59:59+01:00,1,0,2,3,7,4,5,7,4,9,1,0,8,11,6,15,0,0,0,0,0,0,0,0,0,0,0,0,0,0,0,0,83,0,0,0,0,0,0
