Datum,<15_m,<15_w,15-24_1_m,15-24_1_w,25-34_1_m,25-34_1_w,35-44_1_m,35-44_1_w,45-54_1_m,45-54_1_w,55-64_1_m,55-64_1_w,65-74_1_m,65-74_1_w,75-84_1_m,75-84_1_w,>84_1_m,>84_1_w,<24_2_m,<24_2_w,25-34_2_m,25-34_2_w,35-44_2_m,35-44_2_w,45-54_2_m,45-54_2_w,55-64_2_m,55-64_2_w,65-74_2_m,65-74_2_w,75-84_2_m,75-84_2_w,>84_2_m,>84_2_w,bp_1,bp_2,mo_1,mo_2,az_1,az_2,ja,unb_1,unb_2
2021-08-02T23:59:59+02:00,1026,909,13848,12883,19636,18086,22045,21669,25888,26558,29260,30262,20892,23897,15031,18889,4272,7445,10971,10331,17160,15958,19889,19589,23891,24456,27520,28479,20018,22902,14489,18145,4132,7168,214817,195152,31570,28825,54977,50856,11107,25,25
2021-08-01T23:59:59+02:00,1016,894,13791,12834,19601,18069,22026,21649,25863,26538,29241,30246,20884,23886,15027,18882,4272,7444,10829,10189,17009,15851,19744,19483,23749,24353,27415,28402,20004,22878,14481,18133,4132,7164,214593,194286,31514,28745,54977,50507,11054,25,25
2021-07-31T23:59:59+02:00,1016,894,13765,12825,19584,18062,22009,21639,25851,26527,29233,30235,20882,23881,15026,18881,4271,7444,10802,10179,16990,15838,19726,19472,23737,24342,27407,28391,20002,22873,14480,18132,4131,7164,214590,194271,31514,28745,54977,50507,10919,25,25
2021-07-30T23:59:59+02:00,1008,885,13706,12782,19539,18041,21980,21620,25822,26505,29206,30217,20875,23873,15020,18879,4269,7443,10715,10108,16925,15796,19667,19438,23670,24301,27360,28367,19987,22852,14471,18129,4128,7162,214415,193887,31513,28745,54977,50441,10740,25,25
2021-07-29T23:59:59+02:00,986,872,13605,12710,19483,17987,21913,21578,25778,26453,29160,30184,20857,23864,15013,18872,4269,7441,10453,9857,16637,15559,19378,19230,23376,24077,27115,28210,19932,22798,14459,18109,4128,7161,214013,192173,31448,28634,54976,49761,10563,25,25
2021-07-28T23:59:59+02:00,959,845,13474,12584,19363,17885,21831,21499,25701,26376,29084,30117,20836,23828,15000,18860,4267,7439,10166,9657,16380,15373,19120,19047,23151,23891,26960,28066,19883,22725,14440,18087,4125,7156,213387,190860,31417,28551,54972,49252,10147,25,25
2021-07-27T23:59:59+02:00,928,824,13363,12495,19309,17829,21776,21454,25650,26325,29052,30079,20824,23810,14997,18842,4266,7433,9918,9450,16136,15157,18903,18873,22971,23725,26805,27933,19844,22674,14420,18063,4119,7147,212804,189214,31366,28399,54972,48919,10089,25,25
2021-07-26T23:59:59+02:00,903,806,13265,12401,19258,17772,21703,21391,25602,26292,28999,30023,20796,23787,14979,18823,4266,7429,9682,9201,15905,14956,18655,18674,22745,23558,26654,27803,19773,22614,14394,18027,4114,7141,212217,187469,31295,28300,54971,48548,9987,25,25
2021-07-25T23:59:59+02:00,884,795,13191,12332,19181,17726,21647,21341,25562,26245,28964,29978,20780,23771,14973,18817,4263,7428,9496,9061,15705,14813,18456,18534,22577,23448,26506,27684,19723,22566,14379,18014,4111,7138,211930,186578,31235,28149,54971,48133,9717,25,25
2021-07-24T23:59:59+02:00,884,795,13182,12323,19172,17720,21638,21336,25547,26238,28959,29972,20776,23770,14972,18816,4263,7428,9487,9048,15697,14805,18445,18528,22560,23439,26500,27676,19720,22563,14378,18013,4111,7137,211926,186560,31235,28146,54971,48133,9634,25,25
2021-07-23T23:59:59+02:00,876,794,13119,12287,19094,17688,21601,21303,25510,26199,28926,29936,20762,23754,14964,18812,4261,7425,9439,9020,15615,14761,18394,18490,22507,23398,26456,27637,19705,22547,14371,18007,4109,7134,211802,186402,31234,28142,54971,48132,9279,25,25
2021-07-22T23:59:59+02:00,864,781,13023,12208,19039,17621,21554,21274,25460,26152,28902,29916,20750,23737,14962,18806,4258,7423,9123,8753,15216,14518,18033,18237,22176,23157,26251,27503,19648,22491,14358,17985,4106,7129,211346,184589,31149,27891,54967,47229,9243,25,25
2021-07-21T23:59:59+02:00,842,754,12825,12041,18893,17499,21422,21175,25354,26050,28827,29847,20708,23703,14945,18783,4254,7418,8742,8433,14781,14191,17656,17967,21823,22832,25980,27296,19555,22403,14333,17948,4103,7120,210740,182698,31039,27541,54962,46574,8574,25,25
2021-07-20T23:59:59+02:00,813,730,12681,11909,18790,17418,21354,21102,25295,25987,28792,29796,20684,23673,14937,18767,4251,7415,8415,8128,14321,13858,17278,17696,21525,22605,25738,27111,19474,22296,14304,17913,4101,7114,210085,180564,30930,27381,54960,45705,8394,25,25
2021-07-19T23:59:59+02:00,785,703,12563,11795,18701,17349,21296,21042,25242,25934,28742,29760,20659,23645,14927,18753,4247,7409,8088,7873,13957,13606,16931,17447,21203,22408,25513,26970,19406,22221,14282,17891,4095,7108,209385,178544,30826,27217,54960,44998,8356,25,25
2021-07-18T23:59:59+02:00,767,684,12454,11695,18598,17276,21234,20990,25188,25884,28705,29706,20637,23625,14916,18743,4245,7407,7921,7720,13804,13488,16780,17326,21044,22296,25384,26891,19366,22181,14267,17875,4095,7105,208828,177619,30676,27114,54960,44637,8265,25,25
2021-07-17T23:59:59+02:00,767,684,12450,11695,18597,17273,21234,20990,25188,25884,28705,29706,20637,23625,14916,18743,4245,7407,7913,7719,13800,13483,16779,17325,21043,22295,25383,26889,19365,22181,14267,17875,4095,7105,208824,177599,30676,27113,54960,44636,8261,25,25
2021-07-16T23:59:59+02:00,760,679,12376,11639,18560,17242,21197,20963,25155,25861,28680,29687,20635,23622,14916,18741,4245,7407,7764,7617,13648,13410,16636,17267,20905,22237,25280,26841,19348,22162,14266,17869,4095,7102,208616,177153,30676,27042,54959,44248,8089,25,25
2021-07-15T23:59:59+02:00,745,661,12309,11574,18499,17191,21144,20914,25109,25822,28652,29660,20620,23605,14911,18732,4244,7404,7424,7301,13046,13008,15969,16847,20272,21871,24832,26530,19202,22021,14223,17823,4092,7095,208164,174933,30590,26156,54953,42483,8064,25,25
2021-07-14T23:59:59+02:00,716,641,12102,11440,18335,17085,21025,20820,25009,25722,28565,29562,20586,23572,14892,18716,4241,7401,7009,6940,12388,12551,15288,16365,19642,21415,24370,26190,18986,21795,14191,17775,4084,7084,207364,172111,30443,25825,54952,40551,7646,25,25
2021-07-13T23:59:59+02:00,672,607,11963,11310,18218,17007,20913,20724,24915,25629,28497,29497,20557,23533,14872,18706,4239,7391,6547,6507,11756,12055,14601,15860,19041,21001,23934,25866,18807,21582,14147,17712,4080,7075,206365,168460,30306,25652,54942,38889,7612,25,22
2021-07-12T23:59:59+02:00,639,579,11841,11175,18105,16919,20825,20620,24816,25531,28416,29432,20529,23500,14864,18695,4234,7384,6133,6091,11158,11521,13982,15319,18490,20512,23518,25503,18613,21392,14083,17654,4071,7071,205372,164791,30179,24827,54939,37936,7589,25,22
2021-07-11T23:59:59+02:00,605,554,11728,11085,18039,16858,20770,20564,24763,25488,28361,29387,20510,23481,14855,18687,4234,7383,5938,5923,10900,11318,13752,15121,18247,20325,23311,25318,18541,21312,14057,17628,4070,7065,204763,163412,30058,24358,54937,37511,7576,18,19
2021-07-10T23:59:59+02:00,604,554,11721,11084,18035,16856,20767,20564,24760,25487,28360,29387,20510,23481,14854,18685,4234,7383,5931,5922,10898,11312,13743,15117,18246,20323,23309,25316,18539,21311,14056,17628,4070,7065,204744,163386,30057,24357,54937,37504,7570,18,19
2021-07-09T23:59:59+02:00,576,531,11611,10963,17960,16773,20699,20502,24687,25411,28311,29342,20487,23461,14851,18677,4234,7382,5897,5892,10869,11279,13693,15095,18215,20290,23290,25293,18534,21301,14054,17625,4070,7064,203884,163151,30057,24307,54937,37471,7562,18,19
2021-07-08T23:59:59+02:00,541,507,11452,10833,17841,16671,20572,20406,24581,25286,28195,29267,20443,23412,14835,18649,4231,7374,5544,5634,10362,10887,13073,14641,17556,19731,22686,24834,18229,20921,13957,17543,4065,7054,203148,160845,30033,23501,54914,35412,6983,18,19
2021-07-07T23:59:59+02:00,481,455,11289,10696,17761,16586,20503,20337,24507,25208,28133,29205,20415,23377,14830,18637,4229,7366,5233,5342,9839,10439,12498,14168,16878,19213,22122,24340,17919,20560,13855,17446,4058,7031,202157,158397,30011,22050,54895,33578,6934,18,19
2021-07-06T23:59:59+02:00,442,421,11167,10548,17648,16495,20412,20236,24430,25117,28043,29127,20389,23339,14821,18621,4227,7363,4855,4926,9241,9932,11795,13574,16180,18605,21614,23847,17602,20257,13756,17333,4049,7021,201040,154300,30005,21111,54887,32285,6896,18,19
2021-07-05T23:59:59+02:00,420,395,11076,10463,17562,16426,20332,20166,24369,25065,28002,29089,20365,23318,14810,18613,4226,7360,4564,4610,8747,9481,11233,13022,15472,17965,20995,23240,17209,19863,13625,17177,4041,7013,200311,150417,30001,20435,54879,30558,6848,18,19
2021-07-04T23:59:59+02:00,407,389,11000,10408,17495,16373,20283,20117,24338,25029,27986,29071,20356,23307,14804,18610,4225,7359,4419,4517,8617,9315,11042,12846,15233,17755,20731,22968,16938,19572,13566,17086,4037,7009,199829,149110,29997,20128,54879,29580,6834,18,19
2021-07-03T23:59:59+02:00,406,388,10993,10399,17485,16366,20281,20114,24336,25028,27983,29070,20356,23306,14804,18610,4225,7358,4415,4512,8611,9314,11039,12846,15229,17755,20728,22965,16938,19569,13566,17086,4037,7009,199798,149100,29996,20128,54879,29575,6817,18,19
2021-07-02T23:59:59+02:00,362,325,10846,10289,17374,16264,20180,20040,24264,24963,27921,29010,20330,23280,14798,18596,4225,7355,4326,4432,8452,9174,10904,12736,15106,17648,20616,22861,16897,19540,13559,17071,4037,7006,198918,148109,29996,20128,54879,29518,6611,18,19
2021-07-01T23:59:59+02:00,315,281,10713,10153,17246,16171,20057,19952,24181,24887,27858,28960,20310,23256,14782,18581,4222,7351,4123,4229,8156,8837,10537,12326,14544,17152,20109,22322,16610,19243,13353,16858,4027,6984,197847,145057,29939,19460,54873,28293,6599,18,19
2021-06-30T23:59:59+02:00,233,220,10461,9916,17078,16022,19926,19819,24067,24766,27778,28872,20289,23225,14763,18563,4221,7350,3927,4032,7853,8497,10126,11864,14056,16596,19535,21690,16288,18905,13081,16582,4015,6958,196218,141382,29884,19204,54864,26832,6585,18,19
2021-06-29T23:59:59+02:00,188,183,10315,9740,16944,15926,19822,19730,23999,24691,27720,28804,20263,23199,14749,18544,4221,7346,3723,3771,7456,8049,9653,11329,13403,15932,18921,20987,15971,18579,12836,16292,4008,6944,195073,137104,29880,18908,54860,25286,6553,18,19
2021-06-28T23:59:59+02:00,138,131,10118,9559,16825,15819,19720,19631,23906,24598,27652,28744,20233,23169,14735,18525,4219,7344,3519,3513,7055,7609,9219,10835,12854,15394,18426,20472,15721,18314,12718,16160,4002,6933,193905,133276,29767,18483,54857,24460,6519,18,19
2021-06-27T23:59:59+02:00,120,114,9982,9447,16769,15760,19660,19580,23848,24548,27625,28720,20220,23153,14732,18521,4218,7341,3427,3445,6879,7416,9031,10634,12625,15154,18165,20212,15601,18210,12653,16075,4002,6929,193276,132086,29711,18135,54852,23730,6501,18,19
2021-06-26T23:59:59+02:00,120,114,9980,9443,16768,15756,19658,19579,23845,24547,27625,28720,20220,23153,14732,18521,4218,7341,3424,3445,6877,7415,9028,10632,12624,15151,18163,20211,15598,18209,12653,16074,4002,6929,193259,132067,29710,18135,54852,23726,6501,18,19
2021-06-25T23:59:59+02:00,116,111,9934,9402,16731,15724,19625,19551,23809,24519,27601,28702,20214,23146,14730,18518,4218,7341,3405,3400,6803,7305,8932,10477,12510,14955,18020,20004,15576,18180,12645,16071,4001,6928,192945,131890,29676,17783,54852,23032,6501,18,19
2021-06-24T23:59:59+02:00,106,100,9807,9276,16545,15603,19493,19430,23688,24431,27544,28642,20200,23130,14723,18509,4217,7339,3279,3253,6590,6977,8623,10022,11980,14334,17466,19300,15351,17952,12500,15942,3998,6916,192117,129499,29334,16928,54851,21586,6463,18,19
2021-06-23T23:59:59+02:00,100,94,9679,9139,16405,15478,19376,19324,23591,24327,27480,28595,20185,23108,14719,18504,4214,7338,3075,3012,6239,6491,8123,9456,11282,13513,16704,18319,15055,17610,12349,15799,3988,6891,191201,124956,29168,15958,54841,20557,6428,18,19
2021-06-22T23:59:59+02:00,70,68,9389,8833,16178,15277,19190,19175,23447,24203,27409,28511,20162,23083,14711,18485,4210,7332,2842,2723,5756,5945,7502,8694,10375,12475,15678,17117,14759,17251,12242,15675,3975,6868,189523,118532,28961,15468,54837,19480,6396,16,13
2021-06-21T23:59:59+02:00,66,61,9263,8670,16005,15131,19002,19021,23316,24079,27348,28432,20138,23056,14705,18475,4210,7328,2697,2530,5373,5479,7036,8108,9644,11599,14947,16185,14481,16939,12136,15554,3970,6852,188328,113824,28737,14909,54831,18402,6394,16,13
2021-06-20T23:59:59+02:00,63,60,9128,8539,15870,15017,18893,18932,23242,24008,27308,28381,20127,23036,14694,18468,4207,7327,2640,2461,5206,5297,6822,7841,9337,11268,14584,15784,14348,16806,12096,15517,3965,6847,187446,112129,28617,14685,54831,17614,6390,16,13
2021-06-19T23:59:59+02:00,63,60,9128,8537,15869,15011,18891,18932,23241,24008,27308,28380,20127,23036,14694,18468,4207,7327,2637,2460,5205,5293,6821,7841,9337,11267,14582,15780,14346,16806,12096,15517,3965,6847,187435,112113,28615,14683,54831,17613,6390,16,13
2021-06-18T23:59:59+02:00,63,56,9100,8525,15856,15002,18876,18924,23234,23999,27301,28375,20127,23033,14693,18468,4207,7327,2608,2426,5150,5234,6743,7741,9238,11111,14410,15552,14267,16705,12086,15496,3963,6844,187316,111328,28614,14682,54830,17173,6390,16,13
2021-06-17T23:59:59+02:00,56,53,8925,8364,15622,14835,18678,18768,23078,23868,27165,28283,20103,23011,14686,18456,4205,7324,2471,2274,4823,4935,6356,7338,8689,10506,13579,14681,14030,16415,12014,15375,3959,6832,185992,108463,28609,13724,54822,16048,6041,16,13
2021-06-16T23:59:59+02:00,48,51,8696,8150,15388,14612,18467,18568,22888,23701,27059,28173,20074,22968,14672,18436,4201,7318,2357,2166,4581,4733,6004,6993,8164,10019,12863,13842,13680,16032,11929,15286,3954,6820,184212,105014,28510,12924,54819,15571,5913,16,13
2021-06-15T23:59:59+02:00,39,38,8347,7812,15008,14255,18146,18277,22639,23488,26900,28039,20045,22935,14659,18420,4199,7308,2173,1999,4229,4379,5496,6432,7283,9133,11670,12568,13142,15417,11807,15123,3939,6797,181608,98781,28474,12261,54818,14906,5638,16,13
2021-06-14T23:59:59+02:00,33,33,8166,7644,14752,14024,17943,18104,22488,23368,26788,27959,20024,22902,14646,18412,4195,7300,2059,1874,3975,4134,5109,5961,6627,8412,10744,11515,12827,15070,11735,15029,3929,6778,180029,93951,28450,11899,54816,14455,5470,16,13
2021-06-13T23:59:59+02:00,33,33,8089,7589,14672,13939,17828,17993,22407,23288,26758,27929,20011,22892,14642,18406,4195,7300,2011,1846,3894,4036,4989,5821,6396,8171,10450,11181,12670,14892,11677,14973,3928,6777,179276,92565,28440,11607,54813,14077,5459,16,12
2021-06-12T23:59:59+02:00,33,33,8088,7588,14671,13939,17828,17993,22405,23287,26757,27926,20011,22891,14642,18406,4195,7300,2010,1844,3893,4036,4987,5820,6393,8168,10447,11175,12667,14891,11677,14971,3928,6777,179265,92546,28440,11607,54813,14068,5459,16,12
2021-06-11T23:59:59+02:00,33,32,8022,7547,14582,13891,17753,17943,22335,23253,26714,27903,20009,22887,14642,18405,4195,7300,1994,1835,3857,3978,4945,5753,6332,8086,10348,11070,12628,14856,11666,14965,3928,6777,178929,92332,28362,11601,54812,13754,5327,16,12
2021-06-10T23:59:59+02:00,28,25,7681,7251,14190,13526,17324,17567,22005,22972,26520,27723,19966,22842,14629,18388,4192,7288,1889,1752,3643,3816,4672,5484,6013,7720,9734,10458,12112,14197,11598,14857,3920,6770,176335,89179,27870,11223,54802,13134,5094,16,11
2021-06-09T23:59:59+02:00,27,22,7312,6900,13724,13085,16806,17099,21614,22604,26306,27511,19893,22771,14611,18353,4189,7280,1719,1638,3444,3640,4419,5216,5630,7317,8964,9745,11448,13367,11479,14717,3910,6758,173080,84954,27323,10586,54789,12967,4899,16,11
2021-06-08T23:59:59+02:00,22,18,6934,6492,13210,12602,16337,16633,21256,22267,26090,27309,19835,22693,14581,18318,4186,7273,1627,1562,3222,3411,4101,4863,5123,6829,8078,8826,10565,12290,11337,14560,3906,6743,169667,79305,26837,10289,54780,12689,4756,16,10
2021-06-07T23:59:59+02:00,19,15,6654,6201,12782,12227,15938,16233,20929,21972,25928,27153,19799,22640,14560,18299,4179,7267,1565,1491,3032,3239,3823,4634,4724,6452,7365,8077,9660,11145,11227,14414,3895,6725,167106,74569,26411,9921,54760,12472,4502,16,10
2021-06-06T23:59:59+02:00,19,15,6512,6068,12639,12076,15775,16073,20764,21809,25842,27066,19779,22603,14549,18289,4178,7263,1550,1468,2959,3198,3728,4570,4618,6372,7223,7948,9403,10877,11181,14364,3892,6720,165873,73889,26308,9496,54739,12299,4383,16,10
2021-06-05T23:59:59+02:00,19,15,6503,6065,12630,12064,15766,16066,20762,21807,25842,27064,19779,22603,14549,18289,4178,7263,1548,1466,2956,3197,3727,4569,4615,6372,7219,7943,9397,10873,11181,14364,3892,6720,165818,73862,26308,9495,54739,12295,4383,16,10
2021-06-04T23:59:59+02:00,19,15,6473,6025,12572,12013,15706,16018,20734,21775,25825,27047,19775,22597,14546,18289,4178,7263,1547,1461,2943,3187,3708,4555,4605,6358,7184,7900,9365,10803,11143,14323,3891,6719,165723,73588,26049,9483,54717,12252,4365,16,10
2021-06-03T23:59:59+02:00,19,14,6240,5801,12273,11765,15384,15705,20403,21436,25570,26834,19729,22523,14526,18270,4177,7259,1504,1416,2871,3122,3611,4478,4492,6259,6983,7719,8989,10357,11091,14250,3891,6714,163243,72290,25802,9186,54716,12115,4151,16,10
2021-06-02T23:59:59+02:00,19,14,6179,5741,12207,11700,15310,15638,20331,21375,25553,26810,19724,22520,14523,18267,4176,7258,1490,1407,2855,3110,3595,4464,4458,6242,6950,7681,8910,10247,11082,14225,3890,6713,162900,71930,25616,9180,54715,12106,4098,16,10
2021-06-01T23:59:59+02:00,15,14,5721,5243,11464,11002,14485,14906,19613,20707,25143,26426,19633,22430,14489,18220,4168,7250,1377,1299,2555,2843,3217,4128,3970,5783,6123,6878,7725,8628,10838,13879,3876,6696,157852,66534,24961,8278,54688,11587,3412,16,9
2021-05-31T23:59:59+02:00,14,14,5472,4943,11019,10577,13956,14412,19134,20210,24837,26086,19539,22345,14450,18174,4159,7234,1318,1245,2403,2711,3016,3959,3696,5493,5572,6349,6726,7367,10597,13560,3867,6662,154377,62509,24270,7416,54684,11384,3228,16,9
2021-05-30T23:59:59+02:00,14,14,5392,4866,10836,10452,13792,14233,18787,19890,24594,25840,19508,22315,14442,18154,4158,7232,1297,1232,2378,2681,2969,3913,3628,5438,5469,6260,6555,7137,10560,13486,3865,6652,152884,61779,23767,7355,54657,11187,3195,16,9
2021-05-29T23:59:59+02:00,14,14,5390,4866,10836,10448,13788,14230,18787,19889,24593,25838,19508,22315,14442,18154,4158,7232,1296,1229,2377,2680,2967,3910,3628,5436,5468,6258,6551,7133,10560,13486,3865,6652,152868,61769,23767,7353,54656,11175,3195,16,9
2021-05-28T23:59:59+02:00,14,14,5373,4854,10814,10412,13762,14211,18771,19872,24585,25829,19507,22314,14440,18151,4158,7231,1291,1229,2377,2674,2966,3908,3622,5430,5454,6242,6535,7115,10551,13464,3864,6648,152683,61664,23765,7353,54655,11156,3193,16,9
2021-05-27T23:59:59+02:00,11,14,5079,4572,10298,9960,13176,13680,18082,19259,24006,25293,19410,22201,14407,18105,4147,7218,1123,1089,2096,2484,2667,3621,3328,5076,5125,5964,6238,6700,10323,13183,3859,6633,149429,59824,22778,7317,54549,10218,2146,16,8
2021-05-26T23:59:59+02:00,11,14,4814,4312,9861,9580,12657,13162,17469,18650,23372,24615,19286,22052,14361,18050,4141,7201,1043,1007,1940,2330,2467,3423,3066,4831,4736,5617,5683,6051,9955,12652,3843,6597,145322,56687,22024,7281,54428,9449,1820,14,8
2021-05-25T23:59:59+02:00,11,13,4599,4082,9446,9104,12195,12658,16932,18072,22850,23976,19154,21880,14330,17971,4132,7187,992,962,1878,2242,2356,3289,2894,4628,4390,5243,5107,5318,9507,12052,3827,6572,141266,53140,21196,7266,54298,9029,1818,14,8
2021-05-24T23:59:59+02:00,11,13,4485,3923,9234,8901,11993,12399,16632,17751,22521,23578,19079,21801,14315,17951,4130,7186,976,914,1819,2200,2283,3228,2808,4547,4270,5127,4963,5159,9417,11925,3825,6564,139764,52436,20241,7214,54120,8607,1764,14,8
2021-05-23T23:59:59+02:00,11,13,4475,3922,9228,8897,11981,12389,16621,17744,22505,23557,19073,21796,14314,17949,4130,7186,976,910,1817,2196,2280,3226,2802,4543,4263,5111,4956,5145,9410,11912,3824,6563,139655,52363,20239,7201,54119,8602,1764,14,8
2021-05-22T23:59:59+02:00,11,13,4470,3919,9225,8894,11973,12383,16619,17740,22503,23555,19073,21796,14314,17949,4130,7186,976,910,1817,2195,2278,3226,2801,4543,4263,5109,4954,5144,9409,11912,3824,6563,139629,52358,20239,7201,54107,8597,1764,14,8
2021-05-21T23:59:59+02:00,11,13,4437,3880,9157,8819,11901,12294,16528,17665,22439,23487,19053,21778,14310,17942,4130,7184,931,900,1784,2183,2247,3217,2770,4518,4215,5081,4929,5121,9397,11905,3823,6562,138973,52293,20239,7201,54088,8371,1714,14,8
2021-05-20T23:59:59+02:00,8,12,4180,3696,8712,8465,11419,11877,15858,17162,21855,22907,18867,21611,14278,17901,4125,7173,784,835,1528,2023,2004,3061,2528,4298,3968,4851,4772,4958,9284,11762,3815,6537,135568,51563,19864,7103,53670,7348,990,14,8
2021-05-19T23:59:59+02:00,8,12,3933,3451,8214,7997,10838,11330,15185,16460,21176,22182,18666,21380,14237,17851,4119,7156,732,789,1468,1943,1927,2958,2461,4174,3827,4693,4598,4747,9081,11534,3795,6508,130158,50482,19681,6971,53370,6806,972,14,8
2021-05-18T23:59:59+02:00,7,11,3645,3184,7665,7458,10106,10630,14223,15525,20229,21125,18407,21097,14182,17791,4113,7134,677,742,1414,1858,1854,2848,2333,4034,3652,4491,4330,4456,8879,11286,3782,6481,123103,49259,19587,6773,52928,6181,900,14,8
2021-05-17T23:59:59+02:00,7,11,3454,2973,7202,6991,9598,10090,13492,14734,19542,20323,18221,20835,14135,17726,4103,7120,618,687,1333,1795,1780,2766,2224,3959,3515,4378,4082,4225,8736,11074,3769,6452,117849,48459,19347,6559,52463,5487,884,14,8
2021-05-16T23:59:59+02:00,7,10,3326,2899,6994,6813,9395,9876,13238,14499,19316,20095,18143,20755,14121,17707,4102,7114,606,642,1294,1746,1737,2705,2187,3866,3451,4295,3991,4124,8716,11049,3767,6450,116229,48316,19105,6392,52182,5034,880,14,8
2021-05-15T23:59:59+02:00,7,10,3325,2896,6988,6806,9393,9870,13235,14497,19313,20086,18141,20754,14121,17707,4102,7114,606,642,1292,1746,1735,2705,2185,3866,3450,4295,3989,4122,8716,11049,3767,6450,116187,48310,19105,6391,52180,5031,879,14,8
2021-05-14T23:59:59+02:00,7,10,3285,2852,6875,6664,9264,9734,13086,14314,19142,19951,18117,20729,14120,17699,4101,7111,584,630,1271,1727,1707,2684,2151,3840,3406,4259,3939,4068,8709,11042,3767,6449,115784,48272,18357,6242,52099,4907,808,13,8
2021-05-13T23:59:59+02:00,7,10,3162,2688,6550,6344,8826,9336,12541,13833,18538,19355,17987,20585,14087,17663,4096,7109,548,605,1218,1673,1649,2611,2063,3734,3256,4141,3835,3932,8689,11022,3764,6445,112909,48180,17660,5855,51494,4502,642,12,8
2021-05-12T23:59:59+02:00,7,10,3135,2656,6517,6306,8779,9282,12404,13720,18353,19150,17954,20551,14079,17653,4096,7109,547,603,1217,1671,1644,2608,2055,3728,3242,4133,3822,3919,8681,11016,3764,6444,112198,48155,17432,5828,51477,4463,642,12,8
2021-05-11T23:59:59+02:00,5,10,2743,2401,5716,5804,7812,8468,11014,12561,16783,17675,17448,19989,13997,17548,4078,7086,510,545,1086,1563,1481,2452,1869,3550,3020,3873,3714,3806,8612,10924,3760,6439,104798,47926,16810,5633,49402,3522,117,11,8
2021-05-10T23:59:59+02:00,5,8,2555,2232,5242,5422,7115,7841,9980,11644,15489,16303,17070,19539,13934,17434,4071,7062,482,517,1042,1525,1437,2400,1809,3448,2901,3742,3633,3733,8573,10877,3756,6435,98981,47806,15903,5405,47935,2978,116,11,7
2021-05-09T23:59:59+02:00,5,8,2471,2202,5104,5339,6929,7722,9572,11305,14943,15776,16952,19401,13914,17406,4068,7057,466,499,1008,1468,1365,2316,1751,3325,2788,3586,3549,3639,8548,10845,3753,6432,97407,47722,15321,5122,47321,2375,114,11,7
2021-05-08T23:59:59+02:00,5,8,2467,2201,5103,5339,6929,7720,9568,11302,14942,15775,16952,19401,13914,17406,4068,7057,465,498,1008,1468,1365,2315,1751,3325,2787,3585,3547,3639,8548,10845,3753,6432,97393,47718,15320,5122,47319,2372,114,11,7
2021-05-07T23:59:59+02:00,5,8,2295,2139,4831,5245,6567,7566,9119,11087,14501,15455,16775,19200,13902,17377,4068,7055,453,496,997,1457,1350,2301,1716,3316,2738,3550,3503,3599,8472,10765,3753,6429,96687,47696,14806,4782,45581,2302,110,11,7
2021-05-06T23:59:59+02:00,5,8,2058,2006,4280,4894,5916,7189,8352,10529,13525,14633,16379,18750,13853,17283,4056,7042,422,448,954,1358,1263,2139,1610,3092,2517,3267,3325,3400,8294,10574,3744,6416,94113,47259,13566,4178,43027,1339,42,10,7
2021-05-05T23:59:59+02:00,5,8,1932,1893,3995,4670,5484,6819,7662,9943,12409,13576,15703,17915,13750,17181,4047,7018,411,436,941,1331,1233,2095,1574,3015,2457,3184,3275,3360,8216,10478,3738,6406,89702,47128,12242,4034,42029,956,27,10,7
2021-05-04T23:59:59+02:00,5,8,1846,1808,3727,4435,5075,6461,7001,9369,11191,12333,14785,16788,13640,17044,4043,7004,406,428,922,1312,1214,2051,1556,2979,2412,3129,3231,3313,8127,10367,3732,6392,83892,46993,11604,3836,41044,725,13,10,6
2021-05-03T23:59:59+02:00,4,8,1793,1756,3577,4312,4844,6249,6619,9038,10463,11597,14063,15810,13554,16928,4034,6987,401,419,919,1299,1200,2017,1536,2938,2379,3083,3179,3273,8014,10265,3727,6386,79468,46868,11400,3618,40748,534,11,9,6
2021-05-02T23:59:59+02:00,4,8,1783,1737,3503,4288,4763,6196,6549,8978,10348,11483,13877,15616,13522,16901,4033,6982,399,411,913,1284,1197,2000,1533,2925,2363,3066,3164,3256,7978,10233,3726,6382,78913,46849,11124,3521,40518,449,7,9,6
2021-05-01T23:59:59+02:00,4,8,1781,1737,3502,4287,4763,6195,6546,8977,10343,11479,13874,15616,13521,16900,4033,6979,398,411,913,1284,1197,1999,1533,2925,2363,3066,3164,3256,7978,10233,3726,6381,78887,46846,11124,3521,40518,449,7,9,6
2021-04-30T23:59:59+02:00,4,8,1779,1731,3496,4278,4757,6182,6525,8962,10305,11441,13822,15542,13495,16869,4032,6978,398,409,912,1282,1197,1999,1533,2925,2361,3065,3164,3254,7977,10231,3726,6381,78558,46839,11124,3520,40509,445,6,9,6
2021-04-29T23:59:59+02:00,4,7,1652,1689,3256,4162,4483,6033,6213,8713,9891,11051,13243,14839,13392,16715,4026,6970,390,398,903,1261,1175,1963,1508,2887,2331,3017,3149,3242,7964,10213,3724,6377,75785,46715,10738,3519,39802,258,6,8,6
2021-04-28T23:59:59+02:00,4,7,1524,1642,3080,4062,4246,5855,5854,8441,9305,10561,12370,13658,13236,16506,4017,6956,381,388,887,1249,1159,1934,1472,2843,2261,2948,2996,3110,7852,10097,3717,6366,71296,46301,10551,3108,39465,243,4,8,6
2021-04-27T23:59:59+02:00,4,7,1484,1597,2971,3944,4044,5713,5547,8182,8684,9890,11331,12352,13007,16151,4006,6934,369,373,878,1228,1144,1899,1445,2771,2215,2887,2957,3067,7825,10067,3711,6362,66492,46092,10363,2936,38981,163,4,8,5
2021-04-26T23:59:59+02:00,4,7,1457,1564,2858,3867,3871,5569,5236,7969,8195,9449,10576,11426,12863,15947,3995,6916,368,368,868,1217,1128,1888,1415,2751,2188,2857,2908,3017,7781,10018,3705,6357,63082,45996,10173,2689,38502,142,4,8,5
2021-04-25T23:59:59+02:00,4,7,1446,1558,2791,3837,3776,5509,5101,7922,7999,9342,10380,11191,12826,15893,3994,6911,367,363,859,1210,1110,1874,1400,2732,2166,2830,2866,2984,7732,9970,3704,6352,62578,45917,9970,2479,37927,116,4,8,5
2021-04-24T23:59:59+02:00,4,7,1445,1558,2791,3836,3776,5508,5099,7920,7995,9338,10374,11189,12826,15893,3994,6911,367,363,859,1210,1110,1873,1398,2731,2165,2830,2866,2984,7732,9970,3704,6352,62556,45913,9970,2478,37926,116,4,8,5
2021-04-23T23:59:59+02:00,4,7,1429,1549,2723,3802,3694,5478,4981,7872,7862,9278,10289,11080,12802,15852,3992,6907,366,363,858,1208,1110,1873,1397,2731,2165,2830,2866,2984,7731,9970,3704,6352,62426,45909,9691,2477,37472,115,4,8,5
2021-04-22T23:59:59+02:00,4,7,1386,1520,2617,3735,3536,5374,4750,7719,7510,9042,9722,10388,12536,15554,3986,6884,358,362,849,1197,1098,1861,1381,2704,2132,2806,2819,2933,7639,9864,3693,6336,60815,45505,9032,2420,36411,100,4,8,5
2021-04-21T23:59:59+02:00,4,7,1352,1483,2535,3657,3418,5272,4533,7538,7102,8716,8836,9357,12125,14975,3973,6843,354,360,844,1181,1089,1840,1363,2675,2102,2778,2761,2876,7526,9700,3676,6308,58095,45030,8163,2296,35456,100,4,8,5
2021-04-20T23:59:59+02:00,4,7,1329,1457,2466,3583,3316,5174,4358,7356,6715,8386,7945,8230,11663,14384,3959,6829,349,356,833,1168,1080,1818,1339,2652,2069,2735,2701,2819,7378,9517,3646,6255,55242,44323,7397,2291,34512,95,3,7,5
2021-04-19T23:59:59+02:00,4,7,1313,1442,2428,3545,3255,5107,4253,7254,6475,8154,7314,7456,11411,14029,3949,6811,347,354,829,1159,1074,1806,1316,2639,2035,2710,2648,2776,7263,9353,3623,6216,53299,43772,7026,2278,33872,92,3,7,5
2021-04-18T23:59:59+02:00,4,6,1304,1430,2396,3519,3215,5086,4200,7196,6341,8025,6960,7068,11317,13924,3946,6799,347,353,827,1155,1073,1799,1314,2626,2029,2705,2642,2763,7237,9321,3621,6213,52784,43651,6565,2276,33377,92,3,7,5
2021-04-17T23:59:59+02:00,4,6,1303,1428,2396,3518,3214,5082,4195,7193,6334,8015,6946,7058,11315,13922,3946,6799,347,353,826,1154,1073,1799,1313,2625,2028,2703,2639,2761,7236,9321,3621,6213,52762,43639,6563,2275,33339,92,3,7,5
2021-04-16T23:59:59+02:00,4,6,1300,1427,2386,3512,3206,5075,4175,7175,6283,7982,6870,6973,11304,13908,3944,6797,346,352,822,1151,1071,1799,1310,2624,2025,2703,2638,2754,7233,9319,3620,6213,52705,43616,6327,2270,33285,88,3,7,5
2021-04-15T23:59:59+02:00,2,4,1263,1405,2331,3464,3109,5016,4015,7047,6026,7750,6327,6415,11057,13620,3930,6765,338,350,804,1130,1032,1740,1265,2552,1951,2608,2561,2684,7145,9232,3610,6196,51620,43027,5940,2084,31976,83,3,7,3
2021-04-14T23:59:59+02:00,2,4,1241,1392,2296,3436,3039,4954,3908,6941,5835,7542,5684,5712,10669,13135,3898,6714,330,347,792,1121,1015,1715,1235,2511,1900,2558,2484,2615,6997,9037,3591,6170,50219,42368,5733,1964,30441,83,2,7,3
2021-04-13T23:59:59+02:00,2,4,1227,1383,2264,3406,2984,4891,3798,6859,5587,7320,5152,5166,10328,12722,3875,6686,309,333,774,1093,992,1695,1210,2476,1864,2517,2418,2550,6879,8901,3555,6109,49204,41685,5529,1907,28912,80,2,7,3
2021-04-12T23:59:59+02:00,2,4,1212,1377,2240,3382,2934,4846,3672,6779,5377,7170,4825,4871,10079,12441,3866,6663,293,329,763,1089,975,1678,1196,2453,1815,2469,2342,2490,6765,8760,3540,6087,48740,41113,5331,1859,27660,69,2,7,3
2021-04-11T23:59:59+02:00,2,4,1207,1364,2221,3363,2901,4826,3610,6708,5232,7061,4594,4672,9894,12243,3861,6652,287,327,758,1081,965,1664,1185,2425,1793,2439,2288,2431,6682,8652,3526,6067,48658,40698,5095,1801,26653,68,2,7,3
2021-04-10T23:59:59+02:00,2,4,1207,1363,2219,3359,2899,4822,3604,6705,5222,7050,4589,4663,9886,12230,3861,6651,284,323,743,1074,952,1659,1162,2405,1723,2387,2205,2345,6626,8605,3525,6063,48604,40533,5095,1480,26628,65,2,7,3
2021-04-09T23:59:59+02:00,2,4,1204,1360,2212,3357,2891,4813,3595,6694,5192,7026,4565,4637,9861,12200,3860,6651,275,320,723,1064,938,1638,1130,2358,1632,2312,1987,2077,6473,8448,3504,6030,48531,39687,5090,1154,26494,65,2,7,3
2021-04-08T23:59:59+02:00,2,4,1179,1340,2157,3301,2807,4723,3454,6568,4956,6793,4179,4229,9320,11629,3842,6598,250,300,670,1003,880,1564,1056,2261,1499,2192,1712,1743,6013,7892,3417,5887,48074,37135,4567,1149,24431,52,2,7,3
2021-04-07T23:59:59+02:00,2,4,1169,1326,2126,3285,2765,4685,3365,6506,4794,6658,3886,3929,8759,11079,3825,6567,216,270,610,949,820,1493,997,2200,1394,2093,1572,1568,5418,7198,3327,5735,47868,34663,4094,1144,22760,51,1,7,3
2021-04-06T23:59:59+02:00,2,4,1148,1309,2083,3261,2726,4653,3300,6459,4667,6566,3635,3675,8270,10569,3809,6537,209,265,582,930,795,1444,953,2143,1311,2007,1429,1382,4843,6409,3217,5530,47674,32262,3558,1137,21433,48,1,7,3
2021-04-05T23:59:59+02:00,2,4,1146,1305,2079,3258,2716,4651,3286,6445,4645,6548,3603,3648,8243,10532,3805,6535,206,252,575,914,776,1420,937,2107,1271,1967,1382,1319,4630,6139,3169,5475,47588,31354,3554,1135,21301,48,1,7,3
2021-04-04T23:59:59+02:00,2,4,1146,1305,2079,3257,2716,4650,3286,6445,4644,6547,3599,3646,8241,10530,3805,6535,206,252,574,914,776,1420,937,2107,1271,1966,1382,1319,4629,6139,3169,5475,47582,31351,3554,1135,21293,48,1,7,3
2021-04-03T23:59:59+02:00,2,4,1146,1305,2078,3257,2716,4650,3286,6445,4644,6547,3598,3644,8241,10528,3805,6535,206,252,574,914,776,1420,937,2107,1271,1966,1382,1319,4629,6139,3169,5475,47580,31351,3553,1135,21290,48,1,7,3
2021-04-02T23:59:59+02:00,2,4,1146,1305,2078,3255,2716,4649,3286,6442,4644,6545,3596,3640,8239,10527,3805,6535,206,252,574,914,776,1418,937,2107,1271,1965,1382,1317,4627,6138,3168,5475,47564,31343,3553,1134,21289,48,1,7,3
2021-04-01T23:59:59+02:00,1,4,1133,1268,2013,3133,2608,4451,3138,6193,4487,6307,3552,3604,8141,10422,3795,6519,201,243,570,906,765,1412,927,2093,1248,1949,1361,1289,4388,5819,3050,5310,47198,30358,3548,1130,20015,41,1,7,3
2021-03-31T23:59:59+02:00,1,4,1115,1236,1974,3032,2532,4308,3048,5980,4358,6077,3471,3523,7990,10224,3776,6485,193,240,563,894,761,1394,915,2073,1207,1915,1305,1226,3903,5225,2923,5077,46599,28644,3421,1130,19106,40,1,7,1
2021-03-30T23:59:59+02:00,1,3,1093,1202,1925,2851,2430,4082,2897,5622,4156,5689,3378,3429,7826,10020,3750,6434,189,235,555,882,750,1372,892,2053,1159,1870,1222,1143,3381,4517,2701,4745,45966,26505,3259,1130,17555,31,1,7,1
2021-03-29T23:59:59+02:00,1,3,1077,1158,1864,2716,2346,3922,2759,5368,3994,5415,3282,3331,7666,9792,3721,6387,188,232,549,871,740,1358,875,2029,1124,1841,1148,1058,2804,3840,2522,4451,45327,24483,3032,1126,16435,21,1,7,1
2021-03-28T23:59:59+02:00,1,3,1057,1125,1792,2551,2262,3715,2638,5069,3842,5138,3217,3266,7601,9727,3717,6381,188,232,547,868,739,1356,873,2023,1121,1839,1139,1046,2749,3772,2509,4424,45220,24286,2821,1123,15053,16,1,7,1
2021-03-27T23:59:59+01:00,1,3,1057,1125,1792,2550,2261,3714,2635,5069,3839,5138,3213,3266,7600,9727,3717,6381,188,232,546,868,739,1356,872,2023,1119,1839,1139,1046,2749,3772,2509,4424,45211,24282,2821,1123,15048,16,1,7,1
2021-03-26T23:59:59+01:00,1,3,1053,1103,1749,2435,2197,3556,2574,4858,3753,4914,3192,3249,7597,9722,3716,6380,188,231,545,868,738,1356,872,2023,1119,1836,1135,1045,2746,3764,2508,4421,45185,24258,2818,1123,14041,14,1,7,1
2021-03-25T23:59:59+01:00,1,3,1027,1072,1698,2332,2114,3388,2468,4631,3642,4717,3091,3159,7470,9591,3709,6366,186,228,540,867,731,1346,866,2006,1104,1812,1090,1001,2520,3418,2311,4130,44930,23019,2486,1123,13056,14,1,6,1
2021-03-24T23:59:59+01:00,1,3,1005,1053,1678,2290,2083,3337,2433,4564,3598,4648,3004,3090,7342,9420,3692,6347,186,224,534,863,724,1336,855,1991,1085,1791,1050,959,2136,2875,1923,3620,44395,21017,2357,1121,12830,14,1,5,1
2021-03-23T23:59:59+01:00,1,3,995,1047,1659,2258,2060,3303,2397,4521,3558,4597,2937,3017,7249,9320,3674,6319,184,221,530,858,717,1324,841,1972,1048,1761,969,869,1775,2385,1581,3157,43882,19092,2347,1087,12681,13,1,4,1
2021-03-22T23:59:59+01:00,1,3,992,1040,1644,2243,2046,3285,2375,4493,3521,4556,2892,2983,7187,9250,3659,6302,181,218,529,848,701,1301,827,1958,1019,1734,923,798,1306,1812,1236,2677,43547,17022,2327,1033,12593,13,1,4,1
2021-03-21T23:59:59+01:00,1,3,992,1040,1643,2240,2046,3284,2371,4489,3510,4549,2879,2974,7139,9194,3653,6296,181,215,528,846,700,1297,825,1954,1008,1729,900,779,1230,1727,1183,2608,43402,16721,2324,976,12572,13,1,4,1
2021-03-20T23:59:59+01:00,1,3,991,1039,1642,2239,2046,3284,2371,4489,3508,4547,2879,2973,7139,9193,3653,6296,181,215,528,846,700,1297,825,1954,996,1716,865,751,1199,1704,1175,2606,43401,16719,2320,826,12567,13,1,4,1
2021-03-19T23:59:59+01:00,1,3,990,1031,1635,2227,2035,3280,2369,4483,3501,4539,2869,2962,7126,9176,3652,6293,181,214,527,846,700,1295,825,1953,989,1711,821,714,1142,1654,1165,2596,43338,16677,2315,643,12514,13,1,4,1
2021-03-18T23:59:59+01:00,1,3,951,999,1561,2116,1911,3113,2221,4237,3273,4288,2717,2804,6824,8811,3586,6194,180,213,522,841,693,1288,816,1942,967,1695,803,692,1067,1548,1025,2397,41943,16110,2006,566,11656,13,1,4,1
2021-03-17T23:59:59+01:00,1,3,897,966,1490,2059,1848,3047,2156,4175,3178,4192,2582,2671,6399,8321,3522,6080,179,211,519,836,691,1284,812,1937,962,1688,774,673,932,1395,869,2185,40178,15369,2003,565,11401,13,1,4,1
2021-03-16T23:59:59+01:00,1,3,872,943,1457,2020,1809,2998,2103,4120,3084,4094,2448,2512,5929,7676,3434,5930,173,208,514,835,687,1277,807,1928,954,1675,769,660,845,1269,727,2022,38196,14770,1944,565,11288,13,1,4,1
2021-03-15T23:59:59+01:00,1,3,855,936,1439,1998,1771,2943,2065,4048,2984,3985,2316,2342,5447,7134,3362,5817,172,207,514,828,685,1268,803,1918,944,1659,758,650,775,1158,579,1825,36432,14202,1848,527,11162,13,0,4,1
2021-03-14T23:59:59+01:00,1,3,850,922,1414,1969,1747,2914,2035,3988,2923,3919,2139,2149,5261,6908,3330,5786,172,207,513,825,683,1257,802,1911,941,1649,741,641,759,1139,555,1770,35413,14058,1751,502,11090,4,0,4,1
2021-03-13T23:59:59+01:00,1,3,842,915,1393,1958,1731,2901,2010,3960,2851,3871,2070,2075,5214,6855,3328,5785,172,207,513,825,683,1257,802,1911,941,1649,739,640,758,1136,554,1770,35163,14050,1512,502,11084,4,0,4,1
2021-03-12T23:59:59+01:00,1,3,818,900,1349,1901,1669,2802,1913,3808,2694,3704,1873,1838,5030,6633,3298,5742,172,207,512,825,683,1257,801,1911,941,1648,731,637,745,1121,547,1767,33839,13999,1272,501,10861,4,0,4,1
2021-03-11T23:59:59+01:00,1,3,783,841,1280,1819,1586,2655,1829,3607,2531,3532,1610,1529,4664,6164,3165,5560,163,201,506,816,673,1248,787,1876,920,1608,604,576,676,1080,527,1736,31731,13502,1177,491,10247,3,0,4,1
2021-03-10T23:59:59+01:00,1,3,767,790,1257,1762,1553,2596,1779,3537,2450,3442,1541,1440,4196,5626,3047,5310,163,199,497,794,655,1235,779,1856,913,1592,535,562,643,1071,520,1730,29926,13352,1170,388,9997,3,0,4,1
2021-03-09T23:59:59+01:00,1,3,755,768,1237,1732,1525,2550,1739,3486,2377,3390,1450,1344,3636,4878,2863,5005,161,197,492,773,645,1211,765,1824,901,1564,531,560,641,1066,517,1724,27767,13292,1168,276,9800,3,0,4,1
2021-03-08T23:59:59+01:00,0,3,751,741,1224,1713,1509,2530,1713,3450,2339,3347,1358,1244,2968,4051,2627,4635,157,194,478,749,623,1178,746,1774,877,1527,527,558,641,1065,517,1724,25322,13284,1168,49,9709,1,0,4,1
2021-03-07T23:59:59+01:00,0,3,748,737,1216,1704,1501,2516,1705,3442,2328,3339,1345,1228,2868,3931,2604,4585,157,194,478,749,623,1178,746,1774,877,1527,527,558,640,1065,517,1724,24972,13284,1166,49,9658,0,0,4,1
2021-03-06T23:59:59+01:00,0,3,747,737,1215,1701,1498,2513,1701,3439,2325,3338,1342,1228,2868,3931,2604,4585,156,194,478,749,623,1178,746,1774,877,1527,527,558,640,1065,517,1724,24968,13283,1166,49,9637,0,0,4,1
2021-03-05T23:59:59+01:00,0,3,683,711,1189,1687,1477,2504,1676,3424,2296,3329,1337,1226,2860,3923,2601,4580,156,194,478,748,623,1177,746,1774,877,1525,526,558,640,1065,517,1724,24938,13278,1162,49,9402,0,0,4,1
2021-03-04T23:59:59+01:00,0,3,617,662,1122,1618,1420,2422,1636,3345,2222,3252,1287,1178,2644,3559,2418,4293,154,189,475,734,611,1165,735,1746,868,1512,516,547,628,1055,512,1715,23721,13113,1155,48,8818,0,0,4,1
2021-03-03T23:59:59+01:00,0,3,581,623,1054,1554,1323,2340,1536,3259,2097,3168,1243,1133,2277,3039,2065,3849,154,189,473,731,611,1165,734,1744,866,1510,514,546,626,1052,512,1713,21866,13092,1154,47,8122,0,0,2,1
2021-03-02T23:59:59+01:00,0,3,563,590,1017,1508,1267,2297,1479,3207,2001,3107,1160,1033,1911,2560,1677,3327,152,187,468,725,606,1154,724,1734,861,1490,505,537,615,1031,493,1683,19804,12917,1151,47,7750,0,0,2,1
2021-03-01T23:59:59+01:00,0,3,556,542,999,1469,1221,2236,1433,3142,1946,3033,1116,959,1419,1965,1302,2791,150,187,468,725,606,1153,724,1731,860,1490,503,537,612,1022,489,1672,17540,12881,1148,47,7442,0,0,2,1
2021-02-28T23:59:59+01:00,0,3,549,529,982,1430,1195,2175,1405,3084,1891,2960,1095,937,1305,1824,1230,2702,150,187,467,724,606,1153,723,1729,859,1489,501,537,612,1022,489,1672,17062,12872,1146,47,7086,0,0,2,1
2021-02-27T23:59:59+01:00,0,3,549,527,981,1430,1195,2173,1405,3083,1891,2959,1095,937,1305,1823,1229,2702,150,187,466,723,603,1151,721,1727,857,1488,501,537,612,1022,489,1672,17060,12872,1146,33,7079,0,0,2,1
2021-02-26T23:59:59+01:00,0,3,400,476,851,1386,1111,2130,1338,3042,1832,2917,1090,930,1302,1822,1229,2701,150,187,466,723,603,1151,721,1726,857,1487,501,537,612,1022,489,1672,17050,12871,1146,32,6362,0,0,2,1
2021-02-25T23:59:59+01:00,0,3,308,422,756,1292,1027,2041,1239,2868,1693,2755,1052,898,1221,1698,1116,2513,143,177,454,710,587,1126,714,1701,837,1463,489,523,584,991,475,1653,16462,12604,1146,22,5292,0,0,2,1
2021-02-24T23:59:59+01:00,0,2,259,377,684,1216,953,1953,1185,2751,1628,2638,1025,878,1098,1553,960,2300,141,177,451,707,583,1125,713,1695,836,1459,484,518,576,986,472,1641,15757,12544,1144,19,4557,0,0,2,1
2021-02-23T23:59:59+01:00,0,2,247,356,662,1158,925,1874,1137,2639,1553,2530,1000,850,1021,1425,823,2142,141,176,451,705,583,1125,713,1692,834,1458,483,516,574,985,472,1640,15208,12533,1113,14,4021,0,0,2,1
2021-02-22T23:59:59+01:00,0,0,233,337,639,1128,893,1791,1087,2547,1469,2407,955,821,903,1282,642,1890,141,176,450,704,581,1124,711,1692,828,1456,482,515,573,983,471,1638,14468,12521,1044,3,3510,0,0,2,1
2021-02-21T23:59:59+01:00,0,0,227,326,605,1063,843,1685,1044,2446,1390,2300,938,800,872,1231,590,1826,141,175,447,697,580,1120,711,1687,828,1455,481,515,572,983,470,1637,14262,12495,1004,3,2918,0,0,2,1
2021-02-20T23:59:59+01:00,0,0,227,323,602,1062,841,1681,1041,2441,1377,2283,902,771,841,1208,582,1824,141,175,447,697,580,1120,711,1687,828,1455,481,514,571,983,470,1637,14262,12494,850,3,2892,0,0,2,0
2021-02-19T23:59:59+01:00,0,0,217,315,592,1054,828,1666,1020,2424,1344,2240,659,669,704,1146,557,1807,141,175,447,696,580,1117,710,1685,825,1452,481,514,571,982,469,1637,13786,12479,670,3,2784,0,0,2,0
2021-02-18T23:59:59+01:00,0,0,200,265,553,933,744,1439,889,2165,1096,1865,579,601,666,1106,538,1790,136,175,434,684,565,1100,704,1659,809,1424,478,511,570,980,469,1637,13630,12332,574,3,1223,0,0,2,0
2021-02-17T23:59:59+01:00,0,0,195,227,533,885,708,1342,831,1998,1011,1733,557,581,666,1103,536,1787,129,173,423,674,557,1084,685,1628,796,1402,475,509,568,977,469,1636,13614,12182,574,3,503,0,0,2,0
2021-02-16T23:59:59+01:00,0,0,189,224,526,870,692,1311,812,1959,978,1693,545,576,660,1101,535,1785,124,168,409,668,546,1068,673,1610,787,1388,468,504,561,964,463,1609,13586,12008,574,2,294,0,0,2,0
2021-02-15T23:59:59+01:00,0,0,174,215,520,843,686,1277,798,1924,949,1646,544,573,658,1101,535,1785,121,167,402,659,536,1049,644,1583,773,1370,466,502,561,964,463,1609,13583,11867,535,2,108,0,0,2,0
2021-02-14T23:59:59+01:00,0,0,169,207,517,831,685,1268,795,1915,931,1637,543,572,658,1098,534,1785,114,164,391,648,519,1031,626,1569,766,1358,466,500,559,962,463,1609,13577,11743,533,2,33,0,0,2,0
2021-02-13T23:59:59+01:00,0,0,168,207,516,831,685,1268,795,1915,931,1637,543,572,658,1098,534,1785,114,164,390,647,519,1031,626,1569,766,1358,466,500,559,962,463,1609,13576,11741,533,2,32,0,0,2,0
2021-02-12T23:59:59+01:00,0,0,167,206,512,830,684,1265,791,1914,929,1634,542,572,658,1098,534,1785,110,162,387,641,515,1025,612,1555,762,1341,464,499,548,942,460,1584,13569,11605,532,2,18,0,0,2,0
2021-02-11T23:59:59+01:00,0,0,165,205,508,823,677,1261,789,1910,923,1632,537,566,651,1092,529,1779,90,126,358,570,469,946,561,1438,718,1247,439,454,507,888,419,1491,13517,10720,520,1,8,0,0,2,0
2021-02-10T23:59:59+01:00,0,0,162,203,498,806,661,1246,777,1883,908,1608,529,560,641,1080,524,1769,80,115,330,511,442,839,519,1263,644,1091,391,404,441,776,373,1336,13394,9554,458,1,1,0,0,2,0
2021-02-09T23:59:59+01:00,0,0,161,196,490,767,645,1207,757,1822,897,1566,517,549,635,1066,516,1753,75,99,311,445,407,755,479,1159,579,991,361,351,402,691,343,1223,13285,8671,257,0,0,0,0,2,0
2021-02-08T23:59:59+01:00,0,0,157,192,473,742,622,1172,737,1772,877,1522,511,548,633,1060,512,1740,62,73,266,376,359,619,419,930,506,813,304,296,339,543,288,1032,13218,7225,50,0,0,0,0,2,0
2021-02-07T23:59:59+01:00,0,0,157,191,472,741,620,1171,736,1764,875,1520,510,548,633,1060,512,1739,61,65,248,341,340,575,403,898,487,780,303,288,337,536,286,1029,13197,6977,50,0,0,0,0,2,0
2021-02-06T23:59:59+01:00,0,0,157,191,472,741,620,1171,736,1764,875,1520,510,548,633,1060,512,1739,61,65,248,341,340,575,403,897,485,778,303,287,336,534,285,1029,13197,6967,50,0,0,0,0,2,0
2021-02-05T23:59:59+01:00,0,0,157,191,472,741,620,1170,736,1764,875,1519,510,548,633,1060,512,1739,59,65,246,339,334,571,395,875,476,758,293,282,326,512,270,993,13196,6794,50,0,0,0,0,1,0
2021-02-04T23:59:59+01:00,0,0,151,186,468,733,613,1162,732,1750,869,1510,503,541,612,1035,503,1721,43,50,212,307,293,475,354,734,384,612,229,215,243,352,201,735,13039,5439,49,0,0,0,0,1,0
2021-02-03T23:59:59+01:00,0,0,149,186,462,727,605,1153,728,1739,860,1494,494,533,599,1022,495,1713,35,32,156,216,238,348,265,561,309,464,180,169,171,264,153,554,12910,4115,48,0,0,0,0,1,0
2021-02-02T23:59:59+01:00,0,0,149,183,460,726,605,1153,725,1733,853,1490,493,532,595,1019,494,1709,26,26,137,169,193,279,221,428,258,374,140,130,129,199,119,437,12870,3265,48,0,0,0,0,1,0
2021-02-01T23:59:59+01:00,0,0,147,183,459,725,600,1150,724,1724,851,1485,492,530,590,1016,493,1704,21,19,100,125,137,188,154,300,169,259,89,93,87,126,65,238,12824,2170,48,0,0,0,0,1,0
2021-01-31T23:59:59+01:00,0,0,147,183,459,722,597,1149,724,1720,851,1484,490,529,589,1014,493,1703,15,15,67,84,95,123,117,223,142,203,84,87,83,118,63,224,12806,1743,48,0,0,0,0,0,0
2021-01-30T23:59:59+01:00,0,0,147,183,458,722,595,1147,723,1719,851,1484,490,529,588,1014,493,1703,15,15,67,84,95,121,115,219,139,200,83,86,83,112,57,214,12805,1705,41,0,0,0,0,0,0
2021-01-29T23:59:59+01:00,0,0,147,183,458,720,594,1144,721,1717,849,1483,490,529,588,1014,493,1703,13,15,55,79,78,117,97,208,116,188,78,79,82,108,56,213,12800,1582,33,0,0,0,0,0,0
2021-01-28T23:59:59+01:00,0,0,140,179,445,703,577,1119,715,1690,826,1454,483,523,585,1011,490,1700,8,3,12,19,24,45,30,96,48,89,45,50,54,78,41,158,12615,800,25,0,0,0,0,0,0
2021-01-27T23:59:59+01:00,0,0,133,177,434,693,569,1110,699,1656,819,1431,480,521,581,1006,490,1695,4,1,4,11,10,23,13,40,23,31,12,17,24,31,18,48,12471,310,23,0,0,0,0,0,0
2021-01-26T23:59:59+01:00,0,0,127,173,420,680,556,1096,690,1633,808,1410,474,516,575,989,484,1661,4,1,4,10,7,21,11,37,17,28,12,15,23,30,18,47,12278,285,14,0,0,0,0,0,0
2021-01-25T23:59:59+01:00,0,0,124,171,411,668,545,1077,662,1605,790,1393,472,513,573,988,484,1661,3,1,3,9,7,16,6,28,12,22,9,6,13,19,9,29,12134,192,3,0,0,0,0,0,0
2021-01-24T23:59:59+01:00,0,0,117,168,401,658,531,1059,645,1592,777,1382,471,510,572,988,484,1661,2,0,1,6,7,4,4,7,5,9,1,2,11,12,6,16,12013,93,3,0,0,0,0,0,0
2021-01-23T23:59:59+01:00,0,0,117,168,401,657,531,1059,645,1592,777,1382,471,510,572,988,484,1661,1,0,1,6,7,4,4,7,5,9,1,2,11,12,6,16,12012,92,3,0,0,0,0,0,0
2021-01-22T23:59:59+01:00,0,0,113,166,394,651,528,1053,631,1578,771,1365,471,507,561,967,479,1635,1,0,1,6,7,4,4,7,5,9,1,2,11,12,6,16,11867,92,3,0,0,0,0,0,0
2021-01-21T23:59:59+01:00,0,0,101,158,379,633,505,1020,601,1529,748,1323,455,469,528,923,446,1570,1,0,1,6,7,4,4,7,5,9,1,2,11,12,6,16,11385,92,3,0,0,0,0,0,0
2021-01-20T23:59:59+01:00,0,0,82,116,345,544,461,880,543,1295,660,1136,397,410,445,788,387,1358,1,0,1,5,7,4,4,7,5,9,1,2,11,12,6,16,9844,91,3,0,0,0,0,0,0
2021-01-19T23:59:59+01:00,0,0,77,104,316,468,421,791,503,1181,608,1033,374,373,410,710,358,1268,1,0,1,3,7,4,4,7,5,9,1,0,8,8,5,15,8992,78,3,0,0,0,0,0,0
2021-01-18T23:59:59+01:00,0,0,63,74,271,381,366,641,429,949,515,836,308,306,345,562,305,1080,1,0,1,3,7,4,4,7,5,9,1,0,8,8,5,15,7429,78,2,0,0,0,0,0,0
2021-01-17T23:59:59+01:00,0,0,61,65,252,346,344,589,410,907,492,798,305,297,344,555,303,1072,0,0,0,0,0,0,0,0,0,0,0,0,0,0,0,0,7138,0,2,0,0,0,0,0,0
2021-01-16T23:59:59+01:00,0,0,61,65,252,346,344,589,410,906,490,796,305,296,342,551,302,1072,0,0,0,0,0,0,0,0,0,0,0,0,0,0,0,0,7125,0,2,0,0,0,0,0,0
2021-01-15T23:59:59+01:00,0,0,59,65,251,343,338,583,399,883,479,771,291,290,325,524,281,1034,0,0,0,0,0,0,0,0,0,0,0,0,0,0,0,0,6914,0,2,0,0,0,0,0,0
2021-01-14T23:59:59+01:00,0,0,45,52,237,321,314,508,365,758,392,626,228,218,242,353,205,751,0,0,0,0,0,0,0,0,0,0,0,0,0,0,0,0,5615,0,0,0,0,0,0,0,0
2021-01-13T23:59:59+01:00,0,0,39,42,212,265,272,409,300,610,321,501,177,175,174,269,163,587,0,0,0,0,0,0,0,0,0,0,0,0,0,0,0,0,4516,0,0,0,0,0,0,0,0
2021-01-12T23:59:59+01:00,0,0,35,40,207,250,258,377,277,533,290,456,141,134,135,206,127,458,0,0,0,0,0,0,0,0,0,0,0,0,0,0,0,0,3924,0,0,0,0,0,0,0,0
2021-01-11T23:59:59+01:00,0,0,29,36,196,230,239,325,229,444,240,382,110,105,101,133,75,291,0,0,0,0,0,0,0,0,0,0,0,0,0,0,0,0,3165,0,0,0,0,0,0,0,0
2021-01-10T23:59:59+01:00,0,0,27,31,158,168,196,250,191,348,198,305,98,99,98,128,73,277,0,0,0,0,0,0,0,0,0,0,0,0,0,0,0,0,2645,0,0,0,0,0,0,0,0
2021-01-09T23:59:59+01:00,0,0,27,31,151,164,194,242,187,341,196,300,98,99,98,128,73,277,0,0,0,0,0,0,0,0,0,0,0,0,0,0,0,0,2606,0,0,0,0,0,0,0,0
2021-01-08T23:59:59+01:00,0,0,24,28,121,141,173,229,162,312,168,279,93,89,97,124,72,276,0,0,0,0,0,0,0,0,0,0,0,0,0,0,0,0,2388,0,0,0,0,0,0,0,0
2021-01-07T23:59:59+01:00,0,0,9,3,16,24,31,55,37,104,61,112,48,51,60,84,46,187,0,0,0,0,0,0,0,0,0,0,0,0,0,0,0,0,928,0,0,0,0,0,0,0,0
2021-01-06T23:59:59+01:00,0,0,4,1,5,11,9,22,13,39,20,31,13,14,25,35,20,55,0,0,0,0,0,0,0,0,0,0,0,0,0,0,0,0,317,0,0,0,0,0,0,0,0
2021-01-05T23:59:59+01:00,0,0,3,1,4,9,8,18,10,31,15,26,10,14,22,30,19,49,0,0,0,0,0,0,0,0,0,0,0,0,0,0,0,0,269,0,0,0,0,0,0,0,0
2021-01-04T23:59:59+01:00,0,0,2,1,2,7,8,10,4,15,8,16,5,3,11,16,8,26,0,0,0,0,0,0,0,0,0,0,0,0,0,0,0,0,142,0,0,0,0,0,0,0,0
2021-01-03T23:59:59+01:00,0,0,2,0,1,6,8,4,4,7,5,9,1,2,11,12,7,16,0,0,0,0,0,0,0,0,0,0,0,0,0,0,0,0,95,0,0,0,0,0,0,0,0
2021-01-02T23:59:59+01:00,0,0,2,0,1,6,8,4,4,7,5,9,1,2,11,12,7,16,0,0,0,0,0,0,0,0,0,0,0,0,0,0,0,0,95,0,0,0,0,0,0,0,0
2021-01-01T23:59:59+01:00,0,0,1,0,1,6,8,4,4,7,5,9,1,2,11,12,7,16,0,0,0,0,0,0,0,0,0,0,0,0,0,0,0,0,94,0,0,0,0,0,0,0,0
2020-12-31T23:59:59+01:00,0,0,1,0,1,5,8,4,4,7,5,9,1,2,11,12,7,16,0,0,0,0,0,0,0,0,0,0,0,0,0,0,0,0,93,0,0,0,0,0,0,0,0
2020-12-30T23:59:59+01:00,0,0,1,0,1,5,8,4,4,7,5,9,1,2,11,12,7,16,0,0,0,0,0,0,0,0,0,0,0,0,0,0,0,0,93,0,0,0,0,0,0,0,0
2020-12-29T23:59:59+01:00,0,0,1,0,1,3,8,4,4,7,5,9,1,0,8,8,6,15,0,0,0,0,0,0,0,0,0,0,0,0,0,0,0,0,80,0,0,0,0,0,0,0,0
2020-12-28T23:59:59+01:00,0,0,1,0,1,3,8,4,4,7,5,9,1,0,8,8,6,15,0,0,0,0,0,0,0,0,0,0,0,0,0,0,0,0,80,0,0,0,0,0,0,0,0
2020-12-27T23:59:59+01:00,0,0,1,0,1,3,8,4,4,7,5,9,1,0,8,8,6,15,0,0,0,0,0,0,0,0,0,0,0,0,0,0,0,0,80,0,0,0,0,0,0,0,0
