Datum,<15_m,<15_w,15-24_1_m,15-24_1_w,25-34_1_m,25-34_1_w,35-44_1_m,35-44_1_w,45-54_1_m,45-54_1_w,55-64_1_m,55-64_1_w,65-74_1_m,65-74_1_w,75-84_1_m,75-84_1_w,>84_1_m,>84_1_w,<24_2_m,<24_2_w,25-34_2_m,25-34_2_w,35-44_2_m,35-44_2_w,45-54_2_m,45-54_2_w,55-64_2_m,55-64_2_w,65-74_2_m,65-74_2_w,75-84_2_m,75-84_2_w,>84_2_m,>84_2_w,bp_1,bp_2,mo_1,mo_2,az_1,az_2,ja,unb_1,unb_2
2021-09-08T23:59:59+02:00,1569,1460,15817,14645,21273,19534,23292,22882,27029,27697,30250,31193,21326,24362,15209,19170,4327,7538,14133,13082,19866,18081,22014,21475,25731,26252,29048,29934,20664,23605,14767,18513,4184,7265,225544,212272,32319,30855,55080,51985,15607,23,32
2021-09-07T23:59:59+02:00,1557,1441,15770,14594,21226,19511,23257,22861,27005,27667,30235,31180,21315,24342,15204,19164,4325,7538,14067,13041,19807,18042,21974,21448,25699,26221,29020,29908,20654,23591,14763,18506,4183,7265,225331,212012,32314,30826,55080,51982,15444,23,32
2021-09-06T23:59:59+02:00,1544,1431,15719,14550,21207,19482,23236,22830,26980,27648,30219,31158,21305,24339,15199,19157,4325,7536,14036,13005,19787,18018,21946,21427,25679,26201,29006,29893,20645,23582,14760,18502,4183,7262,225081,211813,32314,30826,55080,51981,15367,23,32
2021-09-05T23:59:59+02:00,1525,1417,15690,14524,21192,19460,23227,22805,26972,27636,30214,31150,21300,24333,15194,19155,4325,7533,13998,12969,19760,17985,21923,21401,25661,26186,28993,29875,20641,23574,14758,18500,4183,7262,224879,211601,32307,30758,55079,51980,15364,23,32
2021-09-04T23:59:59+02:00,1525,1417,15682,14521,21179,19455,23220,22801,26967,27630,30208,31147,21299,24330,15194,19154,4325,7533,13990,12966,19747,17980,21916,21397,25656,26180,28987,29872,20640,23571,14758,18499,4183,7262,224878,211600,32307,30758,55079,51980,15300,23,32
2021-09-03T23:59:59+02:00,1522,1414,15665,14508,21148,19430,23192,22782,26943,27618,30195,31132,21292,24322,15194,19148,4325,7532,13974,12954,19723,17960,21894,21383,25639,26171,28973,29861,20634,23564,14758,18496,4183,7262,224809,211585,32305,30753,55079,51979,15146,23,32
2021-09-02T23:59:59+02:00,1506,1394,15593,14451,21104,19382,23156,22736,26902,27577,30158,31107,21279,24312,15188,19135,4323,7526,13880,12891,19682,17905,21852,21341,25599,26128,28935,29834,20622,23553,14753,18484,4182,7262,224395,211150,32300,30748,55077,51960,15034,23,32
2021-09-01T23:59:59+02:00,1455,1338,15455,14301,20993,19288,23085,22681,26836,27507,30108,31057,21261,24287,15180,19121,4320,7521,13739,12774,19564,17814,21769,21274,25544,26060,28885,29771,20597,23524,14741,18469,4178,7256,223635,210579,32273,30563,55076,51948,14787,23,32
2021-08-31T23:59:59+02:00,1432,1323,15394,14230,20934,19234,23044,22641,26788,27468,30075,31025,21250,24275,15174,19113,4320,7520,13666,12709,19516,17772,21738,21240,25512,26037,28858,29745,20591,23513,14738,18461,4177,7255,223195,210240,32273,30563,55075,51943,14674,23,32
2021-08-30T23:59:59+02:00,1409,1304,15324,14186,20890,19178,23012,22603,26753,27435,30043,30996,21238,24267,15170,19104,4318,7513,13609,12667,19474,17724,21706,21215,25483,26000,28824,29720,20580,23499,14728,18453,4176,7252,222835,209941,32273,30563,55075,51941,14537,23,32
2021-08-29T23:59:59+02:00,1393,1293,15281,14142,20852,19149,22988,22579,26735,27412,30026,30981,21234,24258,15170,19102,4318,7512,13557,12623,19451,17700,21678,21195,25464,25981,28811,29703,20572,23491,14725,18449,4174,7251,222554,209676,32272,30561,55075,51940,14501,23,32
2021-08-28T23:59:59+02:00,1393,1293,15273,14139,20840,19142,22982,22575,26732,27403,30023,30980,21233,24258,15170,19102,4318,7512,13549,12619,19439,17693,21671,21191,25461,25972,28808,29702,20571,23491,14725,18449,4174,7251,222553,209673,32272,30561,55075,51940,14445,23,32
2021-08-27T23:59:59+02:00,1385,1286,15241,14113,20813,19126,22951,22559,26708,27392,30007,30962,21228,24250,15166,19101,4315,7509,13520,12587,19403,17676,21643,21170,25433,25959,28791,29684,20565,23482,14722,18447,4173,7251,222423,209528,32272,30560,55074,51939,14320,23,32
2021-08-26T23:59:59+02:00,1372,1268,15197,14068,20768,19088,22920,22521,26675,27354,29975,30925,21213,24234,15159,19093,4312,7501,13452,12527,19329,17620,21586,21112,25377,25911,28752,29648,20552,23461,14713,18434,4172,7247,222134,209249,32253,30436,55072,51868,14161,23,32
2021-08-25T23:59:59+02:00,1326,1223,15051,13950,20658,18997,22842,22429,26599,27271,29917,30870,21193,24208,15149,19084,4308,7495,13329,12444,19241,17544,21522,21039,25309,25856,28709,29607,20526,23440,14705,18420,4171,7244,221292,208677,32238,30388,55072,51860,13946,22,30
2021-08-24T23:59:59+02:00,1302,1199,14987,13899,20616,18946,22787,22384,26563,27236,29889,30839,21177,24193,15143,19074,4307,7494,13232,12383,19181,17464,21485,20988,25265,25814,28680,29569,20508,23420,14698,18408,4169,7239,220879,208196,32208,30332,55072,51845,13854,22,25
2021-08-23T23:59:59+02:00,1284,1181,14921,13861,20578,18917,22759,22360,26528,27217,29864,30813,21158,24179,15138,19061,4306,7493,13116,12306,19119,17406,21433,20939,25225,25760,28635,29526,20489,23403,14692,18396,4166,7239,220575,207678,32192,30243,55072,51845,13757,22,25
2021-08-22T23:59:59+02:00,1274,1173,14905,13841,20561,18898,22748,22341,26513,27202,29848,30809,21151,24175,15136,19053,4304,7492,13056,12235,19065,17372,21403,20905,25203,25734,28609,29505,20481,23392,14691,18392,4166,7239,220402,207355,32174,30132,55072,51842,13754,22,25
2021-08-21T23:59:59+02:00,1274,1173,14898,13832,20549,18890,22738,22335,26509,27197,29837,30802,21151,24173,15136,19053,4304,7492,13048,12226,19054,17364,21395,20899,25197,25729,28599,29498,20481,23390,14691,18392,4166,7239,220397,207351,32174,30132,55072,51842,13678,22,25
2021-08-20T23:59:59+02:00,1267,1168,14871,13799,20517,18862,22715,22313,26483,27174,29820,30786,21148,24164,15134,19047,4304,7492,13030,12209,19032,17345,21378,20878,25182,25711,28581,29479,20477,23384,14690,18389,4166,7239,220212,207248,32174,30130,55072,51841,13584,22,25
2021-08-19T23:59:59+02:00,1249,1152,14813,13749,20479,18833,22683,22279,26461,27145,29794,30763,21137,24156,15132,19042,4303,7489,12898,12097,18940,17271,21292,20821,25112,25645,28521,29429,20456,23372,14684,18381,4164,7236,219907,206624,32145,29994,55072,51779,13513,22,25
2021-08-18T23:59:59+02:00,1229,1135,14732,13658,20366,18773,22611,22218,26399,27090,29736,30707,21113,24136,15126,19030,4301,7486,12768,11981,18807,17188,21200,20732,25027,25562,28441,29363,20424,23328,14674,18366,4163,7231,219509,206034,32127,29875,55071,51771,13117,22,25
2021-08-17T23:59:59+02:00,1218,1122,14692,13620,20324,18730,22576,22184,26367,27063,29719,30687,21101,24122,15115,19021,4297,7485,12660,11897,18727,17126,21127,20671,24976,25510,28404,29322,20405,23313,14665,18353,4161,7229,219231,205509,32094,29748,55071,51763,13025,22,24
2021-08-16T23:59:59+02:00,1205,1111,14645,13572,20288,18702,22547,22152,26347,27034,29685,30656,21089,24111,15108,19009,4295,7483,12568,11797,18638,17055,21058,20585,24910,25452,28337,29260,20382,23291,14655,18335,4160,7226,218965,204893,32092,29621,55071,51762,12889,22,24
2021-08-15T23:59:59+02:00,1195,1098,14608,13543,20261,18671,22521,22133,26334,27018,29675,30642,21084,24099,15103,19007,4294,7481,12501,11729,18585,17024,21010,20545,24874,25409,28319,29238,20372,23278,14651,18329,4158,7224,218741,204440,32092,29620,55071,51761,12841,22,24
2021-08-14T23:59:59+02:00,1195,1097,14601,13539,20252,18665,22512,22126,26320,27011,29670,30634,21081,24098,15102,19006,4294,7481,12494,11725,18576,17017,21000,20538,24860,25402,28314,29229,20369,23277,14650,18328,4158,7224,218740,204438,32092,29619,55071,51761,12759,22,24
2021-08-13T23:59:59+02:00,1192,1094,14592,13529,20238,18655,22501,22121,26313,27001,29655,30626,21072,24093,15101,19006,4294,7481,12479,11711,18565,17009,20988,20530,24854,25386,28300,29224,20363,23270,14648,18328,4158,7223,218682,204370,32092,29619,55071,51761,12697,22,24
2021-08-12T23:59:59+02:00,1172,1072,14534,13476,20197,18615,22477,22089,26287,26972,29624,30604,21060,24074,15097,19000,4294,7476,12307,11568,18425,16901,20894,20443,24774,25301,28233,29168,20342,23238,14635,18316,4155,7217,218364,203576,32081,29427,55071,51691,12582,22,24
2021-08-11T23:59:59+02:00,1155,1050,14464,13415,20160,18563,22435,22049,26255,26947,29596,30567,21046,24057,15094,18989,4291,7472,12168,11429,18344,16814,20815,20369,24724,25229,28190,29106,20310,23212,14628,18305,4153,7212,217970,202681,32009,29422,55071,51686,12533,22,24
2021-08-10T23:59:59+02:00,1140,1033,14388,13346,20111,18519,22406,22008,26226,26918,29565,30539,21035,24048,15094,18981,4290,7470,12063,11318,18252,16746,20756,20306,24672,25173,28148,29055,20286,23184,14614,18287,4152,7206,217555,201940,31980,29401,55071,51661,12489,22,24
2021-08-09T23:59:59+02:00,1123,1014,14303,13284,20030,18465,22358,21960,26174,26874,29529,30506,21017,24031,15088,18972,4285,7468,11881,11159,18084,16651,20636,20224,24577,25077,28068,28981,20250,23145,14600,18275,4149,7197,217108,200963,31961,29292,55070,51567,12320,22,23
2021-08-08T23:59:59+02:00,1109,1007,14262,13247,20010,18431,22332,21940,26159,26854,29513,30492,21010,24025,15085,18968,4284,7467,11798,11071,17997,16570,20572,20168,24512,25031,28022,28937,20228,23122,14588,18264,4149,7193,216884,200308,31929,29218,55069,51548,12291,22,23
2021-08-07T23:59:59+02:00,1109,1007,14247,13241,20000,18426,22325,21935,26147,26840,29499,30480,21008,24021,15081,18963,4283,7467,11784,11066,17980,16565,20566,20162,24499,25016,28005,28925,20226,23118,14584,18259,4148,7193,216879,200294,31929,29217,55069,51548,12180,22,23
2021-08-06T23:59:59+02:00,1109,1006,14236,13229,19988,18407,22311,21921,26125,26831,29487,30469,21005,24017,15078,18960,4283,7467,11771,11052,17960,16545,20550,20146,24477,25007,27993,28914,20223,23114,14581,18257,4148,7193,216872,200269,31925,29217,55069,51547,12041,22,23
2021-08-05T23:59:59+02:00,1098,987,14166,13189,19940,18374,22268,21881,26090,26777,29459,30445,20992,24002,15070,18952,4281,7464,11598,10939,17849,16448,20437,20051,24370,24916,27923,28865,20198,23089,14570,18243,4145,7191,216565,199475,31887,29125,55067,51416,11894,22,23
2021-08-04T23:59:59+02:00,1084,971,14102,13120,19840,18292,22204,21825,26054,26736,29410,30398,20969,23984,15060,18940,4281,7461,11410,10766,17621,16313,20264,19923,24254,24792,27815,28769,20170,23056,14557,18231,4142,7189,216306,198433,31732,29066,55065,51173,11607,21,23
2021-08-03T23:59:59+02:00,1060,953,14032,13060,19806,18245,22170,21784,26021,26695,29376,30369,20953,23961,15050,18926,4278,7451,11225,10591,17449,16186,20125,19792,24107,24670,27696,28664,20127,23010,14539,18199,4140,7183,215933,196999,31706,29030,55065,51118,11465,21,23
2021-08-02T23:59:59+02:00,1036,933,13945,12992,19749,18187,22119,21744,25967,26635,29324,30319,20922,23930,15040,18906,4275,7449,11055,10421,17277,16057,19976,19677,23991,24552,27610,28563,20080,22957,14520,18180,4137,7173,215452,195808,31676,28971,55065,51042,11258,21,23
2021-08-01T23:59:59+02:00,1026,918,13885,12945,19714,18170,22100,21723,25943,26616,29305,30303,20913,23918,15036,18899,4275,7448,10912,10276,17116,15948,19827,19569,23847,24446,27504,28483,20066,22933,14512,18166,4137,7169,215218,194922,31629,28878,55065,50693,11204,21,23
2021-07-31T23:59:59+02:00,1026,918,13859,12936,19697,18162,22083,21713,25930,26605,29297,30292,20911,23913,15035,18898,4274,7448,10885,10264,17096,15935,19809,19557,23835,24434,27496,28472,20064,22928,14511,18165,4136,7169,215214,194903,31629,28878,55065,50693,11068,21,23
2021-07-30T23:59:59+02:00,1018,909,13800,12892,19652,18140,22054,21694,25900,26583,29269,30274,20904,23905,15029,18896,4272,7447,10798,10192,17031,15892,19750,19522,23768,24393,27447,28447,20049,22906,14502,18161,4133,7167,215037,194513,31628,28878,55065,50627,10887,21,23
2021-07-29T23:59:59+02:00,994,891,13693,12806,19586,18079,21982,21643,25849,26528,29218,30237,20886,23895,15022,18889,4272,7445,10533,9935,16734,15649,19458,19309,23467,24166,27196,28285,19994,22850,14490,18141,4133,7166,214594,192785,31556,28765,55065,49939,10679,21,23
2021-07-28T23:59:59+02:00,967,862,13562,12677,19464,17974,21897,21560,25768,26446,29142,30168,20864,23859,15009,18877,4270,7443,10242,9731,16473,15463,19198,19121,23238,23977,27040,28140,19945,22777,14471,18119,4130,7161,213949,191450,31523,28679,55059,49428,10257,21,23
2021-07-27T23:59:59+02:00,936,841,13442,12582,19401,17914,21832,21507,25703,26388,29102,30123,20849,23839,15004,18857,4269,7437,9986,9519,16223,15240,18972,18936,23046,23805,26876,28001,19903,22724,14449,18092,4124,7152,213354,189792,31469,28522,55058,49094,10125,20,23
2021-07-26T23:59:59+02:00,911,823,13340,12487,19348,17857,21759,21443,25654,26355,29047,30064,20821,23816,14986,18838,4269,7433,9749,9270,15991,15038,18724,18736,22820,23638,26724,27871,19832,22664,14421,18056,4119,7146,212753,188044,31398,28423,55057,48718,10023,20,23
2021-07-25T23:59:59+02:00,892,812,13263,12416,19268,17811,21702,21392,25614,26307,29010,30018,20804,23800,14980,18832,4266,7432,9562,9128,15790,14889,18523,18595,22651,23527,26575,27751,19782,22616,14405,18043,4116,7143,212452,187140,31338,28270,55057,48300,9752,20,23
2021-07-24T23:59:59+02:00,892,812,13253,12407,19258,17805,21693,21387,25599,26300,29005,30012,20800,23799,14979,18831,4266,7432,9552,9115,15781,14881,18512,18589,22634,23518,26569,27743,19779,22613,14404,18042,4116,7142,212448,187122,31338,28267,55057,48300,9667,20,23
2021-07-23T23:59:59+02:00,884,811,13190,12371,19180,17772,21655,21354,25562,26261,28972,29976,20786,23783,14971,18827,4264,7429,9504,9087,15699,14836,18459,18550,22581,23477,26525,27704,19764,22597,14397,18036,4114,7139,212324,186962,31337,28263,55057,48299,9310,20,23
2021-07-22T23:59:59+02:00,872,798,13093,12291,19123,17705,21607,21324,25513,26214,28948,29954,20774,23765,14969,18821,4261,7427,9185,8814,15297,14589,18094,18294,22247,23230,26320,27570,19707,22541,14384,18014,4111,7134,211858,185133,31253,28008,55054,47384,9274,20,23
2021-07-21T23:59:59+02:00,850,771,12892,12125,18975,17580,21475,21224,25406,26111,28871,29884,20732,23730,14952,18798,4257,7422,8802,8492,14861,14260,17717,18022,21891,22901,26048,27361,19614,22453,14358,17977,4108,7125,211236,183227,31144,27656,55050,46726,8605,20,23
2021-07-20T23:59:59+02:00,820,746,12747,11992,18868,17497,21406,21148,25346,26046,28834,29833,20707,23697,14944,18782,4254,7419,8472,8185,14396,13925,17334,17748,21591,22671,25805,27175,19532,22344,14329,17942,4106,7119,210566,181082,31036,27495,55046,45847,8418,20,22
2021-07-19T23:59:59+02:00,791,718,12625,11874,18776,17424,21348,21088,25291,25992,28784,29796,20682,23669,14934,18768,4250,7413,8141,7926,14029,13668,16987,17499,21267,22470,25578,27033,19463,22269,14307,17920,4100,7113,209847,179041,30930,27331,55046,45135,8380,20,22
2021-07-18T23:59:59+02:00,773,699,12514,11765,18675,17348,21285,21036,25235,25941,28747,29743,20660,23649,14923,18757,4248,7411,7971,7773,13872,13549,16835,17376,21106,22357,25449,26952,19423,22229,14293,17904,4100,7110,209272,178106,30782,27225,55046,44772,8289,20,22
2021-07-17T23:59:59+02:00,773,699,12510,11765,18674,17345,21285,21036,25235,25941,28747,29743,20660,23649,14923,18757,4248,7411,7963,7772,13868,13544,16834,17375,21105,22356,25448,26950,19422,22229,14293,17904,4100,7110,209268,178086,30782,27224,55046,44771,8285,20,22
2021-07-16T23:59:59+02:00,766,694,12436,11709,18635,17314,21248,21009,25202,25918,28721,29724,20658,23646,14923,18755,4248,7411,7813,7670,13715,13470,16691,17317,20967,22298,25341,26902,19404,22210,14292,17898,4100,7107,209058,177638,30782,27152,55045,44379,8112,20,22
2021-07-15T23:59:59+02:00,751,674,12365,11638,18572,17256,21193,20959,25154,25877,28692,29696,20643,23628,14918,18746,4247,7408,7470,7351,13108,13067,16022,16893,20332,21929,24887,26590,19258,22069,14249,17852,4097,7100,208576,175410,30696,26254,55038,42604,8087,20,22
2021-07-14T23:59:59+02:00,722,654,12154,11502,18400,17148,21072,20862,25051,25774,28603,29595,20609,23595,14899,18730,4244,7405,7052,6988,12443,12609,15334,16408,19698,21469,24424,26247,19040,21843,14217,17804,4089,7089,207768,172574,30528,25917,55035,40656,7668,20,22
2021-07-13T23:59:59+02:00,678,620,12014,11371,18279,17066,20959,20765,24955,25679,28533,29530,20580,23556,14879,18720,4242,7395,6585,6554,11808,12110,14641,15897,19096,21053,23985,25921,18861,21628,14173,17741,4085,7080,206752,168898,30391,25743,55024,38986,7634,20,19
2021-07-12T23:59:59+02:00,645,589,11890,11233,18162,16976,20868,20657,24852,25581,28450,29464,20553,23522,14871,18708,4237,7388,6169,6138,11209,11576,14022,15356,18543,20561,23569,25558,18667,21437,14109,17683,4076,7076,205735,165221,30260,24919,55020,38031,7611,20,19
2021-07-11T23:59:59+02:00,609,562,11773,11142,18095,16914,20810,20600,24798,25535,28393,29417,20534,23502,14862,18699,4237,7387,5974,5970,10951,11374,13790,15156,18296,20372,23360,25373,18595,21357,14082,17657,4075,7070,205097,163829,30139,24449,55018,37605,7598,17,19
2021-07-10T23:59:59+02:00,608,562,11766,11141,18092,16912,20807,20600,24795,25534,28392,29417,20534,23502,14861,18697,4237,7387,5967,5969,10949,11368,13781,15152,18295,20370,23358,25371,18593,21356,14081,17657,4075,7070,205079,163803,30138,24448,55018,37598,7592,17,19
2021-07-09T23:59:59+02:00,580,539,11656,11019,18017,16828,20738,20538,24721,25458,28343,29372,20511,23482,14858,18688,4237,7386,5934,5938,10919,11335,13731,15131,18264,20337,23339,25348,18588,21346,14079,17654,4075,7069,204214,163568,30138,24398,55018,37565,7584,17,19
2021-07-08T23:59:59+02:00,545,511,11493,10883,17895,16724,20608,20440,24614,25332,28226,29295,20467,23432,14842,18660,4234,7378,5579,5680,10406,10942,13111,14678,17602,19781,22731,24886,18272,20959,13983,17571,4070,7059,203452,161262,30113,23592,54993,35474,7004,17,19
2021-07-07T23:59:59+02:00,485,458,11328,10739,17813,16639,20539,20371,24541,25254,28164,29231,20439,23397,14837,18648,4232,7370,5268,5385,9881,10492,12532,14200,16922,19262,22166,24387,17960,20595,13881,17474,4063,7036,202448,158805,30091,22129,54974,33632,6955,17,19
2021-07-06T23:59:59+02:00,445,424,11203,10590,17699,16545,20447,20267,24463,25163,28074,29152,20413,23359,14828,18631,4230,7367,4868,4954,9271,9974,11820,13599,16215,18645,21649,23891,17641,20291,13781,17359,4054,7026,201316,154601,30085,21186,54965,32338,6917,17,19
2021-07-05T23:59:59+02:00,423,397,11111,10504,17612,16474,20366,20196,24402,25111,28033,29114,20389,23338,14816,18623,4229,7364,4575,4632,8776,9522,11258,13046,15505,18002,21028,23282,17247,19896,13648,17201,4046,7018,200579,150703,30081,20508,54956,30602,6869,17,19
2021-07-04T23:59:59+02:00,410,391,11035,10449,17545,16421,20316,20147,24370,25075,28017,29096,20380,23327,14810,18620,4228,7363,4430,4539,8645,9356,11067,12870,15265,17792,20763,23010,16975,19604,13589,17109,4042,7014,200096,149390,30077,20201,54955,29624,6855,17,19
2021-07-03T23:59:59+02:00,409,390,11028,10440,17535,16413,20314,20144,24368,25074,28014,29095,20380,23326,14810,18620,4228,7362,4426,4533,8638,9354,11064,12870,15261,17792,20760,23007,16975,19601,13589,17109,4042,7014,200064,149378,30076,20201,54955,29618,6838,17,19
2021-07-02T23:59:59+02:00,365,327,10881,10330,17422,16311,20212,20069,24295,25009,27951,29035,20354,23300,14804,18606,4228,7359,4337,4452,8479,9214,10929,12760,15138,17685,20648,22903,16934,19572,13582,17094,4042,7011,199178,148387,30076,20200,54955,29561,6632,17,19
2021-07-01T23:59:59+02:00,318,283,10744,10193,17293,16218,20089,19979,24211,24934,27888,28984,20334,23276,14788,18591,4225,7355,4133,4250,8181,8875,10558,12347,14570,17187,20140,22361,16646,19273,13374,16881,4032,6989,198100,145326,30017,19515,54949,28334,6620,17,19
2021-06-30T23:59:59+02:00,235,221,10490,9953,17125,16068,19957,19847,24096,24812,27807,28895,20311,23244,14769,18573,4224,7354,3937,4053,7878,8534,10146,11882,14081,16628,19566,21727,16324,18935,13101,16605,4019,6963,196457,141643,29960,19259,54941,26868,6606,17,19
2021-06-29T23:59:59+02:00,190,184,10342,9777,16990,15972,19853,19755,24028,24735,27749,28826,20285,23217,14755,18553,4224,7350,3733,3791,7480,8083,9672,11345,13426,15961,18952,21021,16007,18608,12853,16315,4012,6949,195303,137356,29955,18960,54937,25314,6574,16,19
2021-06-28T23:59:59+02:00,140,132,10144,9594,16869,15865,19750,19654,23935,24641,27681,28764,20255,23187,14741,18534,4222,7348,3529,3533,7080,7640,9239,10851,12875,15423,18455,20506,15757,18343,12734,16182,4006,6938,194125,133524,29841,18535,54934,24486,6540,16,19
2021-06-27T23:59:59+02:00,122,115,10006,9482,16812,15806,19690,19603,23877,24591,27654,28740,20242,23171,14738,18530,4221,7345,3436,3465,6904,7446,9050,10650,12645,15183,18192,20246,15637,18239,12669,16096,4006,6934,193497,132332,29782,18186,54928,23752,6522,16,19
2021-06-26T23:59:59+02:00,122,115,10004,9477,16811,15802,19688,19602,23874,24590,27654,28740,20242,23171,14738,18530,4221,7345,3433,3465,6902,7445,9047,10648,12642,15180,18190,20245,15634,18238,12669,16095,4006,6934,193479,132311,29781,18186,54928,23748,6522,16,19
2021-06-25T23:59:59+02:00,118,112,9957,9436,16774,15769,19655,19573,23838,24562,27630,28722,20236,23164,14736,18527,4221,7345,3413,3419,6828,7334,8951,10493,12528,14984,18045,20037,15612,18209,12661,16092,4005,6933,193162,132132,29747,17832,54928,23052,6522,16,19
2021-06-24T23:59:59+02:00,108,101,9829,9310,16586,15643,19523,19450,23715,24471,27573,28662,20222,23148,14729,18518,4220,7343,3287,3272,6615,7003,8639,10037,11996,14363,17490,19332,15387,17978,12516,15962,4002,6921,192323,129737,29402,16972,54927,21601,6483,16,19
2021-06-23T23:59:59+02:00,102,95,9700,9171,16446,15517,19406,19344,23618,24366,27508,28615,20207,23126,14725,18513,4217,7342,3080,3030,6262,6517,8137,9469,11296,13542,16728,18351,15090,17637,12365,15819,3992,6896,191403,125180,29235,16001,54916,20575,6448,16,19
2021-06-22T23:59:59+02:00,71,69,9409,8865,16217,15315,19220,19196,23474,24240,27437,28530,20184,23101,14717,18494,4213,7336,2846,2741,5777,5970,7514,8707,10388,12502,15702,17149,14795,17278,12258,15695,3979,6873,189718,118746,29028,15511,54912,19500,6416,14,13
2021-06-21T23:59:59+02:00,67,62,9281,8702,16045,15169,19032,19042,23343,24117,27376,28451,20160,23073,14712,18484,4213,7332,2701,2548,5394,5502,7048,8121,9657,11623,14971,16214,14517,16965,12151,15574,3974,6857,188521,114031,28803,14952,54909,18419,6414,14,13
2021-06-20T23:59:59+02:00,64,61,9145,8568,15909,15053,18920,18951,23269,24046,27336,28400,20149,23052,14701,18477,4210,7331,2643,2479,5223,5319,6833,7854,9349,11292,14604,15810,14382,16831,12111,15537,3969,6851,187626,112327,28683,14720,54909,17629,6410,14,13
2021-06-19T23:59:59+02:00,64,61,9145,8566,15907,15044,18918,18951,23267,24045,27336,28399,20149,23052,14701,18477,4210,7331,2639,2476,5221,5314,6831,7854,9349,11291,14602,15806,14380,16831,12111,15537,3969,6851,187610,112305,28681,14718,54908,17628,6410,14,13
2021-06-18T23:59:59+02:00,64,57,9117,8554,15893,15035,18903,18943,23260,24036,27329,28394,20149,23049,14700,18477,4210,7331,2610,2442,5166,5255,6753,7754,9250,11135,14430,15577,14301,16730,12100,15516,3967,6848,187490,111519,28680,14717,54907,17187,6410,14,13
2021-06-17T23:59:59+02:00,57,54,8942,8392,15658,14867,18705,18787,23104,23905,27193,28301,20125,23027,14693,18465,4208,7328,2473,2289,4839,4956,6366,7351,8700,10529,13599,14705,14064,16438,12027,15394,3963,6836,186162,108649,28675,13758,54899,16060,6061,14,13
2021-06-16T23:59:59+02:00,49,52,8712,8176,15422,14642,18494,18587,22914,23738,27087,28191,20096,22984,14679,18445,4204,7322,2359,2181,4597,4754,6013,7005,8175,10043,12881,13866,13714,16055,11942,15305,3958,6824,184375,105202,28576,12957,54896,15579,5933,14,13
2021-06-15T23:59:59+02:00,40,39,8363,7837,15042,14284,18173,18296,22665,23525,26928,28057,20066,22950,14666,18429,4202,7311,2175,2014,4245,4399,5505,6440,7294,9156,11687,12588,13174,15439,11820,15142,3943,6801,181766,98957,28540,12293,54895,14913,5658,14,13
2021-06-14T23:59:59+02:00,34,34,8182,7669,14786,14053,17970,18123,22514,23405,26816,27976,20045,22917,14653,18421,4198,7303,2060,1888,3990,4151,5117,5966,6638,8434,10760,11534,12858,15092,11748,15048,3933,6782,180186,94115,28516,11930,54893,14461,5490,14,13
2021-06-13T23:59:59+02:00,34,34,8105,7614,14705,13967,17853,18012,22433,23325,26786,27946,20032,22906,14649,18415,4198,7303,2012,1860,3907,4053,4997,5826,6407,8191,10467,11199,12701,14914,11690,14992,3932,6781,179428,92724,28507,11638,54889,14083,5479,14,13
2021-06-12T23:59:59+02:00,34,34,8104,7613,14704,13967,17853,18012,22431,23324,26785,27943,20032,22905,14649,18415,4198,7303,2011,1858,3906,4053,4995,5825,6404,8188,10464,11193,12698,14913,11690,14990,3932,6781,179417,92705,28507,11638,54889,14074,5479,14,13
2021-06-11T23:59:59+02:00,34,33,8038,7572,14615,13919,17778,17962,22361,23290,26741,27920,20030,22901,14649,18414,4198,7303,1995,1849,3870,3995,4953,5757,6343,8106,10365,11088,12659,14878,11679,14984,3932,6781,179080,92490,28429,11632,54888,13760,5347,14,13
2021-06-10T23:59:59+02:00,29,26,7696,7273,14219,13555,17349,17586,22031,23008,26546,27739,19986,22856,14636,18396,4195,7291,1890,1766,3655,3833,4680,5486,6023,7738,9750,10477,12143,14217,11610,14876,3924,6774,176480,89332,27934,11251,54875,13139,5114,14,12
2021-06-09T23:59:59+02:00,28,23,7325,6923,13753,13113,16832,17118,21639,22639,26332,27525,19913,22785,14618,18361,4192,7283,1720,1652,3455,3655,4425,5218,5638,7333,8976,9763,11477,13385,11491,14736,3914,6762,173222,85088,27385,10615,54862,12972,4919,14,12
2021-06-08T23:59:59+02:00,23,19,6947,6514,13239,12628,16363,16649,21281,22301,26116,27321,19855,22707,14588,18326,4189,7276,1628,1576,3232,3425,4106,4865,5131,6845,8090,8843,10594,12308,11350,14579,3910,6747,169803,79437,26897,10319,54853,12693,4775,14,11
2021-06-07T23:59:59+02:00,20,16,6667,6221,12809,12252,15962,16250,20954,22004,25954,27165,19819,22654,14567,18307,4182,7270,1566,1504,3042,3252,3829,4637,4731,6469,7377,8092,9686,11163,11239,14432,3899,6729,167236,74698,26470,9948,54833,12476,4520,14,11
2021-06-06T23:59:59+02:00,20,16,6525,6088,12666,12101,15800,16091,20789,21841,25868,27078,19799,22617,14556,18297,4181,7266,1551,1481,2969,3211,3733,4573,4624,6388,7235,7963,9429,10895,11193,14382,3896,6724,166006,74016,26366,9523,54812,12302,4401,14,11
2021-06-05T23:59:59+02:00,20,16,6516,6084,12654,12088,15791,16082,20786,21836,25868,27075,19799,22617,14556,18297,4181,7266,1549,1479,2966,3210,3732,4572,4621,6388,7230,7958,9423,10890,11193,14382,3896,6724,165951,73988,26354,9521,54812,12298,4401,14,11
2021-06-04T23:59:59+02:00,20,16,6485,6044,12596,12037,15731,16034,20758,21804,25849,27058,19795,22611,14553,18297,4181,7266,1548,1473,2953,3200,3713,4558,4611,6374,7195,7915,9391,10820,11155,14341,3895,6723,165856,73714,26094,9508,54788,12255,4383,14,11
2021-06-03T23:59:59+02:00,20,15,6251,5819,12297,11788,15409,15722,20425,21465,25593,26845,19749,22537,14533,18277,4180,7262,1506,1428,2881,3135,3616,4481,4499,6275,6994,7734,9014,10374,11103,14268,3895,6718,163371,72416,25847,9212,54786,12118,4169,14,11
2021-06-02T23:59:59+02:00,20,15,6189,5759,12231,11722,15335,15655,20353,21404,25576,26821,19744,22534,14530,18274,4179,7261,1492,1418,2865,3122,3599,4467,4464,6258,6961,7696,8935,10264,11094,14243,3894,6717,163027,72055,25661,9205,54784,12109,4116,14,9
2021-06-01T23:59:59+02:00,16,15,5731,5261,11488,11023,14509,14923,19635,20736,25165,26436,19653,22445,14496,18227,4171,7253,1379,1310,2565,2854,3221,4130,3976,5796,6134,6894,7748,8643,10850,13896,3880,6700,157977,66655,25006,8299,54756,11590,3430,14,7
2021-05-31T23:59:59+02:00,14,15,5482,4960,11042,10598,13980,14427,19155,20238,24859,26096,19559,22360,14457,18181,4162,7237,1319,1256,2412,2722,3019,3960,3696,5505,5578,6362,6742,7371,10608,13575,3871,6666,154498,62621,24312,7407,54752,11386,3246,14,7
2021-05-30T23:59:59+02:00,14,15,5402,4883,10859,10473,13816,14248,18808,19918,24616,25849,19528,22330,14449,18161,4161,7235,1298,1242,2387,2692,2972,3914,3628,5449,5475,6273,6571,7141,10571,13501,3869,6656,153003,61889,23810,7346,54725,11189,3213,14,7
2021-05-29T23:59:59+02:00,14,15,5400,4883,10859,10469,13812,14245,18808,19917,24615,25847,19528,22330,14449,18161,4161,7235,1297,1239,2386,2691,2970,3911,3628,5447,5474,6271,6566,7137,10571,13501,3869,6656,152987,61879,23810,7343,54724,11177,3213,14,7
2021-05-28T23:59:59+02:00,14,15,5384,4870,10837,10433,13786,14226,18791,19900,24607,25838,19527,22329,14447,18158,4161,7234,1292,1239,2386,2685,2969,3909,3622,5441,5460,6255,6550,7120,10562,13479,3868,6652,152802,61775,23808,7343,54722,11158,3211,14,7
2021-05-27T23:59:59+02:00,11,14,5091,4586,10319,9980,13200,13694,18101,19287,24026,25300,19428,22216,14414,18112,4150,7221,1123,1099,2104,2495,2669,3619,3326,5084,5130,5976,6251,6704,10334,13196,3863,6637,149547,59928,22813,7307,54616,10213,2160,14,6
2021-05-26T23:59:59+02:00,11,14,4826,4325,9881,9598,12679,13173,17488,18678,23392,24622,19304,22067,14368,18057,4144,7204,1043,1017,1944,2342,2469,3422,3064,4839,4741,5626,5695,6055,9964,12664,3847,6601,145432,56785,22058,7270,54494,9443,1833,14,6
2021-05-25T23:59:59+02:00,11,13,4611,4095,9466,9122,12218,12667,16951,18099,22870,23983,19172,21894,14337,17978,4135,7190,992,972,1882,2251,2358,3286,2892,4636,4396,5251,5117,5321,9516,12063,3831,6576,141376,53234,21227,7255,54364,9018,1831,14,6
2021-05-24T23:59:59+02:00,11,13,4497,3936,9254,8918,12013,12407,16650,17777,22541,23585,19096,21815,14322,17958,4133,7189,976,924,1822,2209,2285,3225,2806,4555,4275,5135,4972,5162,9425,11936,3829,6568,139873,52528,20266,7202,54185,8595,1777,14,6
2021-05-23T23:59:59+02:00,11,13,4486,3935,9248,8914,12001,12397,16639,17770,22525,23564,19090,21810,14321,17956,4133,7189,974,920,1820,2205,2282,3223,2800,4551,4268,5119,4964,5148,9418,11923,3828,6567,139764,52452,20263,7189,54184,8590,1777,14,6
2021-05-22T23:59:59+02:00,11,13,4481,3932,9245,8911,11993,12391,16636,17766,22523,23562,19090,21810,14321,17956,4133,7189,974,920,1819,2204,2280,3223,2799,4551,4268,5117,4962,5147,9417,11923,3828,6567,139737,52446,20263,7189,54172,8585,1777,14,6
2021-05-21T23:59:59+02:00,11,13,4448,3893,9177,8836,11920,12302,16545,17691,22459,23494,19070,21792,14317,17949,4133,7187,929,910,1786,2192,2249,3214,2768,4526,4220,5089,4937,5123,9404,11916,3827,6566,139080,52379,20263,7189,54153,8359,1727,14,6
2021-05-20T23:59:59+02:00,8,12,4191,3709,8732,8482,11437,11885,15875,17188,21876,22914,18885,21625,14286,17909,4128,7176,782,845,1529,2032,2005,3058,2527,4307,3969,4857,4780,4959,9289,11772,3819,6541,135676,51647,19888,7091,53738,7329,1002,14,6
2021-05-19T23:59:59+02:00,8,12,3944,3464,8234,8014,10856,11336,15202,16484,21197,22189,18684,21394,14245,17859,4122,7159,730,798,1469,1951,1928,2955,2461,4182,3827,4699,4605,4747,9086,11543,3799,6512,130260,50564,19705,6958,53440,6784,984,14,6
2021-05-18T23:59:59+02:00,7,11,3656,3197,7685,7474,10125,10636,14242,15548,20250,21132,18425,21111,14190,17799,4116,7137,676,750,1414,1865,1853,2845,2333,4042,3651,4496,4336,4454,8884,11294,3786,6485,123206,49334,19611,6758,52998,6158,912,14,6
2021-05-17T23:59:59+02:00,7,11,3465,2986,7223,7006,9617,10096,13511,14757,19563,20330,18239,20849,14143,17734,4106,7123,617,695,1333,1802,1779,2763,2224,3968,3514,4383,4088,4223,8741,11082,3773,6456,117954,48535,19370,6544,52532,5464,896,14,6
2021-05-16T23:59:59+02:00,7,10,3336,2912,7015,6828,9413,9881,13257,14522,19335,20101,18161,20770,14129,17715,4105,7117,604,650,1294,1753,1734,2702,2187,3875,3450,4300,3997,4122,8721,11056,3771,6454,116329,48391,19128,6377,52251,5008,892,14,6
2021-05-15T23:59:59+02:00,7,10,3335,2909,7009,6821,9411,9875,13253,14520,19332,20092,18159,20769,14129,17715,4105,7117,604,650,1292,1753,1732,2702,2185,3875,3449,4300,3995,4120,8721,11056,3771,6454,116286,48385,19128,6376,52249,5005,891,14,6
2021-05-14T23:59:59+02:00,7,10,3294,2865,6896,6679,9282,9738,13104,14338,19160,19957,18135,20744,14128,17707,4104,7114,582,637,1270,1734,1704,2681,2151,3849,3405,4262,3945,4066,8714,11049,3771,6453,115881,48346,18380,6226,52167,4879,820,14,6
2021-05-13T23:59:59+02:00,7,10,3170,2700,6570,6358,8844,9340,12558,13857,18555,19360,18005,20600,14095,17671,4099,7112,546,612,1215,1680,1646,2608,2063,3742,3255,4143,3841,3930,8693,11029,3768,6449,113004,48251,17683,5839,51558,4473,653,13,6
2021-05-12T23:59:59+02:00,7,10,3143,2668,6537,6320,8797,9286,12419,13744,18370,19156,17972,20566,14087,17661,4099,7112,545,610,1214,1678,1641,2605,2055,3736,3241,4135,3828,3917,8685,11023,3768,6448,112292,48226,17456,5812,51540,4434,653,13,6
2021-05-11T23:59:59+02:00,5,10,2751,2412,5735,5819,7828,8473,11027,12582,16800,17681,17466,20005,14005,17556,4081,7089,508,552,1086,1571,1477,2448,1868,3557,3020,3873,3721,3804,8616,10931,3764,6443,104890,47996,16835,5616,49463,3498,125,12,6
2021-05-10T23:59:59+02:00,5,8,2563,2243,5260,5438,7131,7847,9993,11665,15505,16309,17088,19555,13942,17442,4074,7065,481,526,1043,1532,1433,2397,1809,3455,2901,3742,3639,3731,8577,10884,3760,6439,99072,47881,15928,5387,47997,2954,124,12,5
2021-05-09T23:59:59+02:00,5,8,2479,2213,5122,5354,6944,7728,9585,11326,14959,15782,16970,19416,13922,17414,4071,7060,465,508,1010,1475,1362,2313,1751,3333,2790,3588,3554,3639,8554,10852,3757,6436,97497,47796,15344,5118,47383,2348,122,12,5
2021-05-08T23:59:59+02:00,5,8,2475,2212,5121,5354,6944,7726,9581,11323,14958,15781,16970,19416,13922,17414,4071,7060,464,507,1010,1475,1362,2312,1751,3333,2789,3587,3552,3639,8554,10852,3757,6436,97483,47792,15343,5118,47381,2345,122,12,5
2021-05-07T23:59:59+02:00,5,8,2303,2150,4848,5260,6582,7572,9132,11108,14515,15461,16793,19214,13910,17385,4071,7058,452,505,999,1464,1347,2297,1716,3323,2739,3552,3507,3599,8476,10771,3757,6433,96776,47769,14823,4770,45646,2277,118,12,5
2021-05-06T23:59:59+02:00,5,8,2066,2016,4296,4910,5929,7196,8364,10550,13538,14639,16397,18764,13861,17291,4059,7045,422,457,958,1364,1260,2135,1610,3099,2517,3269,3329,3399,8298,10580,3748,6420,94202,47329,13583,4165,43089,1319,49,11,5
2021-05-05T23:59:59+02:00,5,8,1941,1903,4009,4686,5496,6825,7673,9963,12420,13581,15721,17929,13758,17189,4050,7021,413,445,945,1337,1231,2092,1575,3023,2457,3185,3279,3359,8220,10483,3742,6410,89788,47198,12258,4019,42087,942,34,11,5
2021-05-04T23:59:59+02:00,5,8,1855,1818,3741,4450,5086,6466,7012,9389,11202,12337,14803,16802,13648,17052,4046,7007,408,436,926,1318,1212,2049,1557,2986,2412,3130,3236,3312,8131,10372,3736,6396,83977,47061,11620,3821,41100,712,20,10,5
2021-05-03T23:59:59+02:00,4,8,1802,1766,3591,4325,4853,6253,6628,9057,10473,11601,14080,15824,13562,16936,4037,6990,402,426,923,1305,1198,2015,1537,2945,2379,3084,3183,3272,8018,10270,3731,6390,79548,46935,11415,3600,40800,522,18,9,5
2021-05-02T23:59:59+02:00,4,8,1792,1747,3517,4300,4770,6200,6558,8996,10356,11487,13893,15630,13530,16909,4036,6985,400,418,917,1290,1195,1998,1534,2932,2363,3067,3168,3255,7982,10238,3730,6386,78991,46916,11138,3503,40566,437,14,9,5
2021-05-01T23:59:59+02:00,4,8,1789,1747,3516,4299,4770,6199,6555,8995,10351,11483,13890,15630,13529,16908,4036,6982,399,418,917,1290,1195,1997,1534,2932,2363,3067,3168,3255,7982,10238,3730,6385,78965,46913,11138,3503,40565,437,14,9,5
2021-04-30T23:59:59+02:00,4,8,1787,1741,3510,4289,4763,6186,6534,8980,10313,11445,13839,15556,13503,16877,4035,6981,399,416,916,1288,1195,1997,1534,2932,2361,3066,3168,3253,7981,10236,3730,6385,78637,46906,11138,3502,40555,433,13,8,5
2021-04-29T23:59:59+02:00,4,7,1659,1699,3267,4174,4486,6036,6220,8728,9899,11055,13260,14853,13399,16723,4029,6973,390,405,907,1267,1175,1963,1509,2895,2331,3018,3153,3241,7968,10218,3728,6381,75859,46789,10752,3500,39842,245,12,6,5
2021-04-28T23:59:59+02:00,4,7,1531,1651,3091,4074,4249,5858,5860,8456,9311,10565,12384,13671,13243,16514,4020,6959,381,395,891,1255,1159,1934,1473,2851,2261,2949,3001,3109,7856,10102,3721,6370,71364,46375,10564,3089,39504,231,10,6,5
2021-04-27T23:59:59+02:00,4,7,1491,1606,2982,3956,4045,5715,5553,8197,8691,9894,11345,12365,13014,16158,4009,6937,369,380,882,1234,1144,1899,1446,2779,2215,2888,2962,3066,7829,10072,3715,6366,66558,46165,10376,2917,39019,151,10,6,5
2021-04-26T23:59:59+02:00,4,7,1464,1573,2868,3879,3872,5571,5242,7983,8202,9453,10590,11439,12870,15954,3998,6919,368,375,872,1223,1128,1888,1416,2759,2188,2858,2913,3016,7783,10023,3709,6361,63146,46068,10186,2669,38540,130,10,6,5
2021-04-25T23:59:59+02:00,4,7,1453,1567,2801,3849,3777,5511,5107,7936,8006,9347,10394,11204,12833,15900,3997,6914,367,370,863,1216,1110,1874,1401,2740,2165,2831,2871,2983,7734,9975,3708,6356,62642,45988,9983,2459,37966,104,10,6,5
2021-04-24T23:59:59+02:00,4,7,1452,1567,2801,3848,3777,5510,5105,7934,8002,9343,10388,11201,12833,15900,3997,6914,367,370,863,1216,1110,1872,1399,2739,2164,2831,2871,2983,7734,9975,3708,6356,62619,45984,9983,2458,37965,103,10,6,5
2021-04-23T23:59:59+02:00,4,7,1436,1557,2733,3814,3695,5480,4987,7886,7868,9283,10302,11091,12809,15859,3995,6910,366,370,862,1213,1110,1872,1398,2739,2164,2831,2871,2983,7733,9975,3708,6356,62489,45979,9703,2457,37508,102,10,6,5
2021-04-22T23:59:59+02:00,4,7,1393,1528,2626,3747,3536,5376,4756,7732,7516,9047,9733,10399,12543,15560,3989,6887,359,369,853,1202,1099,1860,1383,2712,2136,2809,2829,2940,7642,9868,3697,6340,60872,45574,9044,2422,36447,89,10,6,5
2021-04-21T23:59:59+02:00,4,7,1359,1490,2544,3669,3418,5273,4539,7551,7107,8720,8847,9368,12132,14982,3976,6846,355,367,848,1185,1090,1839,1365,2682,2106,2781,2770,2883,7528,9703,3680,6312,58151,45094,8175,2298,35490,89,10,6,5
2021-04-20T23:59:59+02:00,4,7,1336,1464,2474,3594,3316,5175,4364,7369,6721,8390,7955,8240,11670,14391,3962,6832,350,362,836,1172,1081,1817,1341,2659,2073,2738,2709,2826,7380,9520,3650,6259,55295,44384,7410,2293,34545,84,9,5,5
2021-04-19T23:59:59+02:00,4,7,1320,1449,2436,3556,3255,5108,4258,7267,6481,8158,7323,7466,11418,14036,3952,6814,348,360,832,1162,1075,1805,1318,2646,2039,2713,2655,2782,7265,9356,3627,6220,53352,43830,7038,2280,33904,81,9,5,5
2021-04-18T23:59:59+02:00,4,6,1310,1437,2404,3530,3216,5087,4205,7210,6347,8029,6970,7077,11324,13932,3949,6802,348,359,830,1158,1074,1798,1316,2633,2033,2708,2649,2769,7239,9324,3625,6217,52837,43709,6578,2278,33410,81,9,5,5
2021-04-17T23:59:59+02:00,4,6,1309,1435,2404,3529,3215,5083,4200,7207,6340,8019,6956,7067,11322,13930,3949,6802,348,359,829,1157,1074,1798,1314,2632,2032,2706,2646,2767,7238,9324,3625,6217,52815,43696,6576,2277,33372,81,9,5,5
2021-04-16T23:59:59+02:00,4,6,1306,1434,2394,3522,3207,5075,4179,7189,6289,7986,6880,6982,11310,13916,3947,6800,348,358,826,1155,1072,1798,1311,2631,2029,2706,2645,2760,7235,9322,3624,6217,52757,43673,6340,2272,33315,80,9,5,5
2021-04-15T23:59:59+02:00,2,4,1269,1413,2339,3473,3111,5016,4019,7061,6033,7754,6336,6424,11062,13627,3933,6768,340,356,807,1134,1033,1739,1266,2559,1955,2611,2567,2691,7147,9235,3614,6200,51670,43084,5952,2086,32008,74,9,5,3
2021-04-14T23:59:59+02:00,2,4,1247,1400,2304,3445,3042,4954,3912,6955,5842,7545,5693,5721,10673,13141,3901,6717,332,353,795,1125,1016,1714,1236,2518,1904,2561,2490,2622,6999,9040,3595,6174,50266,42425,5745,1966,30474,74,8,5,3
2021-04-13T23:59:59+02:00,2,4,1233,1390,2272,3415,2986,4891,3802,6873,5593,7323,5160,5175,10332,12728,3878,6689,311,339,777,1097,993,1693,1211,2483,1868,2520,2424,2556,6881,8904,3559,6113,49250,41740,5540,1909,28943,71,8,5,3
2021-04-12T23:59:59+02:00,2,4,1217,1384,2246,3392,2936,4846,3676,6793,5383,7173,4833,4880,10083,12447,3869,6666,295,335,763,1093,976,1677,1197,2460,1818,2473,2347,2498,6767,8763,3544,6091,48787,41165,5342,1861,27690,64,6,5,3
2021-04-11T23:59:59+02:00,2,4,1210,1371,2227,3373,2903,4826,3614,6722,5238,7064,4602,4681,9898,12249,3864,6655,288,333,758,1085,966,1663,1186,2432,1796,2443,2293,2439,6684,8655,3530,6071,48704,40750,5106,1803,26683,63,5,5,3
2021-04-10T23:59:59+02:00,2,4,1210,1370,2224,3369,2901,4822,3608,6719,5228,7052,4597,4672,9890,12236,3864,6654,285,329,743,1078,953,1658,1163,2412,1726,2391,2210,2353,6627,8608,3529,6067,48649,40584,5105,1482,26658,60,5,5,3
2021-04-09T23:59:59+02:00,2,4,1207,1367,2217,3367,2893,4813,3599,6708,5198,7028,4573,4645,9864,12206,3863,6654,276,326,723,1068,938,1637,1130,2365,1635,2316,1992,2084,6473,8451,3507,6034,48574,39733,5100,1156,26524,60,5,5,3
2021-04-08T23:59:59+02:00,2,4,1182,1347,2162,3311,2809,4723,3459,6578,4962,6795,4185,4237,9323,11635,3845,6601,251,306,671,1007,880,1565,1057,2268,1501,2196,1717,1749,6013,7894,3420,5891,48118,37178,4574,1153,24458,49,5,5,3
2021-04-07T23:59:59+02:00,2,4,1172,1333,2130,3294,2766,4685,3370,6516,4798,6660,3892,3937,8762,11085,3828,6570,217,276,611,953,819,1494,998,2207,1396,2097,1577,1574,5416,7199,3330,5739,47912,34703,4101,1148,22783,48,3,5,3
2021-04-06T23:59:59+02:00,2,4,1151,1316,2087,3269,2727,4653,3305,6469,4671,6568,3641,3683,8273,10575,3812,6540,210,270,583,934,794,1445,954,2150,1313,2010,1433,1387,4841,6409,3220,5534,47717,32298,3565,1140,21456,45,3,5,3
2021-04-05T23:59:59+02:00,2,4,1148,1311,2083,3266,2717,4651,3291,6455,4649,6550,3609,3656,8245,10538,3808,6538,207,257,576,918,775,1421,938,2114,1273,1970,1386,1324,4628,6139,3172,5479,47631,31390,3559,1138,21323,45,3,5,3
2021-04-04T23:59:59+02:00,2,4,1148,1311,2083,3265,2717,4650,3291,6455,4648,6549,3605,3654,8243,10536,3808,6538,207,257,575,918,775,1421,938,2114,1273,1969,1386,1324,4627,6139,3172,5479,47625,31387,3559,1138,21315,45,3,5,3
2021-04-03T23:59:59+02:00,2,4,1148,1311,2082,3265,2717,4650,3291,6455,4648,6549,3604,3652,8243,10534,3808,6538,207,257,575,918,775,1421,938,2114,1273,1969,1386,1324,4627,6139,3172,5479,47623,31387,3558,1138,21312,45,3,5,3
2021-04-02T23:59:59+02:00,2,4,1148,1311,2082,3263,2717,4649,3291,6452,4648,6547,3602,3648,8241,10533,3808,6538,207,257,575,918,775,1419,938,2114,1273,1968,1386,1322,4625,6138,3171,5479,47607,31379,3558,1137,21311,45,3,5,3
2021-04-01T23:59:59+02:00,1,4,1135,1274,2017,3141,2609,4450,3143,6203,4490,6308,3558,3612,8143,10428,3798,6522,202,248,571,910,764,1413,928,2100,1250,1952,1365,1295,4386,5819,3053,5314,47241,30395,3553,1133,20034,38,3,5,3
2021-03-31T23:59:59+02:00,1,4,1117,1242,1978,3040,2533,4307,3053,5990,4361,6079,3476,3531,7992,10229,3779,6488,194,245,564,898,760,1395,916,2080,1209,1918,1309,1232,3900,5225,2926,5081,46640,28680,3426,1133,19126,37,3,5,1
2021-03-30T23:59:59+02:00,1,3,1095,1208,1929,2859,2431,4081,2902,5632,4159,5691,3383,3437,7828,10025,3753,6437,190,240,556,887,749,1373,894,2060,1161,1873,1225,1149,3379,4516,2704,4749,46007,26541,3264,1133,17575,29,3,5,1
2021-03-29T23:59:59+02:00,1,3,1078,1164,1868,2724,2347,3922,2764,5378,3997,5418,3286,3338,7668,9797,3724,6390,189,235,550,876,739,1359,877,2036,1126,1845,1151,1063,2801,3839,2525,4455,45366,24518,3036,1128,16458,19,2,5,1
2021-03-28T23:59:59+02:00,1,3,1059,1131,1796,2559,2263,3716,2643,5078,3845,5141,3221,3273,7603,9732,3720,6384,189,235,548,873,738,1357,875,2030,1123,1843,1142,1051,2746,3771,2512,4428,45259,24321,2825,1125,15077,14,2,5,1
2021-03-27T23:59:59+01:00,1,3,1059,1131,1796,2558,2262,3715,2640,5078,3842,5141,3217,3273,7602,9732,3720,6384,189,235,547,873,738,1357,874,2030,1120,1843,1142,1051,2746,3771,2512,4428,45250,24316,2825,1125,15072,14,2,5,1
2021-03-26T23:59:59+01:00,1,3,1055,1109,1753,2443,2198,3557,2578,4867,3756,4917,3196,3256,7599,9727,3719,6383,189,234,546,873,737,1357,874,2030,1120,1840,1138,1050,2743,3763,2511,4425,45224,24292,2822,1125,14064,12,2,5,1
2021-03-25T23:59:59+01:00,1,3,1029,1077,1702,2340,2114,3389,2472,4639,3644,4720,3095,3166,7472,9596,3712,6369,187,231,541,872,730,1347,868,2013,1104,1816,1092,1006,2517,3416,2314,4133,44969,23050,2490,1125,13076,12,1,4,1
2021-03-24T23:59:59+01:00,1,3,1007,1058,1682,2298,2083,3339,2437,4572,3600,4651,3008,3097,7344,9425,3695,6350,187,227,535,868,723,1337,857,1998,1085,1795,1052,964,2133,2873,1925,3623,44434,21047,2361,1123,12850,12,1,4,1
2021-03-23T23:59:59+01:00,1,3,997,1052,1664,2266,2060,3305,2401,4529,3560,4600,2941,3024,7251,9324,3677,6322,185,224,531,863,716,1325,843,1979,1048,1765,971,874,1772,2384,1583,3160,43922,19122,2351,1089,12700,12,1,3,1
2021-03-22T23:59:59+01:00,1,3,994,1044,1649,2250,2046,3287,2379,4501,3523,4559,2896,2990,7189,9254,3662,6305,182,221,530,852,700,1302,829,1965,1019,1738,925,803,1304,1811,1237,2680,43586,17051,2331,1035,12611,12,1,3,1
2021-03-21T23:59:59+01:00,1,3,994,1044,1648,2247,2046,3286,2375,4497,3512,4552,2883,2981,7141,9198,3656,6299,182,218,529,850,699,1298,827,1961,1008,1733,902,784,1228,1726,1184,2611,43441,16750,2328,978,12590,12,1,3,1
2021-03-20T23:59:59+01:00,1,3,993,1043,1647,2246,2046,3286,2375,4497,3510,4550,2883,2980,7141,9197,3656,6299,182,218,529,850,699,1298,827,1961,996,1720,867,756,1197,1703,1176,2609,43440,16748,2324,828,12585,12,1,3,1
2021-03-19T23:59:59+01:00,1,3,992,1035,1640,2234,2035,3282,2373,4491,3503,4543,2873,2969,7128,9179,3655,6296,182,216,528,850,699,1296,827,1960,989,1715,823,719,1140,1653,1166,2599,43377,16705,2319,645,12532,12,1,3,1
2021-03-18T23:59:59+01:00,1,3,953,1003,1566,2123,1912,3115,2225,4245,3276,4292,2721,2811,6826,8814,3589,6197,181,215,523,845,692,1289,818,1949,967,1699,805,697,1065,1547,1026,2400,41984,16138,2010,568,11674,12,1,3,1
2021-03-17T23:59:59+01:00,1,3,899,970,1495,2066,1849,3049,2160,4183,3181,4196,2586,2678,6401,8323,3525,6083,180,213,520,840,690,1285,814,1944,962,1692,776,678,930,1394,870,2188,40218,15397,2007,567,11419,12,1,3,1
2021-03-16T23:59:59+01:00,1,3,874,947,1462,2027,1810,3000,2107,4128,3087,4098,2452,2519,5931,7677,3437,5933,174,210,515,839,686,1278,809,1935,955,1679,771,665,843,1268,728,2024,38235,14798,1948,567,11306,12,1,3,1
2021-03-15T23:59:59+01:00,1,3,857,940,1444,2005,1772,2945,2069,4056,2987,3989,2320,2349,5448,7135,3365,5820,173,209,515,832,684,1269,805,1925,945,1663,760,655,773,1157,580,1827,36471,14230,1852,529,11179,12,0,3,1
2021-03-14T23:59:59+01:00,1,3,852,926,1419,1976,1748,2916,2038,3996,2925,3923,2142,2155,5262,6909,3333,5789,173,209,514,829,682,1258,804,1918,942,1653,742,646,757,1138,556,1772,35449,14085,1754,504,11107,3,0,3,1
2021-03-13T23:59:59+01:00,1,3,844,919,1398,1965,1732,2903,2013,3968,2853,3875,2073,2081,5215,6856,3331,5788,173,209,514,828,682,1258,804,1918,942,1653,740,646,757,1135,556,1772,35199,14079,1515,504,11101,3,0,3,1
2021-03-12T23:59:59+01:00,1,3,820,904,1354,1908,1670,2804,1916,3816,2697,3708,1876,1844,5031,6634,3301,5745,173,209,513,828,682,1258,803,1918,942,1652,732,643,744,1120,549,1769,33875,14028,1276,503,10878,3,0,3,1
2021-03-11T23:59:59+01:00,1,3,785,845,1285,1825,1587,2657,1832,3615,2534,3536,1613,1535,4665,6165,3168,5563,164,203,507,819,672,1249,788,1882,921,1612,604,582,675,1079,529,1738,31766,13528,1181,493,10264,2,0,3,1
2021-03-10T23:59:59+01:00,1,3,769,794,1262,1767,1554,2598,1782,3544,2453,3447,1542,1446,4197,5627,3050,5313,164,201,498,797,654,1236,779,1862,914,1596,535,567,642,1070,522,1732,29959,13377,1174,389,10013,2,0,3,1
2021-03-09T23:59:59+01:00,1,3,757,771,1242,1736,1526,2552,1742,3493,2380,3395,1450,1349,3637,4879,2866,5008,162,199,493,776,644,1212,765,1830,902,1568,531,565,640,1065,519,1726,27799,13317,1171,277,9814,2,0,3,1
2021-03-08T23:59:59+01:00,0,3,753,743,1229,1717,1509,2532,1716,3457,2341,3352,1358,1249,2969,4051,2630,4638,158,196,479,752,622,1179,746,1780,878,1531,527,563,640,1064,519,1726,25350,13309,1171,50,9723,0,0,3,1
2021-03-07T23:59:59+01:00,0,3,750,739,1221,1708,1501,2518,1705,3449,2330,3344,1345,1233,2867,3931,2607,4588,158,196,479,752,622,1179,746,1780,878,1531,527,563,640,1064,519,1726,24998,13309,1169,50,9669,0,0,3,1
2021-03-06T23:59:59+01:00,0,3,749,739,1220,1705,1498,2515,1701,3446,2326,3343,1342,1233,2867,3931,2607,4588,157,196,479,752,622,1179,746,1780,878,1531,527,563,640,1064,519,1726,24993,13308,1169,50,9648,0,0,3,1
2021-03-05T23:59:59+01:00,0,3,684,713,1194,1691,1477,2506,1676,3431,2297,3334,1337,1230,2859,3923,2604,4583,157,196,479,751,622,1178,746,1780,878,1529,526,563,640,1064,519,1726,24963,13303,1165,50,9411,0,0,3,1
2021-03-04T23:59:59+01:00,0,3,618,665,1127,1622,1420,2424,1635,3352,2223,3257,1287,1182,2643,3559,2421,4296,155,190,476,737,611,1166,735,1752,869,1516,516,552,628,1054,514,1717,23747,13138,1158,49,8826,0,0,3,1
2021-03-03T23:59:59+01:00,0,3,582,626,1059,1558,1323,2342,1535,3266,2098,3173,1243,1137,2276,3039,2068,3852,155,190,474,734,611,1166,734,1750,867,1515,514,550,626,1051,514,1715,21892,13117,1157,48,8130,0,0,1,1
2021-03-02T23:59:59+01:00,0,3,564,593,1021,1512,1267,2299,1478,3214,2002,3112,1160,1037,1910,2559,1680,3329,153,188,469,728,606,1155,724,1740,862,1495,505,541,615,1030,495,1685,19827,12942,1154,48,7758,0,0,1,1
2021-03-01T23:59:59+01:00,0,3,557,545,1003,1473,1221,2238,1432,3149,1947,3039,1116,963,1419,1964,1305,2793,151,188,469,728,606,1154,724,1737,861,1495,503,541,612,1021,491,1674,17565,12906,1151,48,7450,0,0,1,1
2021-02-28T23:59:59+01:00,0,3,550,531,986,1434,1195,2176,1404,3091,1892,2966,1095,941,1305,1823,1232,2704,151,188,468,727,606,1154,723,1735,860,1494,501,541,612,1021,491,1674,17086,12897,1148,48,7093,0,0,1,1
2021-02-27T23:59:59+01:00,0,3,550,529,985,1434,1195,2175,1404,3090,1892,2965,1095,941,1305,1822,1231,2704,151,188,467,726,603,1152,721,1733,858,1493,501,541,612,1021,491,1674,17084,12897,1148,34,7087,0,0,1,1
2021-02-26T23:59:59+01:00,0,3,400,477,854,1390,1111,2132,1337,3049,1833,2923,1090,934,1302,1821,1231,2703,151,188,467,726,603,1152,721,1732,858,1492,501,541,612,1021,491,1674,17073,12896,1148,33,6368,0,0,1,1
2021-02-25T23:59:59+01:00,0,3,308,423,759,1296,1027,2043,1238,2875,1694,2761,1052,902,1221,1697,1118,2515,144,178,455,713,587,1127,714,1707,838,1468,489,527,584,990,477,1655,16485,12629,1148,23,5298,0,0,1,1
2021-02-24T23:59:59+01:00,0,2,259,378,687,1221,953,1954,1184,2757,1629,2643,1025,882,1098,1552,962,2302,142,178,452,710,583,1126,713,1702,837,1464,484,522,576,985,474,1643,15779,12570,1146,20,4562,0,0,1,1
2021-02-23T23:59:59+01:00,0,2,247,357,665,1163,925,1875,1137,2645,1554,2534,1000,854,1021,1424,825,2144,142,177,452,708,583,1126,713,1699,835,1463,483,520,574,984,474,1642,15231,12559,1115,15,4025,0,0,1,1
2021-02-22T23:59:59+01:00,0,0,233,338,642,1133,893,1792,1087,2553,1470,2411,955,825,903,1281,644,1892,142,177,451,707,581,1125,711,1699,829,1461,482,519,573,982,473,1640,14490,12547,1046,4,3515,0,0,1,1
2021-02-21T23:59:59+01:00,0,0,227,327,607,1066,843,1686,1044,2452,1391,2304,938,804,872,1230,592,1828,142,176,448,700,580,1121,711,1694,829,1460,481,519,572,982,472,1639,14284,12521,1006,4,2920,0,0,1,1
2021-02-20T23:59:59+01:00,0,0,227,324,604,1065,841,1681,1041,2447,1378,2287,902,775,841,1207,584,1826,142,176,448,700,580,1121,711,1694,829,1460,481,518,571,982,472,1639,14284,12520,852,4,2893,0,0,1,0
2021-02-19T23:59:59+01:00,0,0,217,316,594,1057,828,1666,1020,2430,1345,2244,659,673,704,1145,559,1809,142,176,448,699,580,1118,710,1692,826,1457,481,517,571,981,471,1639,13808,12505,672,3,2785,0,0,1,0
2021-02-18T23:59:59+01:00,0,0,200,266,555,936,744,1439,889,2171,1097,1869,579,605,666,1105,540,1792,137,176,435,687,565,1101,704,1666,810,1429,478,514,570,979,471,1639,13652,12358,576,3,1224,0,0,1,0
2021-02-17T23:59:59+01:00,0,0,195,228,535,887,708,1342,831,2004,1012,1737,557,585,666,1102,538,1789,130,174,424,677,557,1085,685,1635,797,1406,475,512,568,976,471,1638,13636,12207,576,3,503,0,0,1,0
2021-02-16T23:59:59+01:00,0,0,189,225,528,872,692,1311,812,1965,979,1697,545,580,660,1100,537,1787,125,169,410,671,546,1069,673,1617,788,1392,468,507,561,963,465,1611,13608,12033,576,2,294,0,0,1,0
2021-02-15T23:59:59+01:00,0,0,174,216,522,845,686,1277,798,1930,950,1650,544,577,658,1100,537,1787,122,168,403,661,536,1050,644,1590,774,1374,466,504,561,963,465,1611,13605,11890,537,2,108,0,0,1,0
2021-02-14T23:59:59+01:00,0,0,169,208,519,833,685,1268,795,1921,932,1641,543,576,658,1097,536,1787,115,165,392,650,519,1032,626,1576,767,1362,466,502,559,961,465,1611,13599,11766,535,2,33,0,0,1,0
2021-02-13T23:59:59+01:00,0,0,168,208,518,833,685,1268,795,1921,932,1641,543,576,658,1097,536,1787,115,165,391,649,519,1032,626,1576,767,1362,466,502,559,961,465,1611,13598,11764,535,2,32,0,0,1,0
2021-02-12T23:59:59+01:00,0,0,167,207,514,832,684,1265,791,1920,930,1638,542,576,658,1097,536,1787,111,163,388,643,515,1026,612,1561,763,1345,464,501,548,941,462,1586,13591,11627,534,2,18,0,0,1,0
2021-02-11T23:59:59+01:00,0,0,165,206,510,825,677,1261,789,1917,924,1636,537,570,651,1091,531,1781,91,127,359,572,469,947,561,1443,719,1251,439,456,507,887,420,1492,13540,10739,522,1,8,0,0,1,0
2021-02-10T23:59:59+01:00,0,0,162,204,500,808,661,1246,777,1890,909,1612,529,564,641,1079,526,1771,81,115,331,513,442,840,519,1268,645,1095,391,406,441,775,374,1337,13417,9572,460,1,1,0,0,1,0
2021-02-09T23:59:59+01:00,0,0,161,197,492,769,645,1207,757,1829,898,1570,517,552,635,1065,518,1755,76,99,312,447,407,756,479,1164,580,995,361,352,402,691,344,1224,13308,8689,258,0,0,0,0,1,0
2021-02-08T23:59:59+01:00,0,0,157,193,475,744,622,1172,737,1779,878,1526,511,551,633,1059,514,1742,63,73,267,378,359,620,419,935,507,816,304,297,339,543,289,1033,13241,7242,51,0,0,0,0,1,0
2021-02-07T23:59:59+01:00,0,0,157,192,473,743,620,1171,736,1771,876,1524,510,551,633,1059,514,1741,62,65,249,343,340,576,403,903,488,781,303,289,337,536,287,1030,13219,6992,51,0,0,0,0,1,0
2021-02-06T23:59:59+01:00,0,0,157,192,473,743,620,1171,736,1771,876,1524,510,551,633,1059,514,1741,62,65,249,343,340,576,403,902,486,779,303,288,336,534,286,1030,13219,6982,51,0,0,0,0,1,0
2021-02-05T23:59:59+01:00,0,0,157,192,473,743,620,1171,736,1771,876,1523,510,551,633,1059,514,1741,60,65,247,341,333,572,395,880,477,759,293,283,326,512,271,994,13218,6808,51,0,0,0,0,1,0
2021-02-04T23:59:59+01:00,0,0,151,187,469,735,613,1163,732,1757,870,1514,503,544,612,1034,505,1723,44,50,213,308,292,476,354,739,385,613,229,216,243,352,202,736,13061,5452,50,0,0,0,0,1,0
2021-02-03T23:59:59+01:00,0,0,149,186,463,729,605,1154,728,1745,861,1498,494,536,599,1021,498,1715,36,32,157,217,238,348,265,563,310,465,180,170,171,264,154,555,12931,4125,49,0,0,0,0,1,0
2021-02-02T23:59:59+01:00,0,0,149,183,461,728,605,1154,725,1739,854,1494,493,535,595,1018,497,1711,27,26,138,170,193,279,221,428,258,374,140,131,129,199,119,437,12891,3269,49,0,0,0,0,1,0
2021-02-01T23:59:59+01:00,0,0,147,183,460,727,600,1151,724,1731,852,1489,492,533,590,1015,496,1705,22,19,101,125,137,188,154,299,169,259,89,94,87,126,65,238,12845,2172,49,0,0,0,0,1,0
2021-01-31T23:59:59+01:00,0,0,147,183,460,724,597,1150,724,1727,852,1488,490,532,589,1013,496,1704,16,15,67,84,95,123,117,222,142,203,84,87,83,118,63,224,12827,1743,49,0,0,0,0,0,0
2021-01-30T23:59:59+01:00,0,0,147,183,459,724,595,1148,723,1726,852,1488,490,532,588,1013,496,1704,16,15,67,84,95,121,115,218,139,200,83,86,83,112,57,214,12826,1705,42,0,0,0,0,0,0
2021-01-29T23:59:59+01:00,0,0,147,183,459,722,594,1145,721,1724,850,1487,490,532,588,1013,496,1704,14,15,55,79,78,117,97,207,116,188,78,79,82,108,56,213,12821,1582,34,0,0,0,0,0,0
2021-01-28T23:59:59+01:00,0,0,140,179,446,705,577,1119,715,1697,827,1458,483,526,585,1010,493,1701,9,3,12,19,24,45,30,95,48,89,45,50,54,78,41,158,12635,800,26,0,0,0,0,0,0
2021-01-27T23:59:59+01:00,0,0,133,177,435,695,569,1110,699,1663,820,1434,480,524,581,1005,493,1696,5,1,4,11,10,23,13,40,23,31,12,17,24,31,18,48,12490,311,24,0,0,0,0,0,0
2021-01-26T23:59:59+01:00,0,0,127,173,421,682,556,1096,690,1640,809,1413,474,519,575,988,486,1662,5,1,4,10,7,21,11,37,17,28,12,15,23,30,18,47,12296,286,15,0,0,0,0,0,0
2021-01-25T23:59:59+01:00,0,0,124,171,412,670,545,1077,662,1612,791,1396,472,515,573,987,486,1662,4,1,3,9,7,16,6,28,12,22,9,6,13,19,9,29,12151,193,4,0,0,0,0,0,0
2021-01-24T23:59:59+01:00,0,0,117,168,402,660,531,1059,645,1599,778,1385,471,512,572,987,486,1662,3,0,1,6,7,4,4,7,5,9,1,2,11,12,6,16,12030,94,4,0,0,0,0,0,0
2021-01-23T23:59:59+01:00,0,0,117,168,402,659,531,1059,645,1599,778,1385,471,512,572,987,486,1662,2,0,1,6,7,4,4,7,5,9,1,2,11,12,6,16,12029,93,4,0,0,0,0,0,0
2021-01-22T23:59:59+01:00,0,0,113,166,395,653,528,1053,631,1584,772,1368,471,508,561,966,481,1636,2,0,1,6,7,4,4,7,5,9,1,2,11,12,6,16,11883,93,3,0,0,0,0,0,0
2021-01-21T23:59:59+01:00,0,0,101,158,380,635,505,1020,601,1534,749,1326,455,470,528,922,447,1571,2,0,1,6,7,4,4,7,5,9,1,2,11,12,6,16,11399,93,3,0,0,0,0,0,0
2021-01-20T23:59:59+01:00,0,0,82,116,346,546,461,880,543,1300,661,1139,397,411,445,787,388,1359,2,0,1,5,7,4,4,7,5,9,1,2,11,12,6,16,9858,92,3,0,0,0,0,0,0
2021-01-19T23:59:59+01:00,0,0,77,104,317,470,421,791,503,1186,609,1036,374,374,410,710,359,1269,2,0,1,3,7,4,4,7,5,9,1,0,8,8,5,15,9007,79,3,0,0,0,0,0,0
2021-01-18T23:59:59+01:00,0,0,63,74,272,383,366,641,429,954,516,839,308,307,345,562,306,1081,2,0,1,3,7,4,4,7,5,9,1,0,8,8,5,15,7444,79,2,0,0,0,0,0,0
2021-01-17T23:59:59+01:00,0,0,62,65,253,348,344,589,410,912,493,800,305,298,344,555,304,1073,0,0,0,0,0,0,0,0,0,0,0,0,0,0,0,0,7153,0,2,0,0,0,0,0,0
2021-01-16T23:59:59+01:00,0,0,62,65,253,348,344,589,410,911,491,798,305,297,342,551,303,1073,0,0,0,0,0,0,0,0,0,0,0,0,0,0,0,0,7140,0,2,0,0,0,0,0,0
2021-01-15T23:59:59+01:00,0,0,60,65,252,345,338,583,399,888,480,773,291,291,325,524,282,1035,0,0,0,0,0,0,0,0,0,0,0,0,0,0,0,0,6929,0,2,0,0,0,0,0,0
2021-01-14T23:59:59+01:00,0,0,46,52,238,322,314,508,365,763,393,627,228,219,242,353,206,752,0,0,0,0,0,0,0,0,0,0,0,0,0,0,0,0,5628,0,0,0,0,0,0,0,0
2021-01-13T23:59:59+01:00,0,0,40,42,213,266,273,409,300,613,322,502,177,176,174,269,164,588,0,0,0,0,0,0,0,0,0,0,0,0,0,0,0,0,4528,0,0,0,0,0,0,0,0
2021-01-12T23:59:59+01:00,0,0,36,40,208,251,259,377,277,534,290,456,141,135,135,206,127,458,0,0,0,0,0,0,0,0,0,0,0,0,0,0,0,0,3930,0,0,0,0,0,0,0,0
2021-01-11T23:59:59+01:00,0,0,30,36,197,230,240,325,229,445,240,382,110,106,101,133,75,291,0,0,0,0,0,0,0,0,0,0,0,0,0,0,0,0,3170,0,0,0,0,0,0,0,0
2021-01-10T23:59:59+01:00,0,0,28,31,159,168,197,250,191,349,198,305,98,99,98,128,73,277,0,0,0,0,0,0,0,0,0,0,0,0,0,0,0,0,2649,0,0,0,0,0,0,0,0
2021-01-09T23:59:59+01:00,0,0,28,31,152,164,195,242,187,342,196,300,98,99,98,128,73,277,0,0,0,0,0,0,0,0,0,0,0,0,0,0,0,0,2610,0,0,0,0,0,0,0,0
2021-01-08T23:59:59+01:00,0,0,25,28,121,141,174,229,162,313,168,279,93,89,97,124,72,276,0,0,0,0,0,0,0,0,0,0,0,0,0,0,0,0,2391,0,0,0,0,0,0,0,0
2021-01-07T23:59:59+01:00,0,0,10,3,16,24,32,55,37,105,61,112,48,51,60,84,46,187,0,0,0,0,0,0,0,0,0,0,0,0,0,0,0,0,931,0,0,0,0,0,0,0,0
2021-01-06T23:59:59+01:00,0,0,5,1,5,11,10,22,13,39,20,31,13,14,25,35,20,55,0,0,0,0,0,0,0,0,0,0,0,0,0,0,0,0,319,0,0,0,0,0,0,0,0
2021-01-05T23:59:59+01:00,0,0,4,1,4,9,9,18,10,31,15,26,10,14,22,30,19,49,0,0,0,0,0,0,0,0,0,0,0,0,0,0,0,0,271,0,0,0,0,0,0,0,0
2021-01-04T23:59:59+01:00,0,0,3,1,2,7,9,10,4,15,8,16,5,3,11,16,8,26,0,0,0,0,0,0,0,0,0,0,0,0,0,0,0,0,144,0,0,0,0,0,0,0,0
2021-01-03T23:59:59+01:00,0,0,3,0,1,6,8,4,4,7,5,9,1,2,11,12,7,16,0,0,0,0,0,0,0,0,0,0,0,0,0,0,0,0,96,0,0,0,0,0,0,0,0
2021-01-02T23:59:59+01:00,0,0,3,0,1,6,8,4,4,7,5,9,1,2,11,12,7,16,0,0,0,0,0,0,0,0,0,0,0,0,0,0,0,0,96,0,0,0,0,0,0,0,0
2021-01-01T23:59:59+01:00,0,0,2,0,1,6,8,4,4,7,5,9,1,2,11,12,7,16,0,0,0,0,0,0,0,0,0,0,0,0,0,0,0,0,95,0,0,0,0,0,0,0,0
2020-12-31T23:59:59+01:00,0,0,2,0,1,5,8,4,4,7,5,9,1,2,11,12,7,16,0,0,0,0,0,0,0,0,0,0,0,0,0,0,0,0,94,0,0,0,0,0,0,0,0
2020-12-30T23:59:59+01:00,0,0,2,0,1,5,8,4,4,7,5,9,1,2,11,12,7,16,0,0,0,0,0,0,0,0,0,0,0,0,0,0,0,0,94,0,0,0,0,0,0,0,0
2020-12-29T23:59:59+01:00,0,0,2,0,1,3,8,4,4,7,5,9,1,0,8,8,6,15,0,0,0,0,0,0,0,0,0,0,0,0,0,0,0,0,81,0,0,0,0,0,0,0,0
2020-12-28T23:59:59+01:00,0,0,2,0,1,3,8,4,4,7,5,9,1,0,8,8,6,15,0,0,0,0,0,0,0,0,0,0,0,0,0,0,0,0,81,0,0,0,0,0,0,0,0
2020-12-27T23:59:59+01:00,0,0,2,0,1,3,8,4,4,7,5,9,1,0,8,8,6,15,0,0,0,0,0,0,0,0,0,0,0,0,0,0,0,0,81,0,0,0,0,0,0,0,0
