Datum,<24_1_m,<24_1_w,25-34_1_m,25-34_1_w,35-44_1_m,35-44_1_w,45-54_1_m,45-54_1_w,55-64_1_m,55-64_1_w,65-74_1_m,65-74_1_w,75-84_1_m,75-84_1_w,>84_1_m,>84_1_w,<24_2_m,<24_2_w,25-34_2_m,25-34_2_w,35-44_2_m,35-44_2_w,45-54_2_m,45-54_2_w,55-64_2_m,55-64_2_w,65-74_2_m,65-74_2_w,75-84_2_m,75-84_2_w,>84_2_m,>84_2_w,bp_1,bp_2,mo_1,mo_2,az_1,az_2,ja
2021-06-10T23:59:59+02:00,8675,8276,14388,13800,17175,17473,22674,23759,25920,27306,19303,22214,13565,17297,3504,6252,2108,2026,3659,3868,4582,5434,6238,8012,9864,10614,11933,14166,11014,14296,3273,5800,174662,88017,27548,11016,54338,12821,5033
2021-06-09T23:59:59+02:00,8289,7910,13961,13380,16708,17036,22326,23424,25729,27132,19248,22153,13549,17268,3501,6247,1960,1917,3486,3712,4359,5179,5876,7616,9171,9906,11331,13401,10925,14183,3265,5794,171598,84092,27095,10441,54327,12707,4841
2021-06-08T23:59:59+02:00,7875,7464,13453,12907,16275,16598,21985,23090,25531,26948,19199,22084,13522,17237,3499,6241,1866,1827,3267,3491,4048,4839,5347,7107,8270,8967,10548,12428,10821,14067,3261,5782,168254,78569,26607,10148,54318,12490,4729
2021-06-07T23:59:59+02:00,7561,7147,13058,12543,15897,16223,21678,22818,25398,26812,19164,22038,13501,17217,3495,6237,1790,1750,3077,3303,3765,4616,4927,6711,7520,8159,9766,11426,10757,13976,3251,5767,165828,74015,26184,9792,54300,12279,4475
2021-06-06T23:59:59+02:00,7411,7004,12896,12389,15749,16060,21517,22660,25324,26734,19140,22008,13495,17208,3494,6233,1769,1725,2998,3260,3673,4551,4822,6636,7358,8013,9538,11170,10720,13939,3248,5762,164602,73345,26081,9371,54280,12107,4359
2021-06-05T23:59:59+02:00,7402,6999,12885,12378,15742,16054,21517,22658,25324,26733,19140,22008,13495,17208,3494,6233,1766,1724,2995,3259,3672,4550,4819,6636,7354,8007,9532,11168,10720,13939,3248,5762,164550,73319,26081,9370,54280,12103,4359
2021-06-04T23:59:59+02:00,7370,6961,12840,12332,15693,16011,21492,22633,25310,26723,19137,22004,13492,17208,3494,6233,1764,1719,2982,3250,3655,4537,4806,6623,7319,7959,9501,11097,10689,13907,3247,5761,164457,73051,25875,9360,54259,12063,4342
2021-06-03T23:59:59+02:00,7125,6716,12537,12085,15369,15715,21175,22294,25080,26528,19099,21944,13476,17192,3494,6229,1714,1671,2914,3186,3555,4464,4698,6527,7101,7747,9159,10673,10649,13857,3247,5756,162041,71791,25631,9071,54258,11928,4128
2021-06-02T23:59:59+02:00,7055,6649,12478,12021,15296,15654,21108,22234,25065,26508,19094,21941,13474,17188,3493,6229,1698,1662,2899,3173,3534,4450,4668,6512,7066,7703,9082,10566,10644,13839,3246,5755,161708,71438,25447,9065,54257,11919,4075
2021-06-01T23:59:59+02:00,6552,6093,11738,11333,14497,14944,20418,21593,24713,26170,19014,21863,13445,17148,3486,6224,1557,1532,2597,2901,3168,4112,4138,6034,6216,6826,7925,8998,10489,13598,3234,5745,156811,66115,24799,8172,54230,11392,3391
2021-05-31T23:59:59+02:00,6265,5758,11285,10902,13979,14441,19950,21130,24445,25843,18928,21792,13411,17113,3480,6210,1486,1469,2443,2771,2977,3941,3842,5723,5647,6232,6962,7773,10319,13377,3225,5721,153385,62133,24113,7375,54225,11191,3209
2021-05-30T23:59:59+02:00,6176,5667,11094,10780,13823,14258,19571,20791,24251,25633,18897,21767,13404,17096,3479,6208,1465,1454,2413,2738,2935,3898,3769,5665,5544,6131,6792,7543,10295,13325,3223,5712,151902,61410,23618,7317,54199,10999,3176
2021-05-29T23:59:59+02:00,6174,5667,11094,10776,13819,14256,19571,20790,24250,25631,18897,21767,13404,17096,3479,6208,1464,1453,2411,2737,2934,3895,3769,5663,5543,6127,6788,7541,10295,13325,3223,5712,151887,61400,23618,7317,54198,10987,3176
2021-05-28T23:59:59+02:00,6155,5652,11068,10739,13799,14239,19555,20773,24243,25624,18896,21765,13402,17095,3479,6207,1459,1451,2411,2733,2933,3894,3764,5657,5530,6110,6771,7523,10286,13306,3223,5708,151703,61299,23616,7317,54197,10968,3175
2021-05-27T23:59:59+02:00,5814,5330,10552,10272,13222,13720,18844,20145,23739,25138,18818,21676,13363,17049,3474,6198,1271,1292,2125,2531,2636,3615,3467,5310,5223,5840,6443,7062,10108,13100,3219,5694,148494,59481,22632,7285,54095,10037,2133
2021-05-26T23:59:59+02:00,5507,5041,10118,9888,12707,13213,18227,19522,23139,24500,18715,21548,13326,17001,3468,6185,1182,1192,1965,2379,2440,3419,3197,5052,4842,5503,5851,6332,9806,12686,3208,5666,144422,56372,21898,7251,53976,9288,1809
2021-05-25T23:59:59+02:00,5258,4783,9705,9390,12233,12731,17703,18931,22635,23889,18614,21408,13300,16926,3460,6175,1125,1139,1903,2289,2328,3286,3014,4830,4476,5112,5234,5524,9460,12223,3192,5645,140406,52862,21077,7238,53850,8872,1808
2021-05-24T23:59:59+02:00,5128,4611,9492,9181,12034,12481,17392,18596,22317,23498,18567,21363,13286,16907,3459,6175,1108,1087,1842,2247,2258,3223,2927,4747,4353,5000,5091,5361,9389,12112,3190,5638,138925,52168,20132,7189,53674,8460,1756
2021-05-23T23:59:59+02:00,5118,4607,9486,9178,12023,12474,17379,18586,22301,23480,18562,21357,13285,16906,3459,6175,1108,1084,1840,2244,2254,3221,2921,4743,4347,4982,5083,5347,9383,12102,3189,5637,138816,52097,20131,7176,53673,8456,1756
2021-05-22T23:59:59+02:00,5112,4604,9485,9173,12015,12470,17377,18582,22299,23478,18562,21357,13285,16906,3459,6175,1108,1084,1840,2243,2251,3221,2921,4743,4347,4980,5081,5346,9382,12102,3189,5637,138791,52092,20131,7176,53661,8451,1756
2021-05-21T23:59:59+02:00,5073,4560,9418,9094,11943,12387,17281,18512,22242,23410,18546,21342,13282,16899,3459,6173,1061,1072,1806,2234,2221,3210,2888,4720,4302,4949,5056,5329,9373,12096,3188,5636,138141,52029,20131,7176,53642,8229,1707
2021-05-20T23:59:59+02:00,4797,4363,8966,8738,11466,11963,16610,17997,21717,22887,18387,21201,13253,16865,3455,6163,895,991,1544,2081,1997,3055,2636,4495,4079,4734,4901,5174,9285,11974,3182,5620,134855,51348,19760,7083,53229,7228,984
2021-05-19T23:59:59+02:00,4518,4082,8453,8264,10903,11404,15940,17280,21070,22220,18220,21005,13220,16824,3450,6149,839,938,1480,2002,1923,2955,2567,4375,3929,4570,4709,4939,9120,11782,3165,5597,129532,50284,19580,6951,52927,6692,963
2021-05-18T23:59:59+02:00,4201,3778,7878,7714,10182,10707,14946,16315,20185,21214,18009,20773,13178,16776,3444,6133,782,886,1421,1906,1850,2851,2437,4227,3740,4364,4447,4647,8944,11560,3157,5581,122568,49083,19487,6755,52487,6071,891
2021-05-17T23:59:59+02:00,3975,3531,7410,7227,9679,10179,14209,15492,19530,20457,17861,20560,13133,16719,3437,6121,714,821,1349,1849,1774,2769,2330,4154,3587,4234,4205,4405,8820,11381,3145,5555,117374,48289,19247,6544,52024,5384,875
2021-05-16T23:59:59+02:00,3833,3440,7203,7047,9475,9971,13962,15255,19322,20245,17801,20499,13121,16704,3436,6115,698,773,1312,1797,1732,2715,2288,4056,3525,4147,4116,4321,8808,11362,3143,5554,115806,48152,19008,6385,51744,4939,871
2021-05-15T23:59:59+02:00,3831,3437,7197,7040,9473,9966,13959,15250,19320,20239,17799,20498,13121,16704,3436,6115,697,773,1311,1797,1731,2715,2287,4056,3525,4147,4114,4319,8808,11362,3143,5554,115765,48148,19008,6384,51742,4937,870
2021-05-14T23:59:59+02:00,3781,3385,7088,6902,9343,9834,13805,15067,19178,20117,17780,20483,13120,16697,3435,6113,674,761,1287,1778,1705,2693,2251,4028,3477,4112,4070,4265,8804,11359,3143,5553,115400,48110,18267,6240,51662,4811,799
2021-05-13T23:59:59+02:00,3627,3199,6762,6568,8890,9436,13249,14566,18612,19566,17679,20359,13091,16670,3432,6111,628,730,1234,1728,1650,2616,2154,3922,3336,3990,3976,4145,8784,11346,3141,5549,112546,48027,17573,5857,51065,4412,633
2021-05-12T23:59:59+02:00,3599,3163,6729,6530,8838,9381,13106,14442,18431,19369,17657,20334,13084,16663,3432,6111,627,728,1234,1726,1645,2613,2144,3916,3322,3982,3964,4131,8778,11341,3141,5549,111841,48004,17347,5831,51048,4373,633
2021-05-11T23:59:59+02:00,3152,2883,5907,5996,7869,8556,11630,13254,16955,17919,17240,19880,13021,16569,3416,6092,583,664,1103,1614,1484,2454,1956,3732,3095,3738,3870,4025,8725,11266,3139,5544,104507,47777,16730,5637,48988,3464,114
2021-05-10T23:59:59+02:00,2933,2681,5405,5593,7167,7933,10547,12275,15725,16573,16938,19527,12968,16474,3408,6071,545,637,1066,1571,1444,2405,1891,3620,2970,3609,3800,3957,8690,11224,3137,5542,98743,47661,15835,5410,47527,2924,113
2021-05-09T23:59:59+02:00,2840,2647,5267,5512,6969,7807,10112,11898,15214,16065,16847,19425,12951,16449,3405,6066,527,613,1030,1520,1379,2315,1824,3492,2863,3467,3719,3861,8674,11203,3135,5540,97189,47578,15260,5145,46913,2327,112
2021-05-08T23:59:59+02:00,2836,2646,5266,5512,6969,7805,10109,11895,15213,16064,16847,19425,12951,16449,3405,6066,526,612,1030,1519,1379,2315,1824,3491,2861,3467,3718,3861,8674,11203,3135,5540,97176,47574,15259,5145,46911,2324,112
2021-05-07T23:59:59+02:00,2640,2574,4993,5421,6600,7640,9660,11682,14777,15718,16701,19268,12944,16425,3405,6066,514,608,1022,1508,1362,2303,1787,3478,2810,3430,3664,3816,8613,11133,3135,5537,96478,47552,14769,4807,45158,2252,109
2021-05-06T23:59:59+02:00,2370,2418,4430,5058,5961,7271,8858,11094,13857,14894,16366,18885,12900,16347,3395,6055,479,551,982,1409,1276,2143,1671,3238,2583,3154,3481,3609,8468,10972,3127,5525,93921,47117,13536,4210,42661,1300,41
2021-05-05T23:59:59+02:00,2214,2289,4136,4819,5517,6900,8131,10464,12742,13790,15770,18166,12819,16263,3388,6036,470,537,967,1382,1249,2104,1635,3163,2523,3065,3430,3570,8394,10884,3124,5517,89525,46986,12215,4069,41678,933,26
2021-05-04T23:59:59+02:00,2113,2186,3846,4573,5107,6537,7409,9819,11506,12514,14969,17148,12730,16170,3384,6025,464,526,948,1361,1230,2065,1615,3126,2478,3010,3382,3519,8313,10780,3119,5505,83744,46853,11578,3871,40702,705,12
2021-05-03T23:59:59+02:00,2046,2125,3689,4439,4878,6329,7000,9461,10738,11713,14315,16258,12675,16086,3376,6010,458,516,946,1345,1215,2033,1595,3084,2443,2965,3327,3474,8205,10685,3116,5500,79346,46730,11374,3653,40408,514,10
2021-05-02T23:59:59+02:00,2033,2107,3613,4410,4800,6270,6927,9408,10607,11580,14148,16086,12653,16064,3375,6005,456,507,940,1331,1212,2014,1591,3072,2428,2950,3311,3456,8170,10654,3115,5496,78794,46711,11099,3557,40187,429,6
2021-05-01T23:59:59+02:00,2031,2107,3611,4409,4799,6270,6925,9407,10601,11576,14146,16085,12652,16063,3375,6003,455,507,940,1331,1212,2013,1591,3072,2428,2950,3311,3456,8170,10654,3115,5495,78768,46708,11099,3557,40187,429,6
2021-04-30T23:59:59+02:00,2028,2100,3605,4401,4793,6256,6899,9387,10562,11535,14098,16013,12629,16039,3374,6002,455,505,939,1329,1212,2013,1590,3072,2427,2949,3310,3454,8169,10652,3115,5495,78439,46701,11099,3555,40178,425,5
2021-04-29T23:59:59+02:00,1893,2048,3341,4289,4522,6098,6591,9122,10123,11121,13546,15331,12558,15923,3370,5995,447,493,929,1308,1189,1974,1566,3033,2396,2905,3298,3441,8157,10638,3112,5491,75669,46579,10715,3554,39482,239,5
2021-04-28T23:59:59+02:00,1747,1994,3169,4181,4268,5912,6204,8845,9524,10570,12708,14185,12444,15772,3362,5987,436,484,914,1294,1173,1943,1528,2987,2323,2833,3129,3296,8071,10544,3106,5481,71192,46170,10528,3144,39148,224,4
2021-04-27T23:59:59+02:00,1701,1938,3052,4064,4064,5765,5871,8554,8856,9838,11696,12897,12291,15507,3351,5972,424,469,906,1272,1157,1904,1501,2917,2273,2773,3089,3255,8050,10515,3100,5479,66405,45964,10340,2972,38668,144,4
2021-04-26T23:59:59+02:00,1670,1897,2936,3984,3885,5617,5531,8328,8348,9346,10963,11983,12198,15371,3340,5958,423,463,896,1264,1141,1893,1470,2894,2242,2744,3041,3203,8007,10469,3095,5477,63004,45869,10152,2726,38195,123,4
2021-04-25T23:59:59+02:00,1652,1889,2869,3954,3785,5556,5391,8281,8154,9221,10778,11756,12169,15331,3339,5954,419,456,889,1258,1122,1879,1455,2875,2218,2716,2996,3164,7966,10426,3094,5475,62504,45790,9950,2517,37621,97,4
2021-04-24T23:59:59+02:00,1651,1889,2869,3953,3785,5555,5389,8280,8150,9216,10773,11755,12169,15331,3339,5954,419,456,889,1258,1122,1878,1454,2874,2217,2716,2996,3164,7966,10426,3094,5475,62484,45786,9950,2517,37620,97,4
2021-04-23T23:59:59+02:00,1626,1876,2804,3918,3705,5530,5267,8226,8020,9158,10694,11646,12147,15297,3338,5950,419,456,889,1256,1122,1878,1453,2873,2217,2716,2995,3164,7966,10426,3094,5475,62356,45783,9676,2517,37167,96,3
2021-04-22T23:59:59+02:00,1573,1836,2699,3857,3547,5425,5007,8064,7689,8892,10084,10925,11954,15074,3332,5933,410,454,879,1246,1108,1864,1428,2845,2181,2685,2939,3111,7884,10322,3082,5461,60756,45379,9024,2437,36108,80,3
2021-04-21T23:59:59+02:00,1533,1795,2615,3770,3428,5331,4775,7861,7252,8537,9172,9814,11631,14631,3321,5898,406,452,874,1229,1099,1847,1409,2814,2149,2657,2876,3044,7777,10161,3069,5443,58041,44910,8157,2313,35163,80,3
2021-04-20T23:59:59+02:00,1498,1765,2552,3694,3325,5232,4587,7662,6832,8158,8226,8623,11288,14186,3309,5885,401,449,864,1215,1089,1825,1383,2783,2118,2615,2807,2978,7637,9986,3042,5397,55199,44205,7391,2307,34230,75,2
2021-04-19T23:59:59+02:00,1480,1749,2514,3654,3263,5162,4471,7550,6564,7888,7589,7819,11088,13918,3301,5870,398,447,861,1205,1083,1814,1356,2768,2084,2587,2751,2930,7525,9826,3025,5365,53258,43657,7021,2294,33599,72,2
2021-04-18T23:59:59+02:00,1469,1733,2480,3629,3225,5138,4407,7492,6418,7732,7220,7446,11030,13842,3298,5858,397,444,860,1203,1082,1806,1354,2756,2078,2583,2744,2917,7500,9793,3023,5363,52745,43537,6559,2292,33111,72,2
2021-04-17T23:59:59+02:00,1468,1732,2479,3627,3224,5135,4403,7487,6409,7721,7207,7437,11028,13842,3298,5858,397,444,859,1202,1082,1806,1353,2755,2077,2581,2741,2915,7499,9793,3023,5363,52724,43525,6558,2291,33071,72,2
2021-04-16T23:59:59+02:00,1464,1730,2469,3623,3215,5127,4380,7469,6354,7680,7134,7358,11023,13833,3296,5856,397,443,855,1200,1081,1806,1351,2754,2074,2580,2739,2909,7497,9791,3022,5363,52668,43502,6324,2286,33017,72,2
2021-04-15T23:59:59+02:00,1422,1704,2409,3575,3119,5068,4204,7334,6076,7430,6583,6800,10835,13582,3284,5834,389,441,832,1176,1044,1746,1306,2673,2000,2493,2662,2839,7414,9711,3014,5349,51587,42920,5938,2100,31732,67,2
2021-04-14T23:59:59+02:00,1396,1689,2376,3545,3044,5007,4082,7220,5871,7208,5906,6036,10514,13182,3260,5796,381,436,820,1165,1025,1723,1274,2627,1947,2439,2573,2763,7279,9532,3000,5326,50195,42263,5731,1979,30205,67,1
2021-04-13T23:59:59+02:00,1379,1680,2341,3513,2987,4946,3967,7126,5592,6976,5367,5455,10227,12833,3242,5774,360,421,798,1133,1003,1704,1249,2592,1910,2395,2503,2702,7165,9392,2971,5273,49184,41584,5529,1921,28691,65,1
2021-04-12T23:59:59+02:00,1363,1673,2314,3487,2935,4901,3828,7038,5391,6823,5001,5122,10038,12609,3233,5753,344,416,786,1128,987,1687,1232,2567,1859,2352,2426,2636,7055,9258,2959,5256,48723,41017,5332,1872,27453,58,1
2021-04-11T23:59:59+02:00,1358,1660,2294,3464,2904,4882,3758,6966,5225,6703,4756,4901,9895,12450,3229,5744,338,412,781,1121,975,1670,1219,2540,1838,2324,2369,2568,6974,9159,2948,5237,48642,40602,5097,1813,26449,57,1
2021-04-10T23:59:59+02:00,1358,1659,2292,3460,2902,4877,3752,6964,5216,6692,4746,4886,9892,12443,3229,5743,334,407,766,1115,962,1664,1194,2515,1766,2272,2285,2479,6923,9121,2948,5233,48589,40436,5097,1490,26424,57,1
2021-04-09T23:59:59+02:00,1355,1656,2284,3458,2896,4868,3739,6950,5191,6666,4716,4860,9873,12416,3228,5743,321,404,749,1106,943,1638,1162,2471,1670,2188,2052,2193,6794,8987,2931,5205,48516,39594,5092,1162,26290,57,1
2021-04-08T23:59:59+02:00,1328,1633,2224,3396,2817,4780,3585,6814,4947,6423,4293,4386,9398,11939,3218,5698,290,379,694,1045,887,1564,1078,2372,1529,2059,1768,1824,6336,8455,2873,5097,48063,37049,4570,1151,24245,49,1
2021-04-07T23:59:59+02:00,1317,1617,2188,3378,2778,4739,3486,6756,4779,6269,3956,4045,8905,11456,3204,5669,246,348,643,987,822,1498,1017,2303,1423,1959,1607,1637,5752,7762,2804,4967,47856,34578,4100,1148,22585,48,1
2021-04-06T23:59:59+02:00,1293,1596,2147,3355,2741,4707,3413,6709,4645,6166,3668,3760,8481,11005,3189,5643,239,342,616,965,798,1452,969,2242,1333,1872,1454,1431,5184,6970,2715,4802,47662,32197,3564,1141,21291,45,1
2021-04-05T23:59:59+02:00,1291,1592,2143,3352,2729,4706,3398,6692,4625,6150,3635,3729,8456,10974,3186,5642,236,328,607,948,781,1429,953,2205,1292,1833,1400,1353,4970,6706,2677,4757,47576,31290,3560,1139,21163,45,1
2021-04-04T23:59:59+02:00,1291,1592,2143,3351,2729,4705,3398,6691,4624,6150,3631,3727,8454,10973,3186,5642,236,328,606,948,781,1429,953,2205,1292,1833,1400,1353,4969,6706,2677,4757,47570,31288,3560,1139,21156,45,1
2021-04-03T23:59:59+02:00,1291,1592,2143,3351,2729,4705,3398,6691,4624,6150,3630,3725,8454,10972,3186,5642,236,328,606,948,781,1429,953,2205,1292,1833,1400,1353,4969,6706,2677,4757,47568,31288,3560,1139,21154,45,1
2021-04-02T23:59:59+02:00,1291,1592,2143,3349,2729,4704,3398,6687,4624,6148,3627,3722,8453,10971,3186,5642,236,328,606,948,781,1427,953,2205,1292,1832,1400,1351,4967,6705,2676,4757,47552,31280,3560,1138,21153,45,1
2021-04-01T23:59:59+02:00,1273,1546,2071,3223,2624,4501,3248,6432,4478,5938,3583,3685,8359,10867,3177,5631,231,319,600,939,771,1421,942,2192,1269,1814,1380,1323,4707,6360,2580,4622,47191,30297,3555,1134,19889,38,1
2021-03-31T23:59:59+02:00,1255,1508,2028,3117,2552,4360,3154,6203,4347,5729,3497,3590,8221,10688,3160,5602,223,316,593,925,767,1405,926,2170,1226,1779,1322,1259,4217,5733,2469,4426,46597,28584,3429,1134,18984,37,1
2021-03-30T23:59:59+02:00,1233,1463,1974,2933,2444,4121,2998,5825,4155,5380,3395,3492,8072,10493,3137,5559,219,311,585,915,755,1384,904,2145,1172,1734,1237,1172,3670,4977,2285,4152,45966,26454,3267,1134,17440,28,1
2021-03-29T23:59:59+02:00,1212,1406,1908,2799,2360,3956,2862,5550,3988,5129,3301,3392,7915,10273,3115,5523,218,308,578,903,745,1371,888,2117,1131,1703,1152,1072,3070,4254,2146,3923,45328,24430,3040,1130,16320,18,1
2021-03-28T23:59:59+02:00,1189,1356,1838,2635,2272,3742,2734,5268,3844,4861,3238,3330,7859,10212,3111,5520,218,308,576,900,744,1369,886,2110,1128,1702,1142,1059,3013,4182,2136,3903,45221,24235,2830,1127,14957,13,1
2021-03-27T23:59:59+01:00,1189,1356,1838,2634,2271,3742,2732,5268,3841,4861,3235,3330,7858,10212,3111,5520,218,308,575,900,744,1369,885,2110,1126,1702,1142,1059,3013,4182,2136,3903,45212,24231,2830,1127,14955,13,1
2021-03-26T23:59:59+01:00,1185,1323,1793,2521,2201,3578,2672,5054,3759,4652,3218,3320,7855,10207,3110,5519,218,307,574,900,743,1369,885,2109,1125,1700,1139,1058,3010,4174,2135,3900,45186,24207,2828,1127,13952,11,1
2021-03-25T23:59:59+01:00,1159,1282,1740,2414,2113,3412,2571,4828,3654,4472,3096,3222,7754,10090,3104,5509,215,304,570,899,736,1359,879,2088,1109,1675,1093,1010,2739,3770,1987,3677,44928,22971,2496,1127,12995,11,1
2021-03-24T23:59:59+01:00,1138,1262,1719,2373,2084,3357,2533,4766,3607,4402,3009,3147,7632,9927,3088,5494,215,299,562,895,730,1351,868,2072,1090,1655,1046,963,2287,3135,1675,3266,44396,20972,2367,1125,12774,11,1
2021-03-23T23:59:59+01:00,1127,1252,1697,2337,2066,3330,2492,4721,3570,4346,2938,3073,7544,9833,3074,5468,213,296,558,890,722,1340,849,2051,1052,1613,958,879,1887,2595,1388,2866,43886,19054,2356,1091,12625,11,1
2021-03-22T23:59:59+01:00,1121,1242,1684,2324,2051,3311,2469,4690,3531,4309,2894,3035,7483,9768,3062,5452,210,292,557,877,705,1321,834,2036,1019,1583,905,797,1368,1958,1105,2466,43552,16984,2336,1037,12537,11,1
2021-03-21T23:59:59+01:00,1121,1240,1683,2323,2051,3309,2465,4687,3521,4302,2879,3027,7434,9712,3059,5447,210,290,556,875,704,1316,830,2032,1008,1576,879,777,1290,1866,1057,2407,43407,16682,2333,979,12519,11,1
2021-03-20T23:59:59+01:00,1120,1239,1682,2323,2051,3309,2465,4687,3519,4300,2879,3026,7434,9711,3059,5447,210,290,556,875,704,1316,830,2032,994,1559,842,745,1260,1851,1050,2405,43407,16680,2329,827,12514,11,1
2021-03-19T23:59:59+01:00,1118,1230,1675,2312,2040,3305,2463,4679,3513,4293,2867,3013,7423,9696,3058,5445,210,289,555,874,704,1315,829,2031,985,1546,798,708,1204,1806,1040,2397,43345,16638,2324,641,12460,11,1
2021-03-18T23:59:59+01:00,1072,1191,1596,2190,1913,3135,2311,4414,3295,4068,2698,2852,7124,9321,3013,5375,209,288,548,867,699,1310,820,2018,964,1530,778,684,1120,1689,911,2213,41948,16072,2014,564,11605,11,1
2021-03-17T23:59:59+01:00,1012,1154,1528,2134,1847,3067,2246,4346,3203,3976,2551,2705,6703,8829,2965,5280,207,287,545,860,698,1308,815,2012,959,1521,749,664,970,1522,773,2019,40179,15334,2011,563,11355,11,1
2021-03-16T23:59:59+01:00,987,1129,1490,2092,1809,3018,2191,4290,3100,3877,2413,2528,6236,8189,2889,5154,200,282,541,859,693,1300,811,2002,950,1508,744,651,867,1378,648,1873,38198,14732,1951,563,11242,11,1
2021-03-15T23:59:59+01:00,970,1120,1470,2068,1771,2961,2146,4211,2999,3771,2270,2348,5759,7651,2832,5056,199,279,540,853,690,1289,807,1994,941,1493,733,641,786,1240,509,1703,36434,14161,1853,525,11116,11,0
2021-03-14T23:59:59+01:00,965,1105,1441,2038,1746,2932,2114,4142,2936,3700,2082,2147,5586,7449,2806,5026,199,279,539,848,688,1280,806,1986,937,1484,716,633,770,1218,486,1651,35415,14017,1755,500,11045,3,0
2021-03-13T23:59:59+01:00,954,1097,1422,2029,1729,2915,2084,4115,2863,3651,2015,2065,5543,7408,2805,5025,199,279,539,848,688,1280,806,1986,937,1484,714,632,770,1215,485,1651,35166,14010,1515,500,11039,3,0
2021-03-12T23:59:59+01:00,927,1077,1377,1971,1665,2809,1980,3959,2697,3489,1818,1816,5376,7207,2783,4987,198,279,539,848,688,1280,805,1986,937,1483,706,628,754,1201,482,1648,33844,13960,1275,499,10819,3,0
2021-03-11T23:59:59+01:00,887,1013,1306,1881,1586,2658,1886,3761,2529,3308,1547,1492,5003,6742,2680,4838,189,273,532,839,679,1266,789,1953,908,1443,582,566,689,1162,467,1621,31735,13467,1178,489,10204,2,0
2021-03-10T23:59:59+01:00,868,956,1284,1822,1554,2606,1826,3681,2446,3227,1478,1394,4527,6169,2581,4635,189,269,522,818,661,1250,782,1936,895,1428,517,552,657,1153,462,1616,29927,13318,1173,387,9954,2,0
2021-03-09T23:59:59+01:00,856,931,1262,1788,1526,2563,1781,3627,2374,3170,1379,1295,3949,5377,2429,4388,187,267,516,794,650,1230,769,1900,883,1403,514,551,654,1145,459,1612,27766,13258,1171,274,9758,2,0
2021-03-08T23:59:59+01:00,850,903,1249,1767,1509,2545,1756,3588,2332,3122,1277,1183,3247,4494,2241,4093,183,262,501,768,630,1197,746,1839,863,1381,509,549,653,1144,459,1612,25317,13249,1171,47,9668,0,0
2021-03-07T23:59:59+01:00,846,899,1242,1758,1500,2531,1749,3578,2320,3116,1264,1163,3142,4368,2225,4053,183,262,501,768,630,1197,746,1839,863,1381,509,549,653,1144,459,1612,24969,13249,1169,47,9616,0,0
2021-03-06T23:59:59+01:00,845,899,1240,1755,1497,2528,1746,3575,2317,3115,1261,1163,3142,4368,2225,4053,182,262,501,768,630,1197,746,1839,863,1381,509,549,653,1144,459,1612,24965,13248,1169,47,9595,0,0
2021-03-05T23:59:59+01:00,779,873,1214,1739,1476,2519,1719,3561,2293,3107,1256,1161,3133,4358,2223,4050,182,262,501,768,630,1196,746,1839,863,1379,508,549,653,1144,459,1612,24935,13244,1165,47,9361,0,0
2021-03-04T23:59:59+01:00,706,823,1150,1667,1422,2436,1679,3477,2220,3033,1203,1110,2878,3936,2084,3830,181,257,497,752,620,1184,735,1809,852,1370,499,539,642,1134,454,1603,23717,13082,1158,46,8779,0,0
2021-03-03T23:59:59+01:00,665,776,1078,1601,1328,2358,1567,3392,2110,2952,1156,1066,2442,3326,1810,3478,181,257,495,749,620,1184,734,1805,850,1370,496,538,641,1130,454,1602,21862,13061,1156,45,8087,0,0
2021-03-02T23:59:59+01:00,645,737,1039,1556,1270,2321,1504,3335,2019,2880,1066,976,2035,2781,1475,3030,179,255,490,742,615,1172,724,1794,843,1350,489,531,628,1107,437,1573,19799,12884,1153,45,7717,0,0
2021-03-01T23:59:59+01:00,637,686,1021,1513,1219,2264,1462,3265,1961,2809,1015,892,1482,2119,1168,2580,177,255,490,742,615,1171,724,1791,842,1350,487,531,624,1095,434,1565,17532,12848,1150,45,7411,0,0
2021-02-28T23:59:59+01:00,628,669,1006,1471,1191,2206,1431,3207,1907,2737,998,871,1360,1966,1105,2505,177,255,489,741,615,1171,723,1789,841,1349,485,531,624,1095,434,1565,17055,12839,1148,45,7055,0,0
2021-02-27T23:59:59+01:00,628,667,1005,1471,1191,2204,1431,3206,1907,2736,998,871,1360,1965,1104,2505,177,255,488,740,612,1169,721,1788,839,1348,485,531,624,1095,434,1565,17053,12839,1148,32,7048,0,0
2021-02-26T23:59:59+01:00,456,607,883,1435,1117,2161,1366,3164,1852,2694,997,868,1357,1964,1104,2504,177,255,488,740,612,1169,721,1787,839,1347,485,531,624,1095,434,1565,17043,12838,1148,31,6338,0,0
2021-02-25T23:59:59+01:00,360,542,787,1345,1032,2067,1264,2983,1714,2543,971,845,1269,1829,1000,2330,170,244,472,726,600,1144,711,1762,824,1325,473,517,590,1062,426,1549,16454,12574,1148,21,5279,0,0
2021-02-24T23:59:59+01:00,304,488,718,1271,959,1973,1210,2861,1645,2440,951,824,1134,1668,857,2139,168,244,469,723,596,1143,710,1756,823,1320,468,513,582,1057,423,1537,15751,12514,1146,18,4545,0,0
2021-02-23T23:59:59+01:00,291,461,694,1209,930,1888,1163,2747,1563,2343,936,800,1042,1529,733,1991,168,244,469,721,596,1142,710,1754,820,1319,468,511,580,1056,423,1536,15196,12504,1114,13,4010,0,0
2021-02-22T23:59:59+01:00,273,438,670,1171,900,1808,1107,2650,1479,2231,894,772,913,1352,568,1772,168,244,467,720,594,1141,708,1754,815,1317,467,509,579,1055,422,1534,14454,12492,1045,2,3499,0,0
2021-02-21T23:59:59+01:00,265,420,635,1105,851,1704,1059,2545,1403,2128,877,756,880,1296,520,1715,168,243,464,712,593,1138,708,1749,815,1316,466,509,578,1055,420,1533,14249,12465,1004,2,2906,0,0
2021-02-20T23:59:59+01:00,265,417,632,1104,848,1699,1057,2541,1386,2107,841,723,850,1281,513,1713,168,243,464,712,593,1138,708,1749,815,1316,466,509,577,1055,420,1533,14249,12464,849,2,2879,0,0
2021-02-19T23:59:59+01:00,254,407,623,1096,836,1684,1034,2522,1339,2059,602,620,719,1230,494,1696,168,243,464,710,593,1137,707,1747,812,1313,466,509,577,1054,419,1533,13776,12450,667,2,2772,0,0
2021-02-18T23:59:59+01:00,231,342,583,974,750,1455,898,2245,1077,1692,552,578,680,1188,479,1685,162,240,451,701,578,1118,701,1721,796,1287,463,507,577,1052,419,1533,13622,12304,571,2,1216,0,0
2021-02-17T23:59:59+01:00,224,303,562,914,715,1360,835,2077,993,1560,537,571,680,1184,477,1683,154,236,441,691,567,1100,683,1690,785,1267,460,506,575,1048,419,1533,13606,12153,571,2,498,0,0
2021-02-16T23:59:59+01:00,218,298,553,901,699,1327,819,2040,955,1520,530,566,674,1182,476,1682,148,231,428,683,556,1086,671,1671,777,1253,454,501,568,1033,413,1509,13578,11981,571,1,291,0,0
2021-02-15T23:59:59+01:00,202,286,547,872,691,1294,804,2005,930,1476,528,565,674,1182,476,1681,145,230,420,673,544,1068,645,1642,763,1235,453,501,568,1033,413,1509,13575,11841,532,1,106,0,0
2021-02-14T23:59:59+01:00,196,279,544,858,691,1287,799,1993,914,1470,527,565,673,1179,475,1681,137,227,409,662,525,1050,629,1628,757,1223,453,499,566,1031,413,1509,13569,11717,530,1,32,0,0
2021-02-13T23:59:59+01:00,195,279,543,858,691,1287,799,1993,914,1470,527,565,673,1179,475,1681,137,227,408,661,525,1050,629,1628,757,1223,453,499,566,1031,413,1509,13568,11715,530,1,31,0,0
2021-02-12T23:59:59+01:00,194,278,539,857,690,1285,794,1991,913,1468,526,565,673,1179,475,1681,133,224,405,656,520,1042,617,1616,753,1206,450,498,554,1009,411,1486,13561,11579,529,1,18,0,0
2021-02-11T23:59:59+01:00,192,277,534,850,685,1281,792,1988,906,1466,521,558,667,1174,470,1675,112,180,371,585,475,964,566,1491,713,1124,424,455,513,944,372,1404,13511,10693,517,0,8,0,0
2021-02-10T23:59:59+01:00,188,274,524,832,668,1265,780,1958,892,1448,512,553,659,1161,465,1666,101,167,342,519,447,852,525,1318,636,977,375,406,444,827,334,1256,13388,9526,456,0,1,0,0
2021-02-09T23:59:59+01:00,187,267,514,788,654,1229,760,1890,877,1413,503,544,652,1145,458,1652,93,145,325,455,410,764,478,1204,578,894,344,351,402,742,311,1148,13279,8644,254,0,0,0,0
2021-02-08T23:59:59+01:00,183,261,497,762,630,1192,739,1832,860,1382,497,543,649,1139,455,1638,71,107,285,389,362,624,421,966,503,733,286,294,339,590,259,963,13211,7192,48,0,0,0,0
2021-02-07T23:59:59+01:00,183,260,496,760,628,1192,737,1824,859,1380,496,543,649,1139,455,1637,70,93,265,360,345,576,402,933,487,704,285,287,336,583,258,960,13190,6944,48,0,0,0,0
2021-02-06T23:59:59+01:00,183,260,496,760,628,1192,737,1824,859,1380,496,543,649,1139,455,1637,70,93,265,360,345,576,402,932,485,702,285,286,335,581,257,960,13190,6934,48,0,0,0,0
2021-02-05T23:59:59+01:00,183,260,496,760,628,1192,737,1824,859,1379,496,543,649,1139,455,1637,68,93,262,358,340,572,392,905,476,685,278,283,325,556,242,927,13189,6762,48,0,0,0,0
2021-02-04T23:59:59+01:00,177,254,490,751,623,1184,733,1810,852,1371,490,537,625,1111,449,1622,51,74,225,320,302,476,345,761,384,551,215,212,239,382,183,684,13032,5404,47,0,0,0,0
2021-02-03T23:59:59+01:00,176,254,484,744,615,1176,728,1798,844,1355,481,530,610,1096,444,1616,40,49,166,226,249,356,258,572,306,424,170,169,173,294,138,518,12905,4108,46,0,0,0,0
2021-02-02T23:59:59+01:00,176,253,482,743,615,1176,724,1792,839,1352,480,529,606,1093,443,1612,30,42,142,176,204,287,217,436,253,340,128,134,138,219,104,411,12869,3261,46,0,0,0,0
2021-02-01T23:59:59+01:00,174,253,481,742,610,1171,723,1784,837,1348,478,526,601,1091,443,1607,25,31,102,130,146,194,152,303,160,240,81,94,96,136,54,222,12823,2166,46,0,0,0,0
2021-01-31T23:59:59+01:00,174,253,481,739,607,1170,723,1780,837,1347,476,526,600,1089,443,1606,16,22,70,86,104,128,116,227,133,192,77,88,92,127,52,209,12805,1739,46,0,0,0,0
2021-01-30T23:59:59+01:00,174,253,480,739,605,1168,722,1780,837,1347,476,526,599,1089,443,1606,16,22,70,86,104,126,114,224,130,189,76,86,92,122,46,199,12804,1702,40,0,0,0,0
2021-01-29T23:59:59+01:00,174,253,480,737,604,1166,720,1778,835,1346,476,526,599,1089,443,1606,13,20,59,82,86,121,97,215,109,176,71,79,90,119,46,198,12800,1581,32,0,0,0,0
2021-01-28T23:59:59+01:00,167,247,466,720,588,1141,713,1752,813,1318,470,521,596,1086,440,1603,7,4,13,22,24,44,31,102,46,82,45,52,59,86,34,149,12617,800,24,0,0,0,0
2021-01-27T23:59:59+01:00,159,244,455,710,578,1131,698,1716,808,1298,466,520,593,1080,440,1599,3,2,5,12,9,22,15,42,22,27,12,17,24,34,16,47,12473,309,22,0,0,0,0
2021-01-26T23:59:59+01:00,152,240,442,696,566,1117,690,1692,796,1278,461,514,587,1062,434,1568,3,2,5,11,6,20,12,37,17,26,12,14,23,34,16,46,12282,284,13,0,0,0,0
2021-01-25T23:59:59+01:00,149,238,432,683,551,1098,665,1663,779,1260,460,512,585,1062,434,1568,2,2,4,9,6,16,7,28,12,21,8,5,13,22,8,29,12137,192,2,0,0,0,0
2021-01-24T23:59:59+01:00,141,235,422,673,536,1079,649,1651,767,1249,459,509,584,1062,434,1568,1,0,2,6,6,4,5,7,4,9,1,2,11,14,5,16,12016,93,2,0,0,0,0
2021-01-23T23:59:59+01:00,141,235,422,672,536,1079,649,1651,767,1249,459,509,584,1062,434,1568,1,0,2,6,6,4,5,7,4,9,1,2,11,14,5,16,12015,93,2,0,0,0,0
2021-01-22T23:59:59+01:00,137,232,415,667,532,1071,637,1639,761,1232,458,506,571,1038,431,1545,1,0,2,6,6,4,5,7,4,9,1,2,11,14,5,16,11870,93,2,0,0,0,0
2021-01-21T23:59:59+01:00,124,223,401,647,506,1038,606,1586,742,1193,441,471,537,985,400,1489,1,0,2,6,6,4,5,7,4,9,1,2,11,14,5,16,11387,93,2,0,0,0,0
2021-01-20T23:59:59+01:00,104,173,360,553,463,894,552,1350,652,1020,381,413,452,841,348,1288,1,0,2,5,6,4,5,7,4,9,1,2,11,14,5,16,9842,92,2,0,0,0,0
2021-01-19T23:59:59+01:00,96,153,332,480,422,798,510,1235,602,928,356,375,414,762,325,1202,1,0,2,3,6,4,5,7,4,9,1,0,8,10,4,15,8988,79,2,0,0,0,0
2021-01-18T23:59:59+01:00,73,110,292,394,367,648,432,988,513,752,290,306,349,611,275,1020,1,0,2,3,6,4,5,7,4,9,1,0,8,10,4,15,7419,79,1,0,0,0,0
2021-01-17T23:59:59+01:00,70,95,272,365,347,591,410,944,493,720,287,298,347,604,274,1012,0,0,0,0,0,0,0,0,0,0,0,0,0,0,0,0,7128,0,1,0,0,0,0
2021-01-16T23:59:59+01:00,70,95,272,365,347,591,410,943,491,718,287,297,345,600,273,1012,0,0,0,0,0,0,0,0,0,0,0,0,0,0,0,0,7115,0,1,0,0,0,0
2021-01-15T23:59:59+01:00,68,95,270,362,341,585,398,915,479,696,276,293,328,570,253,978,0,0,0,0,0,0,0,0,0,0,0,0,0,0,0,0,6906,0,1,0,0,0,0
2021-01-14T23:59:59+01:00,53,79,255,337,319,504,357,787,392,564,216,216,241,384,187,711,0,0,0,0,0,0,0,0,0,0,0,0,0,0,0,0,5602,0,0,0,0,0,0
2021-01-13T23:59:59+01:00,46,66,227,275,279,414,291,621,320,458,163,174,180,299,146,552,0,0,0,0,0,0,0,0,0,0,0,0,0,0,0,0,4511,0,0,0,0,0,0
2021-01-12T23:59:59+01:00,42,64,219,258,264,381,272,548,286,412,126,135,145,226,110,431,0,0,0,0,0,0,0,0,0,0,0,0,0,0,0,0,3919,0,0,0,0,0,0
2021-01-11T23:59:59+01:00,36,58,207,237,245,330,222,453,236,348,93,102,112,147,62,273,0,0,0,0,0,0,0,0,0,0,0,0,0,0,0,0,3161,0,0,0,0,0,0
2021-01-10T23:59:59+01:00,31,51,170,168,202,253,184,358,190,282,87,97,109,141,60,260,0,0,0,0,0,0,0,0,0,0,0,0,0,0,0,0,2643,0,0,0,0,0,0
2021-01-09T23:59:59+01:00,30,49,164,164,200,246,180,352,188,277,87,97,109,141,60,260,0,0,0,0,0,0,0,0,0,0,0,0,0,0,0,0,2604,0,0,0,0,0,0
2021-01-08T23:59:59+01:00,25,43,134,141,179,233,157,324,162,257,82,87,107,138,60,259,0,0,0,0,0,0,0,0,0,0,0,0,0,0,0,0,2388,0,0,0,0,0,0
2021-01-07T23:59:59+01:00,8,6,17,25,32,53,38,114,60,103,47,51,66,94,38,178,0,0,0,0,0,0,0,0,0,0,0,0,0,0,0,0,930,0,0,0,0,0,0
2021-01-06T23:59:59+01:00,3,2,6,12,8,21,14,40,20,29,14,13,25,40,17,53,0,0,0,0,0,0,0,0,0,0,0,0,0,0,0,0,317,0,0,0,0,0,0
2021-01-05T23:59:59+01:00,2,1,5,11,7,17,11,32,15,24,10,13,22,33,17,49,0,0,0,0,0,0,0,0,0,0,0,0,0,0,0,0,269,0,0,0,0,0,0
2021-01-04T23:59:59+01:00,1,1,3,7,7,11,5,15,8,15,4,3,11,18,7,26,0,0,0,0,0,0,0,0,0,0,0,0,0,0,0,0,142,0,0,0,0,0,0
2021-01-03T23:59:59+01:00,1,0,2,6,7,4,5,7,4,9,1,2,11,14,6,16,0,0,0,0,0,0,0,0,0,0,0,0,0,0,0,0,95,0,0,0,0,0,0
2021-01-02T23:59:59+01:00,1,0,2,6,7,4,5,7,4,9,1,2,11,14,6,16,0,0,0,0,0,0,0,0,0,0,0,0,0,0,0,0,95,0,0,0,0,0,0
2021-01-01T23:59:59+01:00,1,0,2,6,7,4,5,7,4,9,1,2,11,14,6,16,0,0,0,0,0,0,0,0,0,0,0,0,0,0,0,0,95,0,0,0,0,0,0
2020-12-31T23:59:59+01:00,1,0,2,5,7,4,5,7,4,9,1,2,11,14,6,16,0,0,0,0,0,0,0,0,0,0,0,0,0,0,0,0,94,0,0,0,0,0,0
2020-12-30T23:59:59+01:00,1,0,2,5,7,4,5,7,4,9,1,2,11,14,6,16,0,0,0,0,0,0,0,0,0,0,0,0,0,0,0,0,94,0,0,0,0,0,0
2020-12-29T23:59:59+01:00,1,0,2,3,7,4,5,7,4,9,1,0,8,10,5,15,0,0,0,0,0,0,0,0,0,0,0,0,0,0,0,0,81,0,0,0,0,0,0
2020-12-28T23:59:59+01:00,1,0,2,3,7,4,5,7,4,9,1,0,8,10,5,15,0,0,0,0,0,0,0,0,0,0,0,0,0,0,0,0,81,0,0,0,0,0,0
2020-12-27T23:59:59+01:00,1,0,2,3,7,4,5,7,4,9,1,0,8,10,5,15,0,0,0,0,0,0,0,0,0,0,0,0,0,0,0,0,81,0,0,0,0,0,0
