Datum,<15_1_m,<15_1_w,15-24_1_m,15-24_1_w,25-34_1_m,25-34_1_w,35-44_1_m,35-44_1_w,45-54_1_m,45-54_1_w,55-64_1_m,55-64_1_w,65-74_1_m,65-74_1_w,75-84_1_m,75-84_1_w,>84_1_m,>84_1_w,<15_2_m,<15_2_w,15-24_2_m,15-24_2_w,25-34_2_m,25-34_2_w,35-44_2_m,35-44_2_w,45-54_2_m,45-54_2_w,55-64_2_m,55-64_2_w,65-74_2_m,65-74_2_w,75-84_2_m,75-84_2_w,>84_2_m,>84_2_w,bp_1,bp_2,mo_1,mo_2,az_1,az_2,ja,unb_1,unb_2
2021-12-10T23:59:59+01:00,6034,5673,21667,19871,26973,25078,27819,27172,30713,31231,32873,33888,22449,25779,15882,20108,4623,8164,2883,2823,18854,17447,24281,22293,25554,24836,28770,29171,31353,32162,21792,24863,15473,19436,4440,7782,279116,251287,33510,32386,55149,52295,18185,46,60
2021-12-09T23:59:59+01:00,5826,5470,21599,19806,26931,25017,27776,27119,30690,31201,32843,33858,22431,25748,15874,20091,4623,8158,2797,2709,18703,17287,24143,22126,25444,24706,28685,29069,31292,32081,21758,24826,15464,19405,4437,7771,278188,249810,33502,32354,55149,52295,18185,46,59
2021-12-08T23:59:59+01:00,5697,5383,21533,19751,26876,24957,27747,27079,30663,31176,32819,33824,22414,25731,15866,20077,4621,8152,2734,2637,18572,17148,24012,21974,25330,24585,28596,28973,31216,32000,21718,24787,15450,19376,4436,7762,277499,248450,33497,32318,55149,52295,18184,46,59
2021-12-07T23:59:59+01:00,5617,5301,21516,19746,26861,24940,27742,27065,30655,31171,32817,33815,22412,25727,15863,20074,4621,8151,2730,2630,18542,17126,23992,21954,25317,24569,28578,28961,31206,31988,21710,24784,15449,19374,4436,7762,277227,248252,33497,32318,55149,52295,18184,46,59
2021-12-06T23:59:59+01:00,5484,5165,21461,19689,26794,24873,27697,27028,30631,31138,32797,33782,22396,25702,15852,20057,4618,8141,2686,2584,18377,16988,23851,21801,25213,24457,28486,28860,31140,31928,21681,24736,15427,19355,4433,7750,276440,246919,33495,32296,55149,52295,18184,46,59
2021-12-05T23:59:59+01:00,5374,5066,21438,19651,26770,24831,27668,26999,30608,31110,32781,33758,22389,25687,15845,20045,4617,8132,2657,2560,18283,16901,23752,21721,25142,24393,28424,28801,31091,31877,21651,24705,15417,19340,4429,7744,275905,246058,33494,32292,55149,52295,18184,46,59
2021-12-04T23:59:59+01:00,5240,4980,21421,19637,26761,24818,27659,26991,30596,31102,32776,33752,22387,25685,15843,20044,4616,8132,2651,2555,18243,16874,23708,21697,25119,24380,28403,28794,31079,31863,21649,24702,15415,19338,4429,7742,275577,245812,33494,32292,55149,52295,18183,46,59
2021-12-03T23:59:59+01:00,4997,4792,21385,19608,26730,24785,27643,26972,30577,31079,32766,33732,22381,25677,15843,20037,4614,8131,2628,2530,18151,16800,23626,21637,25034,24313,28349,28746,31045,31837,21639,24694,15410,19332,4426,7742,274896,245135,33484,32268,55149,52294,18183,46,59
2021-12-02T23:59:59+01:00,4735,4539,21346,19569,26678,24720,27599,26925,30549,31052,32738,33702,22369,25662,15826,20023,4606,8124,2575,2454,18022,16702,23514,21537,24938,24229,28254,28670,30983,31785,21616,24667,15401,19315,4422,7733,273918,244030,33475,32251,55149,52294,18183,46,59
2021-12-01T23:59:59+01:00,4535,4339,21304,19512,26638,24644,27551,26874,30511,30990,32703,33660,22353,25632,15816,20000,4603,8114,2529,2404,17855,16539,23359,21385,24810,24112,28147,28581,30904,31698,21589,24644,15386,19297,4422,7727,272942,242632,33468,32222,55149,52292,18183,46,59
2021-11-30T23:59:59+01:00,4351,4159,21265,19470,26590,24575,27518,26825,30480,30959,32672,33619,22341,25616,15803,19979,4601,8105,2498,2380,17774,16458,23279,21287,24738,24039,28081,28522,30847,31651,21569,24612,15375,19283,4422,7724,272096,241789,33463,32217,55149,52291,18183,46,59
2021-11-29T23:59:59+01:00,4125,3982,21203,19423,26539,24493,27465,26768,30434,30908,32635,33570,22310,25572,15794,19952,4598,8094,2467,2353,17655,16347,23127,21147,24631,23965,27997,28442,30778,31590,21538,24573,15367,19255,4421,7715,271044,240654,33453,32181,55148,52291,18183,46,59
2021-11-28T23:59:59+01:00,3959,3830,21163,19393,26497,24438,27434,26727,30406,30881,32616,33535,22300,25551,15787,19936,4595,8087,2451,2335,17595,16287,23051,21101,24566,23918,27956,28395,30743,31549,21518,24551,15358,19248,4419,7713,270325,240043,33442,32178,55148,52291,18183,46,59
2021-11-27T23:59:59+01:00,3932,3810,21143,19380,26484,24425,27416,26713,30397,30870,32608,33529,22298,25545,15786,19934,4595,8087,2450,2335,17582,16283,23040,21092,24553,23907,27948,28390,30735,31541,21517,24551,15356,19246,4419,7713,270144,239949,33442,32178,55148,52291,18181,46,59
2021-11-26T23:59:59+01:00,3827,3721,21099,19352,26447,24379,27385,26683,30374,30845,32584,33511,22290,25530,15783,19930,4595,8085,2437,2313,17521,16250,22984,21061,24513,23861,27905,28369,30713,31527,21512,24545,15353,19242,4419,7713,269618,239542,33436,32166,55148,52290,18181,46,59
2021-11-25T23:59:59+01:00,3678,3579,21040,19273,26401,24289,27335,26614,30322,30791,32548,33459,22281,25504,15778,19914,4593,8080,2400,2278,17443,16189,22871,20993,24452,23806,27847,28316,30674,31490,21502,24527,15344,19231,4415,7711,268694,238823,33419,32137,55148,52289,18181,46,59
2021-11-24T23:59:59+01:00,3588,3483,20962,19206,26328,24194,27259,26535,30276,30727,32505,33407,22261,25472,15771,19893,4584,8067,2370,2251,17368,16099,22756,20896,24369,23742,27764,28255,30618,31430,21481,24502,15332,19222,4412,7708,267738,237941,33414,32109,55148,52285,18181,46,59
2021-11-23T23:59:59+01:00,3499,3398,20887,19137,26255,24125,27196,26472,30212,30669,32459,33356,22239,25443,15751,19860,4578,8041,2351,2233,17281,16045,22666,20816,24304,23673,27714,28207,30577,31403,21470,24479,15315,19204,4409,7696,266811,237220,33403,32101,55148,52285,18178,46,59
2021-11-22T23:59:59+01:00,3415,3316,20795,19060,26130,24007,27112,26364,30146,30583,32388,33287,22213,25407,15743,19831,4569,8030,2331,2215,17227,15980,22587,20761,24242,23616,27664,28149,30530,31361,21446,24453,15302,19190,4405,7692,265640,236548,33396,32085,55148,52284,18175,46,59
2021-11-21T23:59:59+01:00,3376,3266,20724,19004,26056,23929,27049,26299,30088,30519,32336,33229,22193,25379,15736,19812,4565,8023,2325,2208,17203,15966,22558,20743,24218,23598,27647,28139,30515,31346,21438,24446,15297,19183,4405,7686,264833,236328,33392,32077,55148,52284,18173,46,59
2021-11-20T23:59:59+01:00,3364,3254,20693,18970,26011,23899,27009,26276,30064,30495,32321,33211,22183,25372,15733,19808,4565,8021,2320,2205,17188,15961,22548,20734,24201,23587,27639,28128,30511,31343,21436,24445,15297,19181,4405,7686,264502,236224,33390,32076,55148,52284,18172,46,59
2021-11-19T23:59:59+01:00,3286,3179,20607,18883,25917,23818,26944,26217,30004,30443,32281,33170,22169,25347,15731,19802,4564,8018,2309,2197,17151,15927,22493,20700,24150,23558,27597,28098,30489,31332,21423,24439,15292,19177,4403,7684,263648,235844,33375,32064,55148,52280,18172,46,59
2021-11-18T23:59:59+01:00,3172,3081,20517,18761,25805,23687,26852,26101,29928,30355,32234,33099,22132,25302,15720,19783,4564,8009,2289,2162,17076,15850,22429,20633,24099,23499,27546,28066,30439,31295,21411,24423,15283,19159,4400,7670,262377,235196,33368,32027,55148,52275,18172,46,59
2021-11-17T23:59:59+01:00,3109,3006,20387,18635,25685,23539,26746,25988,29840,30288,32176,33029,22110,25260,15709,19762,4561,8002,2268,2134,16989,15790,22329,20561,24030,23419,27467,28011,30395,31258,21395,24404,15274,19143,4398,7665,261120,234420,33357,32009,55148,52272,18170,46,59
2021-11-16T23:59:59+01:00,3061,2947,20260,18538,25551,23405,26661,25886,29767,30203,32113,32956,22088,25228,15698,19743,4559,7990,2247,2118,16944,15765,22282,20519,23985,23387,27427,27963,30363,31225,21379,24390,15261,19133,4398,7662,259951,233946,33350,32005,55148,52270,18168,46,59
2021-11-15T23:59:59+01:00,3008,2904,20055,18383,25363,23243,26528,25754,29674,30093,32026,32877,22056,25194,15682,19721,4556,7982,2231,2109,16894,15744,22234,20486,23941,23355,27402,27935,30340,31206,21362,24371,15254,19119,4396,7658,258420,233561,33329,31982,55148,52270,18165,46,59
2021-11-14T23:59:59+01:00,2980,2868,19930,18284,25248,23119,26439,25680,29606,30016,31965,32810,22030,25164,15672,19706,4553,7976,2220,2095,16864,15703,22208,20455,23913,23337,27386,27914,30321,31189,21355,24368,15248,19108,4396,7656,257375,233266,33323,31979,55148,52269,18163,46,59
2021-11-13T23:59:59+01:00,2967,2851,19864,18236,25187,23079,26371,25643,29571,29991,31942,32791,22025,25159,15672,19704,4551,7975,2217,2094,16856,15698,22202,20448,23902,23333,27379,27911,30316,31186,21354,24367,15248,19107,4396,7656,256911,233207,33323,31975,55148,52269,18160,46,59
2021-11-12T23:59:59+01:00,2925,2811,19661,18097,25023,22943,26225,25514,29495,29909,31879,32751,22013,25136,15664,19698,4549,7975,2204,2083,16796,15670,22156,20413,23863,23303,27353,27893,30284,31172,21347,24356,15241,19102,4396,7654,255635,232844,33292,31962,55148,52265,18156,46,59
2021-11-11T23:59:59+01:00,2862,2744,19520,17974,24890,22804,26100,25399,29405,29813,31811,32701,21989,25112,15656,19688,4547,7969,2187,2062,16755,15616,22114,20360,23829,23276,27325,27858,30264,31136,21329,24346,15236,19091,4394,7648,254395,232409,33257,31947,55147,52263,18148,46,59
2021-11-10T23:59:59+01:00,2808,2677,19260,17764,24656,22604,25937,25239,29247,29696,31722,32596,21959,25082,15639,19668,4545,7959,2172,2038,16693,15539,22036,20303,23777,23227,27276,27821,30217,31098,21309,24325,15227,19074,4389,7642,252537,231778,33206,31932,55146,52262,18132,46,59
2021-11-09T23:59:59+01:00,2764,2635,19116,17619,24496,22479,25826,25124,29173,29620,31656,32526,21936,25051,15623,19651,4542,7943,2153,2023,16660,15502,21998,20278,23754,23199,27251,27791,30191,31056,21290,24307,15220,19057,4387,7637,251276,231380,33192,31928,55146,52258,18129,46,59
2021-11-08T23:59:59+01:00,2715,2593,18853,17398,24261,22250,25646,24978,29021,29489,31547,32435,21901,24997,15601,19627,4541,7935,2130,2002,16609,15454,21952,20236,23725,23157,27213,27763,30167,31030,21266,24293,15211,19043,4383,7633,249340,230929,33152,31911,55146,52255,18113,46,59
2021-11-07T23:59:59+01:00,2687,2561,18744,17289,24131,22135,25536,24885,28949,29415,31496,32375,21879,24975,15593,19623,4539,7932,2115,1988,16585,15438,21929,20209,23703,23142,27198,27745,30154,31018,21262,24287,15206,19035,4383,7631,248299,230692,33150,31911,55146,52254,18112,46,59
2021-11-06T23:59:59+01:00,2687,2558,18742,17286,24127,22135,25532,24881,28947,29412,31495,32373,21879,24975,15593,19623,4538,7932,2115,1987,16581,15436,21929,20207,23702,23142,27195,27742,30152,31018,21262,24286,15206,19035,4383,7631,248270,230675,33150,31909,55146,52254,18112,46,59
2021-11-05T23:59:59+01:00,2658,2519,18642,17203,24035,22038,25457,24812,28881,29356,31455,32341,21878,24968,15590,19616,4538,7931,2110,1981,16569,15419,21920,20194,23691,23133,27188,27728,30144,31009,21257,24281,15206,19034,4382,7630,247513,230554,33112,31903,55146,52250,18110,46,59
2021-11-04T23:59:59+01:00,2612,2482,18561,17110,23924,21941,25388,24755,28808,29309,31414,32302,21867,24956,15582,19606,4536,7926,2081,1957,16508,15369,21870,20148,23656,23103,27164,27698,30121,30987,21252,24272,15201,19023,4380,7629,246702,230145,33102,31887,55146,52236,18092,46,59
2021-11-03T23:59:59+01:00,2576,2456,18411,16979,23753,21799,25274,24657,28725,29247,31366,32245,21846,24943,15576,19600,4536,7924,2053,1934,16433,15300,21813,20081,23616,23062,27119,27662,30095,30957,21234,24248,15190,19012,4378,7623,245570,229561,33075,31871,55146,52234,18085,46,59
2021-11-02T23:59:59+01:00,2548,2433,18275,16895,23601,21692,25179,24591,28648,29191,31317,32210,21837,24923,15569,19591,4535,7915,2038,1914,16375,15263,21775,20034,23578,23022,27091,27637,30072,30934,21226,24235,15182,19009,4377,7620,244624,229150,33069,31865,55146,52234,18074,46,59
2021-11-01T23:59:59+01:00,2527,2413,18188,16821,23512,21631,25116,24547,28598,29150,31289,32183,21824,24913,15566,19590,4535,7914,2024,1900,16338,15208,21738,19995,23551,22989,27061,27599,30054,30914,21218,24230,15181,18999,4377,7618,244001,228779,33064,31853,55146,52234,18069,46,59
2021-10-31T23:59:59+01:00,2527,2413,18188,16821,23511,21629,25115,24547,28598,29150,31289,32183,21824,24913,15566,19590,4535,7914,2023,1899,16338,15208,21738,19995,23551,22988,27061,27599,30054,30913,21218,24230,15181,18999,4377,7618,243997,228775,33064,31853,55146,52234,18069,46,59
2021-10-30T23:59:59+02:00,2527,2413,18188,16821,23510,21629,25115,24547,28598,29150,31289,32183,21824,24913,15566,19590,4535,7914,2023,1899,16338,15208,21738,19995,23551,22988,27061,27599,30054,30913,21218,24230,15181,18999,4377,7618,243996,228775,33064,31853,55146,52234,18069,46,59
2021-10-29T23:59:59+02:00,2514,2399,18121,16775,23432,21589,25038,24502,28532,29111,31263,32162,21820,24903,15559,19585,4534,7912,2018,1894,16323,15196,21723,19980,23541,22973,27050,27586,30046,30910,21216,24228,15181,18997,4377,7618,243483,228648,33018,31849,55146,52234,18067,46,59
2021-10-28T23:59:59+02:00,2489,2375,18037,16707,23347,21523,24987,24446,28491,29073,31228,32134,21814,24896,15555,19577,4534,7909,1987,1875,16263,15145,21686,19935,23509,22941,27022,27564,30023,30883,21206,24219,15177,18994,4377,7613,242892,228236,32988,31834,55146,52231,18059,46,59
2021-10-27T23:59:59+02:00,2455,2338,17918,16624,23192,21419,24877,24357,28394,29013,31180,32102,21805,24872,15548,19568,4534,7908,1961,1846,16192,15097,21637,19874,23475,22902,26987,27525,29995,30858,21195,24206,15170,18984,4376,7609,241922,227743,32948,31809,55146,52227,18051,46,59
2021-10-26T23:59:59+02:00,2430,2314,17860,16577,23146,21370,24830,24318,28347,28971,31153,32083,21803,24862,15545,19566,4534,7905,1943,1822,16152,15051,21605,19842,23443,22871,26976,27504,29982,30847,21187,24204,15168,18982,4376,7609,241446,227431,32947,31809,55146,52227,18038,46,59
2021-10-25T23:59:59+02:00,2429,2310,17859,16571,23144,21368,24828,24315,28345,28966,31152,32083,21803,24862,15545,19566,4534,7905,1943,1821,16152,15050,21605,19841,23441,22870,26976,27503,29981,30847,21187,24204,15168,18982,4376,7609,241422,227424,32943,31809,55146,52227,18037,46,59
2021-10-24T23:59:59+02:00,2420,2301,17842,16544,23127,21348,24802,24299,28336,28960,31145,32078,21801,24860,15543,19565,4534,7905,1933,1804,16131,15012,21582,19818,23427,22841,26965,27492,29971,30839,21184,24199,15166,18976,4376,7609,241263,227209,32929,31795,55146,52227,18035,46,59
2021-10-23T23:59:59+02:00,2420,2301,17841,16544,23126,21348,24802,24299,28335,28960,31145,32078,21801,24860,15543,19565,4534,7905,1933,1804,16131,15012,21581,19818,23427,22841,26965,27492,29971,30839,21184,24199,15166,18976,4376,7609,241260,227208,32929,31795,55146,52227,18035,46,59
2021-10-22T23:59:59+02:00,2399,2283,17776,16503,23075,21302,24752,24242,28303,28931,31111,32055,21794,24851,15538,19563,4533,7903,1926,1797,16112,15000,21570,19809,23411,22824,26957,27488,29962,30833,21182,24197,15166,18976,4376,7609,240787,227093,32920,31794,55146,52225,18024,46,59
2021-10-21T23:59:59+02:00,2384,2256,17733,16458,23018,21253,24714,24208,28257,28903,31093,32033,21787,24845,15535,19559,4532,7895,1881,1759,16049,14922,21525,19749,23374,22776,26918,27449,29948,30812,21175,24185,15157,18957,4374,7604,240377,226574,32894,31747,55146,52225,18009,46,59
2021-10-20T23:59:59+02:00,2353,2215,17652,16394,22925,21185,24637,24164,28217,28856,31058,32006,21775,24836,15531,19550,4530,7893,1826,1714,15962,14850,21477,19681,23313,22730,26873,27393,29920,30784,21154,24173,15150,18939,4368,7601,239722,225907,32874,31722,55146,52222,17998,46,59
2021-10-19T23:59:59+02:00,2332,2201,17617,16368,22904,21170,24623,24147,28204,28844,31050,31984,21768,24825,15529,19542,4529,7892,1796,1675,15903,14800,21435,19634,23292,22706,26853,27374,29900,30764,21142,24159,15145,18933,4368,7598,239479,225484,32874,31721,55145,52219,17994,46,59
2021-10-18T23:59:59+02:00,2319,2191,17596,16347,22889,21144,24604,24129,28192,28834,31037,31972,21762,24823,15527,19535,4527,7889,1772,1652,15861,14753,21416,19609,23269,22677,26832,27346,29880,30749,21136,24154,15141,18927,4367,7597,239268,225148,32874,31720,55145,52218,17993,46,59
2021-10-17T23:59:59+02:00,2310,2185,17570,16312,22860,21114,24585,24115,28172,28825,31026,31964,21754,24819,15526,19532,4527,7887,1754,1623,15818,14706,21383,19565,23248,22651,26813,27325,29866,30745,21130,24145,15141,18921,4364,7595,239046,224830,32868,31698,55144,52218,17988,46,59
2021-10-16T23:59:59+02:00,2310,2185,17569,16312,22860,21114,24585,24115,28172,28825,31026,31964,21754,24819,15526,19532,4527,7887,1754,1623,15818,14706,21383,19564,23248,22651,26813,27325,29866,30745,21130,24145,15141,18921,4364,7595,239045,224829,32868,31698,55144,52218,17988,46,59
2021-10-15T23:59:59+02:00,2300,2175,17544,16296,22841,21099,24559,24097,28156,28810,31020,31960,21748,24812,15526,19532,4527,7886,1746,1608,15805,14689,21371,19553,23239,22644,26810,27318,29861,30740,21127,24143,15140,18921,4364,7595,238866,224713,32855,31698,55144,52218,17986,46,59
2021-10-14T23:59:59+02:00,2290,2157,17499,16261,22805,21065,24535,24072,28137,28790,31009,31946,21742,24809,15523,19528,4526,7883,1725,1582,15742,14637,21342,19508,23204,22605,26792,27282,29839,30717,21116,24135,15135,18911,4362,7593,238562,224306,32854,31684,55144,52199,17979,46,59
2021-10-13T23:59:59+02:00,2260,2137,17410,16184,22742,21001,24489,24029,28099,28744,30980,31916,21727,24799,15517,19523,4525,7879,1687,1551,15640,14544,21289,19456,23160,22568,26750,27242,29810,30689,21108,24117,15133,18896,4362,7589,238031,223758,32830,31657,55144,52199,17918,46,59
2021-10-12T23:59:59+02:00,2250,2118,17367,16140,22719,20973,24462,24001,28083,28724,30967,31895,21723,24794,15513,19515,4524,7877,1663,1531,15588,14483,21270,19422,23134,22547,26725,27217,29786,30668,21100,24108,15131,18893,4360,7588,237718,223398,32829,31645,55143,52195,17917,46,59
2021-10-11T23:59:59+02:00,2239,2106,17338,16109,22704,20952,24447,23980,28064,28705,30952,31885,21717,24786,15511,19510,4521,7872,1645,1520,15545,14448,21232,19368,23111,22507,26699,27177,29757,30652,21089,24098,15125,18886,4356,7585,237475,222988,32829,31645,55143,52195,17913,46,59
2021-10-10T23:59:59+02:00,2235,2097,17321,16089,22686,20938,24441,23972,28055,28690,30947,31878,21710,24782,15511,19508,4521,7869,1629,1509,15488,14403,21168,19309,23072,22468,26654,27151,29735,30630,21079,24087,15119,18879,4356,7585,237335,222537,32825,31622,55143,52194,17909,46,59
2021-10-09T23:59:59+02:00,2233,2097,17321,16088,22684,20937,24441,23972,28055,28690,30947,31878,21710,24782,15511,19508,4521,7869,1628,1506,15487,14401,21168,19308,23072,22468,26654,27150,29735,30630,21079,24087,15119,18879,4356,7585,237329,222528,32825,31622,55143,52194,17909,46,59
2021-10-08T23:59:59+02:00,2228,2089,17310,16063,22662,20926,24423,23963,28040,28674,30932,31869,21708,24777,15511,19508,4521,7869,1621,1502,15480,14388,21155,19293,23061,22460,26644,27133,29730,30622,21077,24081,15117,18878,4356,7585,237192,222423,32815,31621,55142,52194,17886,46,59
2021-10-07T23:59:59+02:00,2204,2069,17256,16018,22636,20879,24398,23935,28008,28649,30911,31842,21703,24774,15509,19499,4520,7863,1586,1470,15410,14310,21095,19223,23018,22412,26614,27096,29702,30598,21066,24066,15112,18868,4352,7584,236810,221884,32805,31572,55139,52186,17881,46,59
2021-10-06T23:59:59+02:00,2180,2046,17196,15971,22589,20826,24372,23894,27976,28619,30895,31816,21691,24762,15502,19493,4519,7859,1549,1443,15351,14237,21045,19162,22980,22375,26583,27055,29678,30568,21055,24052,15101,18861,4350,7582,236389,221384,32786,31544,55139,52186,17854,46,59
2021-10-05T23:59:59+02:00,2160,2029,17150,15932,22540,20798,24337,23853,27954,28594,30882,31799,21686,24754,15502,19488,4518,7858,1537,1426,15322,14206,20989,19137,22950,22346,26555,27029,29653,30543,21047,24033,15098,18853,4347,7582,236120,221117,32786,31542,55139,52186,17749,46,59
2021-10-04T23:59:59+02:00,2133,1994,17096,15893,22488,20768,24313,23827,27938,28559,30862,31781,21682,24745,15500,19484,4517,7855,1531,1414,15284,14181,20963,19108,22936,22321,26537,27010,29641,30529,21040,24023,15094,18848,4347,7574,235776,220904,32786,31540,55139,52184,17694,46,59
2021-10-03T23:59:59+02:00,2128,1982,17066,15852,22458,20735,24275,23803,27924,28539,30845,31771,21679,24738,15499,19479,4517,7853,1511,1392,15252,14142,20938,19078,22910,22301,26522,26987,29627,30519,21030,24010,15092,18845,4347,7574,235561,220682,32780,31527,55135,52182,17627,46,59
2021-10-02T23:59:59+02:00,2128,1982,17066,15852,22458,20735,24274,23803,27924,28539,30845,31771,21679,24738,15499,19479,4517,7853,1511,1392,15252,14142,20938,19078,22910,22301,26522,26987,29627,30518,21030,24010,15092,18845,4347,7574,235560,220681,32780,31527,55135,52182,17627,46,59
2021-10-01T23:59:59+02:00,2123,1977,17053,15835,22455,20723,24260,23782,27919,28532,30841,31766,21676,24736,15499,19477,4516,7853,1509,1389,15248,14140,20935,19076,22908,22301,26520,26985,29627,30514,21029,24008,15092,18845,4347,7574,235444,220654,32779,31527,55135,52182,17625,46,59
2021-09-30T23:59:59+02:00,2102,1961,16996,15783,22411,20666,24219,23747,27888,28499,30818,31742,21664,24730,15494,19470,4514,7847,1472,1358,15179,14075,20896,19040,22874,22260,26497,26951,29608,30492,21025,23999,15089,18837,4343,7569,235054,220263,32765,31507,55135,52178,17557,46,59
2021-09-29T23:59:59+02:00,2034,1916,16903,15706,22340,20596,24162,23696,27825,28447,30780,31712,21648,24716,15487,19456,4511,7845,1450,1326,15109,14018,20853,18986,22838,22207,26459,26921,29573,30464,21016,23987,15078,18829,4342,7566,234412,219857,32748,31485,55134,52175,17446,46,59
2021-09-28T23:59:59+02:00,2017,1899,16821,15641,22268,20543,24097,23654,27787,28404,30763,31694,21638,24702,15482,19446,4511,7842,1436,1314,15043,13972,20794,18945,22793,22181,26428,26886,29552,30443,21003,23971,15072,18819,4340,7562,233979,219527,32747,31485,55134,52174,17309,46,59
2021-09-27T23:59:59+02:00,1954,1830,16754,15580,22232,20507,24072,23627,27758,28368,30743,31677,21631,24695,15480,19443,4510,7840,1425,1299,15014,13941,20772,18908,22778,22156,26409,26874,29534,30427,20999,23961,15068,18811,4339,7559,233481,219257,32746,31485,55134,52173,17300,46,59
2021-09-26T23:59:59+02:00,1933,1809,16683,15516,22179,20446,24033,23576,27729,28342,30728,31668,21621,24688,15479,19439,4509,7838,1409,1285,14943,13872,20719,18853,22728,22098,26367,26837,29515,30400,20992,23951,15060,18808,4339,7556,233109,218850,32729,31458,55133,52160,17205,46,59
2021-09-25T23:59:59+02:00,1933,1809,16681,15516,22177,20445,24030,23575,27729,28342,30728,31668,21621,24688,15479,19439,4509,7838,1409,1285,14942,13872,20717,18853,22727,22097,26366,26834,29515,30400,20991,23951,15060,18808,4339,7556,233103,218845,32729,31457,55133,52159,17202,46,59
2021-09-24T23:59:59+02:00,1932,1806,16655,15496,22133,20416,23997,23554,27709,28319,30710,31653,21619,24684,15477,19438,4509,7838,1402,1278,14915,13845,20667,18821,22687,22071,26338,26813,29493,30380,20986,23945,15058,18806,4338,7555,233037,218717,32729,31457,55133,52159,17006,46,59
2021-09-23T23:59:59+02:00,1902,1768,16579,15410,22073,20341,23948,23485,27664,28264,30684,31613,21607,24673,15469,19423,4506,7836,1375,1250,14836,13781,20604,18778,22657,22025,26303,26770,29467,30353,20982,23934,15052,18798,4338,7554,232478,218312,32690,31424,55133,52158,16904,46,59
2021-09-22T23:59:59+02:00,1868,1737,16476,15331,21981,20264,23871,23431,27596,28203,30642,31577,21591,24650,15467,19410,4504,7833,1320,1199,14710,13674,20514,18699,22592,21954,26241,26709,29418,30317,20961,23924,15046,18790,4335,7545,231863,217630,32669,31381,55133,52151,16727,46,59
2021-09-21T23:59:59+02:00,1838,1693,16396,15253,21922,20204,23819,23381,27553,28168,30602,31537,21580,24630,15464,19400,4498,7825,1311,1183,14654,13626,20454,18660,22549,21910,26206,26683,29393,30292,20948,23910,15039,18779,4332,7541,231382,217340,32669,31381,55132,52151,16539,46,59
2021-09-20T23:59:59+02:00,1811,1678,16322,15188,21864,20157,23771,23340,27516,28125,30568,31519,21571,24617,15459,19395,4497,7823,1299,1173,14597,13574,20408,18616,22512,21882,26159,26651,29367,30267,20940,23898,15037,18773,4329,7538,230972,217023,32667,31380,55132,52150,16408,46,59
2021-09-19T23:59:59+02:00,1784,1655,16259,15138,21815,20096,23736,23306,27485,28096,30547,31494,21562,24606,15456,19384,4497,7820,1291,1163,14540,13531,20363,18563,22460,21859,26134,26619,29350,30253,20933,23885,15033,18770,4328,7534,230605,216742,32645,31347,55132,52150,16311,46,59
2021-09-18T23:59:59+02:00,1784,1655,16257,15136,21813,20095,23733,23304,27485,28095,30547,31494,21562,24606,15456,19384,4497,7820,1291,1163,14539,13530,20362,18563,22459,21858,26134,26617,29350,30253,20933,23885,15033,18770,4328,7534,230597,216741,32645,31346,55132,52150,16306,46,59
2021-09-17T23:59:59+02:00,1778,1648,16234,15118,21791,20075,23713,23292,27471,28080,30538,31487,21558,24603,15453,19381,4496,7820,1283,1154,14518,13515,20352,18557,22449,21853,26127,26613,29340,30247,20930,23882,15032,18769,4328,7534,230425,216636,32644,31346,55132,52150,16292,46,59
2021-09-16T23:59:59+02:00,1739,1617,16133,15018,21710,19976,23643,23208,27405,28020,30499,31449,21545,24586,15448,19371,4491,7820,1250,1125,14432,13441,20307,18503,22414,21801,26096,26569,29319,30216,20919,23872,15025,18761,4325,7530,229617,216176,32622,31268,55132,52138,16264,46,59
2021-09-15T23:59:59+02:00,1708,1600,16064,14939,21654,19921,23599,23163,27373,27986,30475,31425,21532,24564,15436,19361,4490,7818,1221,1097,14354,13355,20239,18443,22375,21748,26056,26525,29288,30192,20906,23857,15013,18753,4324,7528,229086,215615,32603,31223,55132,52133,16244,46,59
2021-09-14T23:59:59+02:00,1694,1584,16030,14893,21607,19883,23569,23128,27341,27950,30450,31401,21516,24553,15433,19349,4487,7817,1203,1082,14316,13317,20214,18420,22353,21722,26036,26510,29276,30181,20895,23849,15010,18746,4323,7526,228677,215331,32599,31222,55132,52133,16234,46,59
2021-09-13T23:59:59+02:00,1673,1571,15988,14839,21580,19851,23538,23095,27324,27913,30436,31385,21515,24543,15428,19347,4486,7814,1197,1074,14288,13302,20187,18404,22333,21702,26021,26498,29267,30158,20886,23838,15009,18739,4321,7524,228329,215108,32596,31222,55132,52133,16226,46,59
2021-09-12T23:59:59+02:00,1663,1558,15964,14815,21564,19829,23521,23070,27309,27898,30425,31377,21508,24535,15428,19342,4486,7814,1183,1069,14255,13273,20162,18366,22312,21676,26008,26474,29256,30150,20879,23829,15004,18732,4319,7519,228135,214866,32577,31191,55132,52131,16219,46,59
2021-09-11T23:59:59+02:00,1662,1558,15952,14810,21556,19821,23520,23069,27307,27897,30422,31375,21507,24534,15428,19342,4486,7814,1183,1069,14250,13270,20160,18363,22310,21676,26008,26473,29256,30150,20878,23829,15004,18732,4319,7519,228098,214855,32577,31191,55129,52131,16213,46,59
2021-09-10T23:59:59+02:00,1662,1558,15929,14805,21543,19810,23502,23066,27289,27887,30409,31370,21506,24532,15424,19340,4486,7813,1181,1069,14227,13263,20145,18353,22296,21672,25993,26460,29238,30147,20877,23825,15001,18729,4318,7518,228067,214816,32577,31191,55129,52131,16115,46,59
2021-09-09T23:59:59+02:00,1617,1519,15849,14726,21483,19744,23448,23016,27229,27837,30381,31341,21497,24515,15410,19326,4484,7811,1153,1044,14145,13187,20075,18284,22228,21617,25943,26420,29203,30115,20861,23797,14984,18715,4316,7516,227538,214348,32546,31108,55128,52111,15978,46,58
2021-09-08T23:59:59+02:00,1579,1471,15722,14632,21413,19668,23395,22940,27178,27794,30341,31293,21480,24497,15401,19315,4483,7811,1136,1019,14056,13096,19992,18233,22163,21564,25896,26381,29167,30065,20842,23776,14980,18707,4315,7515,226992,213945,32475,31019,55128,52106,15775,46,58
2021-09-07T23:59:59+02:00,1566,1451,15670,14581,21358,19641,23359,22917,27151,27762,30324,31277,21469,24475,15395,19307,4481,7811,1119,1005,13986,13047,19928,18193,22119,21533,25860,26349,29137,30037,20831,23762,14976,18700,4314,7515,226751,213657,32468,30989,55128,52102,15605,46,58
2021-09-06T23:59:59+02:00,1553,1441,15619,14535,21335,19609,23336,22889,27125,27743,30308,31254,21458,24472,15391,19300,4481,7809,1107,996,13955,13008,19906,18168,22089,21511,25840,26330,29122,30022,20822,23754,14972,18696,4314,7512,226496,213449,32467,30989,55126,52102,15526,46,58
2021-09-05T23:59:59+02:00,1533,1425,15588,14509,21316,19586,23326,22863,27116,27730,30303,31246,21453,24466,15385,19298,4481,7805,1099,982,13917,12972,19875,18131,22064,21483,25822,26313,29109,30002,20818,23746,14969,18694,4314,7512,226283,213230,32454,30909,55125,52101,15524,46,58
2021-09-04T23:59:59+02:00,1533,1425,15579,14506,21302,19580,23319,22858,27110,27724,30297,31243,21452,24463,15385,19297,4481,7805,1099,982,13908,12969,19861,18123,22057,21478,25815,26307,29103,29998,20817,23743,14969,18693,4314,7512,226282,213229,32454,30906,55125,52101,15454,46,58
2021-09-03T23:59:59+02:00,1530,1422,15562,14492,21270,19555,23288,22838,27087,27711,30281,31228,21445,24455,15385,19291,4481,7804,1099,982,13891,12955,19835,18104,22033,21463,25799,26297,29087,29987,20811,23736,14969,18690,4314,7512,226208,213210,32453,30901,55125,52100,15295,46,58
2021-09-02T23:59:59+02:00,1514,1402,15491,14433,21224,19506,23253,22789,27047,27670,30244,31202,21432,24445,15379,19278,4479,7798,1074,960,13798,12890,19791,18043,21988,21419,25756,26252,29048,29960,20800,23725,14964,18678,4313,7511,225789,212753,32448,30896,55123,52081,15182,46,58
2021-09-01T23:59:59+02:00,1463,1345,15354,14279,21104,19409,23184,22733,26980,27599,30192,31151,21414,24420,15371,19264,4476,7793,1042,920,13652,12767,19662,17946,21904,21350,25698,26182,28998,29897,20775,23695,14952,18665,4309,7506,225015,212168,32424,30699,55122,52069,14926,46,58
2021-08-31T23:59:59+02:00,1439,1330,15292,14208,21040,19357,23139,22691,26929,27556,30158,31119,21401,24407,15365,19255,4476,7792,1028,907,13578,12699,19615,17904,21871,21314,25665,26159,28970,29871,20769,23685,14949,18657,4308,7505,224553,211820,32423,30699,55121,52064,14813,46,58
2021-08-30T23:59:59+02:00,1416,1311,15224,14162,20993,19301,23107,22652,26892,27523,30125,31089,21388,24398,15361,19246,4474,7785,1023,892,13521,12657,19570,17853,21838,21289,25635,26122,28936,29846,20758,23670,14939,18648,4307,7501,224188,211518,32423,30696,55121,52062,14671,46,58
2021-08-29T23:59:59+02:00,1400,1299,15181,14116,20954,19270,23083,22628,26874,27499,30107,31074,21384,24389,15361,19244,4474,7784,1012,884,13468,12611,19547,17831,21811,21269,25614,26102,28923,29829,20750,23662,14936,18644,4305,7500,223899,211248,32422,30696,55121,52061,14635,46,58
2021-08-28T23:59:59+02:00,1400,1299,15175,14113,20943,19263,23077,22624,26871,27490,30104,31073,21383,24389,15361,19244,4474,7784,1012,884,13461,12607,19536,17824,21805,21265,25611,26093,28920,29828,20749,23662,14936,18644,4305,7500,223899,211246,32422,30696,55121,52061,14581,46,58
2021-08-27T23:59:59+02:00,1391,1292,15144,14085,20916,19248,23044,22608,26845,27478,30088,31053,21377,24381,15357,19243,4471,7781,1006,879,13432,12575,19500,17807,21777,21243,25582,26079,28903,29810,20743,23653,14933,18643,4304,7500,223763,211102,32422,30694,55118,52060,14455,46,58
2021-08-26T23:59:59+02:00,1378,1275,15100,14040,20869,19209,23014,22571,26812,27440,30056,31016,21362,24365,15350,19235,4468,7773,994,868,13365,12514,19424,17750,21717,21183,25526,26031,28863,29774,20729,23632,14923,18630,4303,7496,223471,210811,32403,30570,55118,51986,14297,46,58
2021-08-25T23:59:59+02:00,1333,1230,14955,13916,20760,19114,22934,22479,26733,27356,29999,30960,21339,24339,15340,19225,4464,7767,966,838,13243,12428,19343,17673,21650,21112,25456,25977,28818,29730,20701,23611,14915,18616,4302,7493,222615,210235,32387,30523,55118,51977,14080,45,57
2021-08-24T23:59:59+02:00,1309,1206,14892,13865,20717,19062,22879,22432,26697,27320,29969,30928,21321,24324,15334,19215,4463,7766,941,817,13146,12365,19281,17592,21613,21061,25411,25934,28788,29692,20683,23591,14908,18604,4300,7488,222194,209746,32357,30466,55117,51962,13988,45,53
2021-08-23T23:59:59+02:00,1291,1187,14823,13827,20675,19033,22849,22406,26662,27300,29945,30901,21302,24310,15329,19202,4462,7765,915,792,13030,12286,19218,17531,21559,21012,25370,25879,28743,29650,20664,23574,14902,18592,4297,7488,221880,209223,32341,30376,55117,51962,13888,45,53
2021-08-22T23:59:59+02:00,1282,1179,14808,13807,20658,19013,22837,22385,26647,27285,29928,30897,21295,24306,15327,19194,4460,7764,892,775,12971,12215,19165,17497,21530,20976,25349,25853,28717,29629,20657,23561,14901,18588,4297,7488,221703,208896,32322,30266,55117,51959,13887,45,53
2021-08-21T23:59:59+02:00,1282,1179,14799,13797,20647,19005,22827,22379,26643,27280,29917,30891,21295,24304,15327,19194,4460,7764,892,775,12961,12205,19155,17489,21522,20970,25343,25848,28707,29623,20657,23559,14901,18588,4297,7488,221698,208892,32322,30266,55117,51959,13810,45,53
2021-08-20T23:59:59+02:00,1275,1174,14769,13763,20612,18975,22804,22356,26617,27257,29900,30875,21292,24295,15325,19188,4460,7764,891,774,12942,12191,19130,17469,21505,20949,25330,25831,28688,29604,20653,23553,14900,18585,4297,7488,221503,208788,32322,30264,55117,51959,13716,45,53
2021-08-19T23:59:59+02:00,1256,1159,14710,13714,20572,18945,22772,22321,26595,27228,29875,30851,21281,24287,15322,19183,4459,7761,862,761,12808,12073,19040,17392,21418,20891,25260,25765,28629,29555,20632,23540,14894,18576,4295,7485,221195,208152,32290,30128,55117,51897,13646,45,53
2021-08-18T23:59:59+02:00,1233,1140,14628,13625,20456,18884,22696,22259,26528,27171,29817,30793,21256,24266,15316,19171,4457,7758,834,740,12668,11955,18901,17309,21321,20801,25174,25682,28546,29486,20600,23495,14883,18561,4294,7480,220782,207543,32272,30005,55116,51888,13241,45,53
2021-08-17T23:59:59+02:00,1222,1127,14588,13586,20415,18838,22658,22224,26493,27144,29801,30773,21243,24251,15305,19162,4453,7757,813,716,12560,11871,18821,17248,21241,20739,25122,25629,28510,29445,20581,23480,14874,18548,4292,7478,220494,207010,32237,29876,55116,51880,13150,45,52
2021-08-16T23:59:59+02:00,1210,1116,14539,13537,20380,18809,22629,22191,26472,27116,29767,30742,21230,24240,15298,19150,4451,7755,785,702,12463,11771,18730,17175,21171,20654,25055,25570,28444,29381,20558,23458,14864,18530,4291,7475,220226,206384,32235,29751,55116,51879,13012,45,51
2021-08-15T23:59:59+02:00,1200,1103,14500,13511,20351,18780,22600,22172,26459,27100,29757,30728,21225,24228,15293,19148,4450,7753,761,686,12399,11702,18679,17145,21120,20615,25019,25526,28425,29359,20548,23444,14860,18524,4289,7473,220002,205933,32235,29750,55116,51878,12962,45,51
2021-08-14T23:59:59+02:00,1200,1102,14493,13505,20341,18774,22591,22165,26445,27093,29752,30720,21222,24226,15292,19147,4450,7753,761,686,12391,11695,18667,17137,21110,20607,25005,25519,28420,29350,20545,23443,14859,18523,4289,7473,220001,205930,32234,29745,55116,51877,12877,45,51
2021-08-13T23:59:59+02:00,1197,1099,14484,13496,20327,18764,22579,22160,26438,27083,29736,30712,21213,24221,15291,19147,4450,7753,758,685,12376,11684,18656,17128,21097,20598,24999,25503,28406,29346,20539,23436,14857,18523,4289,7472,219944,205865,32233,29745,55116,51877,12814,45,51
2021-08-12T23:59:59+02:00,1177,1077,14427,13440,20284,18724,22555,22125,26410,27053,29705,30691,21201,24202,15287,19140,4450,7748,731,659,12209,11540,18521,17018,21004,20515,24919,25418,28339,29290,20518,23404,14844,18511,4286,7466,219616,205073,32221,29559,55116,51808,12701,44,51
2021-08-11T23:59:59+02:00,1161,1055,14358,13377,20241,18670,22511,22086,26377,27028,29677,30651,21187,24185,15284,19129,4447,7744,707,637,12069,11401,18439,16927,20924,20442,24870,25346,28296,29226,20485,23376,14837,18500,4284,7461,219212,204170,32149,29554,55116,51803,12649,44,51
2021-08-10T23:59:59+02:00,1146,1037,14277,13301,20183,18622,22476,22042,26343,26998,29643,30620,21173,24174,15284,19121,4446,7742,688,615,11952,11281,18339,16855,20858,20376,24818,25288,28252,29172,20458,23347,14823,18482,4283,7455,218790,203417,32117,29532,55115,51778,12564,44,51
2021-08-09T23:59:59+02:00,1129,1018,14191,13239,20102,18566,22427,21994,26292,26954,29605,30587,21154,24157,15278,19112,4441,7740,643,574,11770,11119,18169,16758,20732,20294,24722,25192,28172,29097,20420,23306,14809,18470,4280,7446,218343,202425,32096,29425,55114,51684,12391,44,48
2021-08-08T23:59:59+02:00,1115,1011,14148,13200,20080,18530,22401,21975,26277,26934,29589,30573,21147,24151,15275,19108,4440,7739,617,556,11687,11032,18083,16674,20665,20236,24659,25145,28126,29053,20397,23283,14796,18459,4280,7442,218113,201770,32065,29347,55113,51666,12360,44,47
2021-08-07T23:59:59+02:00,1115,1011,14133,13194,20070,18525,22396,21970,26265,26920,29574,30561,21145,24147,15271,19103,4439,7739,617,555,11672,11026,18067,16669,20660,20230,24646,25130,28109,29041,20395,23279,14792,18454,4279,7442,218110,201754,32064,29346,55112,51666,12250,44,47
2021-08-06T23:59:59+02:00,1115,1011,14123,13182,20057,18506,22382,21955,26243,26911,29561,30550,21142,24143,15268,19101,4439,7738,617,555,11661,11011,18044,16646,20644,20213,24625,25121,28096,29029,20392,23275,14789,18452,4279,7442,218102,201723,32060,29345,55112,51665,12111,44,47
2021-08-05T23:59:59+02:00,1103,992,14052,13140,20006,18472,22339,21912,26207,26854,29533,30526,21128,24128,15261,19092,4437,7735,582,525,11488,10902,17931,16546,20535,20114,24518,25031,28027,28980,20366,23250,14778,18438,4276,7440,217786,200938,32016,29254,55109,51524,11964,44,47
2021-08-04T23:59:59+02:00,1087,975,13988,13072,19901,18387,22273,21853,26166,26811,29482,30478,21105,24110,15251,19079,4437,7732,544,491,11302,10728,17700,16404,20358,19987,24400,24907,27917,28883,20338,23217,14765,18426,4273,7438,217516,199891,31854,29193,55108,51280,11667,44,47
2021-08-03T23:59:59+02:00,1063,957,13916,13008,19861,18336,22237,21811,26128,26769,29447,30447,21086,24085,15240,19065,4434,7722,487,449,11116,10556,17522,16276,20215,19852,24250,24783,27797,28774,20292,23169,14747,18394,4271,7432,217136,198451,31826,29158,55107,51225,11501,44,47
2021-08-02T23:59:59+02:00,1039,937,13831,12940,19802,18278,22185,21770,26072,26707,29395,30397,21057,24054,15230,19045,4431,7721,461,419,10947,10387,17348,16151,20067,19739,24132,24668,27710,28671,20246,23116,14728,18375,4268,7423,216654,197258,31795,29109,55107,51149,11293,44,47
2021-08-01T23:59:59+02:00,1029,922,13770,12893,19767,18261,22164,21748,26047,26686,29376,30381,21048,24042,15226,19038,4431,7720,425,388,10802,10242,17189,16043,19916,19631,23988,24564,27601,28591,20232,23091,14719,18361,4268,7419,216417,196370,31746,29018,55107,50800,11236,44,46
2021-07-31T23:59:59+02:00,1029,922,13745,12884,19749,18253,22148,21736,26033,26674,29368,30370,21045,24037,15225,19037,4430,7720,424,388,10776,10229,17168,16029,19898,19617,23975,24551,27593,28580,20229,23086,14718,18360,4267,7419,216413,196347,31746,29018,55107,50800,11096,44,46
2021-07-30T23:59:59+02:00,1021,912,13684,12837,19703,18231,22117,21717,26003,26652,29341,30352,21038,24029,15219,19035,4428,7719,403,370,10689,10153,17103,15985,19839,19581,23908,24510,27545,28554,20214,23064,14709,18356,4264,7417,216232,195953,31742,29018,55107,50733,10914,44,46
2021-07-29T23:59:59+02:00,997,893,13577,12751,19639,18170,22044,21664,25952,26596,29288,30314,21021,24019,15212,19028,4428,7717,358,330,10421,9892,16800,15743,19544,19362,23604,24279,27293,28390,20159,23009,14697,18335,4264,7416,215787,194196,31669,28906,55107,50044,10704,44,46
2021-07-28T23:59:59+02:00,969,863,13447,12623,19515,18062,21958,21581,25872,26517,29211,30246,20998,23983,15199,19016,4426,7715,323,290,10132,9686,16540,15552,19284,19174,23376,24086,27138,28246,20111,22935,14678,18312,4261,7411,215136,192848,31633,28824,55103,49531,10286,44,46
2021-07-27T23:59:59+02:00,938,842,13328,12530,19450,18001,21891,21528,25806,26460,29171,30201,20983,23963,15194,18996,4425,7709,275,235,9876,9472,16286,15322,19055,18987,23182,23911,26974,28110,20069,22882,14656,18286,4255,7402,214542,191178,31578,28665,55102,49194,10152,43,46
2021-07-26T23:59:59+02:00,914,824,13223,12435,19397,17944,21818,21463,25755,26427,29117,30140,20953,23939,15176,18977,4425,7705,226,206,9642,9221,16045,15114,18807,18787,22952,23744,26824,27982,19998,22821,14627,18250,4251,7396,213932,189416,31508,28564,55100,48816,10051,42,46
2021-07-25T23:59:59+02:00,895,812,13148,12363,19317,17893,21760,21409,25713,26379,29081,30095,20936,23922,15169,18971,4422,7704,203,186,9456,9080,15846,14960,18603,18648,22784,23635,26676,27862,19948,22772,14610,18237,4248,7393,213626,188507,31444,28415,55100,48401,9778,42,46
2021-07-24T23:59:59+02:00,895,812,13138,12353,19306,17886,21749,21405,25699,26372,29076,30089,20932,23921,15168,18970,4422,7704,203,186,9446,9064,15835,14952,18589,18643,22769,23625,26670,27854,19945,22769,14609,18236,4248,7393,213623,188487,31442,28411,55100,48401,9691,42,46
2021-07-23T23:59:59+02:00,887,810,13072,12315,19229,17852,21709,21372,25664,26334,29042,30053,20917,23904,15160,18966,4420,7701,203,185,9393,9035,15751,14909,18534,18602,22719,23585,26626,27815,19928,22752,14602,18230,4246,7390,213494,188323,31441,28405,55100,48400,9331,42,46
2021-07-22T23:59:59+02:00,875,796,12976,12233,19173,17782,21663,21342,25615,26286,29018,30030,20904,23886,15158,18960,4417,7699,149,142,9076,8758,15354,14660,18168,18345,22388,23338,26420,27680,19871,22695,14589,18208,4243,7385,213026,186492,31355,28151,55096,47485,9295,42,46
2021-07-21T23:59:59+02:00,853,768,12776,12065,19026,17657,21530,21243,25509,26182,28942,29958,20862,23851,15141,18936,4413,7694,126,122,8699,8442,14921,14334,17788,18071,22031,23003,26145,27470,19778,22607,14563,18169,4240,7376,212397,184587,31246,27798,55093,46825,8629,42,46
2021-07-20T23:59:59+02:00,823,743,12627,11929,18918,17570,21461,21165,25448,26117,28902,29907,20837,23818,15133,18920,4410,7691,96,95,8368,8136,14457,13999,17405,17795,21726,22773,25898,27283,19697,22498,14534,18134,4238,7370,211711,182430,31136,27635,55090,45951,8441,42,45
2021-07-19T23:59:59+02:00,794,716,12507,11812,18831,17500,21400,21106,25394,26063,28852,29870,20811,23788,15123,18906,4406,7685,75,64,8045,7882,14092,13746,17057,17547,21398,22567,25670,27141,19627,22422,14512,18112,4232,7364,210997,180386,31033,27477,55090,45240,8405,40,45
2021-07-18T23:59:59+02:00,776,698,12391,11703,18733,17422,21331,21053,25337,26009,28815,29816,20788,23767,15111,18895,4404,7683,62,53,7874,7731,13938,13622,16904,17423,21233,22454,25540,27059,19587,22382,14498,18096,4232,7361,210407,179450,30886,27370,55090,44873,8311,39,45
2021-07-17T23:59:59+02:00,776,698,12388,11703,18732,17419,21330,21053,25337,26009,28815,29816,20788,23767,15111,18895,4404,7683,62,53,7867,7730,13934,13617,16902,17422,21232,22453,25539,27057,19584,22381,14498,18096,4232,7361,210402,179428,30886,27369,55090,44870,8308,39,45
2021-07-16T23:59:59+02:00,769,693,12315,11649,18690,17388,21295,21026,25304,25986,28790,29797,20786,23764,15111,18893,4404,7683,58,50,7711,7629,13775,13547,16758,17363,21092,22394,25433,27009,19565,22359,14497,18090,4232,7358,210193,178971,30886,27295,55090,44473,8136,39,45
2021-07-15T23:59:59+02:00,754,673,12243,11577,18628,17329,21239,20978,25255,25945,28762,29769,20771,23747,15106,18884,4403,7680,56,47,7369,7310,13166,13137,16085,16937,20456,22022,24975,26696,19419,22218,14455,18044,4229,7351,209712,176732,30800,26388,55083,42697,8110,39,45
2021-07-14T23:59:59+02:00,725,653,12035,11438,18457,17220,21120,20882,25150,25843,28674,29669,20737,23713,15087,18868,4400,7677,48,36,6952,6952,12503,12684,15395,16448,19823,21564,24509,26353,19201,21993,14423,17996,4221,7340,208897,173902,30639,26049,55080,40751,7694,39,45
2021-07-13T23:59:59+02:00,681,618,11898,11304,18334,17135,21007,20786,25054,25750,28604,29603,20708,23674,15067,18858,4398,7667,38,25,6493,6527,11870,12185,14698,15945,19220,21152,24071,26030,19019,21776,14379,17935,4217,7331,207875,170244,30502,25876,55069,39087,7662,39,42
2021-07-12T23:59:59+02:00,646,587,11772,11167,18218,17046,20913,20678,24954,25651,28523,29536,20682,23640,15059,18846,4393,7660,33,19,6078,6115,11261,11650,14074,15409,18664,20657,23652,25669,18822,21586,14314,17877,4208,7327,206855,166557,30374,25052,55066,38126,7638,39,42
2021-07-11T23:59:59+02:00,610,560,11657,11076,18156,16982,20856,20622,24899,25603,28465,29487,20663,23619,15050,18837,4393,7659,30,18,5888,5947,11004,11444,13842,15209,18418,20468,23444,25482,18748,21503,14287,17851,4207,7321,206215,165163,30256,24582,55064,37701,7623,37,42
2021-07-10T23:59:59+02:00,609,559,11649,11075,18152,16981,20852,20620,24896,25602,28464,29487,20663,23619,15049,18835,4393,7659,30,18,5881,5946,10999,11438,13832,15205,18418,20466,23442,25480,18746,21502,14286,17851,4207,7321,206195,165134,30252,24581,55064,37694,7617,37,42
2021-07-09T23:59:59+02:00,581,536,11539,10948,18077,16898,20782,20558,24821,25526,28414,29441,20640,23599,15046,18825,4393,7658,30,17,5846,5912,10969,11405,13782,15183,18387,20434,23423,25457,18741,21492,14284,17848,4207,7320,205323,164901,30251,24531,55064,37656,7608,37,41
2021-07-08T23:59:59+02:00,546,508,11374,10812,17950,16792,20648,20457,24712,25398,28296,29362,20596,23551,15030,18796,4390,7650,27,14,5500,5655,10454,11007,13162,14732,17722,19874,22815,24988,18422,21094,14187,17765,4202,7310,204548,162582,30223,23723,55036,35559,7025,37,41
2021-07-07T23:59:59+02:00,486,456,11205,10664,17865,16706,20576,20389,24639,25320,28235,29299,20567,23515,15025,18784,4388,7642,22,14,5194,5363,9929,10558,12582,14249,17038,19353,22249,24486,18107,20729,14085,17668,4195,7287,203534,160116,30198,22260,55018,33715,6976,36,41
2021-07-06T23:59:59+02:00,445,422,11079,10512,17750,16611,20482,20286,24561,25227,28144,29220,20541,23475,15016,18767,4386,7639,15,8,4796,4932,9326,10037,11873,13644,16328,18738,21734,23992,17788,20423,13984,17551,4186,7277,202389,155919,30192,21311,55009,32423,6938,36,41
2021-07-05T23:59:59+02:00,423,395,10993,10423,17660,16540,20404,20214,24501,25175,28103,29183,20517,23453,15004,18759,4385,7636,12,7,4512,4613,8832,9588,11314,13089,15619,18093,21110,23384,17394,20025,13849,17393,4178,7269,201646,152025,30189,20630,55000,30687,6898,36,41
2021-07-04T23:59:59+02:00,410,389,10921,10368,17594,16485,20355,20165,24470,25140,28087,29165,20508,23442,14999,18756,4384,7635,12,7,4365,4523,8701,9421,11123,12915,15374,17881,20843,23111,17121,19734,13788,17300,4174,7265,201171,150703,30183,20322,54999,29707,6885,36,41
2021-07-03T23:59:59+02:00,408,388,10913,10356,17582,16479,20353,20162,24469,25139,28084,29164,20508,23441,14999,18756,4384,7635,12,7,4360,4514,8694,9417,11120,12915,15368,17881,20839,23107,17121,19728,13788,17300,4174,7265,201141,150686,30181,20322,54999,29697,6864,36,41
2021-07-02T23:59:59+02:00,365,325,10769,10246,17466,16380,20248,20086,24395,25075,28021,29105,20482,23415,14993,18742,4384,7632,12,7,4274,4435,8532,9280,10982,12803,15246,17773,20727,23002,17079,19697,13781,17285,4174,7262,200260,149696,30181,20321,54999,29639,6654,36,41
2021-07-01T23:59:59+02:00,318,282,10636,10111,17342,16286,20124,19996,24311,25000,27957,29053,20462,23391,14977,18727,4381,7628,12,5,4068,4236,8226,8946,10611,12391,14676,17272,20215,22462,16790,19396,13575,17070,4164,7240,199186,146621,30124,19638,54993,28411,6644,36,41
2021-06-30T23:59:59+02:00,235,221,10383,9871,17167,16137,19990,19865,24195,24876,27878,28964,20440,23359,14958,18709,4380,7627,12,4,3873,4043,7922,8610,10204,11927,14184,16717,19637,21828,16468,19051,13302,16792,4151,7213,197538,142941,30069,19386,54985,26942,6628,36,41
2021-06-29T23:59:59+02:00,191,184,10235,9696,17031,16042,19886,19773,24126,24800,27820,28897,20413,23332,14944,18689,4380,7623,11,4,3671,3785,7525,8161,9728,11391,13528,16045,19020,21126,16149,18723,13052,16502,4144,7199,196388,138663,30064,19087,54981,25378,6595,35,41
2021-06-28T23:59:59+02:00,142,132,10041,9511,16907,15936,19782,19670,24031,24704,27752,28835,20383,23302,14930,18670,4378,7621,10,3,3470,3530,7124,7720,9289,10899,12976,15508,18521,20606,15897,18457,12933,16369,4138,7188,195203,134819,29950,18666,54978,24550,6562,35,41
2021-06-27T23:59:59+02:00,124,115,9901,9400,16850,15875,19721,19620,23972,24654,27725,28810,20371,23286,14927,18666,4377,7618,10,3,3380,3466,6946,7522,9097,10698,12745,15268,18259,20345,15774,18351,12868,16282,4138,7184,194569,133619,29892,18319,54974,23814,6543,35,41
2021-06-26T23:59:59+02:00,124,115,9900,9394,16848,15871,19718,19619,23970,24653,27725,28809,20371,23286,14927,18666,4377,7618,10,3,3378,3465,6943,7520,9094,10696,12742,15265,18257,20343,15771,18350,12868,16279,4138,7184,194551,133597,29891,18319,54974,23808,6541,35,41
2021-06-25T23:59:59+02:00,120,112,9853,9354,16806,15835,19684,19586,23934,24625,27700,28790,20365,23279,14925,18663,4377,7618,10,3,3357,3418,6869,7409,8995,10538,12627,15068,18108,20134,15746,18320,12860,16276,4137,7183,194225,133407,29855,17963,54973,23108,6539,35,41
2021-06-24T23:59:59+02:00,110,101,9725,9230,16622,15709,19550,19461,23812,24536,27641,28729,20351,23263,14918,18654,4376,7616,9,3,3232,3274,6649,7078,8682,10085,12092,14442,17554,19421,15522,18088,12712,16145,4134,7171,193383,130996,29514,17104,54972,21651,6501,35,41
2021-06-23T23:59:59+02:00,104,96,9596,9089,16480,15581,19431,19359,23715,24430,27574,28682,20336,23241,14914,18649,4373,7615,9,3,3028,3037,6291,6596,8178,9513,11389,13617,16789,18436,15225,17745,12561,16003,4124,7146,192456,126431,29350,16126,54961,20630,6463,35,40
2021-06-22T23:59:59+02:00,73,70,9307,8787,16247,15382,19246,19208,23568,24305,27503,28596,20311,23215,14906,18630,4369,7609,9,3,2794,2753,5808,6049,7554,8751,10473,12572,15766,17231,14928,17386,12454,15879,4111,7123,190765,119989,29146,15634,54957,19555,6430,34,36
2021-06-21T23:59:59+02:00,68,62,9180,8632,16072,15229,19056,19055,23436,24182,27442,28518,20287,23186,14901,18620,4369,7605,9,3,2647,2562,5426,5588,7091,8165,9741,11696,15036,16298,14650,17072,12345,15758,4106,7106,189561,115289,28925,15076,54954,18473,6426,34,35
2021-06-20T23:59:59+02:00,65,60,9043,8505,15934,15109,18944,18968,23362,24111,27402,28467,20275,23163,14890,18613,4366,7604,9,3,2586,2494,5256,5406,6876,7899,9433,11357,14669,15893,14513,16936,12305,15721,4101,7100,188663,113574,28810,14840,54953,17687,6421,34,35
2021-06-19T23:59:59+02:00,65,60,9042,8498,15930,15100,18941,18968,23360,24110,27402,28466,20275,23163,14890,18613,4366,7604,9,3,2583,2493,5255,5400,6874,7897,9432,11356,14667,15889,14511,16936,12305,15721,4101,7100,188639,113554,28807,14836,54952,17686,6421,34,35
2021-06-18T23:59:59+02:00,65,56,9010,8486,15917,15090,18925,18960,23353,24101,27396,28461,20275,23160,14889,18613,4366,7604,9,3,2555,2460,5199,5342,6795,7796,9334,11198,14496,15661,14432,16835,12294,15699,4099,7097,188515,112768,28806,14835,54951,17245,6421,34,35
2021-06-17T23:59:59+02:00,58,53,8829,8323,15686,14922,18725,18803,23196,23969,27261,28367,20251,23139,14882,18601,4364,7601,9,3,2415,2310,4874,5041,6405,7391,8789,10594,13666,14786,14194,16540,12221,15576,4095,7086,187176,109881,28801,13883,54944,16121,6075,34,35
2021-06-16T23:59:59+02:00,50,51,8603,8111,15454,14692,18514,18604,23004,23800,27155,28257,20222,23096,14868,18581,4360,7595,9,3,2302,2203,4633,4836,6049,7050,8257,10106,12948,13941,13843,16158,12136,15487,4090,7074,185394,106419,28698,13081,54941,15640,5950,34,35
2021-06-15T23:59:59+02:00,41,38,8260,7776,15077,14333,18193,18315,22754,23588,26995,28125,20192,23062,14855,18566,4358,7584,9,3,2122,2032,4282,4485,5543,6484,7376,9215,11753,12658,13301,15539,12015,15324,4075,7051,182800,100167,28660,12415,54939,14971,5679,34,35
2021-06-14T23:59:59+02:00,35,33,8079,7610,14817,14098,17989,18141,22602,23466,26882,28043,20169,23029,14841,18558,4354,7576,7,3,2009,1908,4025,4234,5155,6013,6717,8492,10826,11600,12983,15189,11944,15227,4065,7032,181212,95315,28634,12053,54936,14520,5506,34,35
2021-06-13T23:59:59+02:00,35,33,8005,7555,14733,14008,17873,18029,22519,23388,26853,28013,20156,23018,14837,18552,4354,7576,5,3,1967,1882,3943,4137,5036,5873,6483,8253,10531,11267,12826,15011,11886,15170,4064,7031,180454,93936,28623,11762,54931,14140,5495,34,35
2021-06-12T23:59:59+02:00,35,33,8004,7553,14733,14005,17873,18029,22517,23387,26852,28010,20155,23017,14837,18552,4354,7576,5,3,1966,1880,3941,4137,5034,5872,6480,8248,10527,11261,12823,15010,11886,15168,4064,7031,180440,93912,28623,11762,54930,14132,5495,34,35
2021-06-11T23:59:59+02:00,35,32,7938,7512,14643,13958,17796,17978,22448,23351,26808,27987,20153,23013,14837,18551,4354,7576,5,3,1948,1866,3906,4079,4990,5805,6419,8165,10427,11155,12783,14974,11875,15162,4064,7031,180100,93693,28545,11754,54929,13813,5362,34,35
2021-06-10T23:59:59+02:00,30,25,7598,7216,14249,13593,17364,17601,22118,23070,26612,27806,20109,22968,14824,18533,4351,7564,3,3,1848,1785,3691,3913,4714,5530,6093,7796,9809,10545,12262,14313,11805,15054,4057,7024,177502,90526,28047,11374,54918,13183,5130,34,32
2021-06-09T23:59:59+02:00,29,22,7233,6867,13787,13162,16846,17136,21728,22700,26395,27592,20035,22898,14806,18498,4348,7556,3,3,1686,1671,3495,3733,4459,5262,5703,7386,9033,9828,11595,13476,11683,14912,4047,7012,174264,86266,27501,10741,54906,13015,4933,34,32
2021-06-08T23:59:59+02:00,24,18,6857,6466,13274,12674,16378,16665,21368,22359,26178,27390,19978,22818,14775,18463,4346,7549,3,3,1595,1597,3277,3501,4136,4909,5192,6897,8149,8906,10709,12397,11539,14753,4043,6996,170853,80603,27006,10443,54897,12735,4790,34,31
2021-06-07T23:59:59+02:00,21,15,6583,6184,12831,12299,15979,16265,21043,22062,26015,27232,19941,22764,14754,18443,4339,7543,3,3,1535,1526,3082,3329,3863,4681,4787,6517,7435,8152,9794,11247,11427,14605,4032,6978,168292,75852,26578,10069,54876,12511,4534,33,30
2021-06-06T23:59:59+02:00,21,15,6442,6052,12688,12144,15816,16109,20877,21899,25928,27145,19921,22727,14743,18433,4338,7539,3,3,1520,1503,3007,3287,3769,4616,4680,6436,7293,8019,9535,10978,11381,14555,4029,6973,167065,75161,26471,9645,54855,12338,4413,33,30
2021-06-05T23:59:59+02:00,21,15,6432,6047,12674,12129,15806,16100,20874,21894,25928,27142,19921,22727,14743,18433,4338,7539,3,3,1518,1500,3004,3285,3768,4615,4677,6436,7288,8013,9527,10973,11381,14555,4029,6973,167005,75129,26458,9643,54855,12334,4412,33,30
2021-06-04T23:59:59+02:00,21,15,6397,6007,12613,12079,15746,16049,20846,21862,25907,27125,19917,22721,14740,18433,4338,7539,3,3,1515,1494,2991,3273,3749,4599,4667,6420,7249,7969,9495,10903,11343,14514,4028,6972,166899,74846,26199,9629,54830,12288,4394,33,30
2021-06-03T23:59:59+02:00,21,14,6164,5783,12314,11829,15423,15738,20513,21523,25650,26913,19870,22646,14720,18412,4337,7535,2,3,1473,1451,2916,3206,3651,4519,4554,6319,7050,7783,9114,10451,11292,14440,4028,6967,164416,73534,25952,9330,54827,12148,4177,33,30
2021-06-02T23:59:59+02:00,21,14,6097,5723,12241,11766,15350,15669,20441,21461,25633,26889,19866,22643,14717,18409,4336,7534,2,3,1460,1440,2896,3189,3634,4504,4518,6301,7015,7744,9033,10340,11283,14415,4027,6966,164057,73162,25771,9321,54826,12137,4123,33,27
2021-06-01T23:59:59+02:00,17,14,5643,5230,11506,11067,14526,14935,19723,20795,25221,26506,19776,22554,14683,18362,4328,7526,2,3,1348,1331,2598,2917,3255,4171,4028,5842,6183,6938,7841,8711,11036,14068,4013,6949,159022,67737,25117,8411,54798,11620,3442,33,24
2021-05-31T23:59:59+02:00,15,14,5394,4931,11065,10642,13998,14442,19244,20295,24914,26168,19684,22468,14645,18316,4319,7510,2,3,1288,1276,2444,2784,3052,4000,3742,5547,5623,6403,6822,7424,10791,13749,4004,6915,155556,63687,24428,7490,54790,11411,3257,33,24
2021-05-30T23:59:59+02:00,15,14,5316,4856,10877,10518,13831,14264,18894,19971,24671,25920,19652,22437,14637,18296,4318,7508,2,3,1269,1262,2415,2749,3003,3954,3674,5491,5517,6312,6646,7192,10753,13674,4001,6905,154055,62937,23923,7427,54762,11212,3222,33,24
2021-05-29T23:59:59+02:00,15,14,5313,4856,10877,10514,13826,14261,18894,19970,24670,25917,19652,22437,14637,18296,4318,7508,2,3,1268,1258,2413,2746,2999,3951,3674,5489,5515,6310,6641,7189,10753,13674,4001,6905,154036,62925,23923,7423,54761,11198,3222,33,23
2021-05-28T23:59:59+02:00,15,14,5297,4842,10856,10477,13799,14240,18877,19952,24661,25907,19650,22434,14635,18293,4318,7507,2,3,1262,1257,2412,2739,2996,3949,3667,5483,5500,6294,6624,7172,10744,13652,4000,6901,153844,62819,23921,7423,54757,11174,3219,33,22
2021-05-27T23:59:59+02:00,12,13,5004,4562,10328,10021,13212,13711,18187,19338,24080,25370,19550,22319,14602,18247,4307,7495,2,3,1099,1117,2126,2544,2694,3660,3370,5126,5171,6013,6323,6755,10516,13368,3995,6885,150575,60961,22934,7386,54649,10231,2167,33,22
2021-05-26T23:59:59+02:00,12,13,4741,4309,9895,9642,12695,13191,17573,18729,23446,24694,19426,22169,14555,18192,4301,7478,2,3,1020,1035,1965,2392,2494,3461,3107,4882,4783,5661,5763,6105,10141,12830,3979,6849,146483,57803,22177,7348,54527,9458,1841,33,22
2021-05-25T23:59:59+02:00,12,12,4527,4082,9483,9170,12238,12683,17036,18151,22926,24055,19294,21997,14523,18113,4292,7464,2,3,972,990,1902,2302,2384,3324,2934,4677,4437,5283,5176,5372,9687,12229,3963,6824,142449,54237,21343,7333,54396,9033,1837,33,21
2021-05-24T23:59:59+02:00,12,12,4415,3925,9271,8966,12033,12423,16734,17832,22596,23651,19218,21918,14508,18093,4290,7463,2,3,955,941,1841,2258,2309,3263,2847,4595,4314,5165,5029,5211,9597,12101,3960,6816,140941,53520,20384,7278,54220,8606,1782,33,21
2021-05-23T23:59:59+02:00,12,12,4403,3925,9265,8963,12020,12413,16723,17825,22580,23630,19213,21913,14507,18091,4290,7463,2,3,953,936,1839,2253,2304,3261,2840,4590,4306,5148,5022,5197,9588,12088,3959,6815,140834,53438,20381,7265,54219,8600,1781,33,20
2021-05-22T23:59:59+02:00,12,12,4399,3922,9261,8960,12012,12407,16718,17821,22577,23628,19213,21913,14507,18091,4290,7463,2,3,953,936,1838,2250,2300,3261,2839,4590,4306,5146,5020,5196,9587,12088,3959,6815,140804,53431,20381,7264,54207,8593,1781,33,20
2021-05-21T23:59:59+02:00,12,12,4367,3886,9190,8884,11938,12320,16628,17746,22512,23560,19194,21894,14503,18084,4290,7461,2,3,907,927,1806,2240,2266,3251,2807,4565,4257,5117,4996,5172,9574,12081,3958,6814,140146,53357,20381,7264,54188,8369,1733,33,20
2021-05-20T23:59:59+02:00,9,11,4113,3707,8738,8524,11457,11904,15959,17242,21929,22980,19009,21725,14471,18045,4285,7450,2,3,761,864,1547,2079,2024,3092,2564,4343,4007,4884,4839,5009,9458,11935,3950,6790,136749,52626,20003,7165,53768,7335,1006,32,19
2021-05-19T23:59:59+02:00,9,11,3871,3468,8239,8058,10880,11358,15286,16533,21251,22255,18809,21494,14430,17995,4279,7432,2,3,714,817,1486,1996,1947,2989,2497,4215,3862,4723,4662,4796,9255,11705,3930,6761,131352,51537,19820,7032,53470,6787,985,31,19
2021-05-18T23:59:59+02:00,8,10,3582,3205,7696,7523,10152,10663,14327,15591,20308,21198,18548,21209,14374,17935,4273,7410,2,3,660,769,1432,1910,1871,2878,2366,4073,3684,4520,4391,4504,9052,11454,3917,6734,124316,50302,19721,6831,53032,6158,912,31,17
2021-05-17T23:59:59+02:00,8,10,3393,2997,7237,7058,9646,10121,13596,14804,19623,20396,18362,20945,14325,17869,4262,7395,2,3,604,713,1351,1847,1796,2797,2252,3997,3547,4406,4144,4273,8908,11240,3904,6705,119076,49493,19480,6617,52564,5466,896,31,17
2021-05-16T23:59:59+02:00,8,9,3265,2923,7034,6884,9443,9906,13342,14569,19394,20165,18285,20865,14311,17849,4261,7389,2,3,591,668,1311,1798,1752,2735,2214,3904,3482,4322,4053,4171,8887,11211,3902,6703,117455,49342,19241,6449,52283,5009,892,31,17
2021-05-15T23:59:59+02:00,8,9,3264,2919,7027,6874,9441,9900,13338,14567,19391,20155,18283,20864,14311,17849,4261,7389,2,3,591,668,1308,1796,1748,2734,2211,3904,3481,4322,4051,4169,8887,11211,3902,6702,117409,49332,19240,6448,52280,5003,890,31,17
2021-05-14T23:59:59+02:00,8,9,3223,2874,6908,6732,9309,9761,13185,14383,19219,20018,18258,20838,14310,17841,4260,7386,2,3,571,655,1286,1772,1718,2712,2177,3877,3435,4285,3999,4110,8879,11204,3902,6701,116990,49287,18490,6292,52194,4875,817,31,17
2021-05-13T23:59:59+02:00,8,9,3106,2716,6582,6408,8871,9363,12635,13901,18617,19421,18129,20694,14277,17804,4255,7384,1,2,538,631,1235,1715,1662,2639,2090,3772,3284,4165,3895,3973,8856,11184,3899,6697,114101,49188,17793,5901,51588,4466,668,30,15
2021-05-12T23:59:59+02:00,8,9,3079,2685,6547,6370,8822,9309,12494,13788,18433,19217,18096,20660,14269,17794,4255,7384,1,2,537,629,1233,1710,1656,2635,2080,3766,3270,4157,3882,3959,8848,11177,3899,6696,113387,49159,17567,5871,51570,4427,665,30,15
2021-05-11T23:59:59+02:00,6,9,2693,2428,5751,5876,7848,8496,11099,12620,16866,17740,17592,20096,14185,17689,4237,7361,0,2,499,570,1104,1603,1490,2479,1894,3587,3049,3894,3773,3845,8779,11084,3894,6691,105980,48916,16944,5673,49499,3493,140,29,15
2021-05-10T23:59:59+02:00,6,7,2508,2262,5275,5496,7155,7870,10068,11705,15566,16367,17212,19644,14122,17575,4229,7337,0,2,475,545,1060,1564,1446,2425,1832,3485,2930,3763,3690,3772,8740,11036,3890,6687,100164,48796,16034,5442,48042,2954,135,29,15
2021-05-09T23:59:59+02:00,6,7,2427,2230,5138,5412,6969,7751,9657,11363,15018,15837,17094,19504,14102,17546,4226,7332,0,2,460,527,1025,1505,1375,2341,1773,3363,2818,3609,3604,3679,8717,11003,3887,6684,98582,48707,15444,5171,47432,2347,132,29,15
2021-05-08T23:59:59+02:00,6,7,2423,2228,5136,5412,6967,7748,9652,11359,15016,15836,17094,19504,14101,17546,4226,7332,0,2,459,526,1024,1504,1375,2340,1773,3363,2817,3608,3602,3679,8716,11003,3887,6684,98561,48700,15441,5171,47430,2344,132,29,15
2021-05-07T23:59:59+02:00,6,7,2253,2165,4865,5317,6603,7595,9202,11146,14573,15515,16917,19302,14089,17517,4226,7330,0,2,449,524,1013,1491,1360,2326,1738,3353,2768,3574,3556,3639,8636,10922,3887,6681,97853,48676,14922,4820,45696,2280,128,29,15
2021-05-06T23:59:59+02:00,6,7,2021,2032,4318,4973,5943,7220,8430,10585,13600,14695,16519,18852,14040,17423,4214,7317,0,2,419,476,972,1391,1273,2162,1630,3129,2545,3292,3378,3439,8457,10729,3878,6667,95264,48234,13687,4212,43157,1319,59,28,15
2021-05-05T23:59:59+02:00,6,7,1898,1923,4037,4749,5513,6849,7737,9992,12481,13638,15841,18016,13936,17321,4205,7293,0,2,411,462,958,1363,1245,2120,1595,3053,2484,3208,3327,3399,8378,10630,3872,6657,90854,48099,12367,4062,42151,945,43,27,15
2021-05-04T23:59:59+02:00,6,7,1813,1838,3772,4513,5103,6493,7070,9415,11263,12393,14923,16888,13827,17184,4201,7279,0,2,406,452,940,1342,1226,2077,1576,3014,2440,3152,3280,3350,8290,10518,3866,6643,85041,47954,11730,3863,41163,713,29,25,15
2021-05-03T23:59:59+02:00,5,7,1763,1784,3620,4388,4871,6281,6686,9083,10534,11657,14196,15907,13739,17068,4192,7262,0,2,400,442,934,1326,1211,2044,1555,2971,2407,3106,3227,3310,8175,10416,3861,6637,80609,47822,11525,3642,40861,523,23,25,14
2021-05-02T23:59:59+02:00,5,7,1753,1766,3545,4361,4786,6228,6614,9022,10414,11542,14009,15713,13707,17041,4191,7257,0,2,398,432,927,1311,1207,2027,1551,2957,2391,3089,3209,3291,8137,10384,3860,6633,80044,47794,11248,3542,40626,438,18,25,14
2021-05-01T23:59:59+02:00,5,7,1750,1766,3543,4360,4785,6226,6611,9020,10409,11538,14006,15713,13706,17040,4191,7254,0,2,397,432,927,1311,1206,2026,1551,2956,2391,3089,3209,3291,8137,10384,3860,6632,80015,47790,11248,3542,40625,438,17,25,14
2021-04-30T23:59:59+02:00,5,7,1747,1758,3537,4351,4778,6214,6590,9005,10370,11499,13955,15639,13680,17009,4190,7253,0,2,397,429,925,1309,1206,2026,1551,2956,2387,3087,3209,3289,8136,10382,3860,6632,79685,47780,11247,3541,40615,432,16,24,14
2021-04-29T23:59:59+02:00,5,7,1627,1717,3297,4236,4503,6059,6271,8754,9953,11105,13372,14934,13576,16852,4184,7245,0,2,388,418,916,1286,1186,1992,1526,2920,2358,3039,3195,3278,8123,10364,3857,6628,76896,47665,10862,3539,39901,243,15,23,14
2021-04-28T23:59:59+02:00,5,7,1502,1670,3121,4134,4270,5880,5913,8480,9365,10613,12491,13752,13420,16642,4175,7231,0,2,378,407,899,1273,1170,1963,1488,2876,2287,2969,3038,3142,8009,10248,3850,6617,72390,47237,10677,3123,39568,229,13,23,14
2021-04-27T23:59:59+02:00,5,7,1463,1625,3012,4016,4067,5738,5607,8222,8742,9942,11453,12440,13190,16285,4164,7209,0,2,366,390,889,1252,1155,1927,1461,2803,2240,2908,2999,3097,7981,10216,3843,6612,67580,47018,10491,2949,39084,147,13,19,14
2021-04-26T23:59:59+02:00,5,7,1438,1590,2901,3938,3895,5595,5294,8008,8250,9500,10695,11512,13045,16080,4153,7191,0,2,365,385,879,1241,1138,1915,1431,2782,2211,2877,2949,3045,7931,10166,3837,6607,64160,46914,10301,2694,38604,126,13,19,14
2021-04-25T23:59:59+02:00,5,7,1427,1583,2831,3905,3797,5535,5156,7961,8054,9391,10497,11275,13008,16026,4152,7186,0,2,364,380,870,1235,1120,1899,1416,2763,2187,2850,2907,3012,7883,10118,3836,6602,63642,46831,10098,2486,38024,100,13,19,14
2021-04-24T23:59:59+02:00,5,7,1426,1583,2831,3902,3795,5534,5154,7959,8050,9387,10490,11271,13008,16026,4152,7186,0,2,364,380,870,1234,1120,1896,1414,2762,2186,2850,2907,3012,7883,10118,3836,6602,63614,46825,10097,2485,38023,99,13,19,14
2021-04-23T23:59:59+02:00,5,7,1408,1572,2762,3868,3711,5504,5036,7911,7913,9327,10403,11157,12983,15985,4150,7182,0,2,363,380,869,1231,1120,1896,1413,2762,2186,2850,2906,3012,7882,10118,3836,6602,63474,46819,9817,2484,37561,98,13,19,14
2021-04-22T23:59:59+02:00,5,7,1365,1542,2654,3804,3550,5397,4803,7756,7560,9089,9828,10460,12716,15686,4144,7158,0,2,357,379,860,1222,1110,1883,1401,2735,2158,2829,2870,2979,7792,10008,3824,6585,61837,46403,9157,2475,36498,89,13,19,14
2021-04-21T23:59:59+02:00,5,7,1333,1505,2573,3722,3431,5295,4584,7576,7148,8762,8935,9427,12300,15107,4131,7116,0,2,351,377,855,1205,1101,1862,1383,2705,2127,2801,2811,2922,7677,9840,3806,6557,59093,45916,8288,2350,35544,89,13,19,14
2021-04-20T23:59:59+02:00,4,7,1310,1478,2502,3647,3331,5198,4410,7392,6763,8428,8041,8297,11835,14517,4117,7102,0,2,345,372,843,1192,1091,1840,1358,2682,2093,2758,2750,2865,7526,9651,3774,6502,56229,45191,7522,2344,34598,83,12,18,14
2021-04-19T23:59:59+02:00,4,7,1293,1461,2467,3610,3270,5131,4300,7289,6524,8192,7404,7520,11582,14161,4106,7084,0,2,343,370,837,1182,1085,1828,1335,2669,2059,2730,2695,2821,7409,9484,3751,6463,54270,44628,7148,2330,33957,79,12,18,14
2021-04-18T23:59:59+02:00,4,6,1283,1449,2433,3583,3230,5109,4247,7233,6387,8061,7050,7132,11488,14057,4103,7072,0,2,343,368,835,1178,1084,1820,1333,2656,2053,2725,2689,2807,7382,9451,3749,6459,53742,44502,6689,2327,33466,79,12,18,14
2021-04-17T23:59:59+02:00,4,6,1282,1447,2433,3581,3229,5105,4242,7230,6380,8051,7036,7122,11486,14055,4103,7072,0,2,343,368,834,1177,1084,1820,1331,2655,2052,2723,2686,2804,7381,9451,3749,6459,53720,44489,6687,2326,33427,79,12,18,13
2021-04-16T23:59:59+02:00,4,6,1279,1445,2422,3572,3221,5097,4223,7211,6329,8018,6959,7037,11473,14041,4101,7070,0,2,343,366,829,1175,1082,1820,1329,2654,2049,2723,2685,2797,7379,9449,3748,6459,53661,44463,6449,2322,33368,79,12,18,13
2021-04-15T23:59:59+02:00,2,4,1243,1425,2367,3523,3126,5038,4062,7083,6071,7785,6417,6479,11223,13753,4086,7038,0,2,336,364,810,1154,1043,1760,1284,2582,1975,2628,2605,2725,7290,9360,3738,6442,52573,43867,6059,2136,32063,73,12,18,10
2021-04-14T23:59:59+02:00,2,4,1222,1411,2331,3495,3056,4975,3954,6979,5881,7575,5773,5776,10830,13261,4054,6988,0,2,328,361,798,1144,1025,1733,1252,2541,1924,2576,2526,2655,7140,9164,3719,6416,51162,43198,5851,2012,30525,73,11,18,10
2021-04-13T23:59:59+02:00,2,4,1207,1399,2298,3464,2999,4911,3843,6899,5632,7354,5233,5224,10489,12848,4031,6960,0,2,307,347,779,1114,1003,1712,1228,2505,1886,2535,2460,2589,7021,9026,3683,6355,50129,42508,5646,1953,28993,70,11,18,10
2021-04-12T23:59:59+02:00,2,4,1192,1392,2271,3441,2948,4866,3714,6817,5423,7204,4904,4931,10237,12567,4022,6936,0,2,291,343,766,1109,986,1696,1214,2482,1835,2489,2382,2528,6906,8883,3669,6332,49658,41927,5446,1904,27741,63,9,17,10
2021-04-11T23:59:59+02:00,2,4,1186,1378,2251,3420,2914,4846,3653,6746,5279,7093,4671,4731,10051,12368,4016,6925,0,2,284,341,761,1101,977,1681,1202,2454,1813,2457,2328,2469,6822,8775,3655,6312,49569,41511,5209,1843,26734,62,8,14,10
2021-04-10T23:59:59+02:00,2,4,1186,1377,2248,3415,2911,4842,3647,6742,5269,7081,4665,4720,10043,12355,4016,6925,0,2,281,337,745,1094,963,1676,1178,2433,1741,2405,2240,2382,6763,8728,3653,6308,49513,41338,5207,1513,26707,61,7,14,10
2021-04-09T23:59:59+02:00,2,4,1182,1373,2241,3413,2901,4832,3637,6731,5240,7057,4640,4692,10016,12324,4015,6925,0,2,272,334,725,1084,947,1655,1144,2386,1649,2329,2020,2113,6608,8568,3631,6275,49432,40483,5201,1181,26571,61,7,14,10
2021-04-08T23:59:59+02:00,2,4,1158,1353,2188,3356,2815,4742,3495,6601,5003,6824,4247,4284,9471,11749,3996,6871,0,2,247,312,675,1025,889,1582,1071,2290,1513,2209,1742,1776,6139,8005,3543,6128,48965,37903,4671,1178,24502,50,7,14,10
2021-04-07T23:59:59+02:00,2,4,1147,1339,2154,3338,2773,4705,3406,6538,4838,6689,3954,3980,8908,11197,3979,6842,0,2,214,283,615,970,828,1509,1011,2230,1407,2110,1601,1600,5539,7302,3454,5971,48749,35408,4195,1174,22830,49,5,14,10
2021-04-06T23:59:59+02:00,2,4,1125,1321,2110,3312,2734,4672,3341,6490,4712,6595,3697,3725,8417,10686,3963,6811,0,2,206,278,586,950,803,1461,965,2172,1324,2023,1454,1411,4949,6508,3339,5765,48550,32971,3659,1166,21490,46,4,14,9
2021-04-05T23:59:59+02:00,2,4,1122,1317,2103,3309,2724,4670,3325,6475,4689,6576,3665,3698,8386,10648,3959,6809,0,2,203,266,579,933,784,1437,949,2135,1284,1984,1407,1348,4734,6239,3291,5708,48457,32060,3653,1164,21353,46,4,14,9
2021-04-04T23:59:59+02:00,2,4,1122,1316,2103,3306,2724,4668,3325,6475,4686,6575,3658,3694,8384,10646,3959,6809,0,2,203,266,578,933,784,1437,949,2135,1283,1983,1407,1348,4733,6239,3291,5708,48445,32057,3651,1164,21343,46,3,14,9
2021-04-03T23:59:59+02:00,2,4,1122,1316,2102,3306,2724,4668,3325,6475,4686,6575,3657,3692,8384,10645,3959,6809,0,2,203,266,578,932,784,1437,949,2135,1283,1983,1407,1348,4733,6239,3291,5708,48444,32056,3650,1164,21340,46,3,14,9
2021-04-02T23:59:59+02:00,2,4,1122,1316,2102,3304,2724,4667,3324,6471,4686,6573,3654,3688,8382,10644,3959,6809,0,2,203,266,578,932,784,1435,949,2134,1283,1982,1407,1346,4730,6237,3290,5708,48425,32045,3650,1163,21339,46,3,14,9
2021-04-01T23:59:59+02:00,1,4,1109,1281,2036,3185,2614,4467,3175,6221,4526,6334,3610,3651,8282,10537,3948,6792,0,2,198,257,574,923,773,1429,939,2120,1260,1967,1386,1319,4490,5917,3170,5541,48049,31055,3644,1159,20063,39,3,14,9
2021-03-31T23:59:59+02:00,1,4,1092,1252,1997,3086,2539,4324,3084,6009,4395,6104,3525,3568,8129,10340,3928,6756,0,2,190,254,567,912,769,1411,927,2100,1219,1934,1330,1256,3995,5311,3042,5305,47439,29317,3515,1159,19162,38,3,14,7
2021-03-30T23:59:59+02:00,1,3,1069,1219,1945,2903,2437,4100,2934,5651,4194,5715,3431,3473,7964,10135,3901,6702,0,2,186,248,558,902,758,1389,905,2080,1170,1889,1243,1171,3466,4590,2818,4968,46798,27145,3349,1159,17613,29,3,14,7
2021-03-29T23:59:59+02:00,1,3,1052,1176,1881,2775,2353,3943,2796,5397,4031,5438,3331,3373,7801,9905,3872,6654,0,2,185,243,552,891,747,1375,887,2056,1133,1861,1166,1083,2881,3906,2641,4673,46150,25101,3113,1153,16503,19,2,14,7
2021-03-28T23:59:59+02:00,1,3,1033,1144,1809,2612,2271,3739,2675,5102,3879,5161,3266,3307,7736,9842,3868,6649,0,2,185,243,550,888,746,1373,885,2050,1130,1858,1157,1071,2826,3839,2628,4646,46043,24904,2904,1151,15134,14,2,14,6
2021-03-27T23:59:59+01:00,1,3,1033,1144,1809,2611,2270,3738,2672,5102,3876,5161,3262,3306,7735,9842,3868,6649,0,2,185,243,549,888,746,1373,884,2050,1127,1858,1157,1071,2826,3839,2628,4646,46034,24899,2904,1151,15129,14,2,13,6
2021-03-26T23:59:59+01:00,1,3,1028,1119,1766,2496,2206,3580,2609,4891,3790,4937,3241,3290,7732,9837,3867,6648,0,2,185,242,549,888,745,1373,884,2050,1127,1855,1153,1070,2823,3833,2627,4643,46006,24878,2901,1151,14119,12,2,13,6
2021-03-25T23:59:59+01:00,1,3,1003,1088,1715,2393,2123,3411,2501,4662,3677,4739,3139,3198,7604,9703,3860,6634,0,2,183,240,544,886,738,1364,878,2032,1110,1831,1107,1026,2594,3485,2428,4350,45746,23628,2563,1151,13133,12,1,11,6
2021-03-24T23:59:59+01:00,1,3,980,1068,1695,2350,2092,3362,2464,4595,3634,4669,3051,3127,7474,9531,3841,6616,0,2,183,235,538,881,730,1353,866,2017,1091,1811,1067,983,2198,2936,2033,3827,45202,21583,2433,1149,12906,12,1,11,6
2021-03-23T23:59:59+01:00,1,3,969,1062,1677,2317,2068,3328,2429,4551,3593,4618,2984,3054,7380,9427,3823,6588,0,2,181,232,534,876,723,1341,852,1998,1054,1779,984,890,1832,2445,1681,3360,44683,19630,2422,1115,12756,12,1,10,6
2021-03-22T23:59:59+01:00,1,3,967,1053,1663,2299,2054,3310,2407,4522,3556,4576,2940,3020,7317,9357,3809,6571,0,2,178,229,532,865,707,1318,838,1984,1025,1752,935,817,1354,1869,1326,2867,44348,17521,2400,1058,12666,12,1,10,6
2021-03-21T23:59:59+01:00,1,3,967,1052,1662,2296,2054,3307,2402,4518,3544,4568,2926,3011,7270,9302,3802,6565,0,2,178,226,530,863,706,1314,836,1980,1014,1747,912,798,1276,1784,1270,2798,44198,17218,2396,997,12645,12,1,10,6
2021-03-20T23:59:59+01:00,1,3,966,1051,1661,2295,2054,3307,2402,4517,3542,4566,2925,3010,7270,9301,3802,6565,0,2,178,226,530,863,706,1314,836,1980,1001,1732,877,770,1244,1761,1261,2796,44194,17215,2392,843,12641,12,1,10,6
2021-03-19T23:59:59+01:00,1,3,965,1043,1654,2281,2043,3303,2399,4511,3535,4559,2915,2999,7258,9284,3801,6562,0,2,178,224,529,863,706,1312,836,1979,994,1727,833,732,1181,1709,1251,2785,44132,17171,2388,651,12585,12,1,10,6
2021-03-18T23:59:59+01:00,1,3,929,1011,1577,2166,1919,3134,2250,4262,3306,4309,2762,2841,6956,8919,3735,6460,0,2,177,223,524,858,699,1304,827,1968,971,1710,815,709,1104,1600,1106,2578,42735,16584,2076,572,11718,12,1,10,6
2021-03-17T23:59:59+01:00,1,3,876,979,1506,2106,1856,3068,2185,4202,3210,4214,2624,2706,6529,8425,3670,6345,0,2,176,221,520,853,697,1300,823,1963,966,1702,786,690,969,1447,951,2362,40957,15838,2071,571,11466,12,1,10,6
2021-03-16T23:59:59+01:00,1,3,851,954,1472,2064,1818,3018,2131,4145,3114,4116,2490,2547,6050,7773,3579,6194,0,0,170,218,516,852,693,1293,818,1954,958,1689,781,677,881,1321,807,2197,38953,15235,2008,571,11349,12,1,9,6
2021-03-15T23:59:59+01:00,1,3,834,948,1454,2039,1780,2962,2093,4074,3013,4007,2356,2376,5562,7228,3506,6077,0,0,169,217,516,844,691,1284,814,1944,948,1673,770,667,811,1210,651,1992,37176,14650,1907,533,11221,12,0,9,6
2021-03-14T23:59:59+01:00,1,3,829,933,1430,2012,1755,2933,2062,4014,2950,3938,2177,2179,5377,7001,3475,6044,0,0,169,217,515,841,689,1273,813,1937,945,1664,752,658,795,1191,627,1937,36151,14505,1806,509,11147,3,0,9,6
2021-03-13T23:59:59+01:00,1,3,821,925,1409,2000,1738,2920,2034,3986,2875,3890,2105,2104,5328,6946,3473,6043,0,0,169,217,515,840,689,1273,812,1937,945,1664,752,658,795,1191,627,1937,35896,14503,1558,509,11138,3,0,9,6
2021-03-12T23:59:59+01:00,1,3,797,909,1363,1941,1674,2822,1935,3835,2717,3723,1908,1865,5141,6722,3441,6000,0,0,169,217,514,840,689,1273,811,1937,945,1663,743,655,782,1175,619,1934,34562,14449,1315,508,10911,3,0,9,6
2021-03-11T23:59:59+01:00,1,3,763,848,1294,1856,1590,2673,1850,3635,2555,3551,1641,1555,4772,6249,3305,5817,0,0,160,210,508,831,678,1264,796,1901,925,1621,612,593,712,1132,599,1902,32443,13942,1215,495,10291,2,0,9,5
2021-03-10T23:59:59+01:00,1,3,748,796,1271,1798,1558,2616,1799,3564,2473,3462,1569,1466,4299,5704,3186,5563,0,0,160,208,499,810,660,1249,786,1881,918,1605,543,577,679,1123,592,1896,30621,13788,1209,391,10037,2,0,9,5
2021-03-09T23:59:59+01:00,1,3,734,774,1249,1768,1531,2570,1759,3513,2398,3410,1474,1368,3736,4949,2993,5253,0,0,157,206,493,789,650,1225,772,1849,906,1577,539,575,677,1118,589,1890,28431,13726,1206,279,9837,2,0,9,5
2021-03-08T23:59:59+01:00,0,3,730,746,1236,1748,1513,2549,1731,3474,2358,3367,1380,1266,3058,4117,2756,4883,0,0,153,203,479,766,628,1193,753,1799,882,1540,536,573,677,1117,589,1890,25961,13718,1206,55,9739,0,0,9,5
2021-03-07T23:59:59+01:00,0,3,727,742,1226,1738,1505,2533,1720,3466,2346,3359,1367,1250,2956,3994,2733,4834,0,0,153,203,479,766,628,1193,753,1799,882,1540,536,573,677,1117,589,1890,25607,13718,1204,55,9679,0,0,9,5
2021-03-06T23:59:59+01:00,0,3,726,742,1224,1733,1502,2530,1716,3463,2341,3358,1364,1250,2956,3994,2733,4834,0,0,152,203,479,766,628,1193,753,1799,882,1540,536,573,677,1117,589,1890,25602,13717,1204,55,9654,0,0,9,5
2021-03-05T23:59:59+01:00,0,3,665,718,1199,1718,1481,2520,1691,3448,2312,3348,1358,1247,2948,3988,2730,4829,0,0,152,203,479,765,628,1192,753,1799,882,1537,535,573,677,1117,589,1890,25575,13711,1199,55,9420,0,0,9,5
2021-03-04T23:59:59+01:00,0,3,599,672,1131,1648,1425,2437,1650,3367,2238,3270,1307,1199,2727,3622,2544,4541,0,0,150,197,476,751,617,1180,742,1771,873,1524,524,562,664,1107,584,1881,24344,13546,1191,53,8836,0,0,9,4
2021-03-03T23:59:59+01:00,0,3,562,632,1064,1585,1329,2356,1549,3281,2112,3184,1264,1152,2352,3099,2188,4089,0,0,150,197,474,748,617,1180,741,1767,870,1523,520,559,662,1104,584,1878,22467,13520,1189,51,8138,0,0,7,3
2021-03-02T23:59:59+01:00,0,3,544,598,1026,1539,1271,2312,1491,3229,2015,3122,1179,1048,1983,2620,1793,3566,0,0,148,195,469,742,612,1169,731,1757,865,1502,511,550,651,1081,564,1845,20384,13338,1186,51,7762,0,0,7,3
2021-03-01T23:59:59+01:00,0,3,537,549,1005,1500,1225,2251,1445,3164,1960,3049,1134,973,1484,2024,1405,3020,0,0,146,195,469,741,612,1168,731,1754,864,1502,509,550,647,1072,560,1834,18088,13300,1183,51,7450,0,0,7,3
2021-02-28T23:59:59+01:00,0,3,529,535,987,1460,1199,2189,1417,3106,1905,2976,1113,951,1369,1884,1331,2932,0,0,146,195,468,740,612,1168,730,1752,863,1501,507,550,647,1072,560,1834,17607,13291,1181,51,7091,0,0,7,3
2021-02-27T23:59:59+01:00,0,3,529,533,986,1457,1199,2188,1416,3105,1905,2975,1113,951,1369,1883,1329,2932,0,0,145,195,467,739,609,1166,728,1750,861,1500,507,550,647,1072,560,1834,17604,13290,1181,37,7081,0,0,7,3
2021-02-26T23:59:59+01:00,0,3,389,483,857,1413,1116,2145,1348,3064,1846,2933,1108,945,1366,1882,1329,2930,0,0,145,195,467,739,609,1166,728,1749,861,1499,507,550,647,1072,560,1834,17592,13289,1181,36,6377,0,0,7,3
2021-02-25T23:59:59+01:00,0,3,301,429,762,1318,1032,2054,1248,2891,1707,2770,1070,913,1284,1757,1209,2738,0,0,138,185,455,725,593,1140,721,1723,841,1475,493,536,619,1040,546,1815,16989,13018,1181,25,5309,0,0,7,2
2021-02-24T23:59:59+01:00,0,2,256,385,689,1242,958,1967,1194,2773,1641,2653,1043,893,1161,1611,1053,2519,0,0,135,185,451,721,589,1139,720,1718,840,1471,488,531,611,1035,543,1803,16277,12957,1179,21,4577,0,0,7,2
2021-02-23T23:59:59+01:00,0,2,244,364,669,1183,929,1888,1147,2661,1565,2542,1017,865,1080,1483,910,2354,0,0,135,183,451,720,589,1139,720,1715,838,1470,487,528,609,1034,543,1802,15714,12945,1144,17,4038,0,0,7,1
2021-02-22T23:59:59+01:00,0,0,230,345,646,1153,897,1805,1097,2569,1479,2419,971,835,961,1340,723,2097,0,0,135,183,450,719,586,1138,719,1715,832,1467,486,527,608,1032,542,1800,14960,12933,1071,5,3529,0,0,7,1
2021-02-21T23:59:59+01:00,0,0,224,334,610,1085,847,1699,1054,2468,1399,2311,954,814,928,1288,670,2031,0,0,135,182,447,711,585,1134,719,1710,832,1465,485,527,607,1032,541,1799,14750,12905,1028,5,2931,0,0,7,1
2021-02-20T23:59:59+01:00,0,0,224,331,607,1084,845,1694,1050,2462,1384,2292,918,785,895,1265,662,2029,0,0,135,182,447,711,585,1134,719,1710,832,1465,485,526,606,1032,541,1799,14748,12904,868,5,2904,0,0,7,0
2021-02-19T23:59:59+01:00,0,0,214,323,598,1076,832,1679,1029,2445,1351,2249,673,683,752,1201,637,2012,0,0,135,182,447,709,585,1131,718,1707,829,1462,485,525,606,1031,540,1799,14270,12887,680,4,2797,0,0,7,0
2021-02-18T23:59:59+01:00,0,0,198,274,559,954,747,1452,899,2187,1100,1874,594,615,711,1159,617,1994,0,0,130,182,434,697,570,1113,712,1681,813,1434,482,522,605,1030,540,1799,14110,12740,580,4,1238,0,0,6,0
2021-02-17T23:59:59+01:00,0,0,192,233,537,904,710,1355,840,2019,1015,1742,572,594,711,1156,615,1991,0,0,124,179,422,686,562,1097,693,1649,800,1411,479,520,603,1027,540,1798,14089,12587,580,3,511,0,0,6,0
2021-02-16T23:59:59+01:00,0,0,185,230,529,888,695,1324,820,1980,982,1702,560,589,705,1154,614,1988,0,0,119,174,408,681,551,1081,680,1631,790,1397,473,514,596,1013,532,1767,14058,12405,580,2,301,0,0,6,0
2021-02-15T23:59:59+01:00,0,0,171,221,524,861,689,1290,805,1946,953,1655,559,586,703,1154,614,1988,0,0,116,173,401,671,540,1062,651,1604,776,1379,471,511,596,1013,532,1767,14055,12261,541,2,117,0,0,6,0
2021-02-14T23:59:59+01:00,0,0,166,213,520,848,688,1281,802,1937,935,1647,558,585,703,1151,613,1988,0,0,109,169,390,660,523,1044,632,1589,769,1366,471,509,594,1011,532,1767,14049,12133,539,2,41,0,0,6,0
2021-02-13T23:59:59+01:00,0,0,165,213,519,848,688,1281,802,1937,935,1647,558,585,703,1151,613,1988,0,0,109,169,389,659,523,1044,632,1589,769,1366,471,509,594,1011,532,1767,14048,12131,539,2,40,0,0,6,0
2021-02-12T23:59:59+01:00,0,0,163,212,514,846,687,1278,798,1936,933,1644,557,585,703,1151,613,1988,0,0,106,167,386,653,518,1037,618,1574,766,1349,469,508,582,991,527,1738,14041,11987,538,2,23,0,0,6,0
2021-02-11T23:59:59+01:00,0,0,160,211,510,838,679,1274,795,1932,927,1642,552,579,695,1145,608,1982,0,0,87,131,357,584,471,957,566,1457,722,1255,445,463,538,937,483,1642,13990,11094,525,1,9,0,0,5,0
2021-02-10T23:59:59+01:00,0,0,157,209,500,820,662,1259,783,1904,912,1618,543,573,684,1132,603,1972,0,0,78,120,329,524,445,849,525,1280,647,1097,396,413,471,820,433,1479,13864,9905,461,1,1,0,0,5,0
2021-02-09T23:59:59+01:00,0,0,156,203,492,782,646,1220,763,1843,900,1577,532,561,678,1116,594,1953,0,0,73,103,310,454,410,763,482,1177,583,998,365,358,428,732,399,1358,13750,8993,262,0,0,0,0,4,0
2021-02-08T23:59:59+01:00,0,0,152,199,475,756,624,1185,743,1793,880,1533,526,560,676,1110,590,1937,0,0,59,77,265,386,360,630,422,947,510,818,307,303,362,578,334,1152,13679,7510,56,0,0,0,0,4,0
2021-02-07T23:59:59+01:00,0,0,152,198,473,755,622,1184,742,1785,878,1531,525,560,676,1110,590,1936,0,0,58,69,246,351,341,586,406,915,490,783,307,296,360,571,332,1148,13657,7259,56,0,0,0,0,4,0
2021-02-06T23:59:59+01:00,0,0,152,198,473,755,622,1184,742,1785,878,1531,525,560,676,1110,590,1936,0,0,58,69,246,350,341,586,406,914,488,781,307,295,359,569,331,1148,13657,7248,56,0,0,0,0,4,0
2021-02-05T23:59:59+01:00,0,0,152,198,473,755,622,1184,742,1785,878,1529,525,560,675,1110,590,1936,0,0,56,69,245,347,334,582,398,891,478,761,297,290,348,545,313,1108,13654,7062,56,0,0,0,0,4,0
2021-02-04T23:59:59+01:00,0,0,146,193,469,747,615,1176,738,1771,872,1520,518,553,654,1085,581,1918,0,0,42,52,212,313,292,486,356,750,384,615,232,219,263,379,232,821,13497,5648,55,0,0,0,0,4,0
2021-02-03T23:59:59+01:00,0,0,144,192,462,740,607,1167,734,1757,864,1504,506,545,639,1072,574,1910,0,0,34,33,157,220,238,354,265,573,309,465,182,172,186,283,179,613,13362,4263,52,0,0,0,0,3,0
2021-02-02T23:59:59+01:00,0,0,144,189,460,739,607,1167,731,1751,857,1500,505,543,635,1069,573,1906,0,0,25,27,138,174,193,283,221,437,257,375,142,132,139,211,142,484,13322,3380,52,0,0,0,0,2,0
2021-02-01T23:59:59+01:00,0,0,142,189,459,738,602,1164,730,1743,855,1495,503,541,630,1066,572,1899,0,0,21,19,102,128,139,192,155,304,168,259,90,94,94,134,76,258,13274,2233,52,0,0,0,0,2,0
2021-01-31T23:59:59+01:00,0,0,141,188,459,735,599,1163,730,1739,855,1494,501,540,629,1064,572,1898,0,0,14,15,69,88,97,127,118,227,141,203,85,87,90,126,74,244,13254,1805,52,0,0,0,0,1,0
2021-01-30T23:59:59+01:00,0,0,141,188,458,735,597,1161,729,1738,855,1494,501,540,628,1064,572,1898,0,0,14,15,69,88,97,125,116,223,138,200,84,86,90,120,68,234,13253,1767,45,0,0,0,0,1,0
2021-01-29T23:59:59+01:00,0,0,141,188,458,732,596,1158,727,1736,853,1493,501,540,628,1064,572,1898,0,0,12,15,57,82,80,121,98,212,115,188,79,79,88,116,67,233,13247,1642,37,0,0,0,0,1,0
2021-01-28T23:59:59+01:00,0,0,134,184,445,714,579,1131,721,1709,830,1464,494,534,625,1061,569,1895,0,0,7,3,14,20,25,47,31,98,47,87,46,50,57,86,49,176,13060,843,28,0,0,0,0,1,0
2021-01-27T23:59:59+01:00,0,0,127,181,433,703,571,1121,705,1674,823,1440,491,532,621,1056,569,1890,0,0,3,1,6,12,11,26,13,42,23,31,13,17,25,35,20,55,12910,333,26,0,0,0,0,1,0
2021-01-26T23:59:59+01:00,0,0,120,177,419,692,558,1107,696,1651,811,1419,486,526,615,1039,561,1855,0,0,3,1,6,11,8,24,11,39,17,28,13,15,24,33,20,54,12714,307,17,0,0,0,0,1,0
2021-01-25T23:59:59+01:00,0,0,117,175,410,680,547,1088,669,1623,793,1401,484,522,613,1038,561,1855,0,0,2,1,5,9,8,19,6,30,12,22,9,6,14,22,10,35,12569,210,6,0,0,0,0,1,0
2021-01-24T23:59:59+01:00,0,0,111,172,400,670,532,1070,652,1610,780,1389,483,519,612,1038,561,1855,0,0,2,0,3,6,8,7,4,8,5,9,1,2,12,15,6,21,12447,109,6,0,0,0,0,1,0
2021-01-23T23:59:59+01:00,0,0,111,172,400,669,532,1070,652,1610,780,1389,483,519,612,1038,561,1855,0,0,1,0,3,6,8,7,4,8,5,9,1,2,12,15,6,21,12446,108,6,0,0,0,0,1,0
2021-01-22T23:59:59+01:00,0,0,108,170,393,663,528,1063,638,1595,774,1371,483,514,601,1017,554,1826,0,0,1,0,3,6,8,7,4,8,5,9,1,2,12,15,6,21,12293,108,5,0,0,0,0,0,0
2021-01-21T23:59:59+01:00,0,0,97,162,378,647,505,1029,608,1545,752,1328,466,476,567,973,518,1758,0,0,1,0,3,6,8,6,4,8,5,9,1,2,12,15,6,21,11804,107,5,0,0,0,0,0,0
2021-01-20T23:59:59+01:00,0,0,79,121,343,557,462,888,551,1311,663,1140,404,417,482,830,454,1534,0,0,1,0,2,5,8,6,4,8,5,9,1,2,12,15,6,21,10231,105,5,0,0,0,0,0,0
2021-01-19T23:59:59+01:00,0,0,74,107,316,478,421,799,508,1199,611,1037,380,379,445,751,424,1438,0,0,1,0,1,3,7,5,4,7,5,9,1,0,9,10,5,18,9362,85,5,0,0,0,0,0,0
2021-01-18T23:59:59+01:00,0,0,60,77,270,391,365,651,431,967,519,840,312,311,375,597,358,1230,0,0,1,0,1,3,7,5,4,7,5,8,1,0,9,10,5,18,7752,84,2,0,0,0,0,0,0
2021-01-17T23:59:59+01:00,0,0,59,68,251,356,344,599,412,924,495,801,309,302,373,590,355,1222,0,0,0,0,0,0,0,1,0,0,0,0,0,0,0,0,0,0,7458,1,2,0,0,0,0,0,0
2021-01-16T23:59:59+01:00,0,0,59,68,251,355,344,599,412,923,493,799,309,301,371,586,354,1222,0,0,0,0,0,0,0,0,0,0,0,0,0,0,0,0,0,0,7444,0,2,0,0,0,0,0,0
2021-01-15T23:59:59+01:00,0,0,57,68,251,351,338,593,401,899,481,774,295,295,352,557,331,1180,0,0,0,0,0,0,0,0,0,0,0,0,0,0,0,0,0,0,7221,0,2,0,0,0,0,0,0
2021-01-14T23:59:59+01:00,0,0,44,55,237,327,313,518,367,774,393,629,232,221,262,381,238,848,0,0,0,0,0,0,0,0,0,0,0,0,0,0,0,0,0,0,5839,0,0,0,0,0,0,0,0
2021-01-13T23:59:59+01:00,0,0,38,44,213,268,272,417,300,620,322,503,177,178,190,290,192,656,0,0,0,0,0,0,0,0,0,0,0,0,0,0,0,0,0,0,4680,0,0,0,0,0,0,0,0
2021-01-12T23:59:59+01:00,0,0,33,41,208,253,257,382,276,539,290,457,140,136,144,222,150,515,0,0,0,0,0,0,0,0,0,0,0,0,0,0,0,0,0,0,4043,0,0,0,0,0,0,0,0
2021-01-11T23:59:59+01:00,0,0,28,37,198,232,239,329,229,451,240,382,109,106,108,145,88,320,0,0,0,0,0,0,0,0,0,0,0,0,0,0,0,0,0,0,3241,0,0,0,0,0,0,0,0
2021-01-10T23:59:59+01:00,0,0,26,31,159,172,196,254,191,355,198,305,98,99,105,140,86,305,0,0,0,0,0,0,0,0,0,0,0,0,0,0,0,0,0,0,2720,0,0,0,0,0,0,0,0
2021-01-09T23:59:59+01:00,0,0,26,31,152,168,194,246,187,347,196,300,98,99,105,140,86,305,0,0,0,0,0,0,0,0,0,0,0,0,0,0,0,0,0,0,2680,0,0,0,0,0,0,0,0
2021-01-08T23:59:59+01:00,0,0,23,28,121,144,173,233,162,318,168,279,93,89,103,136,85,304,0,0,0,0,0,0,0,0,0,0,0,0,0,0,0,0,0,0,2459,0,0,0,0,0,0,0,0
2021-01-07T23:59:59+01:00,0,0,8,3,18,26,32,57,37,109,61,111,48,51,64,94,54,212,0,0,0,0,0,0,0,0,0,0,0,0,0,0,0,0,0,0,985,0,0,0,0,0,0,0,0
2021-01-06T23:59:59+01:00,0,0,3,1,7,13,11,25,14,42,21,32,14,14,28,40,23,65,0,0,0,0,0,0,0,0,0,0,0,0,0,0,0,0,0,0,353,0,0,0,0,0,0,0,0
2021-01-05T23:59:59+01:00,0,0,3,1,6,10,10,21,11,34,15,27,11,14,24,35,21,57,0,0,0,0,0,0,0,0,0,0,0,0,0,0,0,0,0,0,300,0,0,0,0,0,0,0,0
2021-01-04T23:59:59+01:00,0,0,2,1,4,7,9,13,4,18,8,17,5,3,13,21,8,31,0,0,0,0,0,0,0,0,0,0,0,0,0,0,0,0,0,0,164,0,0,0,0,0,0,0,0
2021-01-03T23:59:59+01:00,0,0,2,0,3,6,8,7,4,10,5,10,1,2,13,17,7,21,0,0,0,0,0,0,0,0,0,0,0,0,0,0,0,0,0,0,116,0,0,0,0,0,0,0,0
2021-01-02T23:59:59+01:00,0,0,2,0,3,6,8,7,4,10,5,10,1,2,13,17,7,21,0,0,0,0,0,0,0,0,0,0,0,0,0,0,0,0,0,0,116,0,0,0,0,0,0,0,0
2021-01-01T23:59:59+01:00,0,0,1,0,3,6,8,6,4,10,5,10,1,2,13,16,7,21,0,0,0,0,0,0,0,0,0,0,0,0,0,0,0,0,0,0,113,0,0,0,0,0,0,0,0
2020-12-31T23:59:59+01:00,0,0,1,0,3,5,8,6,4,10,5,10,1,2,13,16,7,21,0,0,0,0,0,0,0,0,0,0,0,0,0,0,0,0,0,0,112,0,0,0,0,0,0,0,0
2020-12-30T23:59:59+01:00,0,0,1,0,2,5,8,6,4,10,5,10,1,2,13,16,7,21,0,0,0,0,0,0,0,0,0,0,0,0,0,0,0,0,0,0,111,0,0,0,0,0,0,0,0
2020-12-29T23:59:59+01:00,0,0,1,0,1,3,8,5,4,8,5,10,1,0,10,11,6,18,0,0,0,0,0,0,0,0,0,0,0,0,0,0,0,0,0,0,91,0,0,0,0,0,0,0,0
2020-12-28T23:59:59+01:00,0,0,1,0,1,3,8,5,4,8,5,9,1,0,10,11,6,18,0,0,0,0,0,0,0,0,0,0,0,0,0,0,0,0,0,0,90,0,0,0,0,0,0,0,0
2020-12-27T23:59:59+01:00,0,0,1,0,1,3,8,4,4,8,5,9,1,0,9,10,6,18,0,0,0,0,0,0,0,0,0,0,0,0,0,0,0,0,0,0,87,0,0,0,0,0,0,0,0
