Datum,<15_m,<15_w,15-24_1_m,15-24_1_w,25-34_1_m,25-34_1_w,35-44_1_m,35-44_1_w,45-54_1_m,45-54_1_w,55-64_1_m,55-64_1_w,65-74_1_m,65-74_1_w,75-84_1_m,75-84_1_w,>84_1_m,>84_1_w,<24_2_m,<24_2_w,25-34_2_m,25-34_2_w,35-44_2_m,35-44_2_w,45-54_2_m,45-54_2_w,55-64_2_m,55-64_2_w,65-74_2_m,65-74_2_w,75-84_2_m,75-84_2_w,>84_2_m,>84_2_w,bp_1,bp_2,mo_1,mo_2,az_1,az_2,ja,unb_1,unb_2
2021-10-07T23:59:59+02:00,2190,2055,17241,15946,22530,20784,24301,23846,27892,28570,30836,31762,21622,24696,15486,19473,4525,7848,15384,14231,20994,19118,22893,22299,26489,26979,29607,30498,20947,23953,15034,18783,4342,7545,236075,220833,32721,31475,55062,52062,17722,30,39
2021-10-06T23:59:59+02:00,2168,2034,17190,15904,22489,20734,24279,23807,27862,28539,30820,31743,21612,24684,15474,19462,4524,7845,15328,14161,20944,19065,22860,22271,26460,26944,29584,30471,20941,23940,15024,18778,4340,7543,235674,220379,32709,31453,55062,52062,17702,30,39
2021-10-05T23:59:59+02:00,2148,2018,17147,15867,22447,20705,24245,23771,27840,28515,30805,31726,21607,24675,15471,19450,4520,7833,15302,14133,20895,19040,22831,22245,26432,26920,29560,30447,20935,23922,15021,18770,4337,7543,235377,220113,32709,31453,55062,52062,17618,30,39
2021-10-04T23:59:59+02:00,2122,1983,17090,15831,22399,20678,24223,23748,27823,28482,30786,31707,21601,24665,15466,19445,4519,7828,15266,14111,20871,19013,22817,22222,26415,26901,29549,30433,20928,23912,15017,18766,4337,7537,235035,219911,32709,31453,55062,52060,17566,30,39
2021-10-03T23:59:59+02:00,2117,1972,17063,15792,22372,20645,24190,23727,27810,28463,30769,31698,21598,24658,15465,19438,4517,7825,15234,14073,20849,18985,22794,22204,26402,26879,29535,30423,20918,23899,15015,18763,4336,7536,234827,219694,32703,31443,55061,52058,17504,30,39
2021-10-02T23:59:59+02:00,2117,1972,17063,15792,22372,20645,24189,23727,27810,28463,30769,31698,21598,24658,15465,19438,4517,7825,15234,14073,20849,18985,22794,22204,26402,26879,29535,30422,20918,23899,15015,18763,4336,7536,234826,219693,32703,31443,55061,52058,17504,30,39
2021-10-01T23:59:59+02:00,2112,1967,17050,15776,22369,20633,24177,23708,27805,28456,30765,31693,21595,24656,15465,19436,4516,7825,15230,14071,20846,18983,22793,22204,26400,26877,29535,30418,20917,23897,15015,18763,4336,7536,234715,219667,32702,31443,55061,52058,17502,30,39
2021-09-30T23:59:59+02:00,2092,1951,16993,15725,22326,20579,24137,23673,27775,28423,30740,31669,21585,24647,15456,19425,4513,7820,15160,14005,20809,18948,22762,22163,26379,26844,29516,30397,20913,23888,15012,18755,4332,7531,234319,219284,32690,31420,55061,52056,17435,30,39
2021-09-29T23:59:59+02:00,2025,1909,16905,15650,22258,20513,24083,23622,27714,28375,30705,31642,21571,24634,15449,19412,4510,7818,15094,13952,20767,18896,22726,22112,26343,26816,29481,30371,20906,23876,15001,18748,4331,7528,233704,218899,32676,31398,55060,52053,17331,30,39
2021-09-28T23:59:59+02:00,2008,1892,16823,15585,22189,20461,24020,23581,27676,28335,30688,31625,21562,24619,15443,19401,4510,7815,15028,13905,20710,18855,22683,22086,26313,26781,29460,30350,20893,23861,14995,18738,4329,7524,233275,218567,32675,31398,55060,52052,17199,30,39
2021-09-27T23:59:59+02:00,1946,1824,16759,15525,22154,20425,23994,23553,27648,28299,30669,31608,21556,24613,15441,19398,4509,7813,15002,13873,20688,18818,22668,22060,26294,26769,29442,30334,20889,23851,14991,18730,4328,7521,232783,218296,32675,31398,55060,52051,17192,30,39
2021-09-26T23:59:59+02:00,1926,1803,16690,15461,22103,20366,23954,23502,27619,28273,30654,31599,21546,24606,15440,19395,4509,7811,14934,13807,20636,18765,22619,22004,26255,26732,29423,30307,20882,23841,14983,18727,4328,7518,232416,217901,32658,31371,55059,52038,17100,30,39
2021-09-25T23:59:59+02:00,1926,1803,16688,15461,22101,20365,23952,23501,27619,28273,30654,31599,21546,24606,15440,19395,4509,7811,14934,13807,20635,18765,22619,22004,26254,26730,29423,30307,20881,23841,14983,18727,4328,7518,232409,217897,32658,31371,55059,52038,17099,30,39
2021-09-24T23:59:59+02:00,1925,1800,16663,15442,22059,20337,23918,23480,27599,28252,30637,31584,21544,24602,15438,19394,4509,7811,14908,13780,20586,18733,22578,21978,26226,26710,29401,30287,20876,23835,14981,18725,4327,7517,232349,217770,32658,31371,55059,52038,16904,30,39
2021-09-23T23:59:59+02:00,1895,1763,16587,15357,21998,20262,23869,23412,27554,28197,30612,31544,21531,24591,15431,19379,4506,7809,14830,13717,20525,18690,22549,21931,26192,26666,29376,30260,20873,23824,14975,18717,4327,7516,231790,217369,32620,31337,55059,52038,16804,30,39
2021-09-22T23:59:59+02:00,1862,1732,16484,15281,21908,20186,23794,23357,27486,28137,30571,31509,21515,24569,15429,19366,4504,7806,14704,13610,20436,18612,22486,21861,26130,26605,29327,30225,20854,23814,14969,18709,4324,7507,231185,216692,32599,31295,55059,52031,16629,30,39
2021-09-21T23:59:59+02:00,1833,1688,16405,15207,21849,20126,23745,23308,27446,28101,30533,31469,21504,24548,15424,19355,4496,7797,14647,13562,20379,18572,22443,21818,26097,26580,29302,30199,20842,23800,14962,18698,4321,7503,230709,216406,32599,31295,55059,52031,16442,30,39
2021-09-20T23:59:59+02:00,1806,1673,16332,15143,21794,20079,23697,23268,27408,28058,30500,31451,21495,24536,15418,19349,4495,7795,14590,13509,20332,18527,22407,21791,26049,26548,29277,30174,20834,23788,14960,18692,4318,7500,230305,216089,32597,31294,55059,52030,16310,30,39
2021-09-19T23:59:59+02:00,1779,1651,16268,15094,21744,20019,23664,23235,27379,28030,30479,31426,21485,24525,15414,19338,4495,7792,14531,13466,20287,18475,22356,21768,26024,26516,29260,30160,20828,23775,14956,18689,4317,7496,229942,215807,32575,31261,55058,52030,16215,30,39
2021-09-18T23:59:59+02:00,1779,1651,16267,15092,21743,20018,23662,23233,27379,28029,30479,31426,21485,24525,15414,19338,4495,7792,14531,13464,20287,18475,22355,21767,26024,26514,29260,30160,20828,23775,14956,18689,4317,7496,229936,215806,32575,31260,55058,52030,16211,30,39
2021-09-17T23:59:59+02:00,1774,1644,16246,15074,21718,19999,23642,23221,27366,28013,30470,31420,21482,24522,15411,19335,4494,7792,14510,13450,20277,18469,22346,21763,26017,26510,29250,30154,20825,23772,14955,18688,4317,7496,229766,215704,32575,31260,55058,52030,16197,30,39
2021-09-16T23:59:59+02:00,1735,1614,16148,14977,21636,19899,23572,23138,27303,27953,30431,31383,21468,24505,15406,19325,4489,7792,14426,13377,20234,18414,22310,21712,25987,26465,29229,30123,20814,23762,14948,18681,4315,7492,228966,215250,32554,31182,55058,52018,16169,30,39
2021-09-15T23:59:59+02:00,1704,1597,16085,14900,21584,19846,23527,23093,27273,27920,30406,31358,21455,24484,15394,19316,4488,7790,14352,13291,20168,18354,22271,21660,25949,26422,29197,30100,20801,23747,14936,18673,4314,7490,228441,214690,32537,31138,55058,52013,16157,30,39
2021-09-14T23:59:59+02:00,1691,1582,16049,14855,21537,19807,23497,23058,27241,27883,30380,31334,21441,24473,15391,19303,4485,7789,14314,13252,20144,18332,22248,21634,25929,26407,29186,30090,20790,23739,14933,18666,4313,7488,228028,214408,32536,31137,55058,52013,16147,30,39
2021-09-13T23:59:59+02:00,1671,1569,16008,14803,21511,19776,23466,23027,27225,27847,30366,31320,21440,24463,15386,19301,4484,7787,14285,13238,20118,18316,22228,21614,25914,26395,29176,30067,20781,23728,14932,18659,4311,7486,227690,214185,32536,31137,55058,52013,16139,30,39
2021-09-12T23:59:59+02:00,1661,1556,15985,14781,21495,19754,23451,23003,27210,27832,30356,31312,21433,24455,15386,19296,4484,7787,14252,13209,20095,18279,22208,21589,25901,26372,29165,30058,20774,23720,14927,18652,4309,7481,227498,213946,32520,31106,55058,52012,16134,30,39
2021-09-11T23:59:59+02:00,1660,1556,15973,14777,21487,19746,23450,23002,27208,27831,30353,31310,21432,24454,15386,19296,4484,7787,14247,13207,20093,18276,22206,21589,25901,26371,29165,30058,20773,23720,14927,18652,4309,7481,227461,213935,32520,31106,55055,52012,16129,30,39
2021-09-10T23:59:59+02:00,1660,1556,15950,14772,21473,19735,23432,22999,27191,27821,30340,31305,21431,24452,15382,19294,4484,7786,14224,13200,20077,18266,22192,21585,25886,26358,29147,30055,20772,23716,14924,18649,4308,7480,227431,213896,32520,31106,55055,52012,16030,30,39
2021-09-09T23:59:59+02:00,1615,1517,15869,14696,21413,19666,23379,22950,27131,27771,30311,31276,21422,24435,15368,19280,4482,7784,14144,13128,20005,18198,22125,21530,25837,26317,29111,30023,20756,23688,14906,18635,4306,7478,226902,213431,32489,31023,55054,51992,15893,30,39
2021-09-08T23:59:59+02:00,1577,1470,15741,14603,21343,19590,23326,22875,27081,27728,30271,31228,21405,24417,15359,19269,4481,7784,14055,13037,19922,18144,22060,21478,25790,26278,29076,29973,20737,23667,14902,18627,4305,7477,226360,213032,32419,30931,55054,51987,15688,30,39
2021-09-07T23:59:59+02:00,1564,1450,15691,14552,21289,19565,23289,22852,27054,27695,30254,31212,21394,24395,15352,19260,4479,7784,13987,12989,19859,18105,22018,21448,25753,26245,29047,29945,20725,23653,14898,18620,4304,7477,226115,212748,32414,30901,55054,51982,15521,30,39
2021-09-06T23:59:59+02:00,1551,1440,15642,14506,21269,19534,23266,22823,27029,27676,30238,31190,21384,24392,15348,19253,4479,7782,13956,12952,19840,18080,21989,21426,25733,26225,29032,29930,20717,23645,14894,18616,4304,7474,225864,212545,32414,30901,55054,51982,15443,30,39
2021-09-05T23:59:59+02:00,1530,1425,15612,14479,21251,19512,23256,22798,27020,27664,30233,31182,21379,24386,15343,19251,4479,7778,13918,12916,19810,18044,21964,21398,25714,26207,29019,29911,20713,23637,14892,18614,4304,7474,225651,212329,32407,30821,55053,51981,15440,30,39
2021-09-04T23:59:59+02:00,1530,1425,15604,14476,21237,19507,23249,22793,27014,27658,30227,31179,21378,24383,15343,19250,4479,7778,13910,12913,19796,18038,21957,21393,25708,26201,29013,29907,20712,23634,14892,18613,4304,7474,225650,212328,32407,30820,55053,51981,15372,30,39
2021-09-03T23:59:59+02:00,1527,1422,15588,14462,21204,19483,23219,22772,26990,27646,30212,31164,21371,24375,15343,19244,4479,7777,13895,12899,19770,18019,21933,21378,25691,26192,28998,29896,20706,23627,14892,18610,4304,7474,225577,212311,32406,30815,55053,51980,15214,30,39
2021-09-02T23:59:59+02:00,1511,1402,15516,14403,21158,19433,23184,22725,26949,27605,30175,31138,21358,24365,15337,19231,4477,7771,13802,12835,19725,17958,21888,21335,25649,26146,28959,29869,20694,23616,14887,18598,4303,7473,225157,211856,32401,30810,55051,51960,15101,30,39
2021-09-01T23:59:59+02:00,1460,1345,15375,14249,21041,19337,23114,22670,26882,27533,30124,31088,21340,24340,15329,19217,4474,7766,13656,12715,19603,17861,21803,21265,25591,26077,28909,29806,20669,23587,14875,18583,4299,7467,224383,211273,32375,30615,55050,51948,14848,30,39
2021-08-31T23:59:59+02:00,1436,1330,15314,14178,20977,19285,23071,22628,26832,27491,30090,31056,21328,24328,15323,19208,4474,7765,13582,12649,19555,17820,21772,21230,25558,26054,28881,29780,20663,23577,14872,18575,4298,7466,223928,210930,32374,30615,55049,51943,14735,30,39
2021-08-30T23:59:59+02:00,1413,1311,15246,14132,20929,19231,23039,22590,26795,27458,30057,31026,21316,24319,15319,19199,4472,7758,13525,12608,19510,17770,21739,21205,25528,26017,28847,29755,20652,23562,14862,18566,4297,7462,223566,210628,32374,30614,55049,51941,14593,30,39
2021-08-29T23:59:59+02:00,1397,1299,15202,14086,20891,19200,23015,22566,26777,27434,30039,31011,21312,24310,15319,19197,4472,7757,13472,12563,19488,17749,21712,21185,25507,25998,28834,29738,20644,23554,14859,18562,4295,7461,223276,210361,32373,30614,55049,51940,14558,30,39
2021-08-28T23:59:59+02:00,1397,1299,15196,14083,20880,19193,23009,22562,26774,27425,30036,31010,21311,24310,15319,19197,4472,7757,13466,12559,19477,17742,21706,21181,25504,25989,28831,29737,20643,23554,14859,18562,4295,7461,223276,210360,32373,30614,55049,51940,14504,30,39
2021-08-27T23:59:59+02:00,1388,1292,15164,14056,20852,19177,22976,22546,26749,27414,30020,30990,21305,24302,15315,19196,4469,7754,13437,12528,19440,17725,21678,21160,25476,25976,28814,29719,20637,23545,14856,18561,4294,7461,223138,210218,32373,30613,55048,51939,14378,30,39
2021-08-26T23:59:59+02:00,1375,1274,15119,14011,20805,19139,22947,22508,26716,27375,29988,30953,21290,24286,15308,19188,4466,7746,13368,12468,19364,17669,21618,21103,25420,25928,28775,29683,20624,23524,14847,18548,4293,7457,222845,209935,32354,30489,55048,51865,14219,30,39
2021-08-25T23:59:59+02:00,1330,1229,14972,13888,20693,19045,22868,22415,26637,27291,29930,30897,21269,24260,15298,19178,4462,7740,13246,12384,19280,17593,21552,21031,25350,25874,28731,29640,20597,23503,14839,18534,4292,7454,221989,209366,32339,30441,55048,51857,13999,29,37
2021-08-24T23:59:59+02:00,1306,1205,14908,13837,20651,18993,22812,22369,26602,27255,29901,30866,21253,24245,15292,19168,4461,7739,13151,12325,19219,17511,21515,20979,25306,25831,28701,29602,20579,23483,14832,18522,4290,7449,221572,208884,32309,30383,55048,51842,13907,29,33
2021-08-23T23:59:59+02:00,1288,1186,14840,13799,20612,18964,22784,22344,26567,27235,29876,30839,21234,24231,15287,19155,4460,7738,13034,12247,19157,17452,21463,20930,25266,25776,28656,29559,20560,23466,14825,18510,4287,7449,221263,208365,32293,30292,55048,51842,13808,29,33
2021-08-22T23:59:59+02:00,1279,1178,14825,13779,20596,18944,22772,22324,26552,27220,29859,30835,21227,24227,15285,19147,4458,7737,12975,12178,19105,17418,21434,20895,25245,25750,28630,29537,20552,23455,14824,18506,4287,7449,221088,208041,32274,30183,55048,51839,13807,29,33
2021-08-21T23:59:59+02:00,1279,1178,14816,13769,20584,18936,22762,22318,26548,27215,29848,30828,21227,24225,15285,19147,4458,7737,12965,12168,19094,17410,21426,20889,25239,25745,28620,29530,20552,23453,14824,18506,4287,7449,221083,208037,32274,30183,55048,51839,13728,29,33
2021-08-20T23:59:59+02:00,1272,1173,14787,13734,20549,18906,22739,22295,26522,27192,29831,30812,21224,24216,15283,19141,4458,7737,12947,12152,19070,17390,21408,20868,25225,25727,28602,29511,20548,23447,14823,18503,4287,7449,220889,207932,32274,30181,55048,51839,13633,29,33
2021-08-19T23:59:59+02:00,1254,1157,14728,13685,20510,18877,22708,22260,26499,27163,29806,30788,21213,24208,15280,19136,4457,7734,12814,12034,18982,17313,21322,20810,25154,25660,28542,29461,20527,23434,14817,18494,4285,7446,220583,207296,32242,30044,55048,51778,13563,29,33
2021-08-18T23:59:59+02:00,1231,1138,14644,13593,20396,18818,22634,22199,26433,27106,29747,30730,21188,24188,15274,19124,4455,7731,12676,11915,18845,17232,21227,20720,25067,25577,28459,29393,20494,23389,14806,18479,4284,7441,220170,206687,32224,29922,55046,51770,13162,29,33
2021-08-17T23:59:59+02:00,1220,1125,14603,13555,20353,18774,22599,22165,26399,27078,29730,30710,21176,24174,15263,19115,4451,7730,12567,11831,18763,17171,21149,20659,25015,25524,28422,29352,20475,23374,14797,18466,4282,7439,219888,206155,32189,29792,55046,51762,13070,29,32
2021-08-16T23:59:59+02:00,1208,1114,14555,13507,20317,18745,22570,22133,26378,27049,29696,30679,21163,24163,15256,19103,4449,7728,12472,11732,18672,17099,21078,20574,24951,25465,28355,29289,20452,23352,14787,18448,4281,7436,219620,205536,32187,29665,55046,51761,12933,29,31
2021-08-15T23:59:59+02:00,1198,1101,14518,13480,20289,18715,22542,22114,26365,27033,29686,30665,21158,24151,15251,19101,4448,7726,12406,11665,18619,17069,21027,20536,24915,25422,28336,29267,20442,23339,14783,18442,4279,7434,219399,205087,32187,29664,55046,51760,12882,29,31
2021-08-14T23:59:59+02:00,1198,1100,14511,13476,20280,18709,22533,22107,26351,27026,29681,30657,21155,24150,15250,19100,4448,7726,12399,11661,18609,17061,21017,20529,24901,25415,28331,29258,20439,23338,14782,18441,4279,7434,219398,205085,32187,29661,55046,51760,12800,29,31
2021-08-13T23:59:59+02:00,1195,1097,14502,13466,20266,18699,22521,22102,26344,27016,29666,30649,21146,24145,15249,19100,4448,7726,12384,11648,18598,17052,21004,20520,24895,25399,28317,29254,20433,23331,14780,18441,4279,7433,219341,205019,32187,29661,55046,51760,12736,29,31
2021-08-12T23:59:59+02:00,1175,1075,14445,13411,20225,18659,22498,22067,26316,26986,29635,30627,21134,24126,15245,19093,4448,7721,12217,11505,18460,16941,20911,20436,24815,25314,28250,29198,20412,23299,14767,18429,4276,7427,219016,204227,32175,29473,55046,51691,12622,29,31
2021-08-11T23:59:59+02:00,1159,1053,14376,13348,20183,18605,22455,22029,26283,26961,29607,30587,21121,24109,15242,19082,4445,7717,12079,11365,18375,16853,20831,20362,24766,25241,28208,29134,20380,23272,14760,18418,4274,7422,218617,203327,32102,29468,55046,51686,12570,29,31
2021-08-10T23:59:59+02:00,1144,1035,14299,13276,20128,18560,22424,21985,26252,26931,29575,30558,21107,24100,15242,19074,4444,7715,11968,11249,18278,16785,20770,20296,24715,25185,28165,29082,20353,23244,14746,18400,4273,7416,218195,202578,32070,29445,55046,51661,12511,29,31
2021-08-09T23:59:59+02:00,1127,1016,14214,13214,20047,18503,22375,21937,26200,26887,29538,30524,21089,24083,15236,19065,4439,7713,11786,11087,18106,16688,20646,20214,24619,25089,28085,29006,20317,23204,14732,18388,4270,7407,217747,201589,32050,29336,55045,51566,12338,29,30
2021-08-08T23:59:59+02:00,1113,1009,14171,13175,20026,18468,22349,21917,26185,26867,29522,30510,21082,24077,15233,19061,4438,7712,11703,11001,18018,16604,20581,20157,24556,25042,28039,28962,20295,23181,14719,18377,4270,7403,217518,200934,32018,29258,55044,51548,12308,29,30
2021-08-07T23:59:59+02:00,1113,1009,14157,13170,20016,18463,22343,21912,26173,26853,29508,30498,21080,24073,15229,19056,4437,7712,11689,10995,18001,16600,20575,20151,24543,25027,28022,28950,20293,23177,14715,18372,4269,7403,217516,200919,32018,29257,55044,51548,12197,29,30
2021-08-06T23:59:59+02:00,1113,1009,14147,13158,20003,18444,22329,21898,26151,26844,29495,30487,21077,24069,15226,19054,4437,7711,11677,10981,17979,16579,20559,20135,24522,25018,28009,28939,20290,23173,14712,18370,4269,7403,217509,200892,32014,29257,55044,51547,12058,29,30
2021-08-05T23:59:59+02:00,1101,990,14076,13116,19953,18410,22286,21855,26116,26788,29467,30463,21063,24054,15218,19046,4435,7708,11503,10873,17867,16480,20448,20036,24417,24928,27940,28890,20264,23149,14701,18356,4266,7401,217196,200107,31970,29165,55041,51410,11911,29,30
2021-08-04T23:59:59+02:00,1085,973,14011,13046,19851,18326,22219,21796,26076,26746,29418,30416,21040,24036,15208,19033,4435,7705,11317,10698,17637,16340,20273,19909,24299,24804,27832,28793,20236,23116,14688,18344,4263,7399,216929,199061,31808,29105,55040,51167,11617,28,30
2021-08-03T23:59:59+02:00,1061,955,13941,12985,19814,18277,22185,21755,26041,26704,29384,30387,21024,24012,15198,19019,4432,7695,11133,10524,17464,16213,20134,19777,24151,24682,27713,28686,20193,23069,14671,18312,4261,7393,216552,197627,31781,29071,55040,51112,11470,28,30
2021-08-02T23:59:59+02:00,1037,935,13855,12918,19757,18219,22134,21715,25987,26644,29332,30337,20993,23981,15188,18999,4429,7693,10964,10355,17292,16088,19987,19664,24034,24567,27626,28585,20147,23016,14652,18293,4258,7383,216072,196437,31750,29021,55040,51036,11265,28,30
2021-08-01T23:59:59+02:00,1027,920,13794,12871,19721,18202,22115,21694,25962,26623,29313,30320,20984,23969,15184,18992,4429,7692,10819,10209,17131,15979,19837,19555,23890,24461,27518,28505,20133,22992,14644,18279,4258,7379,215836,195546,31700,28929,55040,50686,11209,28,30
2021-07-31T23:59:59+02:00,1027,920,13769,12862,19703,18194,22098,21683,25949,26611,29305,30309,20982,23964,15183,18991,4428,7692,10793,10197,17110,15966,19819,19542,23878,24449,27510,28494,20131,22987,14643,18278,4257,7379,215832,195527,31700,28929,55040,50686,11071,28,30
2021-07-30T23:59:59+02:00,1019,910,13709,12817,19658,18172,22068,21664,25919,26589,29277,30291,20975,23956,15177,18989,4426,7691,10707,10124,17046,15923,19760,19507,23811,24408,27462,28469,20116,22965,14634,18274,4254,7377,215653,195140,31698,28929,55040,50620,10889,28,30
2021-07-29T23:59:59+02:00,995,892,13604,12731,19594,18111,21995,21610,25868,26533,29225,30254,20957,23946,15170,18982,4426,7689,10440,9866,16746,15678,19465,19290,23510,24179,27211,28306,20061,22909,14622,18253,4254,7376,215210,193392,31626,28819,55040,49932,10679,28,30
2021-07-28T23:59:59+02:00,967,862,13473,12603,19468,18002,21909,21527,25788,26454,29150,30186,20934,23910,15157,18970,4424,7687,10150,9664,16485,15489,19204,19101,23282,23988,27056,28162,20013,22836,14603,18230,4251,7371,214560,192057,31591,28735,55036,49417,10257,28,30
2021-07-27T23:59:59+02:00,936,841,13355,12509,19403,17942,21843,21474,25722,26396,29110,30141,20919,23890,15152,18950,4423,7681,9894,9453,16233,15261,18977,18915,23089,23815,26892,28025,19971,22783,14581,18203,4245,7362,213965,190395,31536,28577,55035,49080,10125,27,30
2021-07-26T23:59:59+02:00,911,823,13250,12415,19351,17885,21769,21410,25673,26363,29055,30081,20890,23867,15134,18931,4423,7677,9658,9204,15994,15059,18729,18714,22863,23648,26741,27898,19900,22723,14553,18167,4240,7356,213362,188646,31464,28477,55034,48702,10023,26,30
2021-07-25T23:59:59+02:00,892,812,13175,12343,19272,17836,21712,21358,25633,26315,29018,30035,20873,23851,15127,18925,4420,7676,9473,9062,15793,14909,18526,18573,22694,23537,26592,27778,19850,22675,14537,18154,4237,7353,213061,187738,31402,28325,55034,48287,9751,26,30
2021-07-24T23:59:59+02:00,892,812,13165,12334,19262,17830,21701,21353,25618,26308,29013,30029,20869,23850,15126,18924,4420,7676,9463,9048,15783,14902,18513,18567,22677,23528,26586,27770,19847,22672,14536,18153,4237,7353,213058,187721,31402,28322,55034,48287,9663,26,30
2021-07-23T23:59:59+02:00,884,811,13100,12297,19185,17796,21661,21320,25582,26268,28980,29993,20855,23834,15118,18920,4418,7673,9412,9020,15700,14858,18459,18527,22626,23486,26542,27731,19831,22656,14529,18147,4235,7350,212931,187559,31401,28317,55034,48286,9304,26,30
2021-07-22T23:59:59+02:00,872,797,13005,12215,19126,17729,21616,21290,25533,26221,28956,29971,20842,23816,15116,18914,4415,7671,9094,8746,15298,14611,18096,18272,22295,23239,26336,27596,19774,22600,14516,18125,4232,7345,212464,185733,31316,28064,55031,47369,9269,26,30
2021-07-21T23:59:59+02:00,850,770,12803,12049,18977,17606,21482,21191,25427,26118,28879,29900,20800,23781,15099,18891,4411,7666,8716,8431,14865,14282,17717,17998,21938,22907,26063,27385,19681,22512,14490,18087,4229,7336,211838,183828,31207,27713,55028,46710,8602,26,30
2021-07-20T23:59:59+02:00,820,745,12654,11915,18867,17522,21412,21115,25365,26052,28841,29849,20775,23748,15091,18875,4408,7663,8387,8120,14396,13943,17336,17726,21634,22678,25819,27199,19600,22403,14461,18052,4227,7330,211155,181673,31097,27550,55024,45832,8416,26,29
2021-07-19T23:59:59+02:00,791,718,12533,11796,18776,17449,21350,21056,25311,25998,28791,29812,20750,23719,15081,18861,4404,7657,8061,7866,14030,13688,16989,17477,21307,22476,25592,27057,19531,22327,14439,18030,4221,7324,210434,179632,30991,27391,55024,45122,8379,26,29
2021-07-18T23:59:59+02:00,773,699,12420,11688,18677,17370,21283,21003,25255,25945,28754,29758,20728,23699,15069,18850,4402,7655,7891,7713,13874,13565,16838,17355,21145,22364,25462,26976,19491,22287,14425,18014,4221,7321,209850,178696,30842,27287,55024,44757,8287,26,29
2021-07-17T23:59:59+02:00,773,699,12417,11688,18676,17367,21283,21003,25255,25945,28754,29758,20728,23699,15069,18850,4402,7655,7884,7712,13870,13560,16837,17354,21144,22363,25461,26974,19490,22287,14425,18014,4221,7321,209846,178676,30842,27286,55024,44756,8284,26,29
2021-07-16T23:59:59+02:00,766,694,12345,11634,18635,17335,21248,20976,25222,25922,28728,29739,20726,23696,15069,18848,4402,7655,7732,7611,13717,13489,16693,17295,21006,22304,25354,26926,19472,22268,14424,18008,4221,7318,209638,178228,30842,27213,55024,44364,8111,26,29
2021-07-15T23:59:59+02:00,751,674,12272,11564,18571,17277,21192,20928,25174,25881,28700,29711,20711,23679,15064,18839,4401,7652,7388,7296,13109,13083,16026,16872,20369,21934,24898,26614,19326,22128,14381,17962,4218,7311,209158,175996,30756,26315,55017,42592,8085,26,29
2021-07-14T23:59:59+02:00,722,654,12059,11427,18398,17167,21070,20830,25070,25777,28610,29610,20677,23646,15045,18823,4398,7649,6972,6941,12445,12630,15335,16384,19736,21476,24434,26271,19108,21902,14349,17914,4210,7300,208339,173172,30590,25979,55014,40646,7664,26,29
2021-07-13T23:59:59+02:00,678,619,11921,11295,18277,17084,20959,20735,24973,25681,28540,29544,20648,23607,15025,18813,4396,7639,6510,6518,11811,12130,14641,15879,19131,21064,23993,25944,18931,21687,14305,17852,4206,7291,207321,169507,30452,25808,55004,38982,7632,26,26
2021-07-12T23:59:59+02:00,644,588,11796,11157,18162,16994,20867,20628,24872,25581,28458,29477,20622,23573,15017,18801,4391,7632,6094,6104,11207,11594,14016,15341,18576,20573,23575,25582,18734,21497,14240,17794,4197,7287,206302,165821,30323,24982,55001,38025,7609,26,26
2021-07-11T23:59:59+02:00,608,561,11681,11065,18098,16932,20810,20571,24818,25534,28401,29429,20603,23553,15008,18792,4391,7631,5905,5936,10953,11392,13785,15141,18330,20384,23366,25397,18662,21415,14213,17768,4196,7281,205664,164433,30204,24516,54999,37601,7596,24,26
2021-07-10T23:59:59+02:00,607,560,11674,11064,18094,16930,20806,20570,24815,25533,28400,29429,20603,23553,15007,18790,4391,7631,5898,5935,10948,11385,13775,15137,18329,20382,23364,25395,18660,21414,14212,17768,4196,7281,205644,164403,30202,24515,54999,37594,7589,24,26
2021-07-09T23:59:59+02:00,579,537,11564,10939,18020,16846,20736,20509,24741,25457,28350,29384,20580,23533,15004,18780,4391,7630,5864,5902,10919,11351,13724,15116,18298,20350,23345,25373,18655,21404,14210,17765,4196,7280,204776,164168,30201,24465,54999,37559,7581,24,26
2021-07-08T23:59:59+02:00,544,509,11400,10804,17895,16741,20600,20407,24635,25329,28232,29306,20536,23483,14988,18751,4388,7622,5520,5645,10403,10955,13102,14666,17633,19790,22737,24907,18339,21014,14114,17682,4191,7270,204007,161858,30175,23657,54970,35474,6995,24,25
2021-07-07T23:59:59+02:00,484,456,11231,10659,17812,16654,20530,20339,24562,25251,28171,29242,20508,23447,14983,18739,4386,7614,5213,5352,9875,10503,12522,14185,16952,19269,22171,24408,18025,20649,14012,17585,4184,7247,202993,159396,30151,22191,54953,33628,6948,24,25
2021-07-06T23:59:59+02:00,443,422,11107,10509,17701,16561,20437,20236,24483,25158,28080,29163,20482,23408,14974,18722,4384,7611,4814,4924,9276,9988,11809,13583,16243,18655,21656,23913,17706,20344,13911,17469,4175,7237,201859,155207,30144,21250,54944,32333,6911,24,25
2021-07-05T23:59:59+02:00,421,395,11017,10420,17610,16490,20356,20164,24422,25107,28039,29126,20458,23387,14962,18714,4383,7608,4526,4603,8778,9537,11249,13029,15534,18011,21035,23304,17313,19948,13778,17311,4167,7229,201118,151312,30141,20569,54935,30603,6862,24,25
2021-07-04T23:59:59+02:00,408,389,10941,10365,17545,16436,20306,20114,24391,25071,28023,29108,20449,23376,14957,18711,4382,7607,4380,4512,8650,9371,11057,12854,15292,17801,20769,23032,17040,19657,13718,17219,4163,7225,200638,149997,30135,20264,54934,29624,6849,24,25
2021-07-03T23:59:59+02:00,406,388,10934,10354,17535,16430,20304,20111,24389,25071,28020,29107,20449,23375,14957,18711,4382,7607,4376,4505,8643,9367,11054,12854,15288,17801,20766,23029,17040,19654,13718,17219,4163,7225,200610,149984,30133,20264,54934,29618,6830,24,25
2021-07-02T23:59:59+02:00,363,325,10789,10244,17419,16328,20200,20035,24316,25006,27957,29048,20423,23349,14951,18697,4382,7604,4289,4424,8481,9230,10918,12742,15165,17694,20655,22925,16998,19624,13711,17204,4163,7222,199725,148995,30133,20263,54934,29560,6621,24,25
2021-07-01T23:59:59+02:00,316,282,10655,10109,17292,16234,20077,19946,24232,24931,27893,28996,20403,23325,14935,18682,4379,7600,4085,4223,8181,8892,10549,12331,14596,17194,20146,22387,16710,19325,13503,16990,4153,7200,198651,145937,30075,19579,54928,28331,6610,24,25
2021-06-30T23:59:59+02:00,233,220,10400,9871,17118,16083,19943,19815,24116,24807,27814,28908,20381,23293,14916,18664,4378,7599,3888,4028,7879,8555,10141,11869,14108,16638,19574,21753,16388,18983,13230,16712,4140,7173,197000,142262,30020,19328,54920,26864,6596,24,25
2021-06-29T23:59:59+02:00,189,183,10252,9695,16982,15988,19840,19723,24047,24731,27756,28840,20354,23266,14902,18644,4378,7595,3686,3768,7479,8103,9667,11332,13454,15968,18960,21049,16070,18656,12983,16422,4133,7159,195849,137975,30015,19029,54916,25312,6563,23,25
2021-06-28T23:59:59+02:00,140,131,10059,9513,16855,15882,19735,19619,23953,24637,27688,28778,20324,23236,14888,18626,4376,7593,3485,3513,7078,7659,9232,10839,12905,15430,18462,20531,15819,18390,12864,16289,4127,7148,194666,134138,29902,18606,54913,24485,6530,23,25
2021-06-27T23:59:59+02:00,122,114,9920,9401,16795,15822,19674,19568,23895,24587,27661,28754,20311,23220,14885,18622,4375,7590,3394,3446,6901,7464,9042,10640,12676,15190,18200,20272,15696,18285,12799,16202,4127,7144,194033,132945,29842,18258,54907,23751,6512,23,25
2021-06-26T23:59:59+02:00,122,114,9919,9397,16793,15818,19671,19567,23893,24586,27661,28754,20311,23220,14885,18622,4375,7590,3392,3446,6898,7463,9039,10639,12673,15187,18198,20271,15693,18284,12799,16201,4127,7144,194016,132925,29841,18258,54907,23747,6512,23,25
2021-06-25T23:59:59+02:00,118,111,9872,9357,16755,15785,19637,19537,23857,24558,27637,28736,20305,23213,14883,18619,4375,7590,3371,3400,6824,7353,8942,10484,12558,14991,18053,20063,15669,18255,12791,16198,4126,7143,193697,132743,29807,17904,54907,23050,6512,23,25
2021-06-24T23:59:59+02:00,108,100,9743,9234,16569,15657,19502,19413,23735,24469,27579,28675,20291,23197,14876,18610,4374,7588,3244,3255,6606,7023,8630,10030,12024,14368,17499,19357,15444,18023,12644,16067,4123,7131,192857,130342,29462,17044,54906,21596,6473,23,25
2021-06-23T23:59:59+02:00,102,95,9614,9096,16426,15532,19385,19308,23638,24364,27513,28628,20276,23175,14872,18605,4371,7587,3039,3018,6252,6540,8129,9462,11320,13545,16736,18376,15148,17682,12494,15925,4113,7106,191938,125789,29295,16071,54895,20576,6436,23,25
2021-06-22T23:59:59+02:00,71,69,9325,8791,16193,15330,19199,19157,23494,24239,27441,28544,20252,23150,14864,18586,4367,7581,2805,2735,5767,5991,7505,8699,10407,12503,15716,17174,14852,17324,12387,15801,4100,7083,190251,119358,29087,15579,54891,19501,6403,21,20
2021-06-21T23:59:59+02:00,67,62,9199,8634,16021,15180,19009,19004,23364,24116,27380,28465,20228,23122,14859,18576,4367,7577,2659,2546,5386,5526,7042,8114,9677,11625,14986,16240,14573,17011,12280,15680,4095,7066,189055,114654,28865,15019,54888,18424,6401,21,20
2021-06-20T23:59:59+02:00,64,61,9062,8505,15884,15062,18898,18916,23291,24045,27340,28414,20217,23101,14848,18569,4364,7576,2600,2478,5214,5344,6828,7848,9370,11293,14620,15837,14438,16877,12240,15643,4090,7060,188165,112949,28747,14786,54887,17640,6397,21,20
2021-06-19T23:59:59+02:00,64,61,9061,8500,15881,15053,18896,18916,23289,24044,27340,28413,20217,23101,14848,18569,4364,7576,2597,2477,5213,5339,6827,7847,9370,11292,14618,15833,14436,16877,12240,15643,4090,7060,188144,112931,28745,14784,54886,17639,6397,21,20
2021-06-18T23:59:59+02:00,64,57,9030,8488,15868,15044,18881,18908,23282,24035,27334,28408,20217,23098,14847,18569,4364,7576,2568,2444,5158,5280,6749,7747,9271,11136,14447,15605,14357,16776,12229,15621,4088,7057,188023,112146,28744,14783,54885,17199,6397,21,20
2021-06-17T23:59:59+02:00,57,54,8848,8326,15632,14876,18682,18750,23126,23904,27198,28315,20193,23077,14840,18557,4362,7573,2428,2296,4833,4980,6362,7344,8723,10533,13619,14733,14120,16483,12156,15499,4084,7046,186683,109281,28739,13826,54878,16075,6049,21,20
2021-06-16T23:59:59+02:00,49,52,8622,8110,15401,14649,18471,18550,22935,23735,27092,28205,20164,23034,14826,18537,4358,7567,2313,2187,4592,4777,6009,7001,8195,10048,12901,13894,13770,16100,12071,15410,4079,7034,184899,105830,28639,13026,54875,15594,5923,21,20
2021-06-15T23:59:59+02:00,40,39,8277,7776,15024,14290,18149,18262,22683,23524,26933,28071,20134,23000,14813,18521,4356,7556,2131,2017,4242,4429,5503,6439,7314,9157,11709,12618,13229,15482,11950,15247,4064,7011,182301,99594,28603,12361,54873,14929,5650,21,20
2021-06-14T23:59:59+02:00,34,34,8098,7607,14765,14057,17946,18089,22532,23403,26821,27989,20113,22967,14800,18513,4352,7548,2016,1892,3985,4179,5118,5969,6657,8435,10784,11563,12913,15134,11879,15153,4054,6992,180719,94757,28579,12001,54871,14477,5478,21,20
2021-06-13T23:59:59+02:00,34,34,8024,7551,14681,13968,17830,17978,22451,23324,26792,27959,20100,22956,14796,18507,4352,7548,1972,1865,3903,4082,5000,5829,6424,8195,10489,11229,12756,14956,11821,15097,4053,6991,179961,93376,28569,11709,54867,14098,5467,21,20
2021-06-12T23:59:59+02:00,34,34,8023,7550,14681,13967,17830,17978,22449,23323,26791,27956,20100,22955,14796,18507,4352,7548,1971,1863,3901,4082,4998,5828,6421,8191,10486,11223,12753,14955,11821,15095,4053,6991,179950,93355,28569,11709,54867,14089,5467,21,20
2021-06-11T23:59:59+02:00,34,33,7957,7509,14592,13920,17754,17928,22380,23289,26747,27933,20098,22951,14796,18506,4352,7548,1955,1851,3865,4024,4955,5761,6360,8109,10386,11118,12713,14920,11810,15089,4053,6991,179613,93137,28492,11703,54866,13773,5335,21,20
2021-06-10T23:59:59+02:00,29,26,7618,7214,14197,13556,17321,17553,22049,23007,26551,27752,20054,22906,14783,18488,4349,7536,1854,1769,3649,3859,4680,5487,6036,7741,9768,10507,12194,14260,11741,14981,4045,6984,177016,89975,27999,11323,54853,13144,5100,21,19
2021-06-09T23:59:59+02:00,28,23,7251,6866,13737,13120,16806,17087,21659,22638,26336,27538,19981,22836,14765,18453,4346,7528,1688,1654,3454,3680,4425,5219,5650,7333,8991,9788,11529,13424,11622,14841,4035,6972,173774,85722,27457,10688,54841,12977,4905,21,19
2021-06-08T23:59:59+02:00,23,19,6876,6463,13223,12632,16339,16618,21302,22298,26120,27335,19924,22757,14734,18418,4343,7521,1596,1579,3234,3449,4106,4868,5143,6845,8105,8866,10644,12347,11478,14683,4031,6957,170364,80067,26967,10392,54832,12699,4761,21,18
2021-06-07T23:59:59+02:00,20,16,6600,6178,12789,12258,15941,16219,20975,22001,25958,27179,19887,22703,14713,18398,4336,7515,1535,1508,3042,3277,3831,4639,4741,6468,7391,8112,9732,11200,11366,14537,4020,6939,167800,75323,26546,10020,54812,12476,4507,21,18
2021-06-06T23:59:59+02:00,20,16,6459,6047,12647,12105,15779,16062,20811,21839,25872,27092,19867,22666,14702,18388,4335,7511,1520,1486,2969,3236,3737,4573,4635,6389,7249,7983,9475,10931,11320,14487,4017,6934,166575,74641,26442,9596,54791,12303,4389,21,18
2021-06-05T23:59:59+02:00,20,16,6450,6043,12633,12092,15769,16053,20808,21834,25872,27089,19867,22666,14702,18388,4335,7511,1518,1484,2966,3235,3736,4572,4632,6389,7244,7978,9468,10926,11320,14487,4017,6934,166516,74612,26431,9594,54791,12299,4389,21,18
2021-06-04T23:59:59+02:00,20,16,6418,6003,12574,12043,15709,16004,20780,21803,25853,27072,19863,22660,14699,18388,4335,7511,1517,1478,2954,3223,3717,4558,4622,6375,7207,7935,9436,10856,11282,14446,4016,6933,166418,74336,26173,9581,54767,12254,4372,21,18
2021-06-03T23:59:59+02:00,20,15,6184,5781,12274,11793,15386,15694,20448,21465,25596,26860,19817,22586,14679,18368,4334,7507,1475,1435,2881,3157,3620,4480,4513,6276,7007,7754,9059,10408,11230,14372,4016,6928,163936,73038,25926,9286,54765,12115,4159,21,18
2021-06-02T23:59:59+02:00,20,15,6121,5720,12203,11729,15313,15627,20376,21404,25579,26836,19813,22583,14676,18365,4333,7506,1461,1425,2864,3145,3603,4465,4478,6259,6972,7716,8978,10298,11221,14347,4015,6927,163585,72675,25742,9277,54764,12105,4107,21,15
2021-06-01T23:59:59+02:00,16,15,5667,5225,11468,11030,14487,14895,19657,20739,25169,26454,19723,22493,14642,18318,4325,7498,1347,1317,2566,2875,3224,4131,3990,5799,6144,6913,7788,8673,10977,14000,4001,6910,158549,67268,25092,8370,54736,11586,3423,21,13
2021-05-31T23:59:59+02:00,14,15,5418,4928,11026,10604,13960,14402,19179,20242,24862,26114,19630,22407,14603,18272,4316,7482,1287,1262,2412,2740,3021,3962,3706,5506,5586,6381,6772,7387,10733,13680,3992,6876,155087,63231,24397,7447,54731,11379,3238,21,13
2021-05-30T23:59:59+02:00,14,15,5339,4852,10841,10482,13795,14224,18830,19920,24619,25865,19599,22377,14595,18252,4315,7480,1267,1248,2385,2707,2973,3916,3638,5450,5483,6293,6599,7157,10696,13605,3990,6866,153592,62495,23893,7385,54704,11181,3204,21,13
2021-05-29T23:59:59+02:00,14,15,5336,4852,10841,10478,13790,14221,18830,19919,24618,25863,19599,22377,14595,18252,4315,7480,1266,1244,2384,2704,2971,3913,3638,5448,5482,6291,6594,7154,10696,13605,3990,6866,153574,62485,23893,7382,54703,11167,3204,21,13
2021-05-28T23:59:59+02:00,14,15,5320,4838,10820,10440,13765,14202,18813,19902,24610,25853,19598,22376,14593,18249,4315,7479,1261,1244,2383,2697,2970,3911,3632,5442,5468,6275,6578,7137,10687,13583,3989,6862,153389,62381,23891,7382,54699,11146,3202,21,13
2021-05-27T23:59:59+02:00,11,14,5028,4555,10297,9984,13178,13671,18123,19288,24028,25316,19499,22261,14560,18203,4304,7467,1098,1104,2099,2504,2671,3619,3337,5086,5137,5995,6278,6720,10458,13300,3984,6846,150127,60525,22898,7346,54593,10209,2148,21,12
2021-05-26T23:59:59+02:00,11,14,4765,4299,9859,9603,12660,13151,17509,18678,23394,24639,19374,22112,14513,18148,4298,7450,1019,1024,1940,2351,2471,3422,3075,4842,4749,5643,5721,6071,10085,12766,3968,6810,146024,57379,22138,7308,54471,9439,1823,21,12
2021-05-25T23:59:59+02:00,11,13,4550,4069,9448,9129,12199,12644,16971,18099,22873,24000,19242,21940,14482,18069,4289,7436,970,980,1878,2261,2362,3286,2903,4638,4403,5267,5138,5339,9633,12166,3952,6785,141976,53825,21303,7293,54343,9014,1821,21,12
2021-05-24T23:59:59+02:00,11,13,4438,3912,9238,8924,11995,12384,16669,17777,22544,23597,19166,21861,14467,18049,4287,7435,954,932,1818,2220,2288,3225,2817,4557,4281,5151,4993,5179,9542,12039,3949,6777,140471,53117,20342,7240,54166,8590,1767,21,12
2021-05-23T23:59:59+02:00,11,13,4427,3911,9232,8921,11983,12374,16658,17770,22528,23576,19161,21856,14466,18047,4287,7435,953,927,1816,2215,2283,3223,2810,4553,4274,5134,4985,5165,9535,12026,3948,6776,140364,53037,20339,7227,54165,8584,1767,21,12
2021-05-22T23:59:59+02:00,11,13,4423,3908,9228,8917,11975,12368,16654,17766,22526,23574,19161,21856,14466,18047,4287,7435,953,927,1815,2213,2280,3223,2809,4553,4274,5132,4983,5164,9534,12026,3948,6776,140335,53031,20339,7227,54153,8577,1767,21,12
2021-05-21T23:59:59+02:00,11,13,4392,3869,9156,8841,11902,12281,16563,17691,22463,23506,19141,21838,14462,18040,4287,7433,908,917,1783,2202,2248,3214,2779,4528,4226,5103,4959,5140,9521,12019,3947,6775,139678,52964,20339,7227,54134,8353,1717,21,12
2021-05-20T23:59:59+02:00,8,12,4138,3689,8709,8485,11419,11867,15892,17188,21882,22927,18956,21670,14430,18000,4282,7422,761,853,1527,2043,2005,3057,2537,4309,3975,4870,4802,4977,9406,11875,3939,6751,136280,52236,19965,7128,53717,7322,993,21,12
2021-05-19T23:59:59+02:00,8,12,3895,3448,8216,8023,10839,11322,15220,16481,21206,22204,18755,21439,14389,17950,4276,7404,712,807,1467,1963,1928,2957,2471,4183,3834,4712,4627,4764,9203,11645,3919,6722,130889,51159,19782,6995,53420,6777,975,21,12
2021-05-18T23:59:59+02:00,7,11,3607,3186,7669,7485,10111,10623,14259,15543,20263,21147,18495,21155,14334,17890,4270,7382,657,758,1413,1876,1853,2846,2341,4043,3658,4510,4356,4472,9000,11395,3906,6695,123845,49927,19686,6794,52982,6147,903,21,12
2021-05-17T23:59:59+02:00,7,11,3416,2979,7211,7016,9606,10082,13530,14754,19576,20347,18309,20893,14287,17824,4260,7367,601,703,1332,1813,1778,2765,2231,3968,3522,4397,4110,4241,8856,11182,3893,6666,118604,49125,19446,6581,52517,5457,887,21,12
2021-05-16T23:59:59+02:00,7,10,3286,2906,7004,6839,9403,9867,13276,14519,19347,20118,18232,20814,14273,17805,4259,7361,588,657,1293,1765,1733,2704,2194,3875,3457,4314,4019,4140,8835,11154,3891,6664,116981,48980,19206,6413,52235,4999,883,21,12
2021-05-15T23:59:59+02:00,7,10,3285,2903,6998,6831,9401,9861,13273,14517,19344,20108,18230,20813,14273,17805,4259,7361,588,657,1291,1764,1730,2703,2192,3875,3456,4314,4017,4138,8835,11154,3891,6664,116937,48972,19206,6412,52233,4995,882,21,12
2021-05-14T23:59:59+02:00,7,10,3244,2859,6885,6687,9271,9723,13123,14335,19172,19973,18206,20788,14272,17797,4258,7358,568,644,1270,1743,1701,2681,2158,3849,3412,4276,3967,4084,8828,11147,3891,6663,116531,48933,18457,6261,52149,4870,810,21,12
2021-05-13T23:59:59+02:00,7,10,3125,2697,6557,6368,8835,9325,12576,13854,18569,19376,18078,20644,14239,17761,4253,7356,536,619,1216,1687,1644,2607,2071,3743,3264,4156,3863,3947,8805,11127,3888,6659,113651,48837,17760,5871,51544,4461,655,20,10
2021-05-12T23:59:59+02:00,7,10,3098,2667,6524,6330,8786,9272,12437,13741,18385,19172,18045,20610,14231,17751,4253,7356,535,617,1215,1684,1639,2604,2062,3737,3250,4148,3850,3933,8797,11121,3888,6658,112940,48810,17535,5844,51526,4422,654,20,10
2021-05-11T23:59:59+02:00,5,10,2708,2409,5725,5834,7817,8461,11044,12574,16819,17697,17540,20047,14147,17646,4234,7333,499,557,1088,1579,1476,2448,1875,3558,3029,3886,3743,3819,8728,11028,3884,6653,105539,48579,16911,5648,49452,3486,129,19,10
2021-05-10T23:59:59+02:00,5,8,2521,2242,5252,5455,7125,7838,10017,11658,15525,16325,17161,19596,14084,17532,4226,7309,474,531,1046,1540,1433,2397,1816,3455,2909,3755,3661,3746,8689,10980,3880,6649,99735,48463,16002,5419,47995,2943,128,19,10
2021-05-09T23:59:59+02:00,5,8,2438,2211,5115,5371,6938,7719,9607,11321,14979,15798,17042,19456,14064,17504,4223,7304,458,513,1014,1483,1362,2313,1758,3333,2797,3601,3575,3654,8666,10948,3877,6646,98161,48378,15414,5149,47383,2337,126,19,10
2021-05-08T23:59:59+02:00,5,8,2434,2210,5114,5371,6938,7717,9603,11317,14978,15797,17042,19456,14064,17504,4223,7304,457,512,1013,1483,1362,2312,1758,3333,2796,3600,3573,3654,8666,10948,3877,6646,98146,48373,15413,5149,47381,2334,126,19,10
2021-05-07T23:59:59+02:00,5,8,2262,2148,4843,5276,6574,7564,9154,11103,14535,15477,16865,19254,14052,17475,4223,7302,445,510,1002,1471,1347,2297,1723,3323,2747,3565,3527,3614,8587,10867,3877,6643,97440,48350,14895,4800,45645,2266,121,19,10
2021-05-06T23:59:59+02:00,5,8,2028,2016,4294,4929,5921,7189,8386,10545,13560,14655,16467,18803,14003,17381,4211,7289,416,462,961,1371,1260,2134,1617,3099,2526,3282,3350,3414,8408,10674,3868,6629,94861,47910,13658,4194,43101,1307,52,18,10
2021-05-05T23:59:59+02:00,5,8,1905,1906,4012,4706,5490,6818,7691,9956,12444,13597,15790,17966,13899,17280,4202,7265,408,450,948,1344,1232,2092,1582,3023,2466,3198,3299,3374,8329,10577,3862,6619,90450,47779,12336,4045,42099,934,37,18,10
2021-05-04T23:59:59+02:00,5,8,1818,1820,3745,4470,5083,6462,7029,9382,11224,12354,14871,16838,13790,17143,4198,7251,403,440,929,1324,1214,2050,1564,2985,2422,3143,3255,3327,8240,10466,3856,6605,84641,47641,11698,3845,41111,705,24,17,10
2021-05-03T23:59:59+02:00,4,8,1766,1767,3593,4344,4852,6250,6645,9051,10495,11618,14145,15859,13702,17028,4189,7234,397,430,925,1310,1200,2017,1543,2943,2389,3098,3202,3287,8125,10364,3851,6599,80208,47513,11494,3624,40811,516,20,17,9
2021-05-02T23:59:59+02:00,4,8,1756,1748,3519,4319,4770,6197,6575,8991,10377,11503,13958,15665,13670,17001,4188,7229,395,422,919,1295,1197,2000,1540,2930,2373,3081,3187,3270,8088,10332,3850,6595,79648,47494,11218,3526,40579,431,16,17,9
2021-05-01T23:59:59+02:00,4,8,1753,1748,3518,4318,4769,6196,6572,8990,10372,11499,13955,15665,13669,17000,4188,7226,394,422,919,1295,1196,1999,1540,2930,2373,3081,3187,3270,8088,10332,3850,6594,79622,47491,11218,3526,40578,431,15,17,9
2021-04-30T23:59:59+02:00,4,8,1751,1741,3512,4309,4762,6184,6551,8975,10334,11461,13904,15591,13643,16969,4187,7225,394,420,917,1293,1196,1999,1540,2930,2371,3080,3187,3268,8087,10330,3850,6594,79295,47484,11218,3525,40568,426,14,16,9
2021-04-29T23:59:59+02:00,4,7,1626,1700,3271,4194,4486,6031,6234,8724,9919,11069,13320,14887,13539,16813,4181,7217,385,409,908,1272,1176,1965,1515,2894,2342,3032,3173,3257,8074,10312,3847,6590,76510,47368,10833,3523,39852,240,13,14,9
2021-04-28T23:59:59+02:00,4,7,1501,1653,3098,4094,4251,5851,5877,8450,9331,10577,12443,13704,13382,16604,4172,7203,376,399,891,1259,1160,1936,1478,2850,2272,2963,3020,3124,7961,10196,3840,6579,72012,46950,10647,3110,39518,226,11,14,9
2021-04-27T23:59:59+02:00,4,7,1463,1610,2989,3974,4047,5709,5570,8191,8711,9907,11405,12392,13152,16247,4161,7181,364,384,882,1238,1145,1901,1451,2777,2226,2902,2981,3079,7934,10164,3833,6574,67204,46735,10459,2936,39033,146,11,13,9
2021-04-26T23:59:59+02:00,4,7,1438,1576,2876,3896,3875,5565,5259,7977,8219,9466,10650,11465,13008,16043,4150,7163,363,379,872,1228,1128,1890,1421,2756,2197,2871,2931,3027,7884,10114,3827,6569,63789,46632,10269,2682,38555,125,11,13,9
2021-04-25T23:59:59+02:00,4,7,1427,1570,2809,3865,3778,5506,5123,7930,8024,9361,10454,11231,12971,15989,4149,7158,362,374,863,1222,1110,1876,1406,2737,2174,2844,2889,2994,7836,10066,3826,6564,63286,46552,10068,2474,37978,99,11,13,9
2021-04-24T23:59:59+02:00,4,7,1426,1570,2809,3863,3777,5505,5121,7928,8020,9357,10447,11228,12971,15989,4149,7158,362,374,863,1222,1110,1873,1404,2736,2173,2844,2889,2994,7836,10066,3826,6564,63260,46547,10068,2473,37977,98,11,13,9
2021-04-23T23:59:59+02:00,4,7,1409,1559,2742,3828,3694,5475,5003,7880,7886,9297,10361,11117,12947,15948,4147,7154,361,374,862,1219,1110,1873,1403,2736,2173,2844,2889,2994,7835,10066,3826,6564,63129,46542,9787,2472,37518,97,11,13,9
2021-04-22T23:59:59+02:00,4,7,1367,1528,2634,3762,3534,5370,4770,7726,7533,9062,9788,10423,12680,15649,4141,7130,355,373,854,1210,1100,1860,1392,2710,2146,2823,2853,2961,7745,9957,3814,6548,61502,46132,9128,2463,36454,88,11,13,9
2021-04-21T23:59:59+02:00,4,7,1334,1491,2554,3686,3415,5267,4552,7546,7124,8734,8899,9391,12265,15070,4128,7088,350,371,849,1193,1091,1839,1374,2680,2116,2795,2794,2905,7630,9792,3796,6520,58772,45651,8259,2338,35500,88,11,13,9
2021-04-20T23:59:59+02:00,4,7,1312,1465,2484,3611,3315,5170,4378,7363,6738,8402,8006,8263,11799,14480,4114,7074,344,366,837,1180,1081,1817,1350,2657,2083,2752,2733,2848,7480,9605,3764,6464,55917,44929,7494,2332,34552,83,10,12,9
2021-04-19T23:59:59+02:00,4,7,1295,1449,2448,3574,3254,5103,4271,7261,6499,8169,7372,7488,11546,14123,4103,7056,342,364,833,1170,1075,1805,1327,2644,2049,2726,2678,2804,7364,9439,3741,6425,53966,44371,7121,2318,33913,80,10,12,9
2021-04-18T23:59:59+02:00,4,6,1285,1437,2417,3550,3213,5082,4217,7205,6363,8040,7019,7101,11454,14020,4100,7044,342,363,831,1166,1074,1798,1325,2631,2043,2721,2672,2790,7337,9407,3739,6421,53451,44247,6663,2316,33421,80,10,12,9
2021-04-17T23:59:59+02:00,4,6,1284,1435,2417,3549,3212,5078,4212,7202,6356,8030,7005,7091,11452,14018,4100,7044,342,363,830,1165,1074,1798,1323,2630,2042,2719,2669,2788,7336,9407,3739,6421,53429,44234,6661,2315,33383,80,10,12,9
2021-04-16T23:59:59+02:00,4,6,1281,1434,2406,3541,3204,5070,4193,7184,6305,7997,6929,7006,11440,14004,4098,7042,342,362,826,1163,1072,1798,1321,2629,2039,2719,2668,2781,7334,9405,3738,6421,53373,44210,6424,2311,33325,80,10,12,9
2021-04-15T23:59:59+02:00,2,4,1245,1413,2352,3492,3109,5011,4032,7056,6049,7765,6385,6448,11190,13715,4083,7010,334,360,807,1143,1033,1739,1276,2557,1965,2624,2588,2712,7246,9318,3728,6404,52286,43621,6034,2125,32019,74,10,12,6
2021-04-14T23:59:59+02:00,2,4,1224,1399,2317,3465,3040,4949,3925,6951,5859,7557,5741,5745,10797,13224,4051,6960,327,357,795,1134,1016,1713,1245,2516,1913,2572,2511,2642,7097,9123,3709,6378,50878,42959,5828,2002,30483,74,9,12,6
2021-04-13T23:59:59+02:00,2,4,1210,1390,2285,3434,2984,4886,3814,6870,5611,7336,5206,5199,10456,12810,4028,6932,306,343,776,1105,994,1692,1222,2481,1877,2531,2445,2576,6978,8986,3673,6317,49860,42273,5624,1945,28952,71,9,12,6
2021-04-12T23:59:59+02:00,2,4,1195,1384,2259,3411,2934,4841,3686,6789,5401,7186,4878,4905,10206,12529,4019,6908,290,339,762,1101,977,1676,1208,2459,1827,2484,2367,2515,6864,8845,3659,6295,49395,41697,5425,1896,27699,64,7,11,6
2021-04-11T23:59:59+02:00,2,4,1189,1371,2239,3391,2901,4821,3626,6718,5257,7077,4646,4705,10021,12330,4013,6897,283,337,757,1093,967,1662,1197,2431,1804,2452,2314,2456,6780,8737,3645,6275,49312,41282,5188,1835,26693,63,6,9,6
2021-04-10T23:59:59+02:00,2,4,1189,1370,2236,3387,2899,4817,3620,6715,5247,7065,4640,4696,10013,12317,4013,6896,280,333,741,1086,954,1657,1173,2411,1733,2400,2226,2370,6721,8690,3644,6271,49257,41113,5186,1506,26668,61,6,9,6
2021-04-09T23:59:59+02:00,2,4,1186,1367,2229,3385,2891,4808,3611,6704,5218,7041,4615,4668,9987,12287,4012,6896,271,330,721,1076,938,1636,1139,2364,1641,2324,2006,2101,6566,8529,3622,6238,49183,40258,5181,1173,26532,61,6,9,6
2021-04-08T23:59:59+02:00,2,4,1162,1347,2175,3329,2805,4718,3470,6574,4982,6808,4225,4260,9440,11713,3993,6842,246,309,670,1016,880,1563,1066,2268,1506,2204,1729,1764,6101,7968,3534,6093,48721,37687,4652,1170,24461,50,6,9,6
2021-04-07T23:59:59+02:00,2,4,1152,1333,2141,3311,2763,4681,3381,6512,4819,6674,3933,3960,8877,11162,3976,6813,213,280,611,961,820,1494,1007,2207,1400,2105,1589,1589,5502,7268,3445,5936,48514,35204,4177,1166,22790,49,4,9,6
2021-04-06T23:59:59+02:00,2,4,1130,1316,2096,3286,2724,4649,3316,6465,4693,6582,3679,3705,8386,10653,3960,6782,205,275,582,941,795,1446,962,2150,1317,2018,1443,1400,4918,6475,3331,5730,48319,32777,3640,1158,21457,46,3,9,6
2021-04-05T23:59:59+02:00,2,4,1127,1311,2090,3283,2714,4647,3302,6450,4670,6564,3647,3678,8357,10615,3956,6780,202,262,575,926,776,1422,946,2114,1277,1978,1396,1337,4704,6205,3283,5673,48229,31867,3634,1156,21322,46,3,9,6
2021-04-04T23:59:59+02:00,2,4,1127,1311,2090,3282,2714,4646,3302,6450,4669,6563,3642,3676,8355,10613,3956,6780,202,262,574,926,776,1422,946,2114,1277,1977,1396,1337,4703,6205,3283,5673,48223,31864,3634,1156,21313,46,3,9,6
2021-04-03T23:59:59+02:00,2,4,1127,1311,2089,3282,2714,4646,3302,6450,4669,6563,3641,3674,8355,10611,3956,6780,202,262,574,925,776,1422,946,2114,1277,1977,1396,1337,4703,6205,3283,5673,48221,31863,3633,1156,21310,46,3,9,6
2021-04-02T23:59:59+02:00,2,4,1127,1311,2089,3280,2714,4645,3302,6447,4669,6561,3639,3670,8353,10610,3956,6780,202,262,574,925,776,1420,946,2114,1277,1976,1396,1335,4701,6204,3282,5673,48205,31855,3633,1155,21309,46,3,9,6
2021-04-01T23:59:59+02:00,1,4,1114,1276,2024,3160,2606,4445,3154,6198,4511,6322,3595,3634,8254,10504,3945,6763,197,253,570,916,765,1414,936,2100,1254,1960,1375,1308,4462,5885,3162,5508,47835,30868,3627,1151,20036,39,3,9,6
2021-03-31T23:59:59+02:00,1,4,1097,1246,1986,3061,2531,4302,3064,5985,4381,6092,3512,3552,8101,10307,3925,6728,189,250,563,905,761,1396,924,2080,1212,1927,1319,1245,3971,5285,3034,5272,47230,29139,3500,1151,19133,38,3,9,4
2021-03-30T23:59:59+02:00,1,3,1075,1212,1935,2877,2429,4077,2914,5627,4180,5703,3418,3457,7937,10102,3898,6674,185,245,554,895,750,1374,902,2060,1164,1882,1233,1161,3450,4570,2807,4937,46591,26984,3334,1151,17582,29,3,9,4
2021-03-29T23:59:59+02:00,1,3,1058,1169,1872,2747,2345,3920,2776,5373,4017,5429,3318,3357,7775,9873,3869,6626,184,240,548,884,740,1360,884,2036,1127,1854,1159,1072,2866,3888,2628,4643,45947,24945,3099,1145,16471,19,2,9,4
2021-03-28T23:59:59+02:00,1,3,1039,1137,1801,2585,2263,3716,2655,5078,3865,5152,3253,3291,7710,9809,3865,6620,184,240,546,881,739,1358,882,2030,1124,1851,1150,1060,2811,3820,2615,4616,45839,24748,2890,1142,15103,14,2,9,3
2021-03-27T23:59:59+01:00,1,3,1039,1137,1801,2584,2262,3715,2652,5078,3862,5152,3249,3291,7709,9809,3865,6620,184,240,545,881,739,1358,881,2030,1121,1851,1150,1060,2811,3820,2615,4616,45830,24743,2890,1142,15098,14,2,9,3
2021-03-26T23:59:59+01:00,1,3,1034,1114,1759,2469,2198,3557,2589,4868,3776,4928,3228,3274,7706,9804,3864,6619,184,239,545,881,738,1358,881,2030,1121,1848,1146,1059,2808,3812,2614,4613,45803,24720,2887,1142,14090,12,2,9,3
2021-03-25T23:59:59+01:00,1,3,1009,1083,1708,2366,2115,3388,2480,4639,3664,4731,3126,3182,7578,9670,3857,6605,182,236,540,879,731,1348,875,2012,1104,1824,1100,1015,2579,3464,2414,4320,45544,23467,2550,1142,13103,12,1,7,3
2021-03-24T23:59:59+01:00,1,3,986,1064,1688,2323,2084,3338,2445,4572,3620,4662,3039,3112,7449,9499,3838,6587,182,232,534,874,724,1338,863,1997,1085,1803,1060,973,2186,2918,2021,3801,45006,21437,2420,1140,12876,12,1,7,3
2021-03-23T23:59:59+01:00,1,3,976,1058,1670,2291,2060,3304,2412,4528,3580,4612,2972,3039,7355,9397,3820,6559,180,229,530,869,717,1326,849,1978,1048,1772,979,883,1823,2427,1671,3336,44495,19497,2409,1106,12726,12,1,6,3
2021-03-22T23:59:59+01:00,1,3,974,1049,1655,2274,2046,3286,2390,4500,3543,4570,2928,3005,7292,9327,3806,6542,177,226,529,858,701,1303,835,1964,1019,1745,931,811,1348,1853,1317,2847,44161,17401,2387,1049,12636,12,1,6,3
2021-03-21T23:59:59+01:00,1,3,974,1049,1654,2271,2046,3285,2386,4496,3531,4562,2914,2996,7244,9272,3800,6536,177,223,528,856,700,1299,833,1960,1008,1740,908,792,1270,1768,1261,2778,44015,17099,2384,988,12614,12,1,6,3
2021-03-20T23:59:59+01:00,1,3,973,1048,1653,2270,2046,3285,2386,4496,3529,4560,2913,2995,7244,9271,3800,6536,177,223,528,856,700,1299,833,1960,995,1725,873,764,1238,1745,1252,2776,44013,17096,2380,834,12609,12,1,6,3
2021-03-19T23:59:59+01:00,1,3,972,1040,1646,2256,2035,3281,2384,4490,3522,4553,2903,2984,7232,9253,3799,6533,177,221,527,856,700,1297,833,1959,988,1720,829,725,1175,1693,1242,2766,43950,17053,2376,641,12554,12,1,6,3
2021-03-18T23:59:59+01:00,1,3,934,1008,1571,2142,1911,3114,2235,4243,3292,4301,2750,2826,6930,8888,3733,6432,176,220,522,851,693,1290,824,1948,965,1704,811,703,1099,1585,1097,2561,42555,16472,2064,563,11688,12,1,6,3
2021-03-17T23:59:59+01:00,1,3,881,976,1500,2082,1848,3048,2170,4182,3197,4205,2615,2693,6502,8394,3668,6317,175,218,519,846,691,1286,820,1943,960,1696,782,684,964,1432,941,2346,40780,15727,2060,562,11435,12,1,6,3
2021-03-16T23:59:59+01:00,1,3,856,952,1466,2041,1810,2999,2116,4127,3102,4107,2481,2534,6025,7741,3577,6166,169,215,514,845,687,1279,815,1934,953,1683,777,671,876,1306,797,2180,38779,15123,1999,562,11319,12,1,6,3
2021-03-15T23:59:59+01:00,1,3,839,945,1448,2019,1772,2944,2078,4056,3001,3998,2347,2364,5537,7198,3504,6049,168,214,514,837,685,1270,811,1924,943,1667,766,661,806,1194,644,1978,37008,14543,1898,524,11191,12,0,6,3
2021-03-14T23:59:59+01:00,1,3,834,931,1424,1992,1748,2915,2047,3997,2938,3930,2168,2167,5351,6970,3473,6016,168,214,513,834,683,1259,810,1917,940,1658,748,652,790,1175,620,1923,35982,14398,1797,500,11120,3,0,6,3
2021-03-13T23:59:59+01:00,1,3,826,924,1402,1980,1732,2902,2020,3969,2864,3882,2096,2093,5302,6915,3471,6015,168,214,513,833,683,1259,809,1917,940,1658,748,652,790,1175,620,1923,35727,14396,1550,500,11114,3,0,6,3
2021-03-12T23:59:59+01:00,1,3,802,908,1356,1921,1669,2804,1921,3818,2706,3716,1899,1854,5116,6691,3439,5972,168,214,512,833,683,1259,808,1917,940,1657,740,649,777,1160,612,1920,34396,14344,1307,499,10887,3,0,6,3
2021-03-11T23:59:59+01:00,1,3,768,849,1288,1836,1585,2656,1837,3617,2543,3543,1634,1544,4748,6219,3302,5790,159,207,506,824,673,1250,793,1881,920,1616,610,587,708,1118,591,1888,32282,13838,1207,489,10268,2,0,6,2
2021-03-10T23:59:59+01:00,1,3,753,797,1265,1780,1552,2598,1787,3546,2461,3454,1562,1455,4275,5674,3183,5536,159,205,497,803,655,1237,784,1861,913,1600,541,572,675,1109,584,1883,30460,13687,1201,387,10015,2,0,6,2
2021-03-09T23:59:59+01:00,1,3,739,776,1244,1750,1525,2552,1747,3495,2387,3402,1468,1356,3714,4921,2988,5226,156,203,492,782,645,1213,770,1829,901,1572,537,570,673,1104,581,1877,28273,13626,1198,275,9817,2,0,6,2
2021-03-08T23:59:59+01:00,0,3,735,748,1230,1730,1507,2532,1720,3457,2347,3359,1375,1254,3040,4093,2749,4856,152,200,478,759,623,1180,751,1779,877,1535,533,568,673,1103,581,1877,25810,13618,1198,49,9721,0,0,6,2
2021-03-07T23:59:59+01:00,0,3,732,744,1221,1720,1499,2517,1709,3449,2336,3351,1362,1238,2937,3971,2726,4806,152,200,478,759,623,1180,751,1779,877,1535,533,568,673,1103,581,1877,25455,13618,1196,49,9664,0,0,6,2
2021-03-06T23:59:59+01:00,0,3,731,744,1220,1715,1496,2514,1705,3446,2332,3350,1359,1238,2937,3971,2726,4806,151,200,478,759,623,1180,751,1779,877,1535,533,568,673,1103,581,1877,25450,13617,1196,49,9641,0,0,6,2
2021-03-05T23:59:59+01:00,0,3,669,718,1194,1700,1475,2504,1680,3431,2303,3340,1354,1235,2929,3963,2723,4801,151,200,478,758,623,1179,751,1779,877,1533,532,568,673,1103,581,1877,25421,13612,1192,49,9403,0,0,6,2
2021-03-04T23:59:59+01:00,0,3,603,671,1127,1631,1419,2421,1639,3350,2230,3263,1304,1187,2708,3597,2537,4513,149,194,475,744,612,1167,740,1751,868,1520,522,557,661,1093,576,1868,24193,13447,1184,48,8820,0,0,6,2
2021-03-03T23:59:59+01:00,0,3,566,632,1060,1569,1322,2340,1538,3264,2105,3177,1259,1141,2334,3075,2181,4061,149,194,473,741,612,1167,739,1749,866,1519,519,554,659,1090,576,1866,22316,13424,1182,47,8125,0,0,4,2
2021-03-02T23:59:59+01:00,0,3,548,599,1022,1523,1266,2297,1480,3212,2008,3116,1176,1040,1965,2596,1785,3538,147,192,468,735,607,1156,729,1739,861,1498,510,545,648,1069,556,1833,20240,13244,1179,47,7751,0,0,4,2
2021-03-01T23:59:59+01:00,0,3,541,550,1004,1484,1220,2236,1434,3146,1953,3043,1131,966,1475,2004,1398,2994,145,192,468,735,607,1155,729,1736,860,1498,508,545,645,1060,552,1822,17961,13208,1176,47,7441,0,0,4,2
2021-02-28T23:59:59+01:00,0,3,534,536,987,1444,1194,2174,1406,3088,1898,2970,1110,944,1360,1863,1324,2906,145,192,467,734,607,1155,728,1734,859,1497,506,545,645,1060,552,1822,17481,13199,1173,47,7083,0,0,4,2
2021-02-27T23:59:59+01:00,0,3,534,534,986,1443,1194,2173,1406,3087,1898,2969,1110,944,1360,1862,1322,2906,145,192,466,733,604,1153,726,1732,857,1496,506,545,645,1060,552,1822,17478,13199,1173,33,7076,0,0,4,2
2021-02-26T23:59:59+01:00,0,3,391,483,855,1400,1111,2131,1339,3046,1839,2927,1105,938,1357,1861,1322,2905,145,192,466,733,604,1153,726,1731,857,1495,506,545,645,1060,552,1822,17467,13198,1173,32,6369,0,0,4,2
2021-02-25T23:59:59+01:00,0,3,301,429,759,1306,1027,2041,1240,2873,1700,2765,1067,906,1275,1736,1202,2713,138,182,454,720,588,1128,719,1706,837,1471,492,531,616,1028,538,1803,16866,12927,1173,22,5300,0,0,4,2
2021-02-24T23:59:59+01:00,0,2,255,384,686,1230,953,1953,1186,2755,1634,2647,1040,886,1152,1590,1044,2496,136,182,451,716,584,1127,718,1701,836,1467,487,526,608,1023,535,1791,16153,12867,1171,19,4565,0,0,4,2
2021-02-23T23:59:59+01:00,0,2,243,362,665,1172,924,1874,1139,2643,1559,2537,1014,858,1071,1462,902,2331,136,181,451,714,584,1127,718,1698,834,1466,486,523,606,1022,535,1790,15592,12856,1136,14,4026,0,0,4,1
2021-02-22T23:59:59+01:00,0,0,228,342,642,1142,892,1791,1089,2551,1472,2414,968,828,952,1318,715,2075,136,181,450,713,582,1126,717,1698,828,1464,485,522,605,1020,534,1788,14838,12844,1063,4,3514,0,0,4,1
2021-02-21T23:59:59+01:00,0,0,222,331,607,1075,842,1687,1046,2450,1392,2307,951,807,919,1266,663,2009,136,180,447,706,581,1122,717,1693,828,1463,484,522,604,1020,533,1787,14629,12818,1020,4,2921,0,0,4,1
2021-02-20T23:59:59+01:00,0,0,222,328,604,1074,840,1682,1042,2445,1377,2288,915,778,886,1243,655,2007,136,180,447,706,581,1122,717,1693,828,1463,484,521,603,1020,533,1787,14628,12817,860,4,2894,0,0,4,0
2021-02-19T23:59:59+01:00,0,0,212,320,594,1066,827,1667,1021,2428,1344,2245,670,675,744,1180,631,1990,136,180,447,705,581,1119,716,1691,825,1460,484,520,603,1019,532,1787,14153,12802,671,3,2786,0,0,4,0
2021-02-18T23:59:59+01:00,0,0,195,270,554,944,742,1440,891,2169,1094,1869,591,607,703,1138,611,1973,131,180,434,693,566,1102,710,1665,810,1432,481,517,602,1018,532,1787,13994,12657,571,3,1223,0,0,3,0
2021-02-17T23:59:59+01:00,0,0,189,231,534,895,705,1343,833,2002,1009,1738,569,587,703,1135,609,1970,124,178,423,683,558,1086,691,1634,797,1409,478,515,600,1015,532,1786,13977,12506,571,3,501,0,0,3,0
2021-02-16T23:59:59+01:00,0,0,182,228,526,879,691,1312,814,1964,976,1698,557,582,697,1133,608,1967,119,173,409,678,547,1070,678,1616,788,1395,472,509,593,1001,524,1755,13947,12325,571,2,293,0,0,3,0
2021-02-15T23:59:59+01:00,0,0,168,219,521,852,685,1278,800,1929,947,1652,556,579,695,1133,608,1967,116,172,402,668,536,1051,649,1589,774,1377,470,506,593,1001,524,1755,13944,12181,532,2,110,0,0,3,0
2021-02-14T23:59:59+01:00,0,0,163,211,518,839,684,1269,797,1920,929,1643,555,578,695,1130,607,1967,109,168,391,657,519,1033,631,1574,767,1364,470,504,591,999,524,1755,13938,12054,530,2,34,0,0,3,0
2021-02-13T23:59:59+01:00,0,0,162,211,517,839,684,1269,797,1920,929,1643,555,578,695,1130,607,1967,109,168,390,657,519,1033,631,1574,767,1364,470,504,591,999,524,1755,13937,12053,530,2,33,0,0,3,0
2021-02-12T23:59:59+01:00,0,0,161,210,512,838,683,1266,793,1919,927,1640,554,578,695,1130,607,1967,106,166,387,651,515,1027,617,1559,764,1347,468,503,580,979,519,1728,13930,11914,529,2,18,0,0,3,0
2021-02-11T23:59:59+01:00,0,0,159,209,508,831,676,1262,791,1916,921,1638,549,572,688,1124,602,1961,87,130,358,579,469,947,565,1442,720,1253,444,458,537,925,476,1630,13879,11019,517,1,8,0,0,3,0
2021-02-10T23:59:59+01:00,0,0,156,207,498,814,660,1247,779,1889,906,1614,541,566,677,1112,597,1951,78,118,329,519,442,840,523,1267,647,1096,395,408,470,808,427,1469,13754,9835,456,1,1,0,0,3,0
2021-02-09T23:59:59+01:00,0,0,155,201,490,776,644,1208,759,1828,895,1573,529,554,671,1097,588,1932,73,101,310,452,407,756,481,1164,582,996,364,354,427,721,394,1348,13641,8930,256,0,0,0,0,3,0
2021-02-08T23:59:59+01:00,0,0,151,197,473,751,622,1173,739,1778,875,1529,523,553,669,1091,584,1916,59,75,264,383,357,621,421,935,509,817,306,299,361,567,329,1142,13571,7445,50,0,0,0,0,3,0
2021-02-07T23:59:59+01:00,0,0,151,196,471,750,620,1172,738,1770,873,1527,522,553,669,1091,584,1915,58,67,246,348,338,576,405,903,489,782,306,292,359,560,327,1138,13549,7194,50,0,0,0,0,3,0
2021-02-06T23:59:59+01:00,0,0,151,196,471,750,620,1172,738,1770,873,1527,522,553,669,1091,584,1915,58,67,246,347,338,576,405,902,487,780,306,291,358,558,326,1138,13549,7183,50,0,0,0,0,3,0
2021-02-05T23:59:59+01:00,0,0,151,196,471,750,620,1172,738,1770,873,1526,522,553,668,1091,584,1915,56,67,244,345,331,572,397,880,478,760,296,286,347,535,309,1098,13547,7001,50,0,0,0,0,3,0
2021-02-04T23:59:59+01:00,0,0,145,191,467,742,613,1164,734,1756,867,1517,515,546,646,1066,575,1898,41,51,211,311,289,476,355,739,384,614,233,217,262,370,228,811,13390,5592,49,0,0,0,0,3,0
2021-02-03T23:59:59+01:00,0,0,143,190,461,735,605,1155,730,1744,858,1501,504,539,633,1055,568,1891,33,32,155,220,236,346,265,565,309,464,182,171,185,277,177,605,13261,4222,48,0,0,0,0,3,0
2021-02-02T23:59:59+01:00,0,0,143,187,459,734,605,1155,727,1738,851,1497,503,537,629,1052,567,1887,24,26,136,173,191,278,221,429,257,373,142,131,137,207,140,477,13221,3342,48,0,0,0,0,2,0
2021-02-01T23:59:59+01:00,0,0,141,187,458,733,600,1152,726,1730,849,1492,502,535,624,1050,567,1881,20,19,100,128,137,187,155,299,168,258,90,94,93,132,77,258,13177,2215,48,0,0,0,0,2,0
2021-01-31T23:59:59+01:00,0,0,141,187,458,730,597,1151,726,1726,849,1491,500,534,623,1048,567,1880,14,15,67,88,95,122,118,222,141,202,85,87,89,124,75,244,13159,1788,48,0,0,0,0,1,0
2021-01-30T23:59:59+01:00,0,0,141,187,457,730,595,1149,725,1725,849,1491,500,534,622,1048,567,1880,14,15,67,88,95,120,116,218,138,199,84,86,89,118,69,234,13158,1750,41,0,0,0,0,1,0
2021-01-29T23:59:59+01:00,0,0,141,187,457,728,594,1146,723,1723,847,1490,500,534,622,1048,567,1880,12,15,55,82,78,116,98,207,115,187,79,79,87,114,68,233,13153,1625,33,0,0,0,0,1,0
2021-01-28T23:59:59+01:00,0,0,134,183,444,711,577,1120,717,1696,825,1461,493,528,619,1045,564,1877,7,3,12,20,24,44,31,95,47,87,46,50,56,84,50,176,12968,832,25,0,0,0,0,1,0
2021-01-27T23:59:59+01:00,0,0,127,181,433,701,569,1111,701,1662,818,1437,490,526,615,1040,564,1872,3,1,4,12,10,23,13,40,23,30,13,17,24,34,21,55,12823,323,23,0,0,0,0,1,0
2021-01-26T23:59:59+01:00,0,0,121,177,419,689,556,1097,692,1639,807,1416,485,520,609,1023,556,1837,3,1,4,11,7,21,11,37,17,27,13,15,23,33,21,54,12628,298,14,0,0,0,0,1,0
2021-01-25T23:59:59+01:00,0,0,118,175,410,677,545,1078,665,1611,789,1399,483,516,607,1022,556,1837,2,1,3,9,7,16,6,28,12,21,9,6,13,22,11,35,12483,201,4,0,0,0,0,1,0
2021-01-24T23:59:59+01:00,0,0,111,172,400,667,531,1060,648,1598,776,1387,482,513,606,1022,556,1837,2,0,1,6,7,4,4,7,5,8,1,2,11,15,7,21,12361,101,4,0,0,0,0,1,0
2021-01-23T23:59:59+01:00,0,0,111,172,400,667,531,1060,648,1598,776,1387,482,513,606,1022,556,1837,1,0,1,6,7,4,4,7,5,8,1,2,11,15,7,21,12361,100,4,0,0,0,0,1,0
2021-01-22T23:59:59+01:00,0,0,108,170,393,661,528,1054,634,1583,770,1369,482,508,595,1001,549,1809,1,0,1,6,7,4,4,7,5,8,1,2,11,15,7,21,12211,100,3,0,0,0,0,0,0
2021-01-21T23:59:59+01:00,0,0,97,162,378,642,505,1020,604,1533,748,1326,466,472,562,958,513,1742,1,0,1,6,7,4,4,7,5,8,1,2,11,15,7,21,11725,100,3,0,0,0,0,0,0
2021-01-20T23:59:59+01:00,0,0,79,120,343,553,461,880,546,1300,660,1139,404,413,477,815,450,1519,1,0,1,5,7,4,4,7,5,8,1,2,11,15,7,21,10156,99,3,0,0,0,0,0,0
2021-01-19T23:59:59+01:00,0,0,74,106,315,475,420,792,504,1188,608,1036,380,376,440,736,420,1423,1,0,1,3,7,4,4,7,5,8,1,0,8,10,6,18,9290,83,3,0,0,0,0,0,0
2021-01-18T23:59:59+01:00,0,0,60,76,268,388,365,643,429,956,517,840,312,309,370,582,354,1215,1,0,1,3,7,4,4,7,5,8,1,0,8,10,6,18,7682,83,2,0,0,0,0,0,0
2021-01-17T23:59:59+01:00,0,0,59,67,249,353,343,590,410,913,493,801,309,300,368,575,351,1207,0,0,0,0,0,0,0,0,0,0,0,0,0,0,0,0,7386,0,2,0,0,0,0,0,0
2021-01-16T23:59:59+01:00,0,0,59,67,249,352,343,590,410,912,491,799,309,299,366,571,350,1207,0,0,0,0,0,0,0,0,0,0,0,0,0,0,0,0,7372,0,2,0,0,0,0,0,0
2021-01-15T23:59:59+01:00,0,0,57,67,248,349,337,584,399,889,480,774,295,293,349,544,327,1165,0,0,0,0,0,0,0,0,0,0,0,0,0,0,0,0,7155,0,2,0,0,0,0,0,0
2021-01-14T23:59:59+01:00,0,0,43,54,234,325,312,509,365,764,391,628,234,219,259,368,234,834,0,0,0,0,0,0,0,0,0,0,0,0,0,0,0,0,5773,0,0,0,0,0,0,0,0
2021-01-13T23:59:59+01:00,0,0,37,43,209,269,272,408,299,615,320,501,179,176,188,282,191,642,0,0,0,0,0,0,0,0,0,0,0,0,0,0,0,0,4631,0,0,0,0,0,0,0,0
2021-01-12T23:59:59+01:00,0,0,32,41,204,254,257,376,276,535,288,455,142,134,142,214,149,501,0,0,0,0,0,0,0,0,0,0,0,0,0,0,0,0,4000,0,0,0,0,0,0,0,0
2021-01-11T23:59:59+01:00,0,0,27,37,195,233,239,324,229,446,239,381,111,106,108,143,88,320,0,0,0,0,0,0,0,0,0,0,0,0,0,0,0,0,3226,0,0,0,0,0,0,0,0
2021-01-10T23:59:59+01:00,0,0,26,31,157,172,196,249,191,350,197,304,99,99,105,138,86,305,0,0,0,0,0,0,0,0,0,0,0,0,0,0,0,0,2705,0,0,0,0,0,0,0,0
2021-01-09T23:59:59+01:00,0,0,26,31,150,168,194,241,187,342,195,299,99,99,105,138,86,305,0,0,0,0,0,0,0,0,0,0,0,0,0,0,0,0,2665,0,0,0,0,0,0,0,0
2021-01-08T23:59:59+01:00,0,0,23,28,119,144,173,228,162,313,167,278,94,89,103,134,85,304,0,0,0,0,0,0,0,0,0,0,0,0,0,0,0,0,2444,0,0,0,0,0,0,0,0
2021-01-07T23:59:59+01:00,0,0,8,3,16,26,32,54,37,105,60,111,49,51,64,92,54,212,0,0,0,0,0,0,0,0,0,0,0,0,0,0,0,0,974,0,0,0,0,0,0,0,0
2021-01-06T23:59:59+01:00,0,0,3,1,5,13,10,22,13,39,20,31,14,14,27,38,23,65,0,0,0,0,0,0,0,0,0,0,0,0,0,0,0,0,338,0,0,0,0,0,0,0,0
2021-01-05T23:59:59+01:00,0,0,3,1,4,10,9,18,10,31,15,26,11,14,23,33,21,57,0,0,0,0,0,0,0,0,0,0,0,0,0,0,0,0,286,0,0,0,0,0,0,0,0
2021-01-04T23:59:59+01:00,0,0,2,1,2,7,9,10,4,15,8,16,5,3,12,19,8,31,0,0,0,0,0,0,0,0,0,0,0,0,0,0,0,0,152,0,0,0,0,0,0,0,0
2021-01-03T23:59:59+01:00,0,0,2,0,1,6,8,4,4,7,5,9,1,2,12,15,7,21,0,0,0,0,0,0,0,0,0,0,0,0,0,0,0,0,104,0,0,0,0,0,0,0,0
2021-01-02T23:59:59+01:00,0,0,2,0,1,6,8,4,4,7,5,9,1,2,12,15,7,21,0,0,0,0,0,0,0,0,0,0,0,0,0,0,0,0,104,0,0,0,0,0,0,0,0
2021-01-01T23:59:59+01:00,0,0,1,0,1,6,8,4,4,7,5,9,1,2,12,15,7,21,0,0,0,0,0,0,0,0,0,0,0,0,0,0,0,0,103,0,0,0,0,0,0,0,0
2020-12-31T23:59:59+01:00,0,0,1,0,1,5,8,4,4,7,5,9,1,2,12,15,7,21,0,0,0,0,0,0,0,0,0,0,0,0,0,0,0,0,102,0,0,0,0,0,0,0,0
2020-12-30T23:59:59+01:00,0,0,1,0,1,5,8,4,4,7,5,9,1,2,12,15,7,21,0,0,0,0,0,0,0,0,0,0,0,0,0,0,0,0,102,0,0,0,0,0,0,0,0
2020-12-29T23:59:59+01:00,0,0,1,0,1,3,8,4,4,7,5,9,1,0,9,10,6,18,0,0,0,0,0,0,0,0,0,0,0,0,0,0,0,0,86,0,0,0,0,0,0,0,0
2020-12-28T23:59:59+01:00,0,0,1,0,1,3,8,4,4,7,5,9,1,0,9,10,6,18,0,0,0,0,0,0,0,0,0,0,0,0,0,0,0,0,86,0,0,0,0,0,0,0,0
2020-12-27T23:59:59+01:00,0,0,1,0,1,3,8,4,4,7,5,9,1,0,9,10,6,18,0,0,0,0,0,0,0,0,0,0,0,0,0,0,0,0,86,0,0,0,0,0,0,0,0
