Datum,<15_m,<15_w,15-24_1_m,15-24_1_w,25-34_1_m,25-34_1_w,35-44_1_m,35-44_1_w,45-54_1_m,45-54_1_w,55-64_1_m,55-64_1_w,65-74_1_m,65-74_1_w,75-84_1_m,75-84_1_w,>84_1_m,>84_1_w,<24_2_m,<24_2_w,25-34_2_m,25-34_2_w,35-44_2_m,35-44_2_w,45-54_2_m,45-54_2_w,55-64_2_m,55-64_2_w,65-74_2_m,65-74_2_w,75-84_2_m,75-84_2_w,>84_2_m,>84_2_w,bp_1,bp_2,mo_1,mo_2,az_1,az_2,ja,unb_1,unb_2
2021-08-09T23:59:59+02:00,1115,991,14228,13192,19936,18386,22300,21902,26112,26811,29470,30461,20991,24003,15077,18959,4282,7465,11794,11061,17972,16550,20540,20140,24472,24987,27980,28909,20198,23098,14570,18239,4144,7192,216581,200279,31887,29147,55023,51422,12164,26,26
2021-08-08T23:59:59+02:00,1102,984,14187,13156,19917,18352,22275,21882,26097,26792,29455,30447,20984,23997,15074,18955,4281,7464,11713,10977,17887,16473,20477,20086,24408,24942,27934,28865,20176,23075,14558,18228,4144,7188,216362,199640,31855,29073,55023,51404,12135,26,26
2021-08-07T23:59:59+02:00,1102,984,14172,13150,19907,18347,22268,21877,26085,26778,29442,30435,20982,23993,15070,18950,4280,7464,11699,10972,17872,16468,20471,20080,24395,24927,27918,28853,20174,23071,14554,18223,4143,7188,216357,199628,31855,29072,55023,51404,12025,26,26
2021-08-06T23:59:59+02:00,1102,983,14161,13138,19895,18329,22254,21863,26063,26769,29430,30424,20979,23989,15067,18947,4280,7464,11686,10958,17853,16449,20456,20065,24373,24918,27906,28842,20171,23067,14551,18221,4143,7188,216350,199606,31851,29072,55023,51403,11887,26,26
2021-08-05T23:59:59+02:00,1093,969,14096,13106,19852,18298,22213,21825,26029,26717,29405,30403,20970,23976,15061,18939,4278,7461,11533,10864,17754,16363,20359,19974,24280,24833,27845,28799,20151,23043,14541,18211,4141,7186,216089,198929,31813,28981,55022,51294,11741,26,26
2021-08-04T23:59:59+02:00,1079,953,14034,13037,19752,18220,22150,21768,25993,26677,29356,30357,20947,23958,15051,18927,4278,7458,11346,10694,17528,16230,20186,19850,24165,24710,27738,28703,20124,23010,14528,18199,4138,7184,215834,197896,31657,28927,55022,51051,11456,26,26
2021-08-03T23:59:59+02:00,1055,935,13965,12978,19718,18174,22117,21729,25959,26636,29328,30331,20933,23935,15041,18914,4275,7448,11163,10523,17363,16108,20052,19723,24023,24590,27625,28601,20083,22965,14510,18168,4136,7178,215469,196496,31628,28894,55022,50996,11326,26,26
2021-08-02T23:59:59+02:00,1031,916,13879,12912,19663,18120,22066,21689,25907,26576,29276,30281,20902,23905,15032,18894,4272,7446,10995,10355,17196,15985,19910,19612,23908,24476,27539,28499,20036,22912,14491,18149,4133,7168,215003,195312,31597,28857,55022,50921,11119,26,26
2021-08-01T23:59:59+02:00,1021,901,13820,12863,19626,18103,22047,21669,25882,26556,29257,30264,20893,23893,15028,18887,4272,7445,10853,10213,17040,15877,19763,19504,23766,24373,27434,28421,20022,22888,14483,18136,4133,7164,214772,194434,31541,28776,55022,50572,11066,26,26
2021-07-31T23:59:59+02:00,1021,901,13794,12854,19609,18096,22030,21659,25870,26545,29249,30253,20891,23888,15027,18886,4271,7445,10826,10201,17020,15864,19745,19492,23754,24361,27426,28410,20020,22883,14482,18135,4132,7164,214769,194414,31541,28776,55022,50572,10931,26,26
2021-07-30T23:59:59+02:00,1013,892,13735,12811,19564,18075,22001,21640,25841,26523,29222,30235,20884,23880,15021,18884,4269,7444,10739,10130,16955,15822,19686,19458,23687,24320,27379,28386,20005,22862,14473,18132,4129,7162,214594,194030,31540,28776,55022,50506,10752,26,26
2021-07-29T23:59:59+02:00,991,879,13634,12739,19508,18021,21934,21598,25797,26471,29176,30202,20866,23871,15014,18877,4269,7442,10476,9879,16666,15585,19397,19250,23393,24096,27134,28229,19950,22808,14461,18112,4129,7161,214192,192314,31475,28665,55021,49826,10575,26,26
2021-07-28T23:59:59+02:00,964,852,13503,12613,19388,17918,21852,21518,25719,26391,29100,30134,20845,23835,15001,18865,4267,7440,10187,9677,16409,15399,19139,19066,23167,23909,26979,28084,19901,22735,14442,18090,4126,7156,213562,190995,31442,28582,55017,49316,10158,26,26
2021-07-27T23:59:59+02:00,933,831,13390,12524,19334,17862,21796,21473,25667,26338,29068,30096,20833,23817,14998,18847,4266,7434,9937,9470,16165,15182,18921,18892,22987,23743,26824,27950,19862,22684,14422,18065,4120,7147,212975,189345,31389,28428,55017,48983,10100,26,26
2021-07-26T23:59:59+02:00,908,813,13291,12430,19283,17805,21723,21409,25619,26305,29015,30038,20805,23794,14980,18828,4266,7430,9700,9221,15932,14981,18674,18693,22760,23576,26672,27820,19791,22624,14395,18029,4115,7141,212384,187598,31318,28329,55016,48608,9998,26,26
2021-07-25T23:59:59+02:00,889,802,13216,12361,19205,17759,21666,21358,25579,26257,28980,29993,20789,23778,14974,18822,4263,7429,9514,9080,15731,14834,18474,18553,22591,23466,26523,27700,19741,22576,14380,18016,4112,7138,212092,186700,31258,28177,55016,48190,9728,26,26
2021-07-24T23:59:59+02:00,889,802,13207,12352,19195,17753,21657,21353,25564,26250,28975,29987,20785,23777,14973,18821,4263,7429,9505,9067,15722,14826,18463,18547,22574,23457,26517,27692,19738,22573,14379,18015,4112,7137,212088,186682,31258,28174,55016,48190,9644,26,26
2021-07-23T23:59:59+02:00,881,801,13144,12316,19117,17721,21620,21320,25527,26211,28942,29951,20771,23761,14965,18817,4261,7426,9457,9039,15640,14782,18411,18508,22521,23416,26473,27653,19723,22557,14372,18009,4110,7134,211964,186522,31257,28170,55016,48189,9289,26,26
2021-07-22T23:59:59+02:00,869,788,13047,12237,19062,17654,21572,21291,25477,26164,28918,29931,20759,23743,14963,18811,4258,7424,9141,8769,15240,14536,18048,18254,22189,23174,26268,27519,19666,22501,14359,17987,4107,7129,211505,184704,31172,27918,55012,47280,9253,26,26
2021-07-21T23:59:59+02:00,847,761,12848,12070,18916,17532,21440,21192,25371,26062,28843,29862,20717,23709,14946,18788,4254,7419,8759,8448,14805,14207,17671,17983,21836,22847,25997,27311,19573,22413,14334,17950,4104,7120,210898,182805,31062,27568,55007,46625,8584,26,26
2021-07-20T23:59:59+02:00,818,737,12704,11938,18813,17450,21372,21117,25312,25999,28808,29811,20693,23678,14938,18772,4251,7416,8430,8142,14344,13873,17291,17710,21537,22618,25754,27126,19491,22304,14305,17915,4102,7114,210241,180665,30953,27408,55005,45749,8402,26,25
2021-07-19T23:59:59+02:00,789,710,12586,11824,18724,17380,21314,21057,25259,25946,28758,29775,20668,23650,14928,18758,4247,7410,8103,7884,13980,13621,16944,17461,21215,22420,25529,26984,19422,22229,14283,17893,4096,7108,209539,178641,30849,27243,55005,45041,8364,26,25
2021-07-18T23:59:59+02:00,771,691,12476,11721,18621,17305,21251,21005,25205,25896,28721,29721,20646,23630,14917,18747,4245,7408,7933,7731,13825,13503,16792,17337,21054,22308,25399,26905,19382,22189,14268,17877,4096,7105,208974,177706,30699,27139,55005,44679,8273,26,25
2021-07-17T23:59:59+02:00,771,691,12472,11721,18620,17302,21251,21005,25205,25896,28721,29721,20646,23630,14917,18747,4245,7408,7925,7730,13821,13498,16791,17336,21053,22307,25398,26903,19381,22189,14268,17877,4096,7105,208970,177686,30699,27138,55005,44678,8269,26,25
2021-07-16T23:59:59+02:00,764,686,12398,11665,18583,17271,21214,20978,25172,25873,28695,29702,20644,23627,14917,18745,4245,7408,7776,7628,13668,13425,16648,17278,20915,22249,25294,26855,19363,22170,14267,17871,4096,7102,208762,177240,30699,27066,55004,44289,8096,26,25
2021-07-15T23:59:59+02:00,749,668,12328,11596,18522,17213,21160,20928,25124,25834,28667,29674,20629,23609,14912,18736,4244,7405,7434,7312,13063,13022,15981,16858,20281,21882,24844,26543,19217,22029,14224,17825,4093,7095,208290,175017,30613,26176,54998,42520,8071,26,25
2021-07-14T23:59:59+02:00,720,648,12121,11463,18357,17107,21041,20834,25024,25734,28580,29576,20596,23576,14893,18720,4241,7402,7019,6950,12405,12565,15297,16376,19651,21425,24382,26201,18999,21803,14192,17777,4085,7084,207490,172188,30466,25845,54997,40585,7654,26,25
2021-07-13T23:59:59+02:00,676,614,11983,11333,18240,17028,20928,20737,24929,25640,28511,29511,20567,23537,14873,18710,4239,7392,6557,6516,11773,12069,14609,15870,19050,21011,23945,25877,18820,21589,14148,17714,4081,7075,206486,168535,30329,25672,54987,38920,7620,26,22
2021-07-12T23:59:59+02:00,643,585,11861,11196,18127,16939,20839,20632,24829,25542,28430,29446,20540,23504,14865,18698,4234,7385,6143,6099,11175,11535,13990,15329,18499,20520,23529,25514,18626,21399,14084,17656,4072,7071,205489,164865,30199,24846,54984,37966,7597,26,22
2021-07-11T23:59:59+02:00,607,558,11748,11104,18060,16877,20783,20575,24775,25497,28374,29398,20521,23484,14856,18689,4234,7384,5949,5929,10916,11333,13759,15130,18255,20331,23320,25329,18554,21319,14057,17630,4071,7065,204861,163478,30078,24376,54982,37541,7584,19,19
2021-07-10T23:59:59+02:00,606,558,11741,11103,18056,16875,20780,20575,24772,25496,28373,29398,20521,23484,14855,18687,4234,7384,5942,5928,10914,11327,13750,15126,18254,20329,23318,25327,18552,21318,14056,17630,4071,7065,204842,163452,30077,24375,54982,37534,7578,19,19
2021-07-09T23:59:59+02:00,578,535,11630,10981,17981,16791,20712,20513,24699,25420,28324,29353,20498,23464,14852,18679,4234,7383,5908,5898,10885,11294,13700,15104,18223,20296,23299,25304,18547,21308,14054,17627,4071,7064,203979,163217,30077,24325,54982,37501,7570,19,19
2021-07-08T23:59:59+02:00,543,510,11468,10847,17860,16689,20583,20416,24593,25294,28207,29278,20454,23415,14836,18651,4231,7375,5555,5640,10378,10902,13080,14651,17563,19740,22695,24844,18242,20927,13958,17545,4066,7054,203229,160918,30052,23519,54959,35437,6991,19,19
2021-07-07T23:59:59+02:00,483,457,11304,10708,17780,16604,20514,20347,24519,25216,28145,29214,20426,23380,14831,18639,4229,7367,5244,5348,9855,10454,12505,14177,16885,19222,22131,24350,17932,20566,13856,17448,4059,7031,202232,158468,30030,22068,54940,33603,6942,19,19
2021-07-06T23:59:59+02:00,444,423,11181,10560,17666,16512,20423,20246,24441,25125,28055,29136,20400,23342,14822,18622,4227,7364,4863,4932,9256,9945,11800,13582,16187,18614,21622,23856,17615,20262,13757,17335,4050,7021,201110,154360,30024,21128,54932,32310,6904,19,19
2021-07-05T23:59:59+02:00,422,396,11090,10475,17580,16442,20343,20176,24380,25073,28014,29098,20376,23321,14811,18614,4226,7361,4572,4616,8761,9494,11238,13029,15479,17973,21003,23249,17221,19868,13626,17179,4042,7013,200380,150475,30020,20452,54923,30581,6856,19,19
2021-07-04T23:59:59+02:00,409,390,11014,10420,17513,16389,20294,20127,24349,25037,27998,29080,20367,23310,14805,18611,4225,7360,4427,4523,8631,9328,11047,12853,15240,17763,20738,22977,16950,19576,13567,17088,4038,7009,199898,149166,30016,20145,54923,29603,6842,19,19
2021-07-03T23:59:59+02:00,408,389,11007,10411,17503,16381,20292,20124,24347,25036,27995,29079,20367,23309,14805,18611,4225,7359,4423,4517,8624,9327,11044,12853,15236,17763,20735,22974,16950,19573,13567,17088,4038,7009,199866,149154,30015,20145,54923,29598,6825,19,19
2021-07-02T23:59:59+02:00,364,326,10860,10301,17392,16279,20190,20050,24274,24971,27933,29019,20341,23283,14799,18597,4225,7356,4334,4437,8465,9187,10909,12743,15113,17656,20623,22870,16909,19544,13560,17073,4038,7006,198984,148163,30015,20145,54923,29541,6619,19,19
2021-07-01T23:59:59+02:00,317,282,10726,10165,17263,16186,20067,19960,24190,24895,27870,28969,20321,23259,14783,18582,4222,7352,4131,4234,8169,8850,10542,12332,14550,17160,20115,22330,16622,19247,13354,16860,4028,6984,197910,145109,29956,19475,54917,28316,6607,19,19
2021-06-30T23:59:59+02:00,235,220,10472,9927,17095,16037,19935,19828,24076,24774,27790,28880,20299,23228,14764,18564,4221,7351,3935,4037,7866,8510,10131,11869,14062,16603,19541,21697,16300,18909,13082,16584,4016,6958,196274,141432,29901,19219,54909,26854,6593,19,19
2021-06-29T23:59:59+02:00,190,183,10326,9751,16961,15941,19831,19738,24008,24699,27732,28811,20273,23201,14750,18545,4221,7347,3731,3776,7468,8062,9658,11333,13409,15938,18927,20994,15983,18583,12837,16294,4009,6944,195127,137153,29897,18923,54905,25306,6561,18,19
2021-06-28T23:59:59+02:00,140,131,10128,9568,16842,15835,19729,19637,23915,24606,27664,28750,20243,23171,14736,18526,4219,7345,3527,3518,7067,7620,9224,10839,12860,15399,18432,20479,15733,18318,12719,16162,4003,6933,193955,133322,29783,18498,54902,24480,6527,18,19
2021-06-27T23:59:59+02:00,122,114,9990,9456,16786,15777,19669,19586,23857,24556,27637,28726,20230,23155,14733,18522,4218,7342,3435,3450,6891,7427,9036,10638,12631,15159,18170,20219,15613,18214,12654,16077,4003,6929,193327,132132,29726,18150,54896,23749,6509,18,19
2021-06-26T23:59:59+02:00,122,114,9988,9451,16785,15773,19667,19585,23854,24555,27637,28726,20230,23155,14733,18522,4218,7342,3432,3450,6889,7426,9033,10636,12630,15156,18168,20218,15610,18213,12654,16076,4003,6929,193309,132113,29725,18150,54896,23745,6509,18,19
2021-06-25T23:59:59+02:00,118,111,9942,9410,16748,15741,19634,19557,23818,24527,27613,28708,20224,23148,14731,18519,4218,7342,3413,3404,6815,7315,8937,10481,12516,14960,18025,20011,15588,18184,12646,16073,4002,6928,192995,131934,29691,17798,54896,23051,6509,18,19
2021-06-24T23:59:59+02:00,108,100,9815,9284,16562,15618,19502,19436,23696,24439,27556,28648,20210,23132,14724,18510,4217,7340,3287,3257,6602,6987,8626,10026,11986,14339,17471,19307,15363,17956,12501,15944,3999,6916,192166,129543,29347,16941,54895,21605,6471,18,19
2021-06-23T23:59:59+02:00,102,94,9686,9147,16422,15492,19385,19330,23599,24335,27491,28601,20195,23110,14720,18505,4214,7339,3083,3016,6250,6501,8126,9460,11288,13517,16709,18326,15067,17614,12350,15801,3989,6891,191249,124999,29180,15970,54884,20576,6436,18,19
2021-06-22T23:59:59+02:00,71,68,9396,8841,16194,15291,19199,19182,23455,24211,27421,28517,20172,23085,14712,18486,4210,7333,2849,2727,5766,5954,7505,8699,10381,12479,15683,17124,14771,17255,12243,15677,3976,6868,189571,118572,28973,15480,54880,19500,6404,16,13
2021-06-21T23:59:59+02:00,67,61,9269,8678,16021,15144,19011,19028,23324,24088,27360,28438,20148,23058,14706,18476,4210,7329,2704,2534,5383,5488,7039,8113,9650,11602,14952,16190,14493,16943,12137,15556,3971,6852,188374,113862,28749,14921,54875,18421,6402,16,13
2021-06-20T23:59:59+02:00,64,60,9134,8546,15884,15028,18901,18939,23250,24017,27320,28387,20137,23038,14695,18469,4207,7328,2646,2465,5215,5305,6825,7847,9342,11271,14589,15789,14360,16810,12097,15519,3966,6847,187487,112166,28628,14697,54875,17631,6398,16,13
2021-06-19T23:59:59+02:00,64,60,9134,8544,15883,15022,18899,18939,23249,24017,27320,28386,20137,23038,14695,18469,4207,7328,2643,2464,5214,5301,6824,7847,9342,11270,14587,15785,14358,16810,12097,15519,3966,6847,187476,112150,28626,14695,54875,17630,6398,16,13
2021-06-18T23:59:59+02:00,64,56,9106,8532,15870,15013,18884,18931,23242,24008,27313,28381,20137,23035,14694,18469,4207,7328,2614,2430,5159,5242,6746,7747,9243,11114,14415,15557,14279,16709,12087,15498,3964,6844,187357,111365,28625,14694,54874,17190,6398,16,13
2021-06-17T23:59:59+02:00,57,53,8931,8371,15636,14846,18686,18775,23086,23877,27177,28289,20113,23013,14687,18457,4205,7325,2477,2277,4832,4943,6359,7344,8694,10508,13584,14686,14042,16419,12015,15377,3960,6832,186033,108499,28620,13736,54866,16064,6049,16,13
2021-06-16T23:59:59+02:00,49,51,8701,8156,15401,14623,18475,18575,22896,23710,27071,28179,20084,22970,14673,18437,4201,7319,2363,2169,4590,4741,6007,6999,8169,10021,12868,13847,13692,16036,11930,15288,3955,6820,184250,105051,28521,12936,54863,15586,5921,16,13
2021-06-15T23:59:59+02:00,40,38,8352,7818,15021,14265,18154,18284,22647,23497,26912,28045,20055,22937,14660,18421,4199,7308,2179,2002,4238,4387,5499,6436,7288,9135,11675,12573,13153,15421,11808,15125,3940,6797,181644,98815,28485,12273,54862,14921,5646,16,13
2021-06-14T23:59:59+02:00,34,33,8171,7650,14765,14034,17951,18111,22496,23377,26800,27964,20034,22904,14647,18413,4195,7300,2064,1877,3984,4141,5112,5965,6632,8414,10749,11520,12838,15074,11736,15031,3930,6778,180064,93983,28461,11911,54860,14470,5478,16,13
2021-06-13T23:59:59+02:00,34,33,8094,7595,14685,13949,17836,18000,22415,23297,26770,27934,20021,22894,14643,18407,4195,7300,2016,1849,3903,4043,4992,5825,6401,8171,10455,11186,12681,14896,11678,14975,3929,6777,179310,92595,28452,11619,54857,14092,5467,16,12
2021-06-12T23:59:59+02:00,34,33,8093,7594,14684,13949,17836,18000,22413,23296,26769,27931,20021,22893,14643,18407,4195,7300,2015,1847,3902,4043,4990,5824,6398,8168,10452,11180,12678,14895,11678,14973,3929,6777,179299,92576,28452,11619,54857,14083,5467,16,12
2021-06-11T23:59:59+02:00,34,32,8027,7553,14595,13901,17761,17950,22343,23262,26725,27908,20019,22889,14643,18406,4195,7300,1999,1838,3866,3985,4948,5757,6337,8086,10353,11075,12639,14860,11667,14967,3929,6777,178962,92362,28374,11613,54856,13769,5335,16,12
2021-06-10T23:59:59+02:00,29,25,7686,7256,14200,13537,17332,17574,22013,22981,26531,27728,19975,22844,14630,18389,4192,7288,1894,1755,3650,3823,4675,5487,6018,7720,9739,10463,12124,14201,11599,14859,3921,6770,176365,89208,27881,11234,54846,13149,5102,16,11
2021-06-09T23:59:59+02:00,28,22,7317,6905,13734,13095,16814,17106,21622,22613,26317,27516,19902,22773,14612,18354,4189,7280,1724,1641,3451,3647,4421,5218,5634,7317,8968,9750,11460,13370,11480,14719,3911,6758,173109,84978,27334,10597,54833,12982,4907,16,11
2021-06-08T23:59:59+02:00,23,18,6939,6497,13220,12612,16345,16639,21264,22275,26101,27314,19844,22695,14582,18319,4186,7273,1632,1565,3229,3418,4103,4865,5127,6829,8082,8831,10577,12293,11338,14562,3907,6743,169695,79329,26847,10300,54824,12704,4764,16,10
2021-06-07T23:59:59+02:00,20,15,6659,6205,12792,12237,15945,16239,20937,21979,25939,27158,19808,22642,14561,18300,4179,7267,1570,1493,3040,3245,3825,4636,4728,6452,7369,8081,9670,11148,11228,14416,3896,6725,167133,74591,26420,9930,54804,12488,4509,16,10
2021-06-06T23:59:59+02:00,20,15,6517,6072,12649,12086,15782,16079,20772,21816,25854,27071,19788,22605,14550,18290,4178,7263,1555,1470,2967,3204,3730,4572,4622,6371,7227,7952,9413,10880,11182,14366,3893,6720,165901,73910,26317,9505,54783,12315,4390,16,10
2021-06-05T23:59:59+02:00,20,15,6508,6069,12640,12074,15773,16072,20770,21814,25854,27069,19788,22605,14550,18290,4178,7263,1553,1468,2964,3203,3729,4571,4619,6371,7223,7947,9407,10876,11182,14366,3893,6720,165846,73883,26317,9504,54783,12311,4390,16,10
2021-06-04T23:59:59+02:00,20,15,6478,6029,12582,12023,15713,16024,20742,21782,25837,27052,19784,22599,14547,18290,4178,7263,1552,1463,2951,3193,3710,4557,4609,6357,7188,7904,9375,10806,11144,14325,3892,6719,165751,73609,26058,9492,54761,12268,4372,16,10
2021-06-03T23:59:59+02:00,20,14,6245,5805,12283,11775,15391,15711,20409,21443,25582,26839,19738,22525,14527,18271,4177,7259,1509,1418,2879,3128,3613,4480,4496,6258,6987,7723,9000,10360,11092,14252,3892,6714,163269,72311,25811,9196,54760,12131,4158,16,10
2021-06-02T23:59:59+02:00,20,14,6184,5745,12217,11710,15317,15644,20337,21382,25565,26815,19733,22522,14524,18268,4176,7258,1495,1408,2863,3116,3597,4466,4462,6241,6954,7685,8921,10250,11083,14227,3891,6713,162926,71950,25625,9190,54759,12122,4105,16,10
2021-06-01T23:59:59+02:00,16,14,5726,5247,11474,11011,14491,14912,19619,20714,25155,26430,19642,22432,14490,18221,4168,7250,1382,1300,2563,2849,3219,4130,3974,5782,6127,6883,7736,8631,10839,13881,3877,6696,157876,66555,24970,8288,54731,11603,3419,16,9
2021-05-31T23:59:59+02:00,14,14,5477,4946,11029,10586,13962,14418,19140,20217,24849,26090,19548,22347,14451,18175,4159,7234,1322,1246,2410,2717,3018,3960,3698,5491,5573,6353,6735,7367,10598,13562,3868,6662,154399,62529,24279,7412,54727,11400,3235,16,9
2021-05-30T23:59:59+02:00,14,14,5397,4869,10846,10461,13798,14239,18793,19897,24606,25844,19517,22317,14443,18155,4158,7232,1301,1233,2385,2687,2971,3914,3630,5436,5470,6264,6564,7137,10561,13488,3866,6652,152906,61799,23776,7351,54700,11203,3202,16,9
2021-05-29T23:59:59+02:00,14,14,5395,4869,10846,10457,13794,14236,18793,19896,24605,25842,19517,22317,14443,18155,4158,7232,1300,1230,2384,2686,2969,3911,3630,5434,5469,6262,6559,7133,10561,13488,3866,6652,152890,61789,23776,7348,54699,11191,3202,16,9
2021-05-28T23:59:59+02:00,14,14,5378,4857,10824,10421,13768,14217,18777,19879,24597,25833,19516,22316,14441,18152,4158,7231,1295,1230,2384,2680,2968,3909,3624,5428,5455,6246,6543,7115,10552,13466,3865,6648,152705,61684,23774,7348,54698,11172,3200,16,9
2021-05-27T23:59:59+02:00,11,14,5085,4575,10307,9969,13182,13685,18088,19266,24017,25297,19419,22203,14408,18106,4147,7218,1126,1090,2101,2490,2669,3621,3330,5073,5125,5968,6246,6700,10324,13184,3860,6633,149451,59843,22786,7311,54593,10231,2151,16,8
2021-05-26T23:59:59+02:00,11,14,4820,4315,9869,9589,12662,13166,17475,18657,23383,24619,19295,22054,14362,18051,4141,7201,1046,1008,1944,2337,2469,3423,3068,4828,4736,5621,5690,6051,9956,12653,3844,6597,145343,56706,22032,7275,54471,9462,1824,14,8
2021-05-25T23:59:59+02:00,11,13,4605,4085,9454,9112,12200,12662,16938,18079,22861,23980,19163,21881,14331,17972,4132,7187,995,963,1882,2248,2358,3287,2896,4625,4390,5247,5113,5318,9508,12052,3828,6572,141286,53157,21203,7260,54341,9039,1822,14,8
2021-05-24T23:59:59+02:00,11,13,4491,3926,9242,8909,11997,12403,16638,17758,22532,23582,19088,21802,14316,17952,4130,7186,979,915,1823,2206,2285,3226,2810,4544,4270,5131,4968,5159,9418,11925,3826,6564,139784,52452,20248,7208,54162,8617,1768,14,8
2021-05-23T23:59:59+02:00,11,13,4481,3925,9236,8905,11985,12393,16627,17751,22516,23561,19082,21797,14315,17950,4130,7186,978,911,1821,2202,2282,3224,2804,4540,4263,5115,4960,5145,9411,11912,3825,6563,139675,52377,20246,7195,54161,8612,1768,14,8
2021-05-22T23:59:59+02:00,11,13,4476,3922,9233,8902,11977,12387,16625,17747,22514,23559,19082,21797,14315,17950,4130,7186,978,911,1820,2201,2280,3224,2803,4540,4263,5113,4958,5144,9410,11912,3825,6563,139649,52371,20246,7195,54149,8607,1768,14,8
2021-05-21T23:59:59+02:00,11,13,4443,3883,9165,8827,11905,12298,16534,17672,22450,23491,19062,21779,14311,17943,4130,7184,933,901,1787,2189,2249,3215,2772,4515,4215,5085,4933,5121,9398,11905,3824,6562,138993,52306,20246,7195,54130,8381,1718,14,8
2021-05-20T23:59:59+02:00,8,12,4186,3699,8720,8473,11423,11880,15864,17169,21866,22911,18877,21612,14279,17902,4125,7173,786,836,1531,2029,2006,3059,2530,4296,3966,4853,4776,4958,9285,11762,3816,6537,135588,51574,19871,7097,53712,7357,994,14,8
2021-05-19T23:59:59+02:00,8,12,3939,3454,8222,8005,10842,11332,15191,16467,21187,22186,18676,21381,14238,17852,4119,7156,734,790,1471,1949,1929,2956,2463,4172,3824,4695,4602,4747,9082,11534,3796,6508,130177,50492,19688,6965,53412,6815,976,14,8
2021-05-18T23:59:59+02:00,7,11,3651,3187,7673,7465,10110,10632,14229,15532,20240,21128,18417,21098,14183,17792,4113,7134,679,742,1417,1864,1856,2846,2335,4032,3649,4492,4334,4456,8880,11286,3783,6481,123120,49267,19594,6767,52970,6190,904,14,8
2021-05-17T23:59:59+02:00,7,11,3460,2976,7210,6997,9602,10092,13498,14741,19553,20326,18231,20836,14136,17727,4103,7120,620,687,1336,1801,1782,2764,2226,3958,3512,4379,4086,4225,8737,11074,3770,6452,117867,48468,19353,6553,52504,5496,888,14,8
2021-05-16T23:59:59+02:00,7,10,3332,2902,7002,6819,9399,9878,13244,14506,19326,20098,18153,20756,14122,17708,4102,7114,607,642,1297,1751,1736,2703,2189,3865,3447,4296,3995,4124,8717,11049,3768,6450,116247,48325,19111,6386,52222,5037,884,14,8
2021-05-15T23:59:59+02:00,7,10,3331,2899,6996,6812,9397,9872,13241,14504,19323,20089,18151,20755,14122,17708,4102,7114,607,642,1295,1751,1734,2703,2187,3865,3446,4296,3993,4122,8717,11049,3768,6450,116205,48319,19111,6385,52220,5034,883,14,8
2021-05-14T23:59:59+02:00,7,10,3291,2855,6883,6670,9268,9736,13092,14321,19152,19954,18127,20730,14121,17700,4101,7111,585,630,1274,1732,1706,2682,2153,3839,3402,4260,3943,4068,8710,11042,3768,6449,115802,48281,18363,6236,52139,4910,812,13,8
2021-05-13T23:59:59+02:00,7,10,3167,2691,6557,6350,8830,9338,12546,13839,18548,19358,17997,20586,14088,17664,4096,7109,549,605,1219,1678,1648,2609,2065,3733,3252,4141,3839,3932,8689,11022,3765,6445,112925,48187,17666,5849,51533,4504,645,12,8
2021-05-12T23:59:59+02:00,7,10,3140,2659,6524,6312,8783,9284,12408,13726,18363,19153,17964,20552,14080,17654,4096,7109,548,603,1218,1676,1643,2606,2057,3727,3238,4133,3826,3919,8681,11016,3765,6444,112214,48162,17438,5822,51515,4465,645,12,8
2021-05-11T23:59:59+02:00,5,10,2748,2404,5723,5810,7816,8470,11017,12566,16793,17678,17458,19990,13998,17549,4078,7086,511,545,1087,1568,1480,2450,1871,3549,3016,3873,3718,3806,8612,10924,3761,6439,104812,47933,16816,5627,49440,3524,120,11,8
2021-05-10T23:59:59+02:00,5,8,2560,2235,5248,5429,7119,7843,9983,11649,15498,16306,17080,19540,13935,17435,4071,7062,483,518,1043,1529,1436,2398,1811,3447,2897,3742,3636,3733,8573,10877,3757,6435,98994,47814,15909,5398,47973,2979,119,11,7
2021-05-09T23:59:59+02:00,5,8,2476,2205,5110,5345,6933,7724,9575,11310,14952,15779,16962,19402,13915,17407,4068,7057,467,500,1009,1471,1364,2315,1752,3324,2785,3586,3552,3639,8548,10845,3754,6432,97420,47729,15327,5117,47358,2375,117,11,7
2021-05-08T23:59:59+02:00,5,8,2472,2204,5109,5345,6933,7722,9571,11307,14951,15778,16962,19402,13915,17407,4068,7057,466,499,1009,1471,1364,2314,1752,3324,2784,3585,3550,3639,8548,10845,3754,6432,97406,47725,15326,5117,47356,2372,117,11,7
2021-05-07T23:59:59+02:00,5,8,2300,2142,4837,5251,6571,7568,9122,11092,14510,15458,16785,19201,13903,17378,4068,7055,454,497,998,1460,1349,2300,1717,3315,2735,3550,3506,3599,8472,10765,3754,6429,96700,47703,14812,4777,45618,2302,113,11,7
2021-05-06T23:59:59+02:00,5,8,2063,2009,4285,4900,5919,7191,8355,10534,13533,14636,16389,18751,13854,17284,4056,7042,423,449,955,1361,1262,2138,1611,3091,2513,3267,3328,3399,8294,10574,3745,6416,94126,47265,13571,4173,43063,1339,44,10,7
2021-05-05T23:59:59+02:00,5,8,1937,1896,4000,4676,5486,6820,7665,9948,12415,13578,15713,17916,13751,17182,4047,7018,412,437,942,1334,1232,2094,1575,3015,2453,3184,3278,3359,8216,10478,3739,6406,89715,47134,12247,4029,42060,957,29,10,7
2021-05-04T23:59:59+02:00,5,8,1851,1811,3732,4441,5077,6462,7004,9374,11197,12335,14795,16789,13641,17045,4043,7004,407,429,923,1315,1213,2050,1557,2978,2408,3129,3234,3312,8127,10367,3733,6392,83905,46999,11609,3831,41075,725,15,10,6
2021-05-03T23:59:59+02:00,4,8,1798,1759,3582,4317,4845,6250,6621,9043,10469,11599,14073,15811,13555,16929,4034,6987,401,420,920,1302,1199,2016,1537,2937,2375,3083,3182,3272,8014,10265,3728,6386,79481,46874,11405,3612,40776,534,13,9,6
2021-05-02T23:59:59+02:00,4,8,1788,1740,3508,4293,4764,6197,6551,8982,10354,11485,13886,15617,13523,16902,4033,6982,399,412,914,1287,1196,1999,1534,2924,2359,3066,3167,3255,7978,10233,3727,6382,78925,46855,11129,3515,40545,449,9,9,6
2021-05-01T23:59:59+02:00,4,8,1786,1740,3507,4292,4764,6196,6548,8981,10349,11481,13883,15617,13522,16901,4033,6979,398,412,914,1287,1196,1998,1534,2924,2359,3066,3167,3255,7978,10233,3727,6381,78899,46852,11129,3515,40545,449,9,9,6
2021-04-30T23:59:59+02:00,4,8,1784,1734,3501,4283,4757,6183,6527,8966,10311,11443,13831,15543,13496,16870,4032,6978,398,410,913,1285,1196,1998,1534,2924,2357,3065,3167,3253,7977,10231,3727,6381,78570,46845,11129,3514,40535,445,8,9,6
2021-04-29T23:59:59+02:00,4,7,1656,1692,3261,4168,4483,6034,6215,8717,9897,11053,13252,14840,13393,16716,4026,6970,390,399,904,1263,1175,1963,1509,2886,2327,3017,3152,3241,7964,10213,3725,6377,75798,46723,10743,3513,39827,257,8,8,6
2021-04-28T23:59:59+02:00,4,7,1528,1645,3085,4068,4246,5856,5856,8445,9309,10563,12377,13659,13237,16507,4017,6956,381,389,888,1251,1159,1934,1473,2842,2257,2948,2999,3109,7852,10097,3718,6366,71306,46309,10556,3102,39489,242,6,8,6
2021-04-27T23:59:59+02:00,4,7,1488,1600,2976,3950,4044,5713,5549,8186,8688,9892,11338,12353,13008,16152,4006,6934,369,374,879,1230,1144,1899,1446,2770,2211,2887,2960,3066,7825,10067,3712,6362,66502,46100,10368,2930,39004,162,6,8,5
2021-04-26T23:59:59+02:00,4,7,1461,1567,2863,3873,3871,5569,5238,7973,8199,9451,10583,11427,12864,15948,3995,6916,368,369,869,1219,1128,1888,1416,2750,2184,2857,2911,3016,7781,10018,3706,6357,63092,46004,10178,2683,38525,141,6,8,5
2021-04-25T23:59:59+02:00,4,7,1450,1561,2796,3843,3776,5509,5103,7926,8003,9344,10387,11192,12827,15894,3994,6911,367,364,860,1212,1110,1874,1401,2731,2162,2830,2869,2983,7732,9970,3705,6352,62588,45925,9975,2473,37950,115,6,8,5
2021-04-24T23:59:59+02:00,4,7,1449,1561,2796,3842,3776,5508,5101,7924,7999,9340,10381,11190,12827,15894,3994,6911,367,364,860,1212,1110,1872,1399,2730,2161,2830,2869,2983,7732,9970,3705,6352,62566,45921,9975,2472,37949,114,6,8,5
2021-04-23T23:59:59+02:00,4,7,1433,1552,2728,3808,3694,5478,4983,7876,7865,9280,10295,11081,12803,15853,3992,6907,366,364,859,1210,1110,1872,1398,2730,2161,2830,2869,2983,7731,9970,3705,6352,62436,45917,9696,2471,37493,113,6,8,5
2021-04-22T23:59:59+02:00,4,7,1390,1523,2621,3741,3536,5374,4752,7723,7513,9044,9727,10389,12537,15555,3986,6884,359,363,850,1199,1098,1860,1382,2703,2131,2807,2822,2934,7639,9864,3694,6336,60823,45513,9037,2420,36432,99,6,8,5
2021-04-21T23:59:59+02:00,4,7,1356,1485,2539,3663,3418,5272,4535,7542,7104,8717,8841,9358,12126,14976,3973,6843,355,361,845,1183,1089,1839,1364,2674,2101,2779,2764,2877,7526,9700,3677,6308,58102,45038,8168,2296,35475,99,6,8,5
2021-04-20T23:59:59+02:00,4,7,1333,1459,2469,3589,3316,5174,4360,7360,6717,8387,7950,8230,11664,14385,3959,6829,350,357,834,1170,1080,1817,1340,2651,2068,2736,2703,2820,7378,9517,3647,6255,55248,44330,7402,2291,34530,94,5,7,5
2021-04-19T23:59:59+02:00,4,7,1317,1444,2431,3551,3255,5107,4255,7258,6477,8155,7318,7456,11412,14030,3949,6811,348,355,830,1161,1074,1805,1317,2638,2034,2711,2650,2777,7263,9353,3624,6216,53305,43779,7030,2278,33890,91,5,7,5
2021-04-18T23:59:59+02:00,4,6,1308,1432,2399,3525,3215,5086,4202,7200,6343,8026,6963,7068,11318,13925,3946,6799,348,354,828,1157,1073,1798,1315,2625,2028,2706,2644,2764,7237,9321,3622,6213,52790,43658,6569,2276,33394,91,5,7,5
2021-04-17T23:59:59+02:00,4,6,1307,1430,2399,3524,3214,5082,4197,7197,6336,8016,6949,7058,11316,13923,3946,6799,348,354,827,1156,1073,1798,1313,2624,2027,2704,2641,2762,7236,9321,3622,6213,52768,43645,6567,2275,33356,91,5,7,5
2021-04-16T23:59:59+02:00,4,6,1304,1429,2389,3517,3206,5075,4177,7179,6285,7983,6873,6973,11304,13909,3944,6797,347,353,823,1154,1071,1798,1310,2623,2024,2704,2640,2755,7233,9319,3621,6213,52711,43622,6331,2270,33300,88,5,7,5
2021-04-15T23:59:59+02:00,2,4,1267,1407,2334,3469,3109,5016,4017,7051,6027,7751,6329,6415,11057,13620,3930,6765,339,351,805,1133,1032,1739,1265,2551,1950,2609,2563,2685,7145,9232,3611,6196,51625,43033,5943,2084,31990,83,5,7,3
2021-04-14T23:59:59+02:00,2,4,1245,1394,2299,3441,3039,4954,3910,6945,5836,7543,5686,5712,10669,13135,3898,6714,331,348,793,1124,1015,1714,1235,2510,1899,2559,2486,2616,6997,9037,3592,6170,50224,42374,5736,1964,30455,83,4,7,3
2021-04-13T23:59:59+02:00,2,4,1231,1385,2267,3411,2984,4891,3800,6863,5588,7321,5154,5166,10328,12722,3875,6686,310,334,775,1096,992,1694,1210,2475,1863,2518,2420,2551,6879,8901,3556,6109,49209,41691,5532,1907,28926,80,4,7,3
2021-04-12T23:59:59+02:00,2,4,1216,1379,2242,3388,2934,4846,3674,6783,5378,7171,4827,4871,10079,12441,3866,6663,294,330,762,1092,975,1677,1196,2452,1814,2470,2344,2491,6765,8760,3541,6087,48746,41118,5334,1859,27674,69,3,7,3
2021-04-11T23:59:59+02:00,2,4,1209,1366,2223,3369,2901,4826,3612,6712,5233,7062,4596,4672,9894,12243,3861,6652,287,328,757,1084,965,1663,1185,2424,1792,2440,2290,2432,6682,8652,3527,6067,48663,40703,5098,1801,26667,68,2,7,3
2021-04-10T23:59:59+02:00,2,4,1209,1365,2220,3365,2899,4822,3606,6709,5223,7051,4591,4663,9886,12230,3861,6651,284,324,742,1077,952,1658,1162,2404,1722,2388,2207,2346,6626,8605,3526,6063,48608,40538,5098,1480,26642,65,2,7,3
2021-04-09T23:59:59+02:00,2,4,1206,1362,2213,3363,2891,4813,3597,6698,5193,7027,4567,4637,9861,12200,3860,6651,275,321,722,1067,938,1637,1130,2357,1631,2313,1989,2078,6473,8448,3505,6030,48535,39692,5093,1154,26508,65,2,7,3
2021-04-08T23:59:59+02:00,2,4,1181,1342,2158,3307,2807,4723,3456,6570,4957,6794,4181,4229,9320,11629,3842,6598,250,301,670,1006,880,1564,1056,2260,1498,2193,1714,1744,6013,7892,3418,5887,48078,37140,4570,1151,24443,52,2,7,3
2021-04-07T23:59:59+02:00,2,4,1171,1328,2126,3291,2765,4685,3367,6508,4794,6659,3888,3929,8759,11079,3825,6567,216,271,610,952,820,1493,997,2199,1393,2094,1574,1569,5417,7197,3328,5735,47872,34666,4097,1146,22770,51,1,7,3
2021-04-06T23:59:59+02:00,2,4,1150,1311,2083,3266,2726,4653,3302,6461,4667,6567,3637,3675,8270,10569,3809,6537,209,265,582,933,795,1444,953,2142,1310,2008,1430,1383,4842,6408,3218,5530,47677,32264,3561,1138,21443,48,1,7,3
2021-04-05T23:59:59+02:00,2,4,1147,1307,2079,3263,2716,4651,3288,6447,4645,6549,3605,3648,8243,10532,3805,6535,206,252,575,917,776,1420,937,2106,1270,1968,1383,1320,4629,6138,3170,5475,47591,31356,3556,1136,21311,48,1,7,3
2021-04-04T23:59:59+02:00,2,4,1147,1307,2079,3262,2716,4650,3288,6447,4644,6548,3601,3646,8241,10530,3805,6535,206,252,574,917,776,1420,937,2106,1270,1967,1383,1320,4628,6138,3170,5475,47585,31353,3556,1136,21303,48,1,7,3
2021-04-03T23:59:59+02:00,2,4,1147,1307,2078,3262,2716,4650,3288,6447,4644,6548,3600,3644,8241,10528,3805,6535,206,252,574,917,776,1420,937,2106,1270,1967,1383,1320,4628,6138,3170,5475,47583,31353,3555,1136,21300,48,1,7,3
2021-04-02T23:59:59+02:00,2,4,1147,1307,2078,3260,2716,4649,3288,6444,4644,6546,3598,3640,8239,10527,3805,6535,206,252,574,917,776,1418,937,2106,1270,1966,1383,1318,4626,6137,3169,5475,47567,31345,3555,1135,21299,48,1,7,3
2021-04-01T23:59:59+02:00,1,4,1134,1270,2013,3138,2608,4450,3140,6195,4487,6308,3554,3604,8141,10422,3795,6519,201,243,570,909,765,1412,927,2092,1247,1950,1362,1290,4387,5818,3051,5310,47201,30360,3550,1131,20024,41,1,7,3
2021-03-31T23:59:59+02:00,1,4,1116,1238,1974,3037,2532,4307,3050,5982,4358,6078,3473,3523,7990,10224,3776,6485,193,240,563,897,761,1394,915,2072,1206,1916,1306,1227,3902,5224,2924,5077,46602,28646,3423,1131,19115,40,1,7,1
2021-03-30T23:59:59+02:00,1,3,1094,1204,1925,2856,2430,4081,2899,5624,4156,5690,3380,3429,7826,10020,3750,6434,189,235,555,885,750,1372,892,2052,1158,1871,1223,1144,3381,4516,2702,4745,45969,26508,3261,1131,17564,31,1,7,1
2021-03-29T23:59:59+02:00,1,3,1078,1160,1864,2721,2346,3921,2761,5370,3994,5416,3283,3331,7666,9792,3721,6387,188,232,549,874,740,1358,875,2028,1123,1842,1149,1059,2804,3839,2523,4451,45329,24486,3034,1127,16444,21,1,7,1
2021-03-28T23:59:59+02:00,1,3,1058,1127,1792,2556,2262,3715,2640,5070,3842,5139,3218,3266,7601,9727,3717,6381,188,232,547,871,739,1356,873,2022,1120,1840,1140,1047,2749,3771,2510,4424,45222,24289,2823,1124,15062,16,1,7,1
2021-03-27T23:59:59+01:00,1,3,1058,1127,1792,2555,2261,3714,2637,5070,3839,5139,3214,3266,7600,9727,3717,6381,188,232,546,871,739,1356,872,2022,1118,1840,1140,1047,2749,3771,2510,4424,45213,24285,2823,1124,15057,16,1,7,1
2021-03-26T23:59:59+01:00,1,3,1054,1105,1749,2440,2197,3556,2576,4859,3753,4915,3193,3249,7597,9722,3716,6380,188,231,545,871,738,1356,872,2022,1118,1837,1136,1046,2746,3763,2509,4421,45187,24261,2820,1124,14050,14,1,7,1
2021-03-25T23:59:59+01:00,1,3,1028,1073,1698,2337,2114,3388,2470,4631,3642,4718,3092,3159,7470,9591,3709,6366,186,228,540,870,731,1346,866,2005,1103,1813,1090,1002,2520,3417,2312,4130,44932,23021,2488,1124,13063,14,1,6,1
2021-03-24T23:59:59+01:00,1,3,1006,1054,1678,2295,2083,3338,2435,4564,3598,4649,3005,3090,7342,9420,3692,6347,186,224,534,866,724,1336,855,1990,1084,1792,1050,960,2136,2874,1923,3620,44398,21018,2359,1122,12837,14,1,5,1
2021-03-23T23:59:59+01:00,1,3,996,1048,1659,2263,2060,3304,2399,4521,3558,4598,2938,3017,7249,9320,3674,6319,184,221,530,861,717,1324,841,1971,1047,1762,969,870,1775,2384,1581,3157,43885,19093,2349,1088,12688,13,1,4,1
2021-03-22T23:59:59+01:00,1,3,993,1041,1644,2247,2046,3286,2377,4493,3521,4557,2893,2983,7187,9250,3659,6302,181,218,529,851,701,1301,827,1957,1018,1735,923,799,1306,1811,1236,2677,43550,17023,2329,1034,12599,13,1,4,1
2021-03-21T23:59:59+01:00,1,3,993,1041,1643,2244,2046,3285,2373,4489,3510,4550,2880,2974,7139,9194,3653,6296,181,215,528,849,700,1297,825,1953,1007,1730,900,780,1230,1726,1183,2608,43405,16722,2326,977,12578,13,1,4,1
2021-03-20T23:59:59+01:00,1,3,992,1040,1642,2243,2046,3285,2373,4489,3508,4548,2880,2973,7139,9193,3653,6296,181,215,528,849,700,1297,825,1953,995,1717,865,752,1199,1703,1175,2606,43404,16720,2322,827,12573,13,1,4,1
2021-03-19T23:59:59+01:00,1,3,991,1032,1635,2231,2035,3281,2371,4483,3501,4540,2870,2962,7126,9176,3652,6293,181,214,527,849,700,1295,825,1952,988,1712,821,715,1142,1653,1165,2596,43341,16678,2317,644,12520,13,1,4,1
2021-03-18T23:59:59+01:00,1,3,952,1000,1561,2120,1911,3114,2223,4237,3273,4289,2718,2804,6824,8811,3586,6194,180,213,522,844,693,1288,816,1941,966,1696,803,693,1067,1547,1025,2397,41946,16111,2008,567,11662,13,1,4,1
2021-03-17T23:59:59+01:00,1,3,898,967,1490,2063,1848,3048,2158,4175,3178,4193,2583,2671,6399,8320,3522,6080,179,211,519,839,691,1284,812,1936,961,1689,774,674,932,1394,869,2185,40180,15370,2005,566,11407,13,1,4,1
2021-03-16T23:59:59+01:00,1,3,873,944,1457,2024,1809,2999,2105,4120,3084,4095,2449,2512,5929,7675,3434,5930,173,208,514,838,687,1277,807,1927,954,1676,769,661,845,1268,727,2022,38198,14772,1946,566,11294,13,1,4,1
2021-03-15T23:59:59+01:00,1,3,856,937,1439,2002,1771,2944,2067,4048,2984,3986,2317,2342,5447,7133,3362,5817,172,207,514,831,685,1268,803,1917,944,1660,758,651,775,1157,579,1825,36434,14204,1850,528,11168,13,0,4,1
2021-03-14T23:59:59+01:00,1,3,851,923,1414,1973,1747,2915,2037,3988,2923,3920,2140,2149,5261,6907,3330,5786,172,207,513,828,683,1257,802,1910,941,1650,741,642,759,1138,555,1770,35415,14060,1753,503,11096,4,0,4,1
2021-03-13T23:59:59+01:00,1,3,843,916,1393,1962,1731,2902,2012,3960,2851,3872,2071,2075,5214,6854,3328,5785,172,207,513,827,683,1257,802,1910,941,1650,739,641,758,1135,554,1770,35165,14051,1514,503,11090,4,0,4,1
2021-03-12T23:59:59+01:00,1,3,819,901,1349,1905,1669,2803,1915,3808,2694,3705,1874,1838,5030,6632,3298,5742,172,207,512,827,683,1257,801,1910,941,1649,731,638,745,1120,547,1767,33841,14000,1274,502,10867,4,0,4,1
2021-03-11T23:59:59+01:00,1,3,784,842,1280,1823,1586,2656,1831,3607,2531,3533,1611,1529,4664,6163,3165,5560,163,201,506,818,673,1248,787,1875,920,1609,604,577,676,1079,527,1736,31733,13503,1179,492,10253,3,0,4,1
2021-03-10T23:59:59+01:00,1,3,768,791,1257,1765,1553,2597,1781,3537,2450,3443,1541,1441,4196,5625,3047,5310,163,199,497,796,655,1235,779,1855,913,1593,535,562,643,1070,520,1730,29928,13353,1172,388,10002,3,0,4,1
2021-03-09T23:59:59+01:00,1,3,756,768,1237,1735,1525,2551,1741,3486,2377,3391,1450,1345,3636,4877,2863,5005,161,197,492,775,645,1211,765,1823,901,1565,531,560,641,1065,517,1724,27769,13293,1169,276,9805,3,0,4,1
2021-03-08T23:59:59+01:00,0,3,752,741,1224,1716,1509,2531,1715,3450,2339,3348,1358,1245,2968,4050,2627,4635,157,194,478,751,623,1178,746,1773,877,1528,527,558,641,1064,517,1724,25324,13285,1169,49,9714,1,0,4,1
2021-03-07T23:59:59+01:00,0,3,749,737,1216,1707,1501,2517,1705,3442,2328,3340,1345,1229,2868,3930,2604,4585,157,194,478,751,623,1178,746,1773,877,1528,527,558,640,1064,517,1724,24973,13285,1167,49,9662,0,0,4,1
2021-03-06T23:59:59+01:00,0,3,748,737,1215,1704,1498,2514,1701,3439,2325,3339,1342,1229,2868,3930,2604,4585,156,194,478,751,623,1178,746,1773,877,1528,527,558,640,1064,517,1724,24969,13284,1167,49,9641,0,0,4,1
2021-03-05T23:59:59+01:00,0,3,683,711,1189,1690,1477,2505,1676,3424,2296,3330,1337,1227,2860,3922,2601,4580,156,194,478,750,623,1177,746,1773,877,1526,526,558,640,1064,517,1724,24939,13279,1163,49,9405,0,0,4,1
2021-03-04T23:59:59+01:00,0,3,617,662,1122,1621,1420,2423,1636,3345,2222,3253,1287,1179,2644,3558,2418,4293,154,189,475,736,611,1165,735,1745,868,1513,516,547,628,1054,512,1715,23722,13114,1156,48,8821,0,0,4,1
2021-03-03T23:59:59+01:00,0,3,581,623,1054,1557,1323,2341,1536,3259,2097,3169,1243,1134,2277,3038,2065,3849,154,189,473,733,611,1165,734,1743,866,1512,514,546,626,1051,512,1713,21867,13094,1155,47,8125,0,0,2,1
2021-03-02T23:59:59+01:00,0,3,563,590,1017,1511,1267,2298,1479,3207,2001,3108,1160,1034,1911,2559,1677,3327,152,187,468,727,606,1154,724,1733,861,1492,505,537,615,1030,493,1683,19805,12919,1152,47,7753,0,0,2,1
2021-03-01T23:59:59+01:00,0,3,556,542,999,1472,1221,2237,1433,3142,1946,3035,1116,960,1419,1964,1302,2791,150,187,468,727,606,1153,724,1730,860,1492,503,537,612,1021,489,1672,17542,12883,1149,47,7445,0,0,2,1
2021-02-28T23:59:59+01:00,0,3,549,529,982,1433,1195,2176,1405,3084,1891,2962,1095,938,1305,1823,1230,2702,150,187,467,726,606,1153,723,1728,859,1491,501,537,612,1021,489,1672,17064,12874,1147,47,7089,0,0,2,1
2021-02-27T23:59:59+01:00,0,3,549,527,981,1433,1195,2174,1405,3083,1891,2961,1095,938,1305,1822,1229,2702,150,187,466,725,603,1151,721,1726,857,1490,501,537,612,1021,489,1672,17062,12874,1147,33,7082,0,0,2,1
2021-02-26T23:59:59+01:00,0,3,400,476,851,1389,1111,2131,1338,3042,1832,2919,1090,931,1302,1821,1229,2701,150,187,466,725,603,1151,721,1725,857,1489,501,537,612,1021,489,1672,17052,12873,1147,32,6365,0,0,2,1
2021-02-25T23:59:59+01:00,0,3,308,422,756,1295,1027,2042,1239,2868,1693,2757,1052,899,1221,1697,1116,2513,143,177,454,712,587,1126,714,1700,837,1465,489,523,584,990,475,1653,16464,12606,1147,22,5295,0,0,2,1
2021-02-24T23:59:59+01:00,0,2,259,377,684,1219,953,1954,1185,2751,1628,2639,1025,879,1098,1552,960,2300,141,177,451,709,583,1125,713,1694,836,1461,484,518,576,985,472,1641,15759,12546,1145,19,4559,0,0,2,1
2021-02-23T23:59:59+01:00,0,2,247,356,662,1161,925,1875,1137,2639,1553,2531,1000,851,1021,1424,823,2142,141,176,451,707,583,1125,713,1691,834,1460,483,516,574,984,472,1640,15210,12535,1114,14,4023,0,0,2,1
2021-02-22T23:59:59+01:00,0,0,233,337,639,1131,893,1792,1087,2547,1469,2408,955,822,903,1281,642,1890,141,176,450,706,581,1124,711,1691,828,1458,482,515,573,982,471,1638,14470,12523,1045,3,3512,0,0,2,1
2021-02-21T23:59:59+01:00,0,0,227,326,605,1066,843,1686,1044,2446,1390,2301,938,801,872,1230,590,1826,141,175,447,699,580,1120,711,1686,828,1457,481,515,572,982,470,1637,14264,12497,1005,3,2920,0,0,2,1
2021-02-20T23:59:59+01:00,0,0,227,323,602,1065,841,1681,1041,2441,1377,2284,902,772,841,1207,582,1824,141,175,447,699,580,1120,711,1686,828,1457,481,514,571,982,470,1637,14264,12496,851,3,2893,0,0,2,0
2021-02-19T23:59:59+01:00,0,0,217,315,592,1057,828,1666,1020,2424,1344,2241,659,670,704,1145,557,1807,141,175,447,698,580,1117,710,1684,825,1454,481,514,571,981,469,1637,13788,12481,671,3,2785,0,0,2,0
2021-02-18T23:59:59+01:00,0,0,200,265,553,936,744,1439,889,2165,1096,1866,579,602,666,1105,538,1790,136,175,434,686,565,1100,704,1658,809,1426,478,511,570,979,469,1637,13632,12334,575,3,1224,0,0,2,0
2021-02-17T23:59:59+01:00,0,0,195,227,533,887,708,1342,831,1998,1011,1734,557,582,666,1102,536,1787,129,173,423,676,557,1084,685,1627,796,1404,475,509,568,976,469,1636,13616,12184,575,3,503,0,0,2,0
2021-02-16T23:59:59+01:00,0,0,189,224,526,872,692,1311,812,1959,978,1694,545,577,660,1100,535,1785,124,168,409,670,546,1068,673,1609,787,1390,468,504,561,963,463,1609,13588,12010,575,2,294,0,0,2,0
2021-02-15T23:59:59+01:00,0,0,174,215,520,845,686,1277,798,1924,949,1647,544,574,658,1100,535,1785,121,167,402,661,536,1049,644,1582,773,1372,466,502,561,963,463,1609,13585,11869,536,2,108,0,0,2,0
2021-02-14T23:59:59+01:00,0,0,169,207,517,833,685,1268,795,1915,931,1638,543,573,658,1097,534,1785,114,164,391,650,519,1031,626,1568,766,1360,466,500,559,961,463,1609,13579,11745,534,2,33,0,0,2,0
2021-02-13T23:59:59+01:00,0,0,168,207,516,833,685,1268,795,1915,931,1638,543,573,658,1097,534,1785,114,164,390,649,519,1031,626,1568,766,1360,466,500,559,961,463,1609,13578,11743,534,2,32,0,0,2,0
2021-02-12T23:59:59+01:00,0,0,167,206,512,832,684,1265,791,1914,929,1635,542,573,658,1097,534,1785,110,162,387,643,515,1025,612,1554,762,1343,464,499,548,941,460,1584,13571,11607,533,2,18,0,0,2,0
2021-02-11T23:59:59+01:00,0,0,165,205,508,825,677,1261,789,1910,923,1633,537,567,651,1091,529,1779,90,126,358,572,469,946,561,1437,718,1249,439,454,507,887,419,1491,13519,10722,521,1,8,0,0,2,0
2021-02-10T23:59:59+01:00,0,0,162,203,498,808,661,1246,777,1883,908,1609,529,561,641,1079,524,1769,80,115,330,513,442,839,519,1262,644,1093,391,404,441,775,373,1336,13396,9556,459,1,1,0,0,2,0
2021-02-09T23:59:59+01:00,0,0,161,196,490,769,645,1207,757,1822,897,1567,517,549,635,1065,516,1753,75,99,311,447,407,755,479,1158,579,993,361,351,402,691,343,1223,13287,8674,257,0,0,0,0,2,0
2021-02-08T23:59:59+01:00,0,0,157,192,473,744,622,1172,737,1772,877,1523,511,548,633,1059,512,1740,62,73,266,378,359,619,419,929,506,814,304,296,339,543,288,1032,13220,7227,50,0,0,0,0,2,0
2021-02-07T23:59:59+01:00,0,0,157,191,472,743,620,1171,736,1764,875,1521,510,548,633,1059,512,1739,61,65,248,343,340,575,403,897,487,780,303,288,337,536,286,1029,13199,6978,50,0,0,0,0,2,0
2021-02-06T23:59:59+01:00,0,0,157,191,472,743,620,1171,736,1764,875,1521,510,548,633,1059,512,1739,61,65,248,343,340,575,403,896,485,778,303,287,336,534,285,1029,13199,6968,50,0,0,0,0,2,0
2021-02-05T23:59:59+01:00,0,0,157,191,472,743,620,1170,736,1764,875,1520,510,548,633,1059,512,1739,59,65,246,341,333,571,395,874,476,758,293,282,326,512,270,993,13198,6794,50,0,0,0,0,1,0
2021-02-04T23:59:59+01:00,0,0,151,186,468,735,613,1162,732,1750,869,1511,503,541,612,1034,503,1721,43,50,212,308,292,475,354,733,384,612,229,215,243,352,201,735,13041,5438,49,0,0,0,0,1,0
2021-02-03T23:59:59+01:00,0,0,149,186,462,729,605,1153,728,1739,860,1495,494,533,599,1021,495,1713,35,32,156,217,238,348,265,560,309,464,180,169,171,264,153,554,12912,4115,48,0,0,0,0,1,0
2021-02-02T23:59:59+01:00,0,0,149,183,460,728,605,1153,725,1733,853,1491,493,532,595,1018,494,1709,26,26,137,170,193,279,221,427,258,374,140,130,129,199,119,437,12872,3265,48,0,0,0,0,1,0
2021-02-01T23:59:59+01:00,0,0,147,183,459,727,600,1150,724,1724,851,1486,492,530,590,1015,493,1704,21,19,100,125,137,188,154,299,169,259,89,93,87,126,65,238,12826,2169,48,0,0,0,0,1,0
2021-01-31T23:59:59+01:00,0,0,147,183,459,724,597,1149,724,1720,851,1485,490,529,589,1013,493,1703,15,15,67,84,95,123,117,222,142,203,84,87,83,118,63,224,12808,1742,48,0,0,0,0,0,0
2021-01-30T23:59:59+01:00,0,0,147,183,458,724,595,1147,723,1719,851,1485,490,529,588,1013,493,1703,15,15,67,84,95,121,115,218,139,200,83,86,83,112,57,214,12807,1704,41,0,0,0,0,0,0
2021-01-29T23:59:59+01:00,0,0,147,183,458,722,594,1144,721,1717,849,1484,490,529,588,1013,493,1703,13,15,55,79,78,117,97,207,116,188,78,79,82,108,56,213,12802,1581,33,0,0,0,0,0,0
2021-01-28T23:59:59+01:00,0,0,140,179,445,705,577,1119,715,1690,826,1455,483,523,585,1010,490,1700,8,3,12,19,24,45,30,95,48,89,45,50,54,78,41,158,12617,799,25,0,0,0,0,0,0
2021-01-27T23:59:59+01:00,0,0,133,177,434,695,569,1110,699,1656,819,1432,480,521,581,1005,490,1695,4,1,4,11,10,23,13,40,23,31,12,17,24,31,18,48,12473,310,23,0,0,0,0,0,0
2021-01-26T23:59:59+01:00,0,0,127,173,420,682,556,1096,690,1633,808,1411,474,516,575,988,484,1661,4,1,4,10,7,21,11,37,17,28,12,15,23,30,18,47,12280,285,14,0,0,0,0,0,0
2021-01-25T23:59:59+01:00,0,0,124,171,411,670,545,1077,662,1605,790,1394,472,513,573,987,484,1661,3,1,3,9,7,16,6,28,12,22,9,6,13,19,9,29,12136,192,3,0,0,0,0,0,0
2021-01-24T23:59:59+01:00,0,0,117,168,401,660,531,1059,645,1592,777,1383,471,510,572,987,484,1661,2,0,1,6,7,4,4,7,5,9,1,2,11,12,6,16,12015,93,3,0,0,0,0,0,0
2021-01-23T23:59:59+01:00,0,0,117,168,401,659,531,1059,645,1592,777,1383,471,510,572,987,484,1661,1,0,1,6,7,4,4,7,5,9,1,2,11,12,6,16,12014,92,3,0,0,0,0,0,0
2021-01-22T23:59:59+01:00,0,0,113,166,394,653,528,1053,631,1578,771,1366,471,507,561,966,479,1635,1,0,1,6,7,4,4,7,5,9,1,2,11,12,6,16,11869,92,3,0,0,0,0,0,0
2021-01-21T23:59:59+01:00,0,0,101,158,379,635,505,1020,601,1529,748,1324,455,469,528,922,446,1570,1,0,1,6,7,4,4,7,5,9,1,2,11,12,6,16,11387,92,3,0,0,0,0,0,0
2021-01-20T23:59:59+01:00,0,0,82,116,345,546,461,880,543,1295,660,1137,397,410,445,787,387,1358,1,0,1,5,7,4,4,7,5,9,1,2,11,12,6,16,9846,91,3,0,0,0,0,0,0
2021-01-19T23:59:59+01:00,0,0,77,104,316,470,421,791,503,1181,608,1034,374,373,410,710,358,1268,1,0,1,3,7,4,4,7,5,9,1,0,8,8,5,15,8995,78,3,0,0,0,0,0,0
2021-01-18T23:59:59+01:00,0,0,63,74,271,383,366,641,429,949,515,837,308,306,345,562,305,1080,1,0,1,3,7,4,4,7,5,9,1,0,8,8,5,15,7432,78,2,0,0,0,0,0,0
2021-01-17T23:59:59+01:00,0,0,61,65,252,348,344,589,410,907,492,799,305,297,344,555,303,1072,0,0,0,0,0,0,0,0,0,0,0,0,0,0,0,0,7141,0,2,0,0,0,0,0,0
2021-01-16T23:59:59+01:00,0,0,61,65,252,348,344,589,410,906,490,797,305,296,342,551,302,1072,0,0,0,0,0,0,0,0,0,0,0,0,0,0,0,0,7128,0,2,0,0,0,0,0,0
2021-01-15T23:59:59+01:00,0,0,59,65,251,345,338,583,399,883,479,772,291,290,325,524,281,1034,0,0,0,0,0,0,0,0,0,0,0,0,0,0,0,0,6917,0,2,0,0,0,0,0,0
2021-01-14T23:59:59+01:00,0,0,45,52,237,322,314,508,365,758,392,626,228,218,242,353,205,751,0,0,0,0,0,0,0,0,0,0,0,0,0,0,0,0,5616,0,0,0,0,0,0,0,0
2021-01-13T23:59:59+01:00,0,0,39,42,212,266,273,409,300,610,321,501,177,175,174,269,163,587,0,0,0,0,0,0,0,0,0,0,0,0,0,0,0,0,4518,0,0,0,0,0,0,0,0
2021-01-12T23:59:59+01:00,0,0,35,40,207,251,259,377,277,533,290,456,141,134,135,206,127,458,0,0,0,0,0,0,0,0,0,0,0,0,0,0,0,0,3926,0,0,0,0,0,0,0,0
2021-01-11T23:59:59+01:00,0,0,29,36,196,230,240,325,229,444,240,382,110,105,101,133,75,291,0,0,0,0,0,0,0,0,0,0,0,0,0,0,0,0,3166,0,0,0,0,0,0,0,0
2021-01-10T23:59:59+01:00,0,0,27,31,158,168,197,250,191,348,198,305,98,99,98,128,73,277,0,0,0,0,0,0,0,0,0,0,0,0,0,0,0,0,2646,0,0,0,0,0,0,0,0
2021-01-09T23:59:59+01:00,0,0,27,31,151,164,195,242,187,341,196,300,98,99,98,128,73,277,0,0,0,0,0,0,0,0,0,0,0,0,0,0,0,0,2607,0,0,0,0,0,0,0,0
2021-01-08T23:59:59+01:00,0,0,24,28,121,141,174,229,162,312,168,279,93,89,97,124,72,276,0,0,0,0,0,0,0,0,0,0,0,0,0,0,0,0,2389,0,0,0,0,0,0,0,0
2021-01-07T23:59:59+01:00,0,0,9,3,16,24,32,55,37,104,61,112,48,51,60,84,46,187,0,0,0,0,0,0,0,0,0,0,0,0,0,0,0,0,929,0,0,0,0,0,0,0,0
2021-01-06T23:59:59+01:00,0,0,4,1,5,11,10,22,13,39,20,31,13,14,25,35,20,55,0,0,0,0,0,0,0,0,0,0,0,0,0,0,0,0,318,0,0,0,0,0,0,0,0
2021-01-05T23:59:59+01:00,0,0,3,1,4,9,9,18,10,31,15,26,10,14,22,30,19,49,0,0,0,0,0,0,0,0,0,0,0,0,0,0,0,0,270,0,0,0,0,0,0,0,0
2021-01-04T23:59:59+01:00,0,0,2,1,2,7,9,10,4,15,8,16,5,3,11,16,8,26,0,0,0,0,0,0,0,0,0,0,0,0,0,0,0,0,143,0,0,0,0,0,0,0,0
2021-01-03T23:59:59+01:00,0,0,2,0,1,6,8,4,4,7,5,9,1,2,11,12,7,16,0,0,0,0,0,0,0,0,0,0,0,0,0,0,0,0,95,0,0,0,0,0,0,0,0
2021-01-02T23:59:59+01:00,0,0,2,0,1,6,8,4,4,7,5,9,1,2,11,12,7,16,0,0,0,0,0,0,0,0,0,0,0,0,0,0,0,0,95,0,0,0,0,0,0,0,0
2021-01-01T23:59:59+01:00,0,0,1,0,1,6,8,4,4,7,5,9,1,2,11,12,7,16,0,0,0,0,0,0,0,0,0,0,0,0,0,0,0,0,94,0,0,0,0,0,0,0,0
2020-12-31T23:59:59+01:00,0,0,1,0,1,5,8,4,4,7,5,9,1,2,11,12,7,16,0,0,0,0,0,0,0,0,0,0,0,0,0,0,0,0,93,0,0,0,0,0,0,0,0
2020-12-30T23:59:59+01:00,0,0,1,0,1,5,8,4,4,7,5,9,1,2,11,12,7,16,0,0,0,0,0,0,0,0,0,0,0,0,0,0,0,0,93,0,0,0,0,0,0,0,0
2020-12-29T23:59:59+01:00,0,0,1,0,1,3,8,4,4,7,5,9,1,0,8,8,6,15,0,0,0,0,0,0,0,0,0,0,0,0,0,0,0,0,80,0,0,0,0,0,0,0,0
2020-12-28T23:59:59+01:00,0,0,1,0,1,3,8,4,4,7,5,9,1,0,8,8,6,15,0,0,0,0,0,0,0,0,0,0,0,0,0,0,0,0,80,0,0,0,0,0,0,0,0
2020-12-27T23:59:59+01:00,0,0,1,0,1,3,8,4,4,7,5,9,1,0,8,8,6,15,0,0,0,0,0,0,0,0,0,0,0,0,0,0,0,0,80,0,0,0,0,0,0,0,0
