Datum,<15_1_m,<15_1_w,15-24_1_m,15-24_1_w,25-34_1_m,25-34_1_w,35-44_1_m,35-44_1_w,45-54_1_m,45-54_1_w,55-64_1_m,55-64_1_w,65-74_1_m,65-74_1_w,75-84_1_m,75-84_1_w,>84_1_m,>84_1_w,<15_2_m,<15_2_w,15-24_2_m,15-24_2_w,25-34_2_m,25-34_2_w,35-44_2_m,35-44_2_w,45-54_2_m,45-54_2_w,55-64_2_m,55-64_2_w,65-74_2_m,65-74_2_w,75-84_2_m,75-84_2_w,>84_2_m,>84_2_w,bp_1,bp_2,mo_1,mo_2,az_1,az_2,ja,unb_1,unb_2
2021-11-29T23:59:59+01:00,4099,3941,21083,19279,26430,24370,27362,26649,30344,30819,32563,33504,22270,25529,15785,19939,4602,8088,2458,2343,17636,16282,23064,21088,24585,23899,27936,28390,30731,31541,21502,24530,15350,19238,4426,7709,269932,240058,33381,32138,55129,52276,18186,37,50
2021-11-28T23:59:59+01:00,3931,3794,21043,19252,26388,24315,27330,26611,30318,30792,32544,33473,22260,25508,15778,19925,4600,8081,2443,2325,17577,16222,22988,21047,24520,23853,27897,28344,30696,31504,21483,24510,15342,19232,4424,7707,269229,239466,33371,32137,55129,52275,18186,37,50
2021-11-27T23:59:59+01:00,3904,3776,21023,19239,26375,24302,27312,26597,30309,30781,32536,33467,22259,25502,15777,19923,4600,8081,2442,2325,17563,16218,22977,21038,24508,23843,27889,28339,30688,31496,21482,24510,15340,19230,4424,7707,269051,239373,33371,32137,55129,52275,18184,37,50
2021-11-26T23:59:59+01:00,3802,3690,20983,19216,26341,24261,27282,26568,30287,30758,32512,33450,22252,25489,15774,19919,4600,8079,2429,2303,17508,16188,22928,21009,24469,23800,27849,28318,30668,31482,21478,24504,15337,19226,4424,7707,268557,238992,33365,32127,55129,52274,18184,37,50
2021-11-25T23:59:59+01:00,3656,3551,20923,19139,26293,24174,27235,26503,30238,30706,32477,33399,22243,25463,15769,19903,4598,8074,2392,2269,17432,16130,22821,20944,24410,23746,27792,28268,30628,31448,21468,24487,15328,19215,4420,7705,267654,238298,33349,32098,55129,52273,18184,37,50
2021-11-24T23:59:59+01:00,3569,3462,20854,19078,26229,24088,27167,26430,30198,30650,32435,33351,22224,25432,15762,19882,4589,8062,2363,2246,17361,16044,22720,20853,24334,23686,27713,28209,30572,31391,21447,24464,15316,19206,4417,7703,266777,237471,33344,32071,55129,52269,18184,37,50
2021-11-23T23:59:59+01:00,3481,3377,20783,19014,26160,24019,27106,26367,30135,30593,32388,33300,22204,25404,15745,19849,4583,8036,2344,2228,17280,15991,22635,20778,24270,23620,27666,28162,30534,31367,21436,24441,15299,19188,4414,7692,265873,236781,33333,32064,55129,52269,18181,37,50
2021-11-22T23:59:59+01:00,3399,3295,20700,18940,26046,23909,27025,26267,30072,30511,32319,33233,22181,25370,15737,19820,4574,8025,2324,2211,17229,15927,22564,20725,24211,23565,27618,28109,30489,31327,21414,24415,15287,19174,4410,7688,264762,236143,33326,32048,55129,52268,18178,37,50
2021-11-21T23:59:59+01:00,3361,3245,20635,18886,25979,23834,26969,26204,30013,30447,32268,33175,22161,25342,15730,19801,4570,8018,2318,2204,17205,15914,22535,20707,24188,23546,27602,28099,30474,31312,21406,24409,15282,19167,4410,7682,263983,235925,33322,32041,55129,52268,18176,37,50
2021-11-20T23:59:59+01:00,3349,3233,20608,18855,25937,23805,26929,26183,29990,30423,32254,33158,22152,25335,15727,19797,4570,8016,2314,2201,17189,15909,22527,20698,24171,23535,27595,28088,30470,31309,21404,24408,15282,19165,4410,7682,263669,235824,33320,32040,55129,52268,18175,37,50
2021-11-19T23:59:59+01:00,3271,3159,20525,18776,25852,23729,26866,26130,29929,30371,32216,33119,22140,25311,15725,19791,4569,8013,2303,2193,17153,15876,22475,20666,24123,23508,27557,28059,30449,31299,21392,24403,15279,19161,4408,7681,262852,235466,33308,32030,55129,52264,18175,37,50
2021-11-18T23:59:59+01:00,3157,3062,20437,18657,25742,23600,26777,26017,29857,30285,32170,33050,22102,25266,15714,19772,4569,8004,2283,2159,17079,15800,22411,20603,24075,23450,27507,28027,30401,31262,21380,24388,15270,19143,4405,7666,261605,234824,33301,32001,55129,52259,18175,37,50
2021-11-17T23:59:59+01:00,3096,2992,20319,18539,25629,23458,26676,25910,29773,30223,32115,32980,22080,25227,15703,19752,4566,7997,2263,2131,16992,15744,22313,20536,24008,23373,27430,27973,30357,31225,21364,24370,15261,19127,4403,7661,260413,234068,33292,31984,55129,52256,18173,37,50
2021-11-16T23:59:59+01:00,3050,2935,20197,18449,25495,23324,26590,25814,29702,30140,32052,32908,22058,25195,15692,19733,4564,7985,2242,2115,16950,15719,22268,20494,23964,23342,27391,27926,30326,31193,21348,24356,15248,19117,4403,7658,259270,233605,33286,31981,55129,52254,18170,37,50
2021-11-15T23:59:59+01:00,2999,2895,19995,18298,25314,23168,26462,25689,29614,30034,31970,32829,22027,25162,15676,19711,4561,7977,2226,2106,16901,15698,22225,20462,23920,23313,27366,27898,30304,31174,21331,24337,15241,19104,4401,7654,257786,233232,33271,31958,55129,52254,18167,37,50
2021-11-14T23:59:59+01:00,2971,2859,19873,18200,25200,23045,26375,25616,29544,29958,31909,32765,22002,25133,15666,19696,4558,7971,2215,2092,16871,15657,22199,20431,23892,23295,27350,27878,30285,31157,21324,24334,15235,19093,4401,7652,256754,232938,33265,31955,55129,52253,18165,37,50
2021-11-13T23:59:59+01:00,2958,2842,19809,18152,25142,23007,26309,25579,29509,29933,31886,32746,21997,25128,15666,19694,4556,7970,2212,2091,16863,15652,22193,20424,23881,23291,27343,27875,30280,31154,21323,24333,15235,19092,4401,7652,256299,232879,33265,31951,55129,52253,18162,37,50
2021-11-12T23:59:59+01:00,2918,2802,19623,18019,24988,22879,26172,25458,29436,29853,31828,32707,21985,25106,15658,19688,4554,7970,2199,2080,16804,15626,22150,20389,23843,23262,27317,27857,30248,31141,21316,24322,15228,19087,4401,7650,255092,232525,33237,31938,55129,52249,18158,37,50
2021-11-11T23:59:59+01:00,2856,2736,19484,17898,24856,22741,26050,25348,29348,29760,31761,32658,21961,25082,15650,19678,4552,7964,2182,2060,16762,15574,22110,20336,23809,23235,27290,27825,30230,31105,21298,24312,15223,19076,4399,7644,253871,232101,33206,31923,55129,52247,18149,37,50
2021-11-10T23:59:59+01:00,2803,2672,19241,17695,24626,22550,25896,25201,29194,29649,31676,32558,21931,25052,15633,19658,4549,7954,2167,2036,16700,15497,22034,20280,23757,23187,27241,27788,30183,31067,21279,24291,15214,19059,4394,7638,252083,231475,33166,31908,55128,52246,18133,37,50
2021-11-09T23:59:59+01:00,2759,2630,19102,17556,24468,22430,25786,25087,29120,29574,31613,32489,21909,25021,15616,19641,4546,7939,2148,2021,16669,15462,21997,20255,23734,23159,27216,27758,30157,31025,21260,24273,15207,19042,4392,7633,250845,231082,33155,31904,55128,52242,18130,37,50
2021-11-08T23:59:59+01:00,2713,2592,18854,17342,24242,22219,25609,24948,28975,29451,31509,32401,21874,24968,15594,19617,4545,7931,2125,2000,16618,15415,21952,20216,23707,23120,27178,27730,30134,30999,21236,24259,15198,19028,4388,7629,248991,230639,33121,31888,55128,52239,18116,37,50
2021-11-07T23:59:59+01:00,2685,2561,18744,17233,24114,22107,25502,24856,28904,29377,31459,32341,21852,24947,15586,19613,4543,7928,2110,1986,16594,15399,21926,20189,23685,23106,27163,27713,30122,30987,21232,24253,15193,19020,4388,7627,247963,230405,33119,31888,55128,52236,18114,37,50
2021-11-06T23:59:59+01:00,2685,2558,18742,17230,24110,22107,25498,24853,28902,29375,31458,32339,21852,24947,15586,19613,4542,7928,2110,1985,16590,15397,21926,20188,23684,23106,27162,27710,30120,30987,21232,24252,15193,19020,4388,7627,247936,230391,33119,31886,55128,52236,18114,37,50
2021-11-05T23:59:59+01:00,2656,2519,18644,17150,24021,22010,25428,24785,28839,29322,31419,32307,21851,24940,15583,19606,4542,7927,2105,1979,16578,15380,21918,20176,23673,23099,27155,27696,30113,30979,21227,24247,15193,19019,4387,7626,247195,230274,33085,31881,55128,52232,18113,37,50
2021-11-04T23:59:59+01:00,2610,2482,18562,17060,23911,21914,25361,24728,28767,29277,31381,32269,21840,24928,15575,19596,4540,7922,2076,1955,16519,15331,21870,20131,23638,23069,27131,27666,30090,30957,21223,24238,15188,19009,4385,7625,246397,229873,33075,31865,55128,52218,18095,37,50
2021-11-03T23:59:59+01:00,2574,2456,18417,16930,23748,21776,25249,24631,28686,29216,31333,32212,21820,24915,15569,19590,4540,7920,2048,1932,16445,15262,21813,20064,23598,23028,27086,27630,30063,30927,21207,24214,15177,18998,4383,7619,245288,229290,33050,31850,55128,52216,18088,37,50
2021-11-02T23:59:59+01:00,2546,2433,18281,16846,23600,21673,25155,24565,28610,29160,31284,32177,21811,24896,15562,19581,4539,7911,2033,1912,16387,15225,21775,20017,23561,22988,27057,27604,30040,30904,21199,24201,15169,18995,4382,7616,244353,228878,33044,31844,55128,52216,18077,37,50
2021-11-01T23:59:59+01:00,2525,2413,18196,16773,23515,21612,25096,24522,28561,29120,31258,32151,21799,24886,15559,19580,4539,7910,2019,1898,16350,15171,21737,19978,23535,22956,27027,27567,30022,30885,21191,24196,15168,18985,4382,7614,243747,228511,33040,31832,55128,52216,18072,37,50
2021-10-31T23:59:59+01:00,2525,2413,18196,16773,23514,21610,25095,24522,28561,29120,31258,32151,21799,24886,15559,19580,4539,7910,2018,1897,16350,15171,21737,19978,23535,22955,27027,27567,30022,30884,21191,24196,15168,18985,4382,7614,243743,228507,33040,31832,55128,52216,18072,37,50
2021-10-30T23:59:59+02:00,2525,2413,18196,16773,23513,21610,25095,24522,28561,29120,31258,32151,21799,24886,15559,19580,4539,7910,2018,1897,16350,15171,21737,19978,23535,22955,27027,27567,30022,30884,21191,24196,15168,18985,4382,7614,243742,228507,33040,31832,55128,52216,18072,37,50
2021-10-29T23:59:59+02:00,2512,2399,18129,16731,23437,21569,25019,24479,28498,29083,31232,32131,21795,24877,15553,19575,4538,7909,2013,1892,16336,15159,21722,19963,23525,22940,27016,27554,30014,30881,21189,24194,15168,18983,4382,7614,243241,228381,32999,31828,55128,52216,18070,37,50
2021-10-28T23:59:59+02:00,2487,2375,18044,16664,23353,21506,24969,24423,28458,29045,31197,32103,21789,24870,15548,19567,4538,7906,1982,1873,16276,15108,21685,19918,23494,22908,26991,27531,29991,30855,21179,24185,15165,18980,4382,7609,242656,227975,32969,31813,55128,52213,18061,37,50
2021-10-27T23:59:59+02:00,2453,2338,17928,16582,23198,21405,24862,24335,28361,28985,31149,32071,21780,24846,15541,19558,4538,7905,1958,1844,16205,15059,21636,19858,23460,22869,26956,27492,29965,30830,21168,24172,15158,18970,4381,7605,241696,227485,32929,31788,55128,52209,18054,37,50
2021-10-26T23:59:59+02:00,2428,2314,17870,16535,23154,21357,24816,24296,28315,28943,31122,32052,21778,24836,15538,19556,4538,7902,1940,1820,16164,15013,21605,19826,23428,22839,26945,27471,29952,30819,21160,24172,15156,18968,4381,7605,241225,227176,32928,31788,55128,52209,18041,37,50
2021-10-25T23:59:59+02:00,2427,2310,17869,16531,23152,21355,24814,24293,28314,28940,31121,32052,21778,24836,15538,19556,4538,7902,1940,1819,16164,15012,21605,19825,23426,22838,26945,27471,29952,30819,21160,24172,15156,18968,4381,7605,241202,227171,32928,31788,55128,52209,18040,37,50
2021-10-24T23:59:59+02:00,2418,2301,17851,16504,23135,21335,24788,24277,28305,28934,31114,32047,21776,24834,15536,19555,4538,7902,1930,1802,16143,14974,21582,19802,23412,22809,26934,27460,29942,30811,21157,24167,15154,18962,4381,7605,241042,226956,32914,31774,55128,52209,18038,37,50
2021-10-23T23:59:59+02:00,2418,2301,17850,16504,23133,21335,24788,24277,28304,28934,31114,32047,21776,24834,15536,19555,4538,7902,1930,1802,16143,14974,21580,19802,23412,22809,26934,27460,29942,30811,21157,24167,15154,18962,4381,7605,241039,226955,32914,31774,55128,52209,18037,37,50
2021-10-22T23:59:59+02:00,2397,2283,17786,16464,23082,21289,24737,24221,28272,28905,31080,32024,21769,24825,15531,19553,4537,7900,1923,1795,16124,14962,21570,19793,23396,22792,26926,27456,29933,30805,21155,24165,15154,18962,4381,7605,240568,226841,32905,31773,55128,52207,18026,37,50
2021-10-21T23:59:59+02:00,2382,2256,17743,16419,23028,21239,24700,24186,28226,28878,31063,32002,21762,24819,15528,19549,4536,7892,1878,1757,16062,14884,21525,19733,23360,22745,26887,27418,29919,30784,21148,24153,15145,18943,4379,7600,240160,226324,32879,31726,55128,52207,18013,37,50
2021-10-20T23:59:59+02:00,2351,2215,17663,16355,22936,21173,24624,24142,28187,28830,31029,31975,21750,24810,15524,19540,4534,7890,1823,1714,15975,14812,21475,19666,23299,22699,26843,27362,29891,30756,21127,24141,15138,18925,4373,7597,239511,225658,32859,31702,55128,52204,18002,37,50
2021-10-19T23:59:59+02:00,2330,2201,17629,16329,22916,21158,24610,24125,28174,28818,31021,31953,21743,24799,15522,19532,4533,7889,1792,1675,15916,14762,21433,19619,23278,22674,26823,27343,29871,30737,21117,24127,15133,18919,4373,7594,239270,225233,32859,31702,55127,52203,17998,37,50
2021-10-18T23:59:59+02:00,2317,2191,17608,16308,22900,21132,24591,24107,28162,28808,31008,31941,21737,24797,15520,19525,4531,7886,1768,1652,15874,14714,21414,19594,23255,22645,26802,27317,29851,30722,21111,24122,15129,18913,4372,7593,239058,224897,32859,31701,55127,52203,17997,37,50
2021-10-17T23:59:59+02:00,2308,2185,17583,16274,22869,21103,24572,24093,28144,28799,30998,31933,21729,24793,15519,19522,4531,7884,1750,1623,15832,14667,21382,19551,23234,22618,26783,27296,29837,30718,21105,24113,15129,18908,4370,7591,238840,224580,32853,31681,55125,52203,17993,37,50
2021-10-16T23:59:59+02:00,2308,2185,17582,16274,22869,21103,24572,24093,28144,28799,30998,31933,21729,24793,15519,19522,4531,7884,1750,1623,15832,14667,21382,19550,23234,22618,26783,27296,29837,30718,21105,24113,15129,18908,4370,7591,238839,224579,32853,31681,55125,52203,17993,37,50
2021-10-15T23:59:59+02:00,2298,2175,17557,16258,22851,21088,24546,24075,28128,28784,30992,31929,21723,24786,15519,19522,4531,7883,1742,1608,15819,14650,21370,19539,23225,22611,26780,27289,29832,30713,21102,24111,15128,18908,4370,7591,238661,224463,32840,31681,55125,52203,17991,37,50
2021-10-14T23:59:59+02:00,2288,2157,17513,16223,22815,21054,24522,24051,28109,28764,30981,31915,21717,24783,15516,19519,4530,7880,1721,1582,15757,14598,21341,19494,23189,22572,26762,27253,29810,30690,21091,24103,15123,18898,4368,7589,238360,224056,32839,31667,55125,52184,17984,37,50
2021-10-13T23:59:59+02:00,2258,2137,17426,16147,22752,20990,24477,24008,28071,28718,30952,31885,21703,24773,15510,19514,4529,7876,1683,1551,15656,14507,21288,19443,23147,22535,26721,27213,29781,30662,21083,24085,15121,18883,4368,7585,237833,223514,32814,31639,55125,52184,17925,37,50
2021-10-12T23:59:59+02:00,2248,2118,17384,16103,22729,20962,24450,23980,28055,28697,30939,31864,21699,24768,15506,19506,4528,7874,1660,1531,15604,14446,21269,19409,23122,22514,26696,27188,29758,30641,21075,24076,15119,18880,4366,7584,237520,223157,32813,31627,55124,52180,17924,37,50
2021-10-11T23:59:59+02:00,2237,2106,17355,16072,22714,20941,24435,23959,28036,28678,30924,31854,21693,24760,15504,19501,4525,7869,1642,1520,15561,14410,21229,19355,23099,22476,26670,27148,29729,30625,21064,24066,15113,18873,4362,7581,237277,222746,32813,31627,55124,52180,17920,37,50
2021-10-10T23:59:59+02:00,2233,2097,17338,16052,22697,20927,24430,23951,28027,28663,30919,31847,21686,24756,15504,19499,4525,7866,1626,1509,15505,14365,21165,19295,23060,22437,26625,27122,29707,30603,21054,24055,15107,18866,4362,7581,237139,222295,32809,31604,55124,52179,17916,37,50
2021-10-09T23:59:59+02:00,2231,2097,17338,16051,22695,20926,24430,23951,28027,28663,30919,31847,21686,24756,15504,19499,4525,7866,1625,1506,15504,14363,21165,19294,23060,22437,26625,27121,29707,30603,21054,24055,15107,18866,4362,7581,237133,222286,32809,31604,55124,52179,17916,37,50
2021-10-08T23:59:59+02:00,2226,2089,17327,16026,22671,20914,24412,23942,28012,28647,30904,31838,21684,24751,15504,19499,4525,7866,1618,1502,15498,14350,21151,19279,23049,22429,26615,27104,29702,30596,21052,24049,15105,18865,4362,7581,236995,222183,32799,31604,55123,52179,17891,37,50
2021-10-07T23:59:59+02:00,2202,2069,17269,15981,22640,20867,24386,23914,27979,28622,30883,31811,21679,24748,15502,19490,4524,7860,1583,1470,15423,14272,21086,19208,23005,22382,26584,27067,29674,30573,21041,24034,15100,18855,4358,7580,236613,221643,32789,31556,55120,52171,17875,37,50
2021-10-06T23:59:59+02:00,2178,2046,17209,15934,22592,20814,24360,23873,27947,28592,30867,31785,21668,24736,15495,19484,4523,7856,1546,1443,15362,14199,21036,19147,22967,22345,26553,27028,29650,30544,21030,24020,15089,18849,4356,7578,236192,221144,32770,31529,55120,52171,17848,37,50
2021-10-05T23:59:59+02:00,2158,2029,17164,15894,22545,20786,24326,23833,27925,28567,30854,31768,21663,24728,15495,19479,4522,7855,1534,1426,15334,14168,20982,19122,22937,22316,26525,27002,29625,30519,21022,24001,15086,18841,4353,7578,235923,220876,32770,31527,55120,52171,17747,37,50
2021-10-04T23:59:59+02:00,2131,1994,17108,15855,22493,20756,24303,23808,27909,28533,30835,31750,21659,24719,15493,19475,4521,7852,1528,1414,15296,14144,20956,19093,22923,22291,26507,26983,29613,30505,21015,23991,15082,18836,4353,7570,235581,220664,32770,31525,55120,52169,17692,37,50
2021-10-03T23:59:59+02:00,2126,1982,17079,15815,22463,20723,24265,23784,27895,28513,30818,31740,21656,24712,15492,19470,4521,7850,1508,1393,15264,14106,20931,19063,22897,22271,26492,26961,29599,30495,21005,23978,15080,18833,4353,7570,235368,220443,32764,31514,55116,52167,17625,37,50
2021-10-02T23:59:59+02:00,2126,1982,17079,15815,22463,20723,24264,23784,27895,28513,30818,31740,21656,24712,15492,19470,4521,7850,1508,1393,15264,14106,20931,19063,22897,22271,26492,26961,29599,30494,21005,23978,15080,18833,4353,7570,235367,220442,32764,31514,55116,52167,17625,37,50
2021-10-01T23:59:59+02:00,2121,1977,17065,15798,22460,20711,24250,23763,27890,28506,30814,31735,21653,24710,15492,19468,4520,7850,1506,1390,15260,14104,20928,19061,22895,22271,26490,26959,29599,30490,21004,23976,15080,18833,4353,7570,235250,220415,32763,31514,55116,52167,17623,37,50
2021-09-30T23:59:59+02:00,2100,1961,17008,15746,22416,20654,24210,23728,27860,28473,30791,31711,21642,24704,15487,19461,4518,7845,1469,1359,15190,14038,20890,19025,22861,22230,26467,26925,29580,30469,21000,23967,15077,18825,4349,7565,234864,220025,32749,31493,55116,52163,17555,37,50
2021-09-29T23:59:59+02:00,2032,1916,16915,15669,22344,20584,24154,23677,27797,28421,30753,31681,21626,24690,15480,19447,4515,7843,1447,1328,15120,13982,20847,18971,22825,22177,26428,26895,29545,30441,20991,23955,15066,18817,4348,7562,234222,219621,32732,31470,55115,52160,17444,37,50
2021-09-28T23:59:59+02:00,2014,1899,16833,15604,22273,20531,24089,23635,27758,28378,30736,31664,21616,24676,15475,19437,4515,7840,1433,1316,15052,13937,20788,18929,22780,22151,26398,26860,29524,30420,20978,23939,15060,18807,4346,7558,233788,219289,32731,31470,55115,52159,17308,37,50
2021-09-27T23:59:59+02:00,1951,1830,16767,15543,22237,20495,24064,23607,27729,28342,30716,31647,21609,24669,15473,19434,4514,7838,1422,1301,15023,13906,20766,18892,22765,22126,26379,26848,29506,30404,20974,23929,15056,18799,4345,7555,233289,219019,32731,31470,55115,52158,17299,37,50
2021-09-26T23:59:59+02:00,1930,1809,16696,15479,22184,20435,24025,23556,27700,28316,30701,31638,21599,24662,15472,19431,4514,7836,1406,1287,14952,13837,20713,18837,22715,22068,26339,26811,29487,30377,20967,23919,15048,18796,4345,7552,232920,218614,32714,31443,55114,52145,17204,37,50
2021-09-25T23:59:59+02:00,1930,1809,16694,15479,22182,20434,24022,23555,27700,28316,30701,31638,21599,24662,15472,19431,4514,7836,1406,1287,14951,13837,20711,18837,22714,22068,26338,26808,29487,30377,20966,23919,15048,18796,4345,7552,232914,218609,32714,31442,55114,52145,17201,37,50
2021-09-24T23:59:59+02:00,1929,1806,16667,15459,22138,20405,23988,23534,27680,28294,30684,31623,21597,24658,15470,19430,4514,7836,1399,1280,14923,13810,20661,18805,22673,22042,26310,26787,29465,30357,20961,23913,15046,18794,4344,7551,232850,218481,32714,31442,55114,52145,17003,37,50
2021-09-23T23:59:59+02:00,1899,1768,16592,15373,22077,20330,23940,23466,27635,28239,30658,31583,21585,24647,15462,19415,4511,7834,1372,1252,14845,13747,20601,18762,22645,21995,26276,26743,29439,30330,20957,23902,15040,18786,4344,7550,232290,218079,32675,31408,55114,52145,16904,37,50
2021-09-22T23:59:59+02:00,1866,1737,16491,15294,21984,20253,23864,23412,27567,28178,30616,31547,21569,24624,15460,19402,4509,7831,1317,1201,14720,13640,20510,18683,22581,21924,26215,26682,29390,30294,20936,23892,15034,18778,4341,7541,231678,217399,32654,31365,55114,52138,16727,37,50
2021-09-21T23:59:59+02:00,1836,1693,16411,15219,21925,20193,23813,23363,27525,28143,30577,31507,21558,24604,15457,19392,4503,7823,1308,1185,14664,13593,20451,18644,22538,21881,26179,26656,29365,30269,20923,23878,15027,18767,4338,7537,231201,217109,32654,31365,55114,52138,16541,37,50
2021-09-20T23:59:59+02:00,1809,1678,16336,15154,21868,20146,23764,23323,27487,28100,30543,31489,21549,24591,15452,19387,4502,7821,1296,1175,14607,13540,20405,18600,22500,21853,26131,26624,29339,30244,20915,23866,15025,18761,4335,7534,230792,216791,32652,31364,55114,52137,16408,37,50
2021-09-19T23:59:59+02:00,1782,1655,16272,15104,21818,20085,23729,23289,27456,28072,30522,31464,21540,24580,15448,19376,4502,7818,1288,1165,14548,13497,20359,18546,22448,21830,26106,26592,29322,30230,20908,23853,15021,18758,4334,7530,230425,216508,32630,31331,55114,52137,16309,37,50
2021-09-18T23:59:59+02:00,1782,1655,16270,15101,21816,20084,23726,23287,27456,28071,30522,31464,21540,24580,15448,19376,4502,7818,1288,1165,14547,13495,20358,18546,22447,21829,26106,26590,29322,30230,20908,23853,15021,18758,4334,7530,230417,216507,32630,31330,55114,52137,16303,37,50
2021-09-17T23:59:59+02:00,1776,1648,16247,15081,21791,20064,23706,23276,27442,28056,30513,31458,21536,24577,15445,19373,4501,7818,1280,1156,14526,13480,20348,18540,22438,21824,26099,26586,29312,30224,20905,23850,15020,18757,4334,7530,230242,216403,32629,31330,55114,52137,16289,37,50
2021-09-16T23:59:59+02:00,1737,1617,16146,14980,21710,19963,23636,23193,27376,27996,30474,31420,21523,24560,15440,19363,4496,7818,1247,1127,14441,13406,20303,18484,22402,21773,26068,26541,29291,30193,20894,23840,15013,18749,4331,7526,229432,215942,32608,31252,55114,52125,16260,37,50
2021-09-15T23:59:59+02:00,1706,1600,16078,14902,21654,19909,23591,23148,27344,27962,30449,31396,21510,24538,15428,19354,4495,7816,1218,1099,14364,13320,20235,18424,22363,21721,26028,26497,29259,30170,20881,23825,15001,18741,4330,7524,228903,215382,32588,31207,55114,52120,16241,37,50
2021-09-14T23:59:59+02:00,1693,1584,16043,14856,21607,19871,23561,23113,27312,27926,30424,31372,21495,24527,15425,19342,4492,7815,1200,1084,14326,13282,20210,18402,22341,21695,26008,26482,29247,30160,20870,23817,14998,18734,4329,7522,228494,215100,32585,31206,55114,52120,16231,37,50
2021-09-13T23:59:59+02:00,1672,1571,16001,14803,21580,19839,23530,23080,27295,27890,30410,31357,21494,24517,15420,19340,4491,7812,1194,1076,14298,13267,20183,18386,22321,21675,25993,26470,29237,30137,20861,23806,14997,18727,4327,7520,228149,214876,32582,31206,55114,52120,16223,37,50
2021-09-12T23:59:59+02:00,1662,1558,15977,14780,21564,19817,23514,23055,27280,27875,30399,31349,21487,24509,15420,19335,4491,7812,1180,1071,14265,13238,20158,18349,22301,21649,25980,26446,29226,30129,20854,23797,14992,18720,4325,7515,227955,214634,32563,31175,55114,52118,16218,37,50
2021-09-11T23:59:59+02:00,1661,1558,15965,14776,21556,19809,23513,23054,27278,27874,30396,31347,21486,24508,15420,19335,4491,7812,1180,1071,14260,13236,20156,18346,22299,21649,25980,26445,29226,30129,20853,23797,14992,18720,4325,7515,227918,214623,32563,31175,55111,52118,16213,37,50
2021-09-10T23:59:59+02:00,1661,1558,15942,14771,21543,19798,23495,23051,27260,27864,30383,31342,21485,24506,15416,19333,4491,7811,1178,1071,14237,13229,20141,18336,22285,21645,25965,26432,29208,30126,20852,23793,14989,18717,4324,7514,227887,214584,32563,31175,55111,52118,16115,37,50
2021-09-09T23:59:59+02:00,1616,1519,15862,14692,21483,19731,23441,23001,27200,27814,30355,31313,21476,24489,15402,19319,4489,7809,1150,1046,14155,13154,20070,18267,22218,21590,25915,26391,29173,30094,20836,23765,14971,18703,4322,7512,227357,214115,32532,31092,55110,52098,15978,37,49
2021-09-08T23:59:59+02:00,1578,1472,15734,14598,21412,19654,23388,22925,27150,27771,30315,31265,21459,24471,15393,19308,4488,7809,1133,1021,14066,13064,19986,18214,22153,21537,25868,26351,29137,30044,20817,23744,14967,18695,4321,7511,226810,213714,32463,31000,55110,52093,15773,37,49
2021-09-07T23:59:59+02:00,1565,1452,15684,14546,21357,19628,23352,22902,27123,27739,30298,31249,21448,24449,15387,19300,4486,7809,1116,1007,13998,13015,19922,18174,22111,21506,25832,26319,29108,30016,20806,23730,14963,18688,4320,7511,226569,213429,32456,30970,55110,52089,15605,37,49
2021-09-06T23:59:59+02:00,1552,1442,15634,14501,21336,19596,23329,22874,27098,27720,30282,31227,21438,24446,15383,19293,4486,7807,1104,998,13966,12976,19901,18149,22081,21484,25812,26300,29093,30001,20797,23722,14959,18684,4320,7508,226318,213220,32455,30970,55110,52089,15527,37,49
2021-09-05T23:59:59+02:00,1532,1427,15604,14475,21317,19574,23319,22848,27089,27708,30277,31219,21433,24440,15377,19291,4486,7803,1096,984,13928,12940,19870,18113,22056,21456,25794,26283,29080,29982,20793,23714,14957,18682,4320,7508,226105,213004,32446,30890,55109,52088,15525,37,49
2021-09-04T23:59:59+02:00,1532,1427,15595,14472,21303,19568,23312,22843,27083,27702,30271,31216,21432,24437,15377,19290,4486,7803,1096,984,13919,12937,19856,18105,22049,21451,25787,26277,29074,29978,20792,23711,14957,18681,4320,7508,226104,213003,32446,30887,55109,52088,15455,37,49
2021-09-03T23:59:59+02:00,1529,1424,15577,14458,21270,19543,23281,22822,27060,27689,30256,31201,21425,24429,15377,19284,4486,7802,1096,984,13902,12923,19829,18086,22025,21436,25771,26267,29059,29967,20786,23704,14957,18678,4320,7508,226028,212984,32445,30882,55109,52087,15296,37,49
2021-09-02T23:59:59+02:00,1513,1404,15505,14399,21223,19493,23246,22773,27019,27648,30219,31175,21412,24419,15371,19271,4484,7796,1071,963,13809,12859,19784,18024,21980,21393,25729,26221,29020,29940,20774,23693,14952,18666,4319,7507,225605,212528,32440,30877,55107,52067,15183,37,49
2021-09-01T23:59:59+02:00,1462,1347,15367,14246,21103,19396,23177,22717,26952,27577,30167,31125,21394,24394,15363,19257,4481,7791,1039,923,13662,12737,19655,17927,21895,21323,25671,26152,28969,29877,20749,23664,14940,18653,4315,7502,224833,211943,32415,30680,55106,52054,14927,37,49
2021-08-31T23:59:59+02:00,1438,1332,15305,14175,21040,19344,23132,22675,26901,27534,30133,31093,21381,24381,15357,19248,4481,7790,1025,910,13588,12669,19607,17885,21862,21287,25638,26129,28941,29851,20743,23654,14937,18645,4314,7501,224372,211594,32414,30680,55105,52049,14814,37,49
2021-08-30T23:59:59+02:00,1415,1313,15237,14129,20992,19288,23100,22636,26864,27501,30100,31063,21368,24372,15353,19239,4479,7783,1020,895,13531,12627,19561,17834,21829,21262,25608,26092,28907,29826,20732,23639,14927,18636,4313,7497,224007,211292,32414,30677,55105,52047,14671,37,49
2021-08-29T23:59:59+02:00,1399,1301,15193,14085,20953,19257,23076,22612,26846,27477,30082,31048,21364,24363,15353,19237,4479,7782,1009,887,13478,12582,19538,17812,21802,21242,25586,26072,28894,29809,20724,23631,14924,18632,4311,7496,223718,211021,32413,30677,55105,52046,14636,37,49
2021-08-28T23:59:59+02:00,1399,1301,15187,14082,20942,19250,23070,22608,26843,27468,30079,31047,21363,24363,15353,19237,4479,7782,1009,887,13471,12578,19527,17805,21796,21238,25583,26063,28891,29808,20723,23631,14924,18632,4311,7496,223718,211019,32413,30677,55105,52046,14582,37,49
2021-08-27T23:59:59+02:00,1390,1294,15156,14054,20915,19234,23037,22592,26817,27456,30063,31027,21357,24355,15349,19236,4476,7779,1003,882,13442,12546,19491,17788,21768,21216,25554,26049,28874,29790,20717,23622,14921,18631,4310,7496,223581,210875,32413,30675,55102,52045,14456,37,49
2021-08-26T23:59:59+02:00,1377,1277,15111,14009,20868,19195,23007,22554,26784,27417,30031,30990,21342,24339,15342,19228,4473,7771,991,871,13373,12485,19414,17730,21707,21158,25498,26001,28834,29754,20704,23601,14911,18618,4309,7492,223287,210584,32394,30550,55102,51971,14297,37,49
2021-08-25T23:59:59+02:00,1332,1232,14966,13885,20755,19100,22927,22461,26705,27333,29973,30934,21319,24313,15332,19218,4469,7765,963,841,13250,12401,19329,17652,21640,21086,25428,25947,28788,29711,20677,23580,14903,18604,4308,7489,222430,210009,32378,30502,55102,51963,14075,36,48
2021-08-24T23:59:59+02:00,1308,1208,14902,13834,20712,19048,22872,22414,26669,27297,29943,30903,21301,24298,15326,19208,4468,7764,938,820,13154,12339,19268,17571,21603,21034,25383,25904,28758,29673,20659,23560,14896,18592,4306,7484,222009,209523,32348,30444,55101,51948,13983,36,44
2021-08-23T23:59:59+02:00,1290,1189,14834,13796,20671,19019,22843,22388,26634,27277,29918,30876,21282,24284,15321,19195,4467,7763,912,795,13038,12261,19205,17511,21550,20985,25343,25849,28713,29630,20640,23543,14889,18580,4303,7484,221697,209002,32332,30354,55101,51948,13883,36,44
2021-08-22T23:59:59+02:00,1281,1181,14819,13776,20655,18999,22831,22368,26619,27262,29901,30872,21275,24280,15319,19187,4465,7762,889,778,12979,12190,19152,17477,21521,20950,25322,25823,28687,29608,20632,23531,14888,18576,4303,7484,221522,208675,32313,30244,55101,51945,13882,36,44
2021-08-21T23:59:59+02:00,1281,1181,14810,13766,20644,18991,22821,22362,26615,27257,29890,30865,21275,24278,15319,19187,4465,7762,889,778,12969,12180,19142,17469,21513,20944,25316,25818,28677,29601,20632,23529,14888,18576,4303,7484,221517,208671,32313,30244,55101,51945,13804,36,44
2021-08-20T23:59:59+02:00,1274,1176,14780,13732,20609,18961,22798,22339,26589,27234,29873,30849,21272,24269,15317,19181,4465,7762,888,777,12950,12166,19117,17449,21495,20923,25302,25801,28658,29582,20628,23523,14887,18573,4303,7484,221322,208565,32313,30242,55101,51945,13710,36,44
2021-08-19T23:59:59+02:00,1255,1161,14721,13683,20569,18931,22767,22304,26566,27205,29848,30825,21261,24261,15314,19176,4464,7759,859,764,12816,12047,19028,17371,21409,20865,25231,25734,28598,29532,20607,23510,14881,18564,4301,7481,221015,207926,32281,30106,55101,51883,13639,36,44
2021-08-18T23:59:59+02:00,1232,1142,14639,13594,20454,18869,22691,22242,26499,27148,29790,30767,21236,24240,15308,19164,4462,7756,831,743,12675,11928,18890,17288,21311,20775,25144,25651,28515,29463,20575,23465,14870,18549,4300,7476,220602,207315,32263,29982,55100,51874,13234,36,44
2021-08-17T23:59:59+02:00,1221,1129,14599,13555,20412,18823,22655,22207,26464,27120,29774,30747,21224,24226,15297,19155,4458,7755,810,719,12567,11845,18809,17227,21233,20713,25092,25598,28479,29422,20556,23450,14861,18536,4298,7474,220316,206784,32228,29853,55100,51866,13143,36,43
2021-08-16T23:59:59+02:00,1209,1118,14550,13506,20376,18794,22626,22174,26443,27092,29740,30716,21211,24215,15290,19143,4456,7753,782,705,12470,11746,18718,17155,21163,20628,25026,25539,28412,29359,20533,23428,14851,18518,4297,7471,220047,206161,32226,29728,55100,51865,13005,36,42
2021-08-15T23:59:59+02:00,1199,1105,14512,13480,20346,18764,22598,22155,26430,27076,29730,30702,21206,24203,15285,19141,4455,7751,758,689,12407,11678,18667,17125,21112,20589,24990,25495,28393,29337,20523,23415,14847,18512,4295,7469,219822,205712,32226,29727,55100,51864,12956,36,42
2021-08-14T23:59:59+02:00,1199,1104,14505,13476,20337,18758,22589,22148,26416,27069,29725,30694,21203,24201,15284,19140,4455,7751,758,689,12399,11674,18657,17117,21102,20582,24976,25488,28388,29328,20520,23414,14846,18511,4295,7469,219821,205710,32225,29723,55100,51864,12874,36,42
2021-08-13T23:59:59+02:00,1196,1101,14496,13467,20323,18748,22577,22143,26409,27059,29709,30686,21194,24196,15283,19140,4455,7751,755,688,12384,11662,18646,17108,21089,20573,24970,25472,28374,29324,20514,23407,14844,18511,4295,7468,219764,205644,32224,29723,55100,51864,12811,36,42
2021-08-12T23:59:59+02:00,1176,1079,14439,13411,20280,18708,22553,22108,26381,27029,29678,30665,21182,24177,15279,19133,4455,7746,728,662,12218,11518,18509,16997,20996,20490,24889,25387,28307,29268,20493,23375,14831,18499,4292,7462,219437,204849,32212,29538,55100,51795,12697,35,42
2021-08-11T23:59:59+02:00,1160,1057,14369,13347,20237,18654,22509,22069,26348,27004,29650,30625,21168,24160,15276,19122,4452,7742,704,640,12078,11379,18425,16907,20916,20416,24840,25314,28264,29204,20460,23348,14824,18488,4290,7457,219033,203945,32139,29533,55100,51790,12644,35,42
2021-08-10T23:59:59+02:00,1145,1039,14289,13272,20180,18606,22473,22025,26316,26973,29616,30594,21154,24150,15276,19114,4451,7740,685,618,11961,11260,18325,16836,20850,20350,24788,25256,28220,29150,20433,23319,14810,18470,4289,7451,218610,203190,32107,29511,55100,51765,12563,35,42
2021-08-09T23:59:59+02:00,1128,1020,14204,13210,20099,18550,22424,21977,26265,26929,29579,30560,21136,24133,15270,19105,4446,7738,640,577,11779,11098,18155,16740,20724,20268,24693,25160,28141,29074,20396,23278,14796,18458,4286,7442,218163,202201,32086,29403,55099,51670,12392,35,39
2021-08-08T23:59:59+02:00,1114,1013,14161,13171,20077,18514,22398,21957,26250,26909,29563,30546,21129,24127,15267,19101,4445,7737,614,558,11696,11012,18067,16656,20657,20210,24630,25113,28095,29030,20374,23255,14783,18447,4286,7438,217932,201544,32055,29325,55098,51652,12361,35,39
2021-08-07T23:59:59+02:00,1114,1013,14146,13166,20067,18509,22392,21952,26238,26895,29548,30534,21127,24123,15263,19096,4444,7737,614,557,11682,11006,18050,16651,20651,20204,24617,25098,28078,29018,20372,23251,14779,18442,4285,7438,217930,201528,32054,29324,55097,51652,12250,35,39
2021-08-06T23:59:59+02:00,1114,1013,14136,13154,20054,18490,22378,21937,26216,26886,29535,30523,21124,24119,15260,19094,4444,7736,614,557,11671,10992,18027,16629,20635,20187,24596,25089,28066,29006,20369,23247,14776,18440,4285,7438,217922,201499,32050,29324,55097,51651,12111,35,39
2021-08-05T23:59:59+02:00,1102,994,14064,13112,20003,18455,22335,21894,26180,26829,29507,30499,21110,24104,15252,19085,4442,7733,579,527,11496,10883,17913,16529,20524,20089,24490,24999,27996,28957,20343,23222,14765,18426,4282,7436,217604,200711,32006,29233,55094,51510,11963,35,39
2021-08-04T23:59:59+02:00,1086,977,14000,13043,19897,18371,22269,21835,26137,26787,29456,30451,21087,24086,15242,19072,4442,7730,541,493,11310,10708,17683,16387,20349,19963,24371,24875,27886,28859,20315,23189,14752,18414,4279,7434,217335,199665,31843,29173,55093,51267,11664,35,39
2021-08-03T23:59:59+02:00,1062,959,13930,12980,19858,18320,22234,21793,26100,26745,29421,30421,21071,24061,15232,19058,4439,7720,485,451,11125,10535,17507,16258,20208,19829,24221,24751,27766,28751,20272,23141,14735,18382,4277,7428,216956,198225,31815,29138,55092,51212,11508,35,39
2021-08-02T23:59:59+02:00,1038,939,13844,12913,19799,18262,22183,21752,26045,26683,29369,30371,21042,24030,15222,19038,4436,7719,459,421,10958,10365,17334,16134,20060,19716,24103,24636,27679,28648,20227,23088,14716,18363,4274,7419,216475,197035,31784,29089,55092,51136,11301,35,39
2021-08-01T23:59:59+02:00,1028,924,13783,12866,19763,18245,22163,21730,26020,26662,29350,30354,21033,24018,15218,19031,4436,7718,423,390,10813,10218,17175,16026,19910,19608,23959,24531,27571,28568,20213,23064,14707,18349,4274,7415,216236,196146,31735,28998,55092,50786,11245,35,39
2021-07-31T23:59:59+02:00,1028,924,13758,12857,19745,18237,22146,21719,26006,26650,29342,30343,21030,24013,15217,19030,4435,7718,422,390,10787,10205,17154,16012,19892,19595,23946,24519,27563,28557,20210,23059,14706,18348,4273,7415,216232,196125,31735,28998,55092,50786,11105,35,39
2021-07-30T23:59:59+02:00,1020,914,13697,12810,19699,18215,22116,21700,25976,26628,29315,30325,21023,24005,15211,19028,4433,7717,401,372,10700,10130,17089,15969,19833,19560,23879,24478,27516,28531,20195,23037,14697,18344,4270,7413,216052,195734,31731,28998,55092,50720,10923,35,39
2021-07-29T23:59:59+02:00,996,895,13590,12724,19635,18153,22044,21647,25925,26572,29262,30287,21006,23995,15204,19021,4433,7715,356,332,10432,9868,16787,15726,19538,19343,23575,24247,27264,28367,20140,22982,14685,18323,4270,7412,215607,193979,31658,28886,55092,50030,10713,35,39
2021-07-28T23:59:59+02:00,968,865,13459,12596,19509,18044,21958,21564,25843,26493,29185,30219,20983,23959,15191,19009,4431,7713,321,292,10141,9663,16525,15537,19278,19154,23347,24056,27109,28224,20092,22909,14666,18300,4267,7407,214953,192637,31622,28803,55088,49517,10292,35,39
2021-07-27T23:59:59+02:00,937,844,13340,12502,19444,17984,21891,21511,25777,26436,29145,30174,20968,23939,15186,18989,4430,7707,273,237,9885,9449,16272,15310,19049,18969,23153,23881,26946,28088,20050,22856,14644,18273,4261,7398,214358,190972,31567,28644,55087,49180,10159,34,39
2021-07-26T23:59:59+02:00,912,826,13235,12408,19390,17927,21817,21446,25727,26403,29090,30114,20939,23916,15168,18970,4430,7703,225,208,9649,9199,16031,15101,18801,18769,22923,23714,26795,27960,19979,22795,14615,18237,4256,7392,213750,189208,31496,28543,55086,48802,10057,33,39
2021-07-25T23:59:59+02:00,893,815,13160,12337,19310,17877,21759,21394,25686,26355,29053,30068,20922,23899,15161,18964,4427,7702,202,188,9462,9058,15831,14948,18596,18628,22755,23604,26647,27840,19929,22747,14598,18224,4253,7389,213447,188298,31433,28392,55086,48386,9784,33,39
2021-07-24T23:59:59+02:00,893,815,13150,12328,19300,17870,21748,21390,25672,26348,29048,30062,20918,23898,15160,18963,4427,7702,202,188,9452,9044,15821,14941,18582,18623,22740,23594,26641,27832,19926,22744,14597,18223,4253,7389,213444,188279,31431,28389,55086,48386,9699,33,39
2021-07-23T23:59:59+02:00,885,813,13084,12291,19223,17836,21708,21357,25637,26309,29015,30026,20903,23881,15152,18959,4425,7699,202,187,9399,9016,15738,14897,18528,18582,22690,23553,26597,27793,19909,22727,14590,18217,4251,7386,213316,188116,31430,28383,55086,48385,9339,33,39
2021-07-22T23:59:59+02:00,873,799,12988,12209,19167,17767,21662,21327,25589,26262,28991,30003,20890,23863,15150,18953,4422,7697,148,144,9081,8742,15338,14648,18162,18326,22359,23306,26391,27658,19852,22670,14577,18195,4248,7381,212849,186287,31345,28129,55083,47468,9303,33,39
2021-07-21T23:59:59+02:00,851,771,12786,12041,19018,17642,21528,21228,25483,26159,28915,29932,20848,23828,15133,18930,4418,7692,125,124,8703,8428,14904,14322,17783,18053,22001,22973,26117,27447,19759,22582,14551,18157,4245,7372,212218,184382,31235,27779,55080,46808,8638,33,39
2021-07-20T23:59:59+02:00,821,746,12637,11905,18910,17556,21459,21151,25421,26094,28875,29881,20823,23795,15125,18914,4415,7689,95,97,8372,8121,14437,13985,17401,17777,21696,22743,25871,27260,19678,22473,14522,18122,4243,7366,211532,182224,31126,27616,55077,45931,8450,33,38
2021-07-19T23:59:59+02:00,792,719,12516,11788,18821,17485,21397,21092,25366,26040,28825,29844,20797,23765,15115,18900,4411,7683,74,66,8049,7867,14072,13731,17051,17528,21367,22538,25643,27118,19609,22397,14500,18100,4237,7360,210813,180179,31023,27457,55077,45220,8413,31,38
2021-07-18T23:59:59+02:00,774,700,12400,11680,18722,17407,21329,21038,25310,25986,28788,29790,20775,23745,15103,18889,4409,7681,61,55,7878,7714,13918,13608,16899,17404,21203,22426,25513,27036,19569,22357,14486,18084,4237,7357,210224,179243,30875,27351,55077,44853,8320,31,38
2021-07-17T23:59:59+02:00,774,700,12397,11680,18721,17404,21328,21038,25310,25986,28788,29790,20775,23745,15103,18889,4409,7681,61,55,7871,7713,13914,13603,16898,17403,21202,22425,25512,27034,19566,22356,14486,18084,4237,7357,210219,179221,30875,27350,55077,44851,8317,31,38
2021-07-16T23:59:59+02:00,767,695,12325,11626,18679,17373,21293,21011,25277,25963,28763,29771,20773,23742,15103,18887,4409,7681,57,52,7716,7612,13757,13533,16754,17344,21063,22366,25406,26986,19547,22335,14485,18078,4237,7354,210011,178768,30875,27277,55077,44454,8145,31,38
2021-07-15T23:59:59+02:00,752,675,12253,11554,18614,17314,21236,20963,25228,25922,28735,29743,20758,23725,15098,18878,4408,7678,55,49,7374,7295,13146,13126,16083,16920,20427,21995,24948,26673,19401,22194,14443,18032,4234,7347,209526,176532,30789,26374,55070,42679,8119,31,38
2021-07-14T23:59:59+02:00,723,655,12043,11416,18444,17205,21115,20867,25124,25819,28646,29643,20724,23692,15079,18862,4405,7675,47,38,6956,6940,12481,12673,15390,16432,19794,21537,24482,26331,19182,21968,14411,17984,4226,7336,208713,173703,30627,26035,55067,40732,7700,31,38
2021-07-13T23:59:59+02:00,679,620,11905,11282,18321,17120,21003,20771,25027,25724,28576,29577,20695,23653,15059,18852,4403,7665,37,27,6497,6516,11848,12172,14693,15928,19190,21126,24042,26004,19002,21752,14366,17923,4222,7327,207689,170041,30489,25862,55056,39066,7668,31,35
2021-07-12T23:59:59+02:00,645,589,11780,11145,18206,17031,20909,20663,24927,25625,28495,29510,20669,23619,15051,18840,4398,7658,33,21,6083,6103,11239,11636,14070,15391,18634,20633,23623,25643,18805,21562,14301,17865,4213,7323,206671,166355,30361,25036,55053,38107,7645,31,35
2021-07-11T23:59:59+02:00,609,562,11665,11053,18142,16968,20852,20607,24873,25578,28438,29461,20650,23599,15042,18831,4398,7657,30,20,5893,5932,10984,11433,13836,15191,18389,20444,23415,25457,18732,21480,14274,17839,4212,7317,206034,164963,30241,24565,55051,37684,7631,29,35
2021-07-10T23:59:59+02:00,608,561,11657,11052,18138,16966,20848,20606,24870,25577,28437,29461,20650,23599,15041,18829,4398,7657,30,20,5886,5931,10979,11426,13826,15187,18388,20442,23413,25455,18730,21479,14273,17839,4212,7317,206014,164933,30238,24564,55051,37677,7624,29,35
2021-07-09T23:59:59+02:00,580,538,11547,10925,18063,16882,20778,20545,24796,25501,28388,29415,20627,23579,15038,18819,4398,7656,30,19,5851,5897,10951,11392,13776,15166,18357,20411,23394,25433,18725,21469,14271,17836,4212,7316,205144,164701,30237,24514,55051,37641,7615,29,35
2021-07-08T23:59:59+02:00,545,510,11383,10789,17935,16779,20643,20443,24688,25373,28270,29336,20583,23531,15022,18790,4395,7648,27,16,5507,5637,10438,10996,13155,14713,17692,19851,22786,24964,18405,21074,14174,17753,4207,7306,204371,162385,30210,23707,55023,35543,7031,29,35
2021-07-07T23:59:59+02:00,485,458,11214,10642,17851,16692,20573,20375,24615,25295,28209,29273,20555,23495,15017,18778,4393,7640,22,16,5202,5346,9911,10545,12573,14232,17009,19330,22219,24462,18090,20709,14072,17656,4200,7283,203359,159920,30185,22240,55005,33699,6983,29,35
2021-07-06T23:59:59+02:00,444,424,11088,10492,17739,16598,20479,20272,24537,25202,28118,29194,20529,23455,15008,18761,4391,7637,15,10,4803,4918,9309,10028,11862,13630,16300,18715,21704,23969,17770,20403,13971,17539,4191,7273,202219,155727,30179,21297,54996,32405,6946,29,35
2021-07-05T23:59:59+02:00,422,397,11001,10402,17647,16526,20399,20200,24477,25150,28077,29157,20505,23434,14996,18753,4390,7634,12,9,4516,4598,8812,9578,11301,13077,15591,18070,21080,23362,17376,20006,13837,17381,4183,7265,201475,151833,30176,20617,54987,30668,6901,29,35
2021-07-04T23:59:59+02:00,409,391,10928,10347,17581,16471,20349,20150,24446,25114,28061,29139,20496,23423,14991,18750,4389,7633,12,9,4370,4508,8682,9411,11109,12902,15347,17858,20814,23089,17104,19715,13777,17289,4179,7261,200996,150513,30170,20310,54986,29690,6888,29,35
2021-07-03T23:59:59+02:00,407,390,10920,10336,17571,16466,20347,20146,24445,25114,28058,29138,20496,23422,14991,18750,4389,7633,12,9,4365,4500,8675,9408,11106,12902,15343,17858,20811,23085,17104,19710,13777,17289,4179,7261,200969,150498,30168,20310,54986,29683,6868,29,35
2021-07-02T23:59:59+02:00,364,327,10775,10226,17455,16366,20243,20070,24371,25050,27995,29079,20470,23396,14985,18736,4389,7630,12,9,4278,4421,8513,9271,10968,12790,15221,17750,20699,22981,17062,19679,13770,17274,4179,7258,200087,149508,30168,20309,54986,29625,6658,29,35
2021-07-01T23:59:59+02:00,317,284,10642,10091,17329,16273,20119,19980,24287,24975,27931,29027,20450,23372,14969,18721,4386,7626,12,7,4073,4222,8211,8937,10597,12379,14651,17250,20188,22441,16774,19380,13562,17059,4169,7236,199012,146443,30111,19624,54980,28398,6648,29,35
2021-06-30T23:59:59+02:00,234,223,10388,9851,17155,16122,19985,19849,24171,24851,27852,28938,20428,23340,14950,18703,4385,7625,12,6,3878,4029,7908,8601,10189,11915,14160,16694,19612,21807,16451,19036,13289,16781,4156,7209,197361,142763,30056,19374,54972,26928,6633,29,35
2021-06-29T23:59:59+02:00,190,186,10240,9676,17018,16026,19882,19757,24103,24775,27794,28870,20401,23313,14936,18683,4385,7621,11,6,3676,3771,7511,8147,9713,11379,13504,16023,18997,21105,16132,18709,13040,16491,4149,7195,196210,138482,30051,19075,54968,25367,6600,28,35
2021-06-28T23:59:59+02:00,141,134,10046,9492,16892,15921,19778,19654,24008,24680,27726,28808,20371,23283,14922,18664,4383,7619,10,5,3475,3516,7112,7706,9275,10887,12954,15485,18499,20586,15880,18443,12921,16358,4143,7184,195026,134644,29937,18651,54965,24542,6567,28,35
2021-06-27T23:59:59+02:00,123,117,9906,9381,16834,15861,19717,19604,23949,24629,27699,28783,20359,23267,14919,18660,4382,7616,10,5,3385,3451,6934,7509,9084,10688,12724,15245,18238,20327,15757,18337,12856,16271,4143,7180,194392,133450,29878,18304,54961,23807,6548,28,35
2021-06-26T23:59:59+02:00,123,117,9905,9375,16832,15857,19714,19603,23947,24628,27699,28782,20359,23267,14919,18660,4382,7616,10,5,3383,3450,6931,7508,9081,10687,12721,15242,18236,20325,15754,18336,12856,16268,4143,7180,194374,133430,29877,18304,54961,23801,6546,28,35
2021-06-25T23:59:59+02:00,119,114,9858,9335,16791,15823,19680,19571,23911,24600,27675,28763,20353,23260,14917,18657,4382,7616,10,5,3362,3404,6857,7397,8984,10530,12606,15045,18089,20117,15730,18307,12848,16265,4142,7179,194050,133245,29842,17950,54961,23102,6545,28,35
2021-06-24T23:59:59+02:00,109,103,9730,9211,16607,15697,19546,19447,23789,24511,27617,28702,20339,23244,14910,18648,4381,7614,9,5,3236,3262,6635,7064,8671,10076,12072,14420,17535,19406,15506,18075,12700,16133,4139,7167,193211,130834,29501,17092,54960,21644,6506,28,35
2021-06-23T23:59:59+02:00,103,98,9601,9074,16465,15570,19428,19344,23692,24406,27550,28655,20324,23222,14906,18643,4378,7613,9,5,3033,3025,6279,6579,8169,9507,11367,13595,16770,18421,15209,17732,12550,15991,4129,7142,192290,126272,29336,16114,54949,20623,6469,28,34
2021-06-22T23:59:59+02:00,72,72,9312,8770,16232,15371,19242,19193,23546,24281,27479,28571,20299,23196,14898,18624,4374,7607,9,5,2799,2741,5797,6033,7545,8745,10453,12552,15750,17216,14911,17374,12443,15867,4116,7119,190600,119839,29131,15623,54945,19547,6436,27,30
2021-06-21T23:59:59+02:00,68,64,9186,8614,16057,15219,19051,19040,23414,24158,27418,28493,20275,23167,14893,18614,4374,7603,9,5,2652,2549,5416,5571,7081,8160,9723,11676,15020,16284,14632,17060,12334,15746,4111,7102,189397,115141,28909,15065,54942,18463,6433,27,29
2021-06-20T23:59:59+02:00,65,62,9047,8487,15920,15100,18940,18953,23340,24087,27378,28442,20264,23146,14882,18607,4371,7602,9,5,2593,2481,5245,5390,6866,7894,9415,11341,14654,15879,14495,16925,12294,15709,4106,7096,188503,113431,28793,14832,54941,17676,6429,27,29
2021-06-19T23:59:59+02:00,65,62,9046,8481,15916,15091,18937,18953,23338,24086,27378,28441,20264,23146,14882,18607,4371,7602,9,5,2590,2480,5244,5385,6864,7892,9414,11340,14652,15875,14493,16925,12294,15709,4106,7096,188480,113412,28790,14828,54940,17675,6429,27,29
2021-06-18T23:59:59+02:00,65,58,9015,8468,15903,15082,18922,18945,23331,24077,27372,28436,20264,23143,14881,18607,4371,7602,9,5,2562,2447,5189,5326,6786,7792,9315,11182,14481,15646,14414,16824,12283,15687,4104,7093,188358,112626,28789,14827,54939,17234,6429,27,29
2021-06-17T23:59:59+02:00,58,55,8833,8305,15671,14912,18721,18787,23174,23945,27236,28342,20240,23122,14874,18595,4369,7599,9,5,2421,2299,4866,5026,6396,7388,8768,10579,13653,14772,14177,16529,12209,15564,4100,7082,187014,109752,28784,13873,54932,16108,6081,27,29
2021-06-16T23:59:59+02:00,50,53,8606,8091,15438,14684,18510,18586,22982,23776,27130,28232,20211,23079,14860,18575,4365,7593,9,5,2307,2192,4623,4822,6041,7045,8236,10092,12933,13929,13827,16146,12124,15475,4095,7070,185230,106288,28680,13072,54929,15627,5955,27,29
2021-06-15T23:59:59+02:00,41,40,8262,7758,15061,14326,18187,18299,22729,23564,26970,28099,20181,23045,14847,18560,4363,7582,9,5,2127,2023,4275,4469,5534,6481,7353,9201,11739,12647,13285,15527,12003,15312,4080,7047,182636,100040,28642,12406,54927,14960,5682,27,29
2021-06-14T23:59:59+02:00,35,35,8081,7593,14803,14091,17983,18126,22577,23442,26858,28017,20158,23012,14833,18552,4359,7574,7,5,2014,1900,4018,4219,5148,6010,6695,8479,10814,11591,12966,15177,11932,15215,4070,7028,181051,95195,28617,12045,54924,14509,5510,27,29
2021-06-13T23:59:59+02:00,35,35,8007,7538,14719,14001,17867,18015,22494,23364,26829,27987,20145,23001,14829,18546,4359,7574,5,5,1971,1874,3936,4122,5028,5870,6461,8240,10520,11258,12809,14999,11874,15158,4069,7027,180293,93816,28606,11753,54920,14129,5499,27,29
2021-06-12T23:59:59+02:00,35,35,8006,7537,14719,13999,17867,18015,22492,23363,26828,27984,20144,23000,14829,18546,4359,7574,5,5,1970,1872,3934,4122,5026,5869,6458,8235,10516,11252,12806,14998,11874,15156,4069,7027,180281,93792,28606,11753,54919,14121,5499,27,29
2021-06-11T23:59:59+02:00,35,34,7941,7496,14629,13952,17790,17964,22423,23329,26784,27961,20142,22996,14829,18545,4359,7574,5,5,1953,1859,3899,4064,4982,5802,6397,8152,10416,11146,12766,14963,11863,15150,4069,7027,179942,93575,28529,11745,54918,13802,5367,27,29
2021-06-10T23:59:59+02:00,30,27,7601,7200,14234,13588,17356,17589,22093,23049,26588,27780,20098,22951,14816,18527,4356,7562,3,5,1853,1777,3684,3898,4705,5527,6069,7783,9797,10535,12246,14303,11793,15042,4061,7020,177347,90403,28031,11364,54906,13173,5134,27,27
2021-06-09T23:59:59+02:00,29,24,7236,6851,13770,13156,16840,17125,21703,22680,26370,27566,20024,22880,14798,18492,4353,7554,3,5,1690,1662,3488,3717,4450,5259,5681,7374,9019,9819,11580,13466,11673,14901,4051,7008,174106,86146,27488,10730,54893,13006,4937,27,27
2021-06-08T23:59:59+02:00,24,20,6862,6448,13257,12669,16371,16654,21343,22339,26154,27363,19967,22801,14767,18457,4350,7547,3,5,1600,1587,3268,3485,4129,4906,5171,6884,8135,8895,10694,12388,11529,14743,4047,6993,170696,80485,26993,10432,54884,12726,4793,27,26
2021-06-07T23:59:59+02:00,21,17,6587,6166,12821,12293,15973,16255,21017,22042,25991,27206,19930,22747,14746,18437,4343,7541,3,5,1539,1516,3077,3313,3854,4678,4768,6507,7420,8142,9780,11239,11417,14597,4036,6975,168135,75739,26568,10058,54863,12503,4540,27,26
2021-06-06T23:59:59+02:00,21,17,6446,6034,12678,12139,15810,16097,20849,21879,25904,27120,19910,22710,14735,18427,4342,7537,3,5,1524,1493,3003,3272,3760,4613,4660,6426,7278,8010,9521,10970,11371,14548,4033,6970,166907,75052,26462,9635,54842,12330,4417,27,26
2021-06-05T23:59:59+02:00,21,17,6437,6030,12663,12125,15800,16088,20846,21874,25904,27117,19910,22710,14735,18427,4342,7537,3,5,1522,1491,3000,3271,3759,4612,4657,6426,7273,8004,9513,10965,11371,14548,4033,6970,166847,75021,26450,9633,54842,12326,4417,27,26
2021-06-04T23:59:59+02:00,21,17,6404,5990,12602,12076,15740,16038,20818,21842,25884,27100,19906,22704,14732,18427,4342,7537,3,5,1519,1485,2987,3259,3740,4596,4647,6411,7235,7960,9481,10895,11333,14507,4032,6969,166744,74738,26192,9620,54817,12280,4400,27,26
2021-06-03T23:59:59+02:00,21,15,6171,5767,12302,11826,15416,15727,20486,21503,25627,26888,19859,22630,14712,18406,4341,7533,2,4,1477,1442,2912,3193,3643,4516,4536,6310,7035,7775,9101,10444,11282,14433,4032,6964,164262,73433,25945,9319,54814,12141,4182,27,26
2021-06-02T23:59:59+02:00,21,15,6105,5709,12231,11761,15343,15660,20414,21441,25610,26864,19855,22627,14709,18403,4340,7532,2,4,1463,1431,2894,3177,3626,4501,4500,6292,7000,7737,9020,10333,11273,14408,4031,6963,163908,73061,25762,9310,54813,12131,4130,27,23
2021-06-01T23:59:59+02:00,17,15,5652,5216,11498,11062,14518,14926,19695,20775,25199,26481,19765,22537,14675,18356,4332,7524,2,4,1349,1325,2598,2904,3247,4167,4011,5833,6170,6930,7829,8705,11028,14061,4017,6946,158873,67641,25110,8402,54785,11614,3448,27,21
2021-05-31T23:59:59+02:00,15,15,5404,4919,11054,10634,13990,14432,19216,20276,24892,26142,19673,22451,14637,18310,4323,7508,2,4,1289,1270,2443,2769,3045,3996,3726,5540,5612,6397,6811,7419,10783,13742,4008,6912,155408,63600,24415,7481,54779,11404,3262,27,21
2021-05-30T23:59:59+02:00,15,15,5326,4843,10865,10511,13823,14254,18867,19952,24649,25894,19642,22421,14629,18290,4322,7506,2,4,1269,1256,2415,2735,2997,3950,3658,5484,5508,6306,6637,7188,10746,13667,4005,6902,153911,62857,23907,7418,54751,11205,3228,27,21
2021-05-29T23:59:59+02:00,15,15,5323,4843,10865,10507,13818,14251,18867,19951,24648,25892,19642,22421,14629,18290,4322,7506,2,4,1268,1252,2413,2732,2994,3947,3658,5482,5506,6304,6632,7185,10746,13667,4005,6902,153893,62845,23907,7414,54750,11191,3228,27,21
2021-05-28T23:59:59+02:00,15,15,5307,4829,10844,10469,13791,14231,18850,19934,24639,25882,19640,22418,14627,18287,4322,7505,2,4,1263,1251,2412,2725,2991,3945,3651,5476,5491,6288,6615,7168,10737,13645,4004,6898,153702,62740,23905,7414,54746,11167,3225,27,20
2021-05-27T23:59:59+02:00,12,14,5014,4550,10318,10014,13203,13701,18160,19320,24058,25346,19541,22303,14594,18241,4311,7493,2,3,1099,1111,2126,2532,2689,3654,3354,5120,5162,6008,6315,6751,10509,13361,3999,6882,150443,60884,22914,7377,54639,10227,2170,27,19
2021-05-26T23:59:59+02:00,12,14,4753,4297,9886,9636,12685,13180,17546,18709,23424,24670,19416,22153,14547,18186,4305,7476,2,3,1020,1029,1965,2379,2489,3454,3092,4875,4774,5655,5757,6100,10134,12825,3983,6846,146352,57727,22156,7339,54517,9454,1843,27,19
2021-05-25T23:59:59+02:00,12,13,4538,4070,9472,9162,12228,12673,17009,18131,22904,24031,19284,21981,14515,18107,4296,7462,2,3,973,983,1902,2289,2379,3317,2919,4669,4428,5277,5171,5367,9680,12225,3967,6821,142313,54163,21323,7324,54386,9027,1839,27,19
2021-05-24T23:59:59+02:00,12,13,4425,3913,9263,8958,12023,12414,16707,17811,22575,23628,19208,21902,14500,18087,4294,7461,2,3,956,933,1841,2247,2304,3256,2832,4587,4305,5161,5025,5207,9590,12097,3964,6813,140808,53450,20366,7270,54209,8601,1784,27,18
2021-05-23T23:59:59+02:00,12,13,4414,3913,9257,8955,12010,12404,16696,17804,22559,23607,19203,21897,14499,18085,4294,7461,2,3,955,928,1839,2242,2300,3254,2825,4582,4297,5144,5018,5193,9582,12084,3963,6812,140701,53370,20363,7257,54208,8595,1784,27,17
2021-05-22T23:59:59+02:00,12,13,4410,3910,9253,8951,12002,12398,16692,17800,22557,23605,19203,21897,14499,18085,4294,7461,2,3,955,928,1838,2240,2297,3254,2824,4582,4297,5142,5016,5192,9581,12084,3963,6812,140672,53364,20363,7257,54196,8588,1784,27,17
2021-05-21T23:59:59+02:00,12,13,4378,3873,9181,8874,11928,12311,16601,17725,22493,23537,19184,21879,14495,18078,4294,7459,2,3,909,918,1806,2229,2264,3244,2792,4557,4249,5113,4992,5168,9568,12077,3962,6811,140014,53292,20363,7257,54177,8364,1734,27,17
2021-05-20T23:59:59+02:00,9,12,4123,3694,8732,8516,11446,11897,15929,17221,21911,22957,18999,21711,14463,18038,4289,7448,2,3,762,855,1548,2068,2022,3085,2550,4336,3999,4881,4835,5005,9452,11930,3954,6787,136615,52560,19987,7158,53757,7330,1009,27,17
2021-05-19T23:59:59+02:00,9,12,3881,3454,8236,8050,10866,11352,15257,16511,21233,22232,18798,21480,14422,17988,4283,7430,2,3,714,808,1487,1986,1945,2982,2483,4209,3855,4721,4659,4792,9249,11700,3934,6758,131217,51476,19805,7025,53458,6781,988,26,17
2021-05-18T23:59:59+02:00,8,11,3592,3191,7694,7515,10139,10655,14297,15571,20290,21175,18536,21196,14367,17928,4277,7408,2,3,659,760,1431,1898,1869,2871,2353,4068,3679,4519,4387,4500,9047,11450,3921,6731,124181,50243,19708,6824,53020,6150,915,26,16
2021-05-17T23:59:59+02:00,8,11,3402,2983,7236,7047,9634,10114,13568,14783,19603,20376,18350,20933,14319,17862,4266,7393,2,3,603,705,1350,1835,1794,2790,2242,3992,3542,4406,4141,4269,8902,11237,3908,6702,118941,49438,19469,6611,52553,5459,899,26,16
2021-05-16T23:59:59+02:00,8,10,3272,2910,7030,6872,9429,9899,13314,14548,19374,20146,18273,20853,14305,17843,4265,7387,2,3,590,660,1310,1786,1750,2728,2204,3899,3477,4323,4050,4167,8881,11208,3906,6700,117317,49288,19230,6443,52270,5002,895,26,16
2021-05-15T23:59:59+02:00,8,10,3271,2907,7023,6863,9427,9893,13311,14546,19371,20136,18271,20852,14305,17843,4265,7387,2,3,590,660,1307,1784,1746,2727,2201,3899,3476,4323,4048,4165,8881,11208,3906,6699,117272,49278,19230,6442,52268,4996,893,26,16
2021-05-14T23:59:59+02:00,8,10,3230,2862,6906,6718,9295,9755,13159,14362,19198,20000,18247,20827,14304,17835,4264,7384,2,3,570,647,1286,1761,1715,2705,2167,3872,3430,4285,3996,4107,8873,11201,3906,6698,116856,49234,18481,6287,52182,4868,819,26,16
2021-05-13T23:59:59+02:00,8,10,3113,2703,6580,6398,8858,9358,12610,13880,18597,19402,18119,20683,14271,17798,4259,7382,1,2,536,623,1234,1705,1659,2632,2080,3766,3279,4165,3892,3970,8850,11181,3903,6694,113976,49137,17786,5896,51576,4459,666,25,14
2021-05-12T23:59:59+02:00,8,10,3086,2672,6546,6360,8810,9305,12469,13767,18413,19198,18086,20649,14263,17788,4259,7382,1,2,535,621,1232,1700,1653,2629,2070,3760,3265,4157,3879,3956,8842,11175,3903,6693,113264,49108,17561,5868,51558,4420,663,25,14
2021-05-11T23:59:59+02:00,6,10,2698,2414,5751,5864,7839,8494,11074,12601,16848,17723,17582,20086,14179,17683,4241,7359,0,2,497,561,1103,1594,1488,2473,1884,3582,3044,3894,3771,3842,8773,11082,3898,6688,105866,48867,16938,5670,49486,3487,138,24,14
2021-05-10T23:59:59+02:00,6,8,2513,2248,5273,5484,7146,7869,10045,11686,15551,16353,17202,19634,14116,17569,4233,7335,0,2,473,536,1058,1555,1445,2420,1823,3479,2925,3763,3688,3769,8734,11034,3894,6684,100059,48748,16027,5439,48028,2948,133,24,14
2021-05-09T23:59:59+02:00,6,8,2433,2216,5135,5400,6960,7750,9634,11347,15006,15824,17083,19494,14096,17540,4230,7330,0,2,458,518,1024,1498,1374,2336,1764,3357,2813,3609,3602,3676,8711,11001,3891,6681,98481,48661,15438,5168,47419,2342,130,24,14
2021-05-08T23:59:59+02:00,6,8,2429,2215,5133,5400,6958,7747,9629,11343,15004,15823,17083,19494,14096,17540,4230,7330,0,2,457,517,1023,1498,1374,2335,1764,3357,2812,3608,3600,3676,8710,11001,3891,6681,98462,48655,15435,5168,47417,2339,130,24,14
2021-05-07T23:59:59+02:00,6,8,2258,2153,4862,5305,6594,7594,9180,11130,14561,15503,16906,19292,14084,17511,4230,7328,0,2,447,515,1012,1485,1359,2321,1729,3347,2763,3574,3554,3636,8630,10920,3891,6678,97755,48631,14915,4817,45685,2275,126,24,14
2021-05-06T23:59:59+02:00,6,8,2023,2021,4313,4958,5937,7219,8410,10571,13587,14678,16508,18842,14035,17417,4218,7315,0,2,417,467,971,1385,1272,2157,1622,3123,2540,3291,3376,3436,8451,10727,3882,6664,95168,48189,13679,4209,43139,1315,56,24,14
2021-05-05T23:59:59+02:00,6,8,1900,1912,4030,4733,5505,6848,7715,9981,12468,13622,15830,18005,13931,17315,4209,7291,0,2,409,454,958,1357,1244,2116,1587,3047,2479,3207,3325,3396,8372,10628,3876,6654,90754,48055,12358,4059,42134,943,40,23,14
2021-05-04T23:59:59+02:00,6,8,1814,1827,3764,4496,5097,6492,7052,9406,11249,12379,14912,16877,13822,17178,4205,7277,0,2,404,444,939,1337,1225,2073,1569,3008,2435,3152,3279,3348,8284,10516,3870,6640,84946,47914,11720,3859,41146,711,27,22,14
2021-05-03T23:59:59+02:00,5,8,1763,1773,3614,4371,4865,6280,6669,9075,10520,11643,14184,15895,13734,17063,4196,7260,0,2,398,434,934,1323,1210,2040,1548,2966,2402,3107,3226,3308,8169,10414,3865,6634,80513,47785,11515,3638,40846,522,22,22,13
2021-05-02T23:59:59+02:00,5,8,1753,1755,3540,4346,4781,6227,6598,9014,10401,11528,13998,15701,13702,17036,4195,7255,0,2,396,425,927,1308,1206,2023,1544,2953,2386,3090,3208,3289,8132,10382,3864,6630,79952,47758,11240,3540,40612,437,17,22,13
2021-05-01T23:59:59+02:00,5,8,1750,1755,3538,4345,4780,6225,6595,9012,10396,11524,13995,15701,13701,17035,4195,7252,0,2,395,425,927,1308,1205,2022,1544,2952,2386,3090,3208,3289,8132,10382,3864,6629,79923,47754,11240,3540,40611,437,16,22,13
2021-04-30T23:59:59+02:00,5,8,1747,1748,3532,4336,4773,6213,6574,8997,10358,11486,13944,15627,13675,17004,4194,7251,0,2,395,423,925,1306,1205,2022,1544,2952,2383,3088,3208,3287,8131,10380,3864,6629,79596,47746,11239,3539,40601,431,15,21,13
2021-04-29T23:59:59+02:00,5,7,1626,1707,3292,4221,4497,6058,6254,8746,9940,11091,13361,14922,13571,16847,4188,7243,0,2,386,412,916,1283,1185,1988,1520,2916,2354,3040,3194,3276,8118,10362,3861,6625,76805,47631,10853,3537,39885,243,14,19,13
2021-04-28T23:59:59+02:00,5,7,1501,1659,3117,4120,4262,5879,5898,8472,9352,10598,12483,13740,13415,16638,4179,7229,0,2,377,401,899,1270,1169,1959,1482,2872,2284,2970,3037,3140,8004,10246,3854,6614,72305,47205,10667,3121,39552,229,12,18,13
2021-04-27T23:59:59+02:00,5,7,1463,1615,3009,4000,4059,5736,5591,8215,8731,9928,11445,12428,13185,16281,4168,7207,0,2,365,385,889,1249,1154,1923,1455,2799,2237,2909,2998,3095,7976,10214,3847,6609,67495,46987,10480,2947,39069,147,12,17,13
2021-04-26T23:59:59+02:00,5,7,1439,1580,2898,3922,3887,5592,5279,8001,8239,9487,10689,11501,13041,16077,4157,7189,0,2,364,380,879,1238,1137,1912,1425,2778,2208,2878,2948,3043,7926,10164,3841,6604,64080,46883,10291,2693,38590,126,12,17,13
2021-04-25T23:59:59+02:00,5,7,1428,1574,2829,3890,3790,5532,5141,7954,8044,9379,10491,11265,13004,16023,4156,7184,0,2,363,375,870,1232,1119,1897,1410,2759,2184,2851,2906,3010,7878,10116,3840,6599,63567,46801,10088,2485,38012,100,12,17,13
2021-04-24T23:59:59+02:00,5,7,1427,1574,2829,3888,3789,5531,5139,7952,8040,9375,10484,11261,13004,16023,4156,7184,0,2,363,375,870,1231,1119,1894,1408,2758,2183,2851,2906,3010,7878,10116,3840,6599,63540,46795,10088,2484,38011,99,12,17,13
2021-04-23T23:59:59+02:00,5,7,1410,1563,2761,3854,3706,5501,5021,7904,7903,9315,10397,11147,12980,15982,4154,7180,0,2,362,375,869,1228,1119,1894,1407,2758,2183,2851,2905,3010,7877,10116,3840,6599,63401,46789,9808,2483,37552,98,12,17,13
2021-04-22T23:59:59+02:00,5,7,1367,1533,2653,3789,3545,5395,4787,7749,7550,9079,9822,10451,12713,15683,4148,7156,0,2,356,374,860,1219,1109,1881,1395,2731,2155,2830,2869,2977,7787,10006,3828,6582,61768,46373,9147,2474,36488,89,12,17,13
2021-04-21T23:59:59+02:00,5,7,1334,1496,2573,3708,3426,5293,4568,7569,7139,8751,8929,9418,12297,15105,4135,7114,0,2,351,372,855,1202,1100,1860,1377,2701,2124,2802,2809,2920,7671,9838,3810,6554,59026,45885,8278,2349,35534,89,12,17,13
2021-04-20T23:59:59+02:00,4,7,1311,1470,2501,3634,3326,5196,4394,7386,6754,8418,8037,8288,11831,14515,4121,7100,0,2,345,367,843,1189,1090,1838,1353,2678,2090,2759,2748,2863,7520,9649,3778,6499,56165,45161,7514,2343,34587,83,11,16,13
2021-04-19T23:59:59+02:00,4,7,1294,1453,2465,3597,3265,5129,4285,7283,6515,8184,7400,7512,11578,14159,4110,7082,0,2,343,365,838,1179,1084,1826,1330,2665,2056,2731,2693,2819,7403,9482,3755,6460,54209,44599,7140,2329,33946,79,11,16,13
2021-04-18T23:59:59+02:00,4,6,1284,1441,2432,3571,3225,5107,4232,7227,6379,8053,7046,7124,11484,14055,4107,7070,0,2,343,363,836,1175,1083,1818,1328,2652,2050,2726,2687,2805,7376,9449,3753,6456,53684,44473,6681,2326,33455,79,11,16,13
2021-04-17T23:59:59+02:00,4,6,1283,1439,2432,3569,3224,5103,4227,7224,6372,8043,7031,7114,11482,14053,4107,7070,0,2,343,363,835,1174,1083,1818,1326,2651,2049,2724,2684,2802,7375,9449,3753,6456,53662,44460,6679,2325,33416,79,11,15,12
2021-04-16T23:59:59+02:00,4,6,1280,1437,2421,3560,3216,5095,4208,7205,6321,8010,6954,7029,11469,14039,4105,7068,0,2,343,362,830,1172,1081,1818,1324,2650,2046,2724,2683,2795,7373,9447,3752,6456,53603,44435,6441,2321,33357,79,11,15,12
2021-04-15T23:59:59+02:00,2,4,1244,1417,2368,3511,3121,5036,4047,7077,6063,7777,6411,6471,11219,13750,4090,7036,0,2,336,360,811,1152,1042,1758,1279,2578,1972,2629,2603,2723,7284,9358,3742,6439,52515,43840,6051,2135,32052,73,11,15,9
2021-04-14T23:59:59+02:00,2,4,1223,1403,2332,3483,3052,4974,3939,6972,5873,7569,5767,5768,10825,13259,4058,6986,0,2,328,357,799,1143,1024,1731,1248,2537,1921,2577,2526,2653,7134,9163,3723,6413,51106,43175,5844,2012,30514,73,10,15,9
2021-04-13T23:59:59+02:00,2,4,1209,1392,2300,3452,2995,4910,3828,6891,5625,7348,5229,5220,10485,12845,4035,6958,0,2,307,343,780,1113,1002,1710,1224,2501,1883,2536,2460,2587,7015,9025,3687,6352,50081,42485,5640,1954,28982,70,10,15,8
2021-04-12T23:59:59+02:00,2,4,1194,1385,2273,3429,2944,4865,3700,6810,5416,7198,4901,4927,10233,12564,4026,6934,0,2,291,339,767,1109,985,1694,1210,2478,1833,2489,2382,2526,6900,8883,3673,6329,49613,41906,5440,1905,27730,63,8,14,8
2021-04-11T23:59:59+02:00,2,4,1188,1371,2252,3408,2911,4845,3639,6739,5272,7089,4669,4727,10047,12365,4020,6923,0,2,284,337,762,1101,976,1679,1199,2450,1810,2457,2328,2467,6816,8775,3659,6309,49525,41491,5203,1843,26724,62,7,12,8
2021-04-10T23:59:59+02:00,2,4,1188,1370,2249,3404,2908,4841,3633,6735,5262,7077,4663,4717,10039,12352,4020,6923,0,2,281,333,746,1094,962,1674,1175,2430,1738,2405,2240,2381,6757,8728,3657,6305,49470,41320,5201,1513,26698,61,6,12,8
2021-04-09T23:59:59+02:00,2,4,1184,1367,2242,3402,2899,4831,3624,6724,5233,7053,4638,4689,10013,12322,4019,6923,0,2,272,330,726,1084,946,1653,1141,2383,1645,2329,2020,2112,6602,8567,3635,6272,49393,40465,5196,1179,26562,61,6,12,8
2021-04-08T23:59:59+02:00,2,4,1160,1347,2189,3346,2813,4741,3482,6594,4996,6820,4246,4281,9466,11747,4000,6869,0,2,247,309,674,1024,888,1580,1068,2287,1510,2209,1742,1775,6135,8004,3547,6126,48927,37887,4666,1176,24492,50,6,12,8
2021-04-07T23:59:59+02:00,2,4,1150,1333,2155,3328,2771,4703,3393,6531,4832,6685,3953,3978,8903,11195,3983,6840,0,2,214,280,614,969,827,1507,1008,2227,1404,2110,1601,1599,5535,7301,3458,5969,48713,35392,4190,1172,22820,49,4,12,8
2021-04-06T23:59:59+02:00,2,4,1128,1315,2110,3302,2732,4670,3328,6484,4706,6591,3696,3723,8412,10685,3967,6809,0,2,206,275,585,949,802,1459,962,2169,1321,2023,1454,1410,4945,6506,3343,5763,48516,32954,3653,1164,21480,46,3,12,7
2021-04-05T23:59:59+02:00,2,4,1125,1310,2104,3299,2722,4668,3313,6469,4683,6573,3664,3696,8381,10647,3963,6807,0,2,203,263,578,933,783,1435,946,2132,1281,1984,1407,1347,4730,6237,3295,5706,48425,32044,3647,1162,21343,46,3,12,7
2021-04-04T23:59:59+02:00,2,4,1125,1310,2104,3298,2722,4667,3313,6469,4681,6572,3657,3692,8379,10645,3963,6807,0,2,203,263,577,933,783,1435,946,2132,1281,1983,1407,1347,4729,6237,3295,5706,48415,32041,3646,1162,21334,46,3,12,7
2021-04-03T23:59:59+02:00,2,4,1125,1310,2103,3298,2722,4667,3313,6469,4681,6572,3656,3690,8379,10644,3963,6807,0,2,203,263,577,932,783,1435,946,2132,1281,1983,1407,1347,4729,6237,3295,5706,48414,32040,3645,1162,21331,46,3,12,7
2021-04-02T23:59:59+02:00,2,4,1125,1310,2103,3296,2722,4666,3312,6465,4681,6570,3653,3686,8377,10643,3963,6807,0,2,203,263,577,932,783,1433,946,2132,1281,1982,1407,1345,4727,6235,3294,5706,48395,32031,3645,1161,21330,46,3,12,7
2021-04-01T23:59:59+02:00,1,4,1112,1275,2037,3176,2613,4466,3163,6215,4522,6331,3609,3649,8277,10536,3952,6790,0,2,198,254,573,923,772,1427,936,2118,1258,1966,1386,1318,4487,5916,3174,5539,48019,31041,3639,1157,20055,39,3,12,7
2021-03-31T23:59:59+02:00,1,4,1095,1246,1998,3078,2538,4323,3072,6003,4391,6101,3524,3566,8124,10340,3932,6754,0,2,190,251,566,912,768,1409,924,2098,1217,1933,1330,1255,3992,5311,3046,5303,47411,29304,3511,1157,19153,38,3,12,5
2021-03-30T23:59:59+02:00,1,3,1072,1213,1946,2895,2436,4099,2922,5645,4190,5712,3430,3471,7959,10135,3905,6700,0,2,186,246,557,902,757,1387,902,2078,1169,1888,1243,1170,3464,4590,2820,4965,46770,27132,3345,1157,17604,29,3,12,5
2021-03-29T23:59:59+02:00,1,3,1055,1170,1883,2765,2352,3942,2784,5391,4027,5437,3330,3371,7797,9905,3876,6652,0,2,185,241,551,891,746,1373,884,2054,1132,1860,1167,1082,2879,3907,2642,4670,46124,25089,3110,1151,16493,19,2,12,5
2021-03-28T23:59:59+02:00,1,3,1036,1138,1812,2602,2270,3738,2663,5096,3875,5160,3265,3305,7732,9842,3872,6647,0,2,185,241,549,888,745,1371,882,2048,1129,1857,1158,1070,2824,3840,2629,4643,46017,24892,2901,1149,15125,14,2,12,4
2021-03-27T23:59:59+01:00,1,3,1036,1138,1812,2601,2269,3737,2660,5096,3872,5160,3261,3304,7731,9842,3872,6647,0,2,185,241,548,888,745,1371,881,2048,1126,1857,1158,1070,2824,3840,2629,4643,46008,24887,2901,1149,15120,14,2,11,4
2021-03-26T23:59:59+01:00,1,3,1031,1114,1769,2486,2205,3579,2597,4885,3786,4936,3240,3288,7728,9837,3871,6646,0,2,185,240,548,888,744,1371,881,2048,1126,1854,1154,1069,2821,3833,2628,4640,45981,24865,2898,1149,14110,12,2,11,4
2021-03-25T23:59:59+01:00,1,3,1006,1083,1718,2384,2122,3410,2488,4656,3674,4738,3138,3196,7600,9703,3864,6632,0,2,183,238,543,886,737,1362,875,2030,1109,1830,1108,1025,2592,3485,2428,4347,45722,23614,2560,1149,13124,12,1,9,4
2021-03-24T23:59:59+01:00,1,3,983,1063,1697,2341,2091,3360,2452,4589,3631,4668,3051,3125,7470,9531,3845,6614,0,2,183,233,537,881,729,1351,863,2015,1090,1809,1068,982,2196,2936,2033,3824,45180,21568,2430,1147,12895,12,1,9,4
2021-03-23T23:59:59+01:00,1,3,972,1057,1679,2308,2067,3326,2418,4546,3590,4618,2984,3052,7376,9428,3827,6586,0,2,181,230,533,876,722,1339,849,1996,1053,1777,986,890,1830,2445,1681,3357,44665,19617,2419,1113,12745,12,1,8,4
2021-03-22T23:59:59+01:00,1,3,970,1048,1665,2291,2053,3308,2396,4517,3553,4576,2940,3018,7313,9358,3813,6569,0,2,178,227,531,865,706,1316,835,1982,1024,1750,937,818,1352,1869,1326,2864,44331,17509,2397,1056,12655,12,1,8,4
2021-03-21T23:59:59+01:00,1,3,970,1047,1664,2288,2053,3305,2392,4513,3541,4568,2926,3009,7266,9303,3806,6563,0,2,178,224,529,863,705,1312,833,1978,1013,1745,914,799,1274,1784,1270,2795,44182,17206,2393,995,12634,12,1,8,4
2021-03-20T23:59:59+01:00,1,3,969,1046,1663,2287,2053,3305,2392,4513,3539,4566,2925,3008,7266,9302,3806,6563,0,2,178,224,529,863,705,1312,833,1978,1000,1730,879,771,1242,1761,1261,2793,44179,17203,2389,841,12630,12,1,8,4
2021-03-19T23:59:59+01:00,1,3,968,1038,1656,2273,2042,3301,2389,4507,3532,4559,2915,2997,7254,9285,3805,6560,0,2,178,222,528,863,705,1310,833,1977,993,1725,835,732,1179,1709,1251,2782,44117,17159,2385,648,12574,12,1,8,4
2021-03-18T23:59:59+01:00,1,3,932,1006,1578,2159,1918,3132,2240,4258,3302,4309,2762,2839,6952,8920,3739,6459,0,2,177,221,523,858,698,1302,824,1966,970,1708,817,709,1102,1600,1106,2576,42721,16573,2073,569,11706,12,1,8,4
2021-03-17T23:59:59+01:00,1,3,879,974,1507,2099,1855,3066,2175,4198,3207,4214,2625,2704,6526,8426,3674,6344,0,2,176,219,519,853,696,1298,820,1961,965,1700,788,690,967,1447,950,2360,40944,15826,2070,568,11454,12,1,8,4
2021-03-16T23:59:59+01:00,1,3,854,950,1473,2057,1817,3016,2121,4143,3111,4116,2491,2545,6048,7774,3583,6193,0,0,170,216,515,852,692,1291,815,1952,957,1687,783,677,879,1321,806,2195,38942,15223,2008,568,11338,12,1,7,4
2021-03-15T23:59:59+01:00,1,3,837,944,1455,2033,1779,2960,2083,4072,3010,4007,2357,2374,5560,7229,3511,6076,0,0,169,215,515,844,690,1282,811,1942,947,1671,772,667,809,1209,650,1990,37167,14637,1907,530,11210,12,0,7,4
2021-03-14T23:59:59+01:00,1,3,832,929,1431,2006,1754,2931,2052,4013,2947,3938,2178,2177,5375,7002,3480,6043,0,0,169,215,514,841,688,1271,810,1935,944,1662,754,658,793,1190,626,1935,36142,14492,1806,506,11137,3,0,7,4
2021-03-13T23:59:59+01:00,1,3,824,921,1409,1994,1737,2918,2025,3985,2872,3890,2106,2103,5326,6947,3478,6042,0,0,169,215,514,840,688,1271,809,1935,944,1662,754,658,793,1190,626,1935,35886,14490,1558,506,11130,3,0,7,4
2021-03-12T23:59:59+01:00,1,3,800,905,1363,1936,1673,2820,1926,3834,2714,3723,1909,1864,5141,6722,3446,5999,0,0,169,215,513,840,688,1271,808,1935,944,1661,745,655,780,1175,618,1932,34555,14437,1314,505,10903,3,0,7,4
2021-03-11T23:59:59+01:00,1,3,766,846,1294,1851,1589,2671,1842,3633,2552,3550,1642,1554,4772,6250,3309,5816,0,0,160,208,507,831,677,1262,793,1899,924,1619,614,593,711,1132,598,1900,32437,13931,1213,492,10284,2,0,7,3
2021-03-10T23:59:59+01:00,1,3,751,794,1271,1795,1557,2613,1792,3562,2471,3461,1570,1465,4299,5705,3190,5562,0,0,160,206,498,810,659,1248,784,1879,917,1603,545,577,678,1123,591,1894,30616,13778,1207,389,10032,2,0,7,3
2021-03-09T23:59:59+01:00,1,3,737,773,1250,1765,1530,2567,1752,3511,2397,3409,1476,1367,3736,4949,2996,5252,0,0,157,204,492,789,649,1224,770,1847,905,1575,541,575,676,1118,588,1888,28426,13716,1204,277,9834,2,0,7,3
2021-03-08T23:59:59+01:00,0,3,733,745,1236,1744,1512,2546,1724,3472,2357,3366,1382,1265,3058,4117,2757,4881,0,0,153,201,478,766,627,1192,751,1797,881,1538,537,573,676,1117,588,1888,25953,13708,1204,52,9734,0,0,7,3
2021-03-07T23:59:59+01:00,0,3,730,741,1226,1734,1504,2530,1713,3464,2345,3358,1369,1249,2956,3995,2734,4832,0,0,153,201,478,766,627,1192,751,1797,881,1538,537,573,676,1117,588,1888,25600,13708,1202,52,9674,0,0,7,3
2021-03-06T23:59:59+01:00,0,3,729,741,1224,1729,1501,2527,1709,3461,2340,3357,1366,1249,2956,3995,2734,4832,0,0,152,201,478,766,627,1192,751,1797,881,1538,537,573,676,1117,588,1888,25595,13707,1202,52,9649,0,0,7,3
2021-03-05T23:59:59+01:00,0,3,668,717,1199,1714,1480,2517,1684,3446,2311,3347,1360,1246,2948,3988,2731,4827,0,0,152,201,478,765,627,1191,751,1797,881,1535,536,573,676,1117,588,1888,25567,13701,1197,52,9415,0,0,7,3
2021-03-04T23:59:59+01:00,0,3,602,670,1131,1644,1424,2434,1643,3365,2237,3269,1309,1198,2727,3622,2545,4539,0,0,150,195,475,751,616,1179,740,1769,872,1522,525,562,664,1107,583,1879,24336,13536,1189,50,8830,0,0,7,3
2021-03-03T23:59:59+01:00,0,3,565,630,1064,1581,1328,2353,1542,3279,2111,3182,1266,1151,2352,3099,2189,4087,0,0,150,195,473,748,616,1179,739,1765,869,1521,521,559,662,1104,583,1876,22458,13510,1187,48,8132,0,0,5,2
2021-03-02T23:59:59+01:00,0,3,547,596,1026,1535,1270,2309,1484,3227,2014,3120,1182,1048,1982,2621,1793,3563,0,0,148,193,468,742,611,1168,729,1755,864,1500,512,550,651,1081,563,1843,20375,13328,1184,48,7756,0,0,5,2
2021-03-01T23:59:59+01:00,0,3,540,547,1006,1496,1224,2248,1438,3163,1959,3047,1136,974,1483,2025,1405,3017,0,0,146,193,468,741,611,1167,729,1752,863,1500,510,550,647,1072,559,1832,18079,13290,1181,48,7446,0,0,5,2
2021-02-28T23:59:59+01:00,0,3,532,533,988,1456,1198,2186,1410,3105,1904,2974,1115,952,1368,1885,1331,2929,0,0,146,193,467,740,611,1167,728,1750,862,1499,508,550,647,1072,559,1832,17598,13281,1179,48,7087,0,0,5,2
2021-02-27T23:59:59+01:00,0,3,532,531,987,1453,1198,2185,1410,3104,1904,2973,1115,952,1368,1884,1329,2929,0,0,145,193,466,739,608,1165,726,1748,860,1498,508,550,647,1072,559,1832,17595,13280,1179,34,7078,0,0,5,2
2021-02-26T23:59:59+01:00,0,3,390,481,857,1409,1115,2142,1342,3063,1845,2930,1110,946,1365,1883,1329,2927,0,0,145,193,466,739,608,1165,726,1747,860,1497,508,550,647,1072,559,1832,17583,13279,1179,33,6370,0,0,5,2
2021-02-25T23:59:59+01:00,0,3,301,428,761,1314,1031,2051,1244,2890,1706,2767,1072,914,1283,1758,1209,2735,0,0,138,183,454,726,592,1139,719,1722,840,1473,494,536,619,1040,545,1813,16980,13009,1179,22,5303,0,0,5,2
2021-02-24T23:59:59+01:00,0,2,256,384,688,1238,957,1964,1190,2772,1640,2650,1045,894,1160,1612,1052,2516,0,0,136,183,451,722,588,1138,718,1717,839,1469,489,531,611,1035,542,1801,16267,12949,1177,19,4571,0,0,5,2
2021-02-23T23:59:59+01:00,0,2,244,362,667,1179,928,1885,1143,2660,1564,2539,1019,866,1079,1484,909,2352,0,0,136,181,451,721,588,1138,718,1714,837,1468,488,528,609,1034,542,1800,15705,12937,1142,15,4030,0,0,5,1
2021-02-22T23:59:59+01:00,0,0,230,343,644,1149,896,1802,1093,2568,1478,2416,973,836,960,1340,722,2095,0,0,136,181,450,720,586,1137,717,1714,831,1466,487,527,608,1032,541,1798,14950,12925,1069,5,3521,0,0,5,1
2021-02-21T23:59:59+01:00,0,0,224,332,608,1082,846,1696,1050,2467,1398,2309,956,815,927,1288,669,2029,0,0,136,180,447,712,585,1133,717,1709,831,1464,486,527,607,1032,540,1797,14740,12897,1026,5,2925,0,0,5,1
2021-02-20T23:59:59+01:00,0,0,224,329,605,1081,844,1691,1046,2461,1383,2290,920,786,894,1265,661,2027,0,0,136,180,447,712,585,1133,717,1709,831,1464,486,526,606,1032,540,1797,14738,12896,866,5,2898,0,0,5,0
2021-02-19T23:59:59+01:00,0,0,214,321,596,1073,831,1676,1025,2444,1350,2247,675,683,751,1201,636,2010,0,0,136,180,447,710,585,1130,716,1706,828,1461,486,525,606,1031,539,1797,14260,12879,677,4,2791,0,0,5,0
2021-02-18T23:59:59+01:00,0,0,198,272,557,951,746,1450,895,2186,1099,1872,596,615,710,1159,616,1993,0,0,131,180,434,698,570,1112,710,1680,812,1433,483,522,605,1030,539,1797,14101,12732,577,4,1233,0,0,4,0
2021-02-17T23:59:59+01:00,0,0,192,232,536,902,709,1354,836,2018,1014,1740,574,594,710,1156,614,1990,0,0,124,177,422,687,562,1096,691,1648,799,1410,480,520,603,1027,539,1796,14082,12578,577,3,508,0,0,4,0
2021-02-16T23:59:59+01:00,0,0,185,229,528,886,694,1323,817,1979,981,1700,562,589,704,1154,613,1987,0,0,119,172,408,682,551,1080,678,1630,789,1396,474,514,596,1013,531,1765,14051,12396,577,2,299,0,0,4,0
2021-02-15T23:59:59+01:00,0,0,171,220,523,859,688,1289,803,1944,952,1653,561,586,702,1154,613,1987,0,0,116,171,401,672,540,1061,649,1603,775,1378,472,511,596,1013,531,1765,14048,12252,538,2,115,0,0,4,0
2021-02-14T23:59:59+01:00,0,0,166,212,519,846,687,1280,800,1935,934,1645,560,585,702,1151,612,1987,0,0,109,167,390,661,523,1043,630,1588,768,1365,472,509,594,1011,531,1765,14042,12124,536,2,39,0,0,4,0
2021-02-13T23:59:59+01:00,0,0,165,212,518,846,687,1280,800,1935,934,1645,560,585,702,1151,612,1987,0,0,109,167,389,660,523,1043,630,1588,768,1365,472,509,594,1011,531,1765,14041,12122,536,2,38,0,0,4,0
2021-02-12T23:59:59+01:00,0,0,163,211,513,844,686,1277,796,1934,932,1642,559,585,702,1151,612,1987,0,0,106,165,386,654,518,1036,616,1573,765,1348,470,508,582,991,526,1736,14034,11978,535,2,21,0,0,4,0
2021-02-11T23:59:59+01:00,0,0,160,210,509,837,678,1273,794,1930,926,1640,554,579,695,1145,607,1981,0,0,87,129,357,584,471,956,564,1456,721,1254,446,463,538,937,482,1640,13983,11084,523,1,8,0,0,4,0
2021-02-10T23:59:59+01:00,0,0,157,208,499,820,661,1258,782,1902,911,1616,545,573,684,1132,602,1971,0,0,78,118,329,524,444,848,523,1279,647,1097,397,413,471,820,433,1478,13857,9898,459,1,1,0,0,4,0
2021-02-09T23:59:59+01:00,0,0,156,202,491,782,645,1219,762,1841,899,1575,533,561,678,1116,593,1952,0,0,73,101,310,456,409,763,480,1176,583,998,366,358,428,732,399,1357,13743,8989,259,0,0,0,0,3,0
2021-02-08T23:59:59+01:00,0,0,152,198,474,756,623,1184,742,1791,879,1531,527,560,676,1110,589,1936,0,0,59,75,265,388,359,630,422,946,510,818,308,303,362,578,334,1151,13672,7508,53,0,0,0,0,3,0
2021-02-07T23:59:59+01:00,0,0,152,197,472,755,621,1183,741,1783,877,1529,526,560,676,1110,589,1935,0,0,58,67,247,353,340,585,406,914,490,783,308,296,360,571,332,1147,13650,7257,53,0,0,0,0,3,0
2021-02-06T23:59:59+01:00,0,0,152,197,472,755,621,1183,741,1783,877,1529,526,560,676,1110,589,1935,0,0,58,67,247,352,340,585,406,913,488,781,308,295,359,569,331,1147,13650,7246,53,0,0,0,0,3,0
2021-02-05T23:59:59+01:00,0,0,152,197,472,755,621,1183,741,1783,877,1527,526,560,675,1110,589,1935,0,0,56,67,246,349,333,581,398,890,478,761,298,290,348,545,313,1107,13647,7060,53,0,0,0,0,3,0
2021-02-04T23:59:59+01:00,0,0,146,192,468,747,614,1175,737,1769,871,1518,519,553,654,1085,580,1917,0,0,42,51,213,314,291,485,356,749,384,615,233,219,263,379,232,819,13490,5645,52,0,0,0,0,3,0
2021-02-03T23:59:59+01:00,0,0,144,191,462,740,606,1166,733,1756,863,1502,507,545,639,1072,573,1909,0,0,34,32,157,221,238,353,265,571,309,466,182,172,186,283,179,612,13356,4260,49,0,0,0,0,3,0
2021-02-02T23:59:59+01:00,0,0,144,188,460,739,606,1166,730,1750,856,1498,506,543,635,1069,572,1905,0,0,25,26,138,174,193,282,221,435,257,375,142,132,139,211,142,483,13316,3375,49,0,0,0,0,2,0
2021-02-01T23:59:59+01:00,0,0,142,188,459,738,601,1163,729,1742,854,1493,504,541,630,1066,571,1898,0,0,21,19,102,128,139,191,155,302,168,259,90,94,94,134,76,258,13268,2230,49,0,0,0,0,2,0
2021-01-31T23:59:59+01:00,0,0,141,187,459,735,598,1162,729,1738,854,1492,502,540,629,1064,571,1897,0,0,14,15,69,88,97,126,118,225,141,203,85,87,90,126,74,244,13248,1802,49,0,0,0,0,1,0
2021-01-30T23:59:59+01:00,0,0,141,187,458,735,596,1160,728,1737,854,1492,502,540,628,1064,571,1897,0,0,14,15,69,88,97,124,116,221,138,200,84,86,90,120,68,234,13247,1764,42,0,0,0,0,1,0
2021-01-29T23:59:59+01:00,0,0,141,187,458,732,595,1157,726,1735,852,1491,502,540,628,1064,571,1897,0,0,12,15,57,82,80,120,98,210,115,188,79,79,88,116,67,233,13241,1639,34,0,0,0,0,1,0
2021-01-28T23:59:59+01:00,0,0,134,183,445,715,578,1130,720,1708,829,1462,495,534,625,1061,568,1894,0,0,7,3,14,20,25,47,31,97,47,87,46,50,57,86,49,176,13055,842,25,0,0,0,0,1,0
2021-01-27T23:59:59+01:00,0,0,127,180,433,704,570,1120,704,1673,822,1438,492,532,621,1056,568,1889,0,0,3,1,6,12,11,26,13,41,23,31,13,17,25,35,20,55,12905,332,23,0,0,0,0,1,0
2021-01-26T23:59:59+01:00,0,0,121,176,419,693,557,1106,695,1650,810,1417,487,526,615,1039,560,1854,0,0,3,1,6,11,8,24,11,38,17,28,13,15,24,33,20,54,12709,306,15,0,0,0,0,1,0
2021-01-25T23:59:59+01:00,0,0,118,174,410,681,546,1087,668,1622,792,1400,485,522,613,1038,560,1854,0,0,2,1,5,9,8,19,6,29,12,22,9,6,14,22,10,35,12564,209,5,0,0,0,0,1,0
2021-01-24T23:59:59+01:00,0,0,111,171,400,671,531,1069,651,1609,779,1388,484,519,612,1038,560,1854,0,0,2,0,3,6,8,7,4,8,5,9,1,2,12,15,6,21,12441,109,5,0,0,0,0,1,0
2021-01-23T23:59:59+01:00,0,0,111,171,400,670,531,1069,651,1609,779,1388,484,519,612,1038,560,1854,0,0,1,0,3,6,8,7,4,8,5,9,1,2,12,15,6,21,12440,108,5,0,0,0,0,1,0
2021-01-22T23:59:59+01:00,0,0,108,169,393,664,527,1062,637,1594,773,1370,484,514,601,1017,553,1825,0,0,1,0,3,6,8,7,4,8,5,9,1,2,12,15,6,21,12287,108,4,0,0,0,0,0,0
2021-01-21T23:59:59+01:00,0,0,97,161,378,647,504,1028,607,1544,751,1327,467,476,567,973,517,1757,0,0,1,0,3,6,8,6,4,8,5,9,1,2,12,15,6,21,11797,107,4,0,0,0,0,0,0
2021-01-20T23:59:59+01:00,0,0,79,120,343,558,460,887,550,1310,663,1140,405,417,482,830,454,1534,0,0,1,0,2,5,8,6,4,8,5,9,1,2,12,15,6,21,10228,105,4,0,0,0,0,0,0
2021-01-19T23:59:59+01:00,0,0,74,106,316,480,419,798,507,1198,611,1037,381,379,445,751,424,1438,0,0,1,0,1,3,7,5,4,7,5,9,1,0,9,10,5,18,9360,85,4,0,0,0,0,0,0
2021-01-18T23:59:59+01:00,0,0,60,76,270,393,364,650,431,966,519,840,313,311,375,597,358,1230,0,0,1,0,1,3,7,5,4,7,5,8,1,0,9,10,5,18,7751,84,2,0,0,0,0,0,0
2021-01-17T23:59:59+01:00,0,0,59,67,251,358,343,597,412,923,495,801,310,302,373,590,355,1222,0,0,0,0,0,0,0,1,0,0,0,0,0,0,0,0,0,0,7456,1,2,0,0,0,0,0,0
2021-01-16T23:59:59+01:00,0,0,59,67,251,357,343,597,412,922,493,799,310,301,371,586,354,1222,0,0,0,0,0,0,0,0,0,0,0,0,0,0,0,0,0,0,7442,0,2,0,0,0,0,0,0
2021-01-15T23:59:59+01:00,0,0,57,67,251,353,337,591,401,898,481,774,296,295,352,557,331,1180,0,0,0,0,0,0,0,0,0,0,0,0,0,0,0,0,0,0,7219,0,2,0,0,0,0,0,0
2021-01-14T23:59:59+01:00,0,0,44,54,237,328,312,516,367,773,393,629,233,221,262,381,238,847,0,0,0,0,0,0,0,0,0,0,0,0,0,0,0,0,0,0,5835,0,0,0,0,0,0,0,0
2021-01-13T23:59:59+01:00,0,0,38,43,212,269,272,415,300,618,322,503,178,178,190,290,192,655,0,0,0,0,0,0,0,0,0,0,0,0,0,0,0,0,0,0,4675,0,0,0,0,0,0,0,0
2021-01-12T23:59:59+01:00,0,0,33,41,207,254,257,381,276,537,290,457,141,136,144,222,150,514,0,0,0,0,0,0,0,0,0,0,0,0,0,0,0,0,0,0,4040,0,0,0,0,0,0,0,0
2021-01-11T23:59:59+01:00,0,0,28,37,197,233,239,328,229,449,240,382,110,106,108,145,88,320,0,0,0,0,0,0,0,0,0,0,0,0,0,0,0,0,0,0,3239,0,0,0,0,0,0,0,0
2021-01-10T23:59:59+01:00,0,0,26,31,159,172,196,253,191,353,198,305,98,99,105,140,86,305,0,0,0,0,0,0,0,0,0,0,0,0,0,0,0,0,0,0,2717,0,0,0,0,0,0,0,0
2021-01-09T23:59:59+01:00,0,0,26,31,152,168,194,245,187,345,196,300,98,99,105,140,86,305,0,0,0,0,0,0,0,0,0,0,0,0,0,0,0,0,0,0,2677,0,0,0,0,0,0,0,0
2021-01-08T23:59:59+01:00,0,0,23,28,121,144,173,232,162,316,168,279,93,89,103,136,85,304,0,0,0,0,0,0,0,0,0,0,0,0,0,0,0,0,0,0,2456,0,0,0,0,0,0,0,0
2021-01-07T23:59:59+01:00,0,0,8,3,18,26,32,57,37,108,61,111,48,51,64,94,54,212,0,0,0,0,0,0,0,0,0,0,0,0,0,0,0,0,0,0,984,0,0,0,0,0,0,0,0
2021-01-06T23:59:59+01:00,0,0,3,1,7,13,11,25,14,41,21,32,14,14,28,40,23,65,0,0,0,0,0,0,0,0,0,0,0,0,0,0,0,0,0,0,352,0,0,0,0,0,0,0,0
2021-01-05T23:59:59+01:00,0,0,3,1,6,10,10,21,11,33,15,27,11,14,24,35,21,57,0,0,0,0,0,0,0,0,0,0,0,0,0,0,0,0,0,0,299,0,0,0,0,0,0,0,0
2021-01-04T23:59:59+01:00,0,0,2,1,4,7,9,13,4,17,8,17,5,3,13,21,8,31,0,0,0,0,0,0,0,0,0,0,0,0,0,0,0,0,0,0,163,0,0,0,0,0,0,0,0
2021-01-03T23:59:59+01:00,0,0,2,0,3,6,8,7,4,9,5,10,1,2,13,17,7,21,0,0,0,0,0,0,0,0,0,0,0,0,0,0,0,0,0,0,115,0,0,0,0,0,0,0,0
2021-01-02T23:59:59+01:00,0,0,2,0,3,6,8,7,4,9,5,10,1,2,13,17,7,21,0,0,0,0,0,0,0,0,0,0,0,0,0,0,0,0,0,0,115,0,0,0,0,0,0,0,0
2021-01-01T23:59:59+01:00,0,0,1,0,3,6,8,6,4,9,5,10,1,2,13,16,7,21,0,0,0,0,0,0,0,0,0,0,0,0,0,0,0,0,0,0,112,0,0,0,0,0,0,0,0
2020-12-31T23:59:59+01:00,0,0,1,0,3,5,8,6,4,9,5,10,1,2,13,16,7,21,0,0,0,0,0,0,0,0,0,0,0,0,0,0,0,0,0,0,111,0,0,0,0,0,0,0,0
2020-12-30T23:59:59+01:00,0,0,1,0,2,5,8,6,4,9,5,10,1,2,13,16,7,21,0,0,0,0,0,0,0,0,0,0,0,0,0,0,0,0,0,0,110,0,0,0,0,0,0,0,0
2020-12-29T23:59:59+01:00,0,0,1,0,1,3,8,5,4,8,5,10,1,0,10,11,6,18,0,0,0,0,0,0,0,0,0,0,0,0,0,0,0,0,0,0,91,0,0,0,0,0,0,0,0
2020-12-28T23:59:59+01:00,0,0,1,0,1,3,8,5,4,8,5,9,1,0,10,11,6,18,0,0,0,0,0,0,0,0,0,0,0,0,0,0,0,0,0,0,90,0,0,0,0,0,0,0,0
2020-12-27T23:59:59+01:00,0,0,1,0,1,3,8,4,4,8,5,9,1,0,9,10,6,18,0,0,0,0,0,0,0,0,0,0,0,0,0,0,0,0,0,0,87,0,0,0,0,0,0,0,0
