Datum,<15_m,<15_w,15-24_1_m,15-24_1_w,25-34_1_m,25-34_1_w,35-44_1_m,35-44_1_w,45-54_1_m,45-54_1_w,55-64_1_m,55-64_1_w,65-74_1_m,65-74_1_w,75-84_1_m,75-84_1_w,>84_1_m,>84_1_w,<24_2_m,<24_2_w,25-34_2_m,25-34_2_w,35-44_2_m,35-44_2_w,45-54_2_m,45-54_2_w,55-64_2_m,55-64_2_w,65-74_2_m,65-74_2_w,75-84_2_m,75-84_2_w,>84_2_m,>84_2_w,bp_1,bp_2,mo_1,mo_2,az_1,az_2,ja,unb_1,unb_2
2021-07-22T23:59:59+02:00,855,773,12987,12173,18995,17588,21520,21251,25422,26125,28868,29883,20742,23728,14957,18799,4258,7421,9089,8723,15164,14480,17980,18199,22124,23114,26208,27467,19626,22470,14347,17979,4106,7128,211086,184243,31119,27843,54907,47116,9202,31,86
2021-07-21T23:59:59+02:00,832,746,12789,12007,18850,17465,21387,21153,25316,26023,28793,29814,20700,23694,14940,18776,4254,7416,8710,8406,14730,14157,17606,17929,21772,22791,25937,27261,19534,22382,14322,17943,4103,7119,210479,182362,31009,27496,54902,46467,8534,31,86
2021-07-20T23:59:59+02:00,803,722,12645,11875,18747,17384,21319,21081,25257,25960,28758,29763,20676,23664,14932,18762,4251,7413,8388,8104,14275,13830,17234,17662,21477,22564,25697,27078,19453,22275,14293,17908,4101,7113,209827,180251,30900,27337,54900,45610,8354,31,86
2021-07-19T23:59:59+02:00,775,695,12527,11761,18658,17315,21261,21021,25204,25906,28708,29727,20651,23636,14922,18749,4247,7407,8061,7849,13912,13581,16891,17415,21156,22368,25472,26937,19385,22200,14271,17886,4095,7107,209127,178241,30796,27173,54900,44905,8316,31,86
2021-07-18T23:59:59+02:00,757,676,12419,11661,18555,17243,21199,20969,25150,25856,28671,29673,20629,23616,14911,18739,4245,7405,7894,7698,13759,13463,16740,17295,20999,22257,25345,26858,19346,22161,14256,17870,4095,7104,208572,177322,30646,27070,54900,44548,8225,31,86
2021-07-17T23:59:59+02:00,757,676,12415,11661,18554,17240,21199,20969,25150,25856,28671,29673,20629,23616,14911,18739,4245,7405,7886,7697,13755,13458,16739,17294,20998,22256,25344,26856,19345,22161,14256,17870,4095,7104,208568,177302,30646,27069,54900,44547,8221,31,86
2021-07-16T23:59:59+02:00,750,671,12341,11605,18517,17209,21162,20942,25117,25833,28646,29654,20627,23613,14911,18737,4245,7405,7737,7595,13604,13386,16596,17236,20860,22198,25241,26808,19328,22142,14255,17865,4095,7101,208360,176858,30646,26998,54899,44160,8049,31,86
2021-07-15T23:59:59+02:00,735,653,12275,11540,18456,17159,21109,20893,25072,25795,28618,29627,20613,23597,14906,18728,4244,7402,7398,7280,13006,12985,15931,16816,20229,21835,24795,26498,19182,22002,14212,17819,4092,7094,207914,174647,30560,26114,54893,42402,8024,31,86
2021-07-14T23:59:59+02:00,706,633,12068,11407,18292,17054,20990,20800,24973,25695,28531,29529,20579,23564,14887,18713,4241,7399,6983,6920,12349,12528,15253,16335,19601,21380,24334,26159,18967,21776,14180,17771,4084,7083,207118,171828,30413,25784,54892,40477,7607,31,86
2021-07-13T23:59:59+02:00,663,599,11934,11284,18176,16977,20882,20704,24881,25604,28463,29465,20550,23525,14868,18703,4239,7389,6525,6490,11718,12034,14569,15833,19001,20972,23900,25838,18789,21563,14137,17708,4080,7074,206146,168262,30274,25600,54881,38824,7583,22,20
2021-07-12T23:59:59+02:00,630,571,11812,11149,18063,16889,20794,20600,24782,25507,28382,29400,20522,23493,14860,18692,4234,7382,6112,6074,11123,11500,13951,15293,18450,20484,23484,25476,18595,21374,14073,17650,4071,7070,205154,164599,30148,24776,54878,37873,7560,22,20
2021-07-11T23:59:59+02:00,597,546,11699,11061,17997,16828,20740,20545,24729,25464,28327,29355,20503,23474,14851,18685,4234,7381,5918,5907,10866,11298,13726,15096,18208,20302,23281,25291,18523,21294,14047,17624,4070,7064,204551,163234,30027,24308,54876,37453,7547,15,17
2021-07-10T23:59:59+02:00,596,546,11692,11060,17993,16826,20737,20545,24726,25463,28326,29355,20503,23474,14850,18683,4234,7381,5912,5906,10865,11292,13718,15092,18207,20300,23280,25289,18521,21293,14046,17624,4070,7064,204532,163209,30026,24307,54876,37449,7541,15,17
2021-07-09T23:59:59+02:00,568,523,11583,10940,17918,16743,20669,20483,24653,25388,28277,29310,20480,23454,14847,18675,4234,7380,5878,5876,10836,11259,13668,15070,18176,20267,23261,25266,18516,21283,14044,17621,4070,7063,203675,162974,30026,24257,54876,37416,7533,15,17
2021-07-08T23:59:59+02:00,536,499,11425,10810,17800,16641,20542,20388,24549,25266,28161,29235,20436,23405,14831,18647,4231,7372,5528,5619,10330,10867,13051,14616,17520,19709,22659,24808,18213,20905,13947,17539,4065,7053,202950,160672,30002,23452,54853,35371,6954,15,17
2021-07-07T23:59:59+02:00,476,448,11265,10675,17720,16558,20472,20319,24475,25189,28100,29174,20409,23370,14826,18635,4229,7364,5218,5327,9809,10420,12480,14144,16842,19192,22096,24314,17904,20546,13845,17441,4058,7030,201970,158234,29979,22002,54835,33541,6905,15,17
2021-07-06T23:59:59+02:00,439,417,11147,10530,17608,16468,20382,20221,24399,25099,28011,29099,20383,23332,14817,18619,4227,7361,4845,4915,9217,9917,11781,13551,16154,18586,21592,23822,17588,20244,13746,17328,4049,7020,200877,154156,29973,21066,54827,32270,6867,15,17
2021-07-05T23:59:59+02:00,417,391,11056,10445,17521,16400,20302,20151,24338,25047,27970,29061,20359,23311,14806,18611,4226,7358,4555,4599,8724,9466,11220,12999,15446,17946,20973,23216,17195,19851,13615,17173,4041,7012,200148,150276,29969,20392,54819,30544,6819,15,17
2021-07-04T23:59:59+02:00,404,385,10980,10391,17455,16346,20253,20102,24307,25011,27954,29043,20350,23299,14800,18608,4225,7357,4410,4506,8594,9301,11030,12823,15208,17736,20710,22946,16924,19561,13556,17082,4037,7008,199668,148973,29965,20086,54817,29568,6805,15,17
2021-07-03T23:59:59+02:00,403,384,10973,10382,17445,16339,20251,20099,24305,25010,27951,29042,20350,23298,14800,18608,4225,7356,4406,4501,8588,9300,11027,12823,15204,17736,20707,22943,16924,19558,13556,17082,4037,7008,199637,148963,29964,20086,54817,29563,6788,15,17
2021-07-02T23:59:59+02:00,359,321,10827,10272,17335,16237,20150,20025,24234,24945,27892,28982,20324,23272,14794,18594,4225,7354,4317,4422,8429,9160,10892,12713,15081,17629,20595,22839,16883,19529,13549,17067,4037,7005,198764,147973,29964,20086,54817,29506,6582,15,17
2021-07-01T23:59:59+02:00,313,277,10696,10137,17208,16146,20029,19938,24153,24869,27831,28932,20304,23247,14778,18579,4222,7350,4116,4221,8135,8825,10526,12304,14522,17134,20091,22300,16596,19232,13344,16855,4027,6983,197701,144930,29907,19419,54810,28284,6576,15,17
2021-06-30T23:59:59+02:00,231,216,10445,9901,17040,15999,19898,19805,24039,24747,27751,28844,20283,23216,14759,18561,4221,7349,3920,4025,7833,8487,10116,11844,14035,16582,19520,21670,16274,18895,13073,16579,4015,6957,196075,141266,29852,19164,54801,26830,6562,15,17
2021-06-29T23:59:59+02:00,186,179,10299,9725,16906,15903,19794,19717,23971,24672,27694,28776,20257,23190,14745,18542,4221,7346,3716,3764,7437,8039,9643,11309,13383,15918,18908,20970,15957,18569,12828,16289,4008,6943,194933,136992,29848,18869,54797,25286,6530,15,17
2021-06-28T23:59:59+02:00,137,127,10102,9544,16789,15796,19693,19618,23879,24578,27627,28717,20227,23161,14731,18523,4219,7344,3513,3506,7039,7602,9210,10817,12834,15381,18414,20456,15708,18304,12710,16157,4002,6932,193772,133179,29735,18445,54794,24460,6496,15,17
2021-06-27T23:59:59+02:00,119,110,9966,9433,16734,15737,19633,19568,23821,24529,27600,28693,20214,23145,14728,18519,4218,7341,3421,3440,6864,7409,9023,10616,12605,15141,18153,20197,15588,18200,12645,16072,4002,6928,193145,131990,29680,18100,54789,23730,6479,15,17
2021-06-26T23:59:59+02:00,119,110,9964,9429,16733,15733,19631,19567,23818,24528,27600,28693,20214,23145,14728,18519,4218,7341,3418,3440,6862,7408,9020,10614,12604,15138,18151,20196,15585,18199,12645,16071,4002,6928,193128,131971,29679,18100,54789,23726,6479,15,17
2021-06-25T23:59:59+02:00,115,107,9918,9388,16696,15701,19598,19539,23782,24500,27576,28674,20208,23138,14726,18516,4218,7341,3399,3395,6788,7298,8924,10459,12490,14942,18008,19989,15563,18170,12637,16068,4001,6927,192814,131794,29644,17748,54789,23032,6479,15,17
2021-06-24T23:59:59+02:00,105,96,9795,9264,16516,15580,19469,19418,23662,24413,27520,28615,20195,23122,14719,18507,4217,7339,3277,3250,6583,6970,8618,10005,11961,14322,17454,19288,15339,17942,12492,15939,3998,6915,191988,129406,29302,16893,54788,21589,6459,15,17
2021-06-23T23:59:59+02:00,100,90,9667,9127,16379,15456,19355,19312,23565,24310,27456,28568,20180,23100,14715,18502,4214,7338,3074,3008,6235,6488,8120,9440,11266,13505,16695,18311,15050,17606,12343,15798,3988,6890,191080,124905,29138,15923,54778,20560,6423,15,17
2021-06-22T23:59:59+02:00,70,64,9377,8822,16153,15257,19169,19163,23421,24188,27385,28485,20159,23076,14707,18483,4210,7332,2840,2719,5752,5941,7497,8677,10357,12467,15667,17104,14747,17241,12234,15672,3975,6867,189411,118452,28932,15434,54774,19481,6391,13,10
2021-06-21T23:59:59+02:00,66,57,9251,8659,15980,15112,18981,19009,23290,24065,27325,28406,20135,23049,14701,18474,4210,7328,2695,2527,5369,5475,7032,8092,9627,11592,14936,16172,14469,16929,12128,15551,3970,6851,188220,113748,28708,14876,54768,18403,6389,13,10
2021-06-20T23:59:59+02:00,63,56,9116,8529,15845,14999,18872,18921,23216,23994,27285,28355,20124,23029,14690,18467,4207,7327,2638,2458,5205,5294,6818,7826,9322,11262,14573,15771,14336,16796,12088,15514,3965,6846,187340,112059,28589,14653,54768,17616,6385,13,10
2021-06-19T23:59:59+02:00,63,56,9116,8527,15844,14994,18871,18921,23215,23994,27285,28354,20124,23029,14690,18467,4207,7327,2635,2457,5204,5290,6817,7826,9322,11261,14571,15767,14334,16796,12088,15514,3965,6846,187331,112043,28587,14651,54768,17615,6385,13,10
2021-06-18T23:59:59+02:00,63,52,9088,8516,15831,14986,18856,18913,23208,23985,27278,28349,20124,23026,14689,18467,4207,7327,2606,2423,5149,5231,6739,7726,9223,11105,14399,15539,14256,16695,12078,15493,3963,6843,187214,111259,28586,14650,54767,17175,6385,13,10
2021-06-17T23:59:59+02:00,56,50,8914,8355,15597,14819,18658,18757,23052,23854,27142,28258,20100,23004,14682,18455,4205,7324,2470,2272,4822,4932,6352,7323,8676,10500,13569,14670,14019,16406,12006,15372,3959,6831,185893,108398,28581,13696,54759,16050,6036,13,10
2021-06-16T23:59:59+02:00,48,48,8685,8141,15365,14596,18447,18557,22862,23687,27036,28148,20071,22961,14668,18435,4201,7318,2356,2164,4580,4730,6000,6979,8151,10013,12853,13831,13669,16023,11921,15283,3954,6819,184115,104949,28482,12897,54756,15573,5908,13,10
2021-06-15T23:59:59+02:00,39,35,8336,7803,14987,14241,18128,18267,22613,23474,26878,28014,20042,22928,14655,18419,4199,7308,2172,1997,4228,4376,5493,6420,7272,9127,11661,12558,13133,15408,11799,15120,3939,6796,181519,98721,28446,12236,54755,14910,5633,13,10
2021-06-14T23:59:59+02:00,33,30,8155,7635,14732,14011,17925,18095,22462,23354,26766,27934,20021,22895,14642,18411,4195,7300,2058,1872,3974,4131,5106,5950,6616,8407,10736,11506,12818,15061,11727,15026,3929,6777,179943,93894,28422,11875,54753,14459,5465,13,10
2021-06-13T23:59:59+02:00,33,30,8078,7580,14652,13926,17811,17984,22381,23274,26736,27906,20008,22885,14638,18405,4195,7300,2010,1844,3893,4033,4987,5811,6386,8166,10442,11172,12661,14883,11669,14970,3928,6776,179195,92511,28410,11583,54750,14081,5454,13,9
2021-06-12T23:59:59+02:00,33,30,8077,7579,14651,13926,17811,17984,22379,23273,26735,27903,20008,22884,14638,18405,4195,7300,2009,1842,3892,4033,4985,5810,6383,8163,10439,11166,12658,14882,11669,14968,3928,6776,179184,92492,28410,11583,54750,14072,5454,13,9
2021-06-11T23:59:59+02:00,33,29,8011,7538,14563,13878,17736,17934,22309,23239,26692,27881,20006,22880,14638,18404,4195,7300,1993,1833,3856,3976,4943,5743,6322,8080,10340,11063,12619,14847,11658,14962,3928,6776,178850,92279,28332,11577,54749,13759,5322,13,9
2021-06-10T23:59:59+02:00,28,22,7670,7244,14173,13514,17307,17558,21979,22958,26500,27702,19963,22835,14625,18387,4192,7288,1888,1750,3642,3814,4670,5474,6005,7715,9729,10451,12104,14190,11590,14854,3920,6769,176263,89132,27841,11202,54739,13139,5089,13,8
2021-06-09T23:59:59+02:00,27,19,7301,6893,13707,13073,16790,17092,21589,22590,26286,27490,19890,22764,14607,18352,4189,7280,1718,1636,3443,3638,4417,5206,5623,7312,8960,9739,11440,13360,11473,14714,3910,6757,173012,84910,27294,10566,54726,12973,4894,13,8
2021-06-08T23:59:59+02:00,22,15,6924,6485,13193,12591,16321,16626,21231,22253,26071,27288,19832,22686,14577,18317,4186,7273,1626,1560,3221,3409,4099,4854,5116,6824,8076,8821,10557,12284,11331,14557,3906,6742,169602,79265,26808,10269,54717,12696,4751,13,7
2021-06-07T23:59:59+02:00,19,12,6646,6194,12766,12217,15923,16227,20904,21958,25909,27133,19796,22633,14556,18298,4179,7267,1564,1489,3032,3237,3821,4626,4717,6448,7365,8074,9652,11140,11221,14411,3895,6724,167047,74533,26382,9905,54698,12479,4497,13,7
2021-06-06T23:59:59+02:00,19,12,6504,6061,12623,12066,15760,16067,20739,21795,25823,27046,19776,22596,14545,18288,4178,7263,1549,1466,2959,3196,3726,4562,4611,6368,7223,7945,9395,10872,11175,14361,3892,6719,165814,73853,26279,9480,54677,12306,4378,13,7
2021-06-05T23:59:59+02:00,19,12,6495,6058,12614,12054,15752,16060,20737,21793,25823,27044,19776,22596,14545,18288,4178,7263,1547,1464,2956,3195,3725,4561,4608,6368,7219,7940,9389,10868,11175,14361,3892,6719,165760,73826,26279,9479,54677,12302,4378,13,7
2021-06-04T23:59:59+02:00,19,12,6465,6018,12556,12003,15692,16012,20709,21761,25806,27027,19772,22590,14542,18288,4178,7263,1546,1459,2943,3185,3706,4547,4598,6354,7184,7897,9357,10798,11137,14320,3891,6718,165665,73552,26020,9467,54655,12259,4360,13,7
2021-06-03T23:59:59+02:00,19,11,6232,5794,12257,11755,15370,15699,20378,21422,25551,26815,19726,22516,14522,18269,4177,7259,1503,1414,2871,3120,3609,4470,4485,6255,6983,7716,8982,10352,11085,14247,3891,6713,163186,72255,25773,9170,54654,12122,4146,13,7
2021-06-02T23:59:59+02:00,19,11,6171,5734,12191,11690,15296,15632,20306,21361,25534,26791,19721,22513,14519,18266,4176,7258,1489,1405,2855,3108,3593,4456,4451,6238,6950,7678,8903,10242,11076,14222,3890,6712,162843,71895,25587,9164,54653,12113,4093,13,7
2021-06-01T23:59:59+02:00,15,11,5714,5236,11449,10992,14471,14901,19591,20693,25124,26407,19631,22422,14485,18219,4168,7250,1376,1297,2556,2841,3215,4120,3964,5779,6124,6876,7717,8624,10832,13876,3876,6695,157798,66501,24933,8262,54626,11594,3409,13,6
2021-05-31T23:59:59+02:00,14,11,5465,4936,11005,10567,13945,14407,19112,20197,24818,26067,19537,22337,14446,18173,4159,7234,1317,1243,2404,2709,3014,3951,3691,5490,5574,6349,6720,7363,10591,13557,3867,6661,154326,62477,24244,7406,54622,11391,3225,13,6
2021-05-30T23:59:59+02:00,14,11,5385,4860,10822,10442,13781,14228,18765,19878,24576,25822,19506,22307,14438,18153,4158,7232,1296,1230,2379,2679,2967,3905,3623,5435,5471,6260,6549,7133,10554,13483,3865,6651,152833,61747,23744,7345,54596,11194,3192,13,6
2021-05-29T23:59:59+02:00,14,11,5383,4860,10822,10438,13777,14225,18765,19877,24575,25820,19506,22307,14438,18153,4158,7232,1295,1228,2378,2678,2965,3902,3623,5433,5470,6258,6545,7129,10554,13483,3865,6651,152817,61737,23744,7344,54595,11182,3192,13,6
2021-05-28T23:59:59+02:00,14,11,5366,4848,10800,10402,13751,14206,18749,19860,24567,25811,19505,22306,14436,18150,4158,7231,1290,1228,2378,2672,2964,3900,3617,5427,5456,6242,6529,7111,10545,13461,3864,6647,152632,61632,23742,7344,54594,11163,3190,13,6
2021-05-27T23:59:59+02:00,11,11,5072,4566,10285,9950,13166,13675,18061,19247,23988,25275,19408,22193,14403,18104,4147,7218,1122,1088,2097,2482,2665,3613,3325,5074,5127,5964,6232,6696,10317,13180,3859,6632,149379,59794,22756,7308,54488,10225,2144,13,6
2021-05-26T23:59:59+02:00,11,11,4808,4306,9848,9570,12647,13157,17448,18639,23354,24597,19283,22044,14357,18049,4141,7201,1042,1006,1941,2328,2466,3416,3063,4829,4738,5617,5679,6049,9949,12649,3843,6596,145272,56660,22003,7272,54367,9459,1818,11,6
2021-05-25T23:59:59+02:00,11,11,4593,4076,9433,9095,12185,12652,16913,18061,22832,23959,19151,21872,14326,17970,4132,7187,991,961,1879,2240,2355,3282,2892,4627,4392,5243,5104,5316,9501,12049,3827,6571,141219,53116,21175,7257,54238,9039,1816,11,6
2021-05-24T23:59:59+02:00,11,11,4479,3917,9221,8893,11983,12394,16613,17740,22503,23561,19076,21793,14311,17950,4130,7186,975,913,1820,2198,2282,3221,2806,4546,4272,5127,4961,5157,9411,11922,3825,6563,139717,52413,20221,7205,54061,8617,1762,11,6
2021-05-23T23:59:59+02:00,11,11,4469,3916,9215,8889,11971,12384,16602,17733,22487,23540,19070,21788,14310,17948,4130,7186,975,910,1818,2194,2279,3219,2800,4543,4265,5111,4954,5143,9404,11909,3824,6562,139608,52342,20219,7192,54060,8612,1762,11,6
2021-05-22T23:59:59+02:00,11,11,4464,3913,9212,8886,11963,12378,16600,17729,22485,23538,19070,21788,14310,17948,4130,7186,975,910,1818,2193,2277,3219,2799,4543,4265,5109,4952,5142,9403,11909,3824,6562,139582,52337,20219,7192,54048,8607,1762,11,6
2021-05-21T23:59:59+02:00,11,11,4431,3874,9144,8811,11891,12289,16509,17654,22421,23470,19050,21770,14306,17941,4130,7184,930,900,1785,2181,2246,3210,2768,4518,4217,5081,4927,5119,9391,11902,3823,6561,138926,52272,20219,7192,54029,8381,1712,11,6
2021-05-20T23:59:59+02:00,8,10,4173,3690,8699,8456,11409,11872,15839,17151,21838,22891,18864,21603,14274,17900,4125,7173,783,835,1529,2022,2003,3054,2525,4298,3970,4850,4770,4956,9278,11759,3815,6536,135522,51539,19844,7094,53610,7360,988,11,6
2021-05-19T23:59:59+02:00,8,10,3926,3445,8201,7989,10828,11324,15166,16449,21160,22166,18663,21373,14233,17850,4119,7156,731,789,1469,1942,1926,2951,2458,4174,3829,4692,4596,4745,9075,11531,3795,6507,130114,50458,19661,6962,53310,6818,970,11,6
2021-05-18T23:59:59+02:00,7,9,3639,3179,7652,7449,10096,10624,14204,15514,20213,21109,18404,21090,14178,17790,4113,7134,675,741,1413,1857,1852,2841,2329,4031,3654,4491,4328,4454,8873,11283,3782,6480,123060,49226,19566,6765,52869,6193,898,11,6
2021-05-17T23:59:59+02:00,7,9,3449,2968,7189,6982,9588,10084,13472,14723,19527,20307,18218,20828,14131,17725,4103,7120,616,686,1332,1794,1778,2759,2220,3956,3517,4378,4080,4223,8730,11071,3769,6451,117807,48427,19326,6550,52404,5499,882,11,6
2021-05-16T23:59:59+02:00,7,8,3321,2895,6982,6804,9385,9870,13218,14488,19301,20079,18140,20748,14117,17706,4102,7114,604,641,1293,1745,1735,2698,2183,3863,3453,4295,3989,4124,8710,11046,3767,6449,116188,48284,19085,6385,52123,5046,878,11,6
2021-05-15T23:59:59+02:00,7,8,3320,2892,6976,6797,9383,9864,13215,14486,19298,20070,18138,20747,14117,17706,4102,7114,604,641,1291,1745,1733,2698,2181,3863,3452,4295,3987,4122,8710,11046,3767,6449,116146,48278,19085,6384,52121,5043,877,11,6
2021-05-14T23:59:59+02:00,7,8,3280,2848,6864,6655,9254,9728,13066,14303,19127,19935,18114,20722,14116,17698,4101,7111,582,629,1270,1726,1705,2678,2147,3837,3408,4259,3937,4068,8703,11039,3767,6448,115743,48240,18337,6237,52041,4918,806,10,6
2021-05-13T23:59:59+02:00,7,8,3157,2684,6540,6336,8818,9330,12523,13822,18523,19339,17983,20578,14083,17662,4096,7109,546,604,1217,1671,1647,2605,2059,3731,3258,4141,3834,3932,8683,11019,3764,6444,112870,48148,17640,5850,51439,4513,640,9,6
2021-05-12T23:59:59+02:00,7,8,3130,2652,6507,6298,8771,9277,12386,13709,18338,19134,17950,20544,14075,17652,4096,7109,545,602,1216,1669,1642,2602,2051,3725,3244,4133,3821,3919,8675,11013,3764,6443,112159,48123,17413,5823,51422,4474,640,9,6
2021-05-11T23:59:59+02:00,5,8,2739,2397,5706,5797,7806,8463,10997,12551,16770,17659,17444,19982,13993,17547,4078,7086,508,543,1085,1562,1479,2446,1864,3546,3020,3872,3713,3806,8606,10921,3760,6438,104762,47894,16792,5628,49350,3527,116,8,6
2021-05-10T23:59:59+02:00,5,7,2552,2229,5234,5417,7109,7837,9964,11637,15478,16289,17066,19532,13930,17433,4071,7062,481,517,1042,1524,1435,2395,1804,3444,2901,3741,3632,3733,8567,10874,3756,6434,98949,47779,15893,5400,47887,2983,115,8,5
2021-05-09T23:59:59+02:00,5,7,2468,2199,5097,5334,6923,7718,9557,11299,14932,15762,16948,19394,13910,17405,4068,7057,465,499,1008,1467,1363,2311,1746,3321,2789,3585,3548,3639,8542,10842,3753,6431,97377,47695,15311,5118,47274,2380,113,8,5
2021-05-08T23:59:59+02:00,5,7,2464,2198,5096,5334,6923,7716,9553,11296,14931,15761,16948,19394,13910,17405,4068,7057,464,498,1008,1467,1363,2310,1746,3321,2788,3584,3546,3639,8542,10842,3753,6431,97363,47691,15310,5118,47272,2377,113,8,5
2021-05-07T23:59:59+02:00,5,7,2292,2136,4825,5240,6561,7562,9105,11081,14490,15441,16772,19193,13898,17376,4068,7055,452,496,997,1456,1348,2296,1710,3312,2739,3549,3502,3599,8466,10761,3753,6428,96659,47668,14797,4780,45534,2304,109,8,5
2021-05-06T23:59:59+02:00,5,7,2057,2003,4277,4889,5916,7186,8344,10523,13520,14620,16376,18743,13849,17282,4056,7042,421,448,955,1357,1262,2135,1604,3089,2518,3266,3324,3400,8289,10571,3744,6415,94085,47232,13557,4178,43005,1344,41,7,5
2021-05-05T23:59:59+02:00,5,7,1931,1890,3992,4665,5484,6816,7654,9937,12403,13565,15700,17908,13746,17180,4047,7018,410,436,942,1330,1232,2091,1568,3013,2458,3183,3274,3360,8211,10475,3738,6405,89674,47101,12233,4034,42008,962,26,7,5
2021-05-04T23:59:59+02:00,5,7,1845,1805,3724,4430,5075,6458,6993,9363,11186,12325,14782,16781,13636,17043,4043,7004,405,428,923,1311,1211,2048,1550,2977,2413,3129,3230,3313,8122,10364,3732,6391,83864,46967,11595,3836,41027,729,12,7,5
2021-05-03T23:59:59+02:00,4,7,1792,1753,3574,4308,4844,6247,6610,9032,10459,11588,14060,15804,13550,16927,4034,6987,400,419,920,1298,1197,2014,1531,2936,2380,3083,3178,3273,8009,10262,3727,6385,79443,46842,11391,3618,40730,539,10,6,5
2021-05-02T23:59:59+02:00,4,7,1782,1735,3500,4284,4763,6194,6540,8974,10344,11474,13874,15610,13518,16900,4033,6982,398,411,914,1283,1194,1997,1528,2923,2364,3066,3163,3256,7973,10230,3726,6381,78889,46823,11115,3521,40502,454,6,6,5
2021-05-01T23:59:59+02:00,4,7,1780,1735,3499,4283,4763,6193,6537,8973,10339,11470,13871,15610,13517,16899,4033,6979,397,411,914,1283,1194,1996,1528,2923,2364,3066,3163,3256,7973,10230,3726,6380,78863,46820,11115,3521,40502,454,6,6,5
2021-04-30T23:59:59+02:00,4,7,1778,1729,3493,4274,4757,6180,6516,8958,10301,11432,13819,15536,13491,16868,4032,6978,397,409,913,1281,1194,1996,1528,2923,2362,3065,3163,3254,7972,10228,3726,6380,78534,46813,11115,3520,40493,450,5,6,5
2021-04-29T23:59:59+02:00,4,7,1651,1687,3253,4158,4482,6031,6203,8708,9888,11043,13240,14833,13388,16714,4026,6970,389,398,904,1260,1173,1960,1504,2886,2332,3017,3148,3242,7959,10210,3724,6376,75758,46692,10729,3519,39788,263,5,6,5
2021-04-28T23:59:59+02:00,4,7,1523,1640,3077,4058,4245,5853,5846,8436,9302,10554,12367,13652,13233,16505,4017,6956,380,388,888,1248,1157,1931,1469,2842,2262,2948,2995,3110,7847,10094,3717,6365,71271,46278,10542,3108,39452,248,4,6,5
2021-04-27T23:59:59+02:00,4,7,1483,1595,2968,3941,4043,5711,5539,8177,8681,9883,11328,12347,13004,16150,4006,6934,368,373,879,1227,1142,1896,1443,2770,2216,2887,2956,3066,7820,10064,3711,6361,66469,46068,10354,2936,38968,168,4,6,5
2021-04-26T23:59:59+02:00,4,7,1456,1562,2857,3864,3870,5567,5228,7965,8192,9442,10572,11421,12860,15946,3995,6916,367,368,869,1217,1126,1885,1413,2750,2189,2857,2907,3016,7776,10015,3705,6356,63059,45972,10165,2690,38490,147,4,6,5
2021-04-25T23:59:59+02:00,4,7,1445,1556,2790,3834,3775,5507,5093,7918,7996,9335,10376,11186,12823,15892,3994,6911,366,363,860,1210,1108,1871,1398,2731,2167,2830,2866,2983,7727,9967,3704,6351,62555,45893,9962,2481,37915,121,4,6,5
2021-04-24T23:59:59+02:00,4,7,1444,1556,2790,3833,3775,5506,5091,7916,7992,9331,10370,11184,12823,15892,3994,6911,366,363,860,1210,1108,1870,1397,2730,2166,2830,2866,2983,7727,9967,3704,6351,62533,45889,9962,2481,37914,121,4,6,5
2021-04-23T23:59:59+02:00,4,7,1428,1547,2722,3799,3693,5476,4973,7868,7861,9272,10285,11075,12799,15851,3992,6907,366,363,859,1208,1108,1870,1396,2730,2166,2830,2866,2983,7726,9967,3704,6351,62403,45885,9686,2481,37460,120,4,6,5
2021-04-22T23:59:59+02:00,4,7,1385,1518,2616,3732,3535,5372,4742,7715,7509,9036,9718,10383,12533,15553,3986,6884,358,362,850,1197,1096,1858,1379,2703,2132,2805,2817,2932,7634,9861,3693,6335,60792,45481,9027,2419,36399,105,4,6,5
2021-04-21T23:59:59+02:00,4,7,1351,1482,2535,3654,3417,5270,4525,7534,7101,8711,8834,9352,12121,14974,3973,6843,354,360,845,1181,1087,1838,1361,2674,2102,2777,2759,2875,7522,9697,3676,6307,58073,45008,8159,2295,35446,105,4,6,5
2021-04-20T23:59:59+02:00,4,7,1328,1456,2466,3580,3315,5172,4351,7353,6714,8381,7943,8225,11659,14383,3959,6829,349,356,834,1168,1078,1816,1337,2651,2069,2734,2699,2818,7374,9514,3646,6254,55222,44301,7393,2290,34502,100,3,5,5
2021-04-19T23:59:59+02:00,4,7,1312,1441,2428,3542,3254,5105,4246,7251,6474,8149,7313,7451,11407,14028,3949,6811,347,354,830,1159,1072,1804,1314,2638,2036,2709,2646,2775,7259,9350,3623,6215,53280,43751,7022,2277,33862,97,3,5,5
2021-04-18T23:59:59+02:00,4,6,1303,1429,2396,3516,3214,5084,4193,7193,6341,8020,6959,7063,11313,13923,3946,6799,347,353,828,1155,1071,1797,1312,2625,2030,2704,2640,2762,7233,9318,3621,6212,52765,43630,6561,2275,33368,97,3,5,5
2021-04-17T23:59:59+02:00,4,6,1302,1427,2396,3515,3213,5080,4188,7190,6334,8010,6945,7053,11311,13921,3946,6799,347,353,827,1154,1071,1797,1311,2624,2029,2702,2637,2760,7232,9318,3621,6212,52743,43618,6559,2274,33330,97,3,5,5
2021-04-16T23:59:59+02:00,4,6,1299,1426,2386,3509,3205,5073,4168,7172,6283,7977,6869,6968,11300,13907,3944,6797,346,352,823,1151,1069,1797,1308,2623,2026,2702,2636,2753,7229,9316,3620,6212,52686,43595,6323,2269,33276,93,3,5,5
2021-04-15T23:59:59+02:00,2,4,1262,1404,2331,3462,3108,5013,4008,7045,6026,7745,6326,6412,11053,13619,3930,6765,338,350,805,1130,1030,1738,1263,2551,1952,2607,2559,2683,7141,9229,3610,6195,51602,43006,5936,2083,31969,88,3,5,3
2021-04-14T23:59:59+02:00,2,4,1240,1391,2296,3434,3038,4951,3901,6939,5835,7537,5684,5709,10665,13134,3898,6714,330,347,793,1121,1013,1713,1233,2510,1901,2557,2482,2614,6993,9034,3591,6169,50201,42347,5729,1963,30435,88,2,5,3
2021-04-13T23:59:59+02:00,2,4,1226,1382,2264,3404,2983,4888,3791,6857,5587,7316,5152,5163,10324,12721,3875,6686,309,333,775,1093,990,1693,1208,2475,1865,2516,2417,2549,6875,8898,3555,6108,49187,41665,5525,1906,28906,85,2,5,3
2021-04-12T23:59:59+02:00,2,4,1211,1376,2240,3380,2933,4843,3665,6776,5377,7166,4825,4868,10075,12440,3866,6663,293,329,764,1089,974,1676,1194,2452,1816,2468,2341,2489,6761,8757,3540,6086,48722,41094,5327,1858,27654,74,2,5,3
2021-04-11T23:59:59+02:00,2,4,1206,1364,2221,3361,2900,4823,3603,6705,5232,7057,4594,4669,9890,12242,3861,6652,287,327,759,1081,964,1662,1183,2424,1794,2438,2287,2430,6678,8649,3526,6066,48641,40679,5091,1800,26647,73,2,5,3
2021-04-10T23:59:59+02:00,2,4,1206,1363,2219,3357,2898,4819,3598,6702,5222,7046,4589,4660,9882,12229,3861,6651,284,323,744,1074,951,1657,1160,2404,1724,2386,2204,2344,6622,8602,3525,6062,48588,40514,5091,1479,26622,70,2,5,3
2021-04-09T23:59:59+02:00,2,4,1203,1360,2212,3355,2890,4810,3589,6691,5192,7022,4565,4634,9857,12199,3860,6651,275,320,724,1064,937,1636,1128,2357,1633,2311,1986,2076,6469,8445,3504,6029,48515,39668,5086,1153,26488,70,2,5,3
2021-04-08T23:59:59+02:00,2,4,1178,1340,2157,3299,2806,4720,3448,6565,4956,6789,4178,4226,9317,11628,3842,6598,250,300,670,1002,879,1562,1054,2258,1499,2191,1711,1742,6009,7890,3417,5886,48058,37117,4564,1148,24424,52,2,5,3
2021-04-07T23:59:59+02:00,2,4,1168,1326,2126,3283,2764,4682,3359,6503,4794,6654,3885,3926,8756,11078,3825,6567,216,270,610,948,819,1492,995,2198,1394,2092,1571,1567,5415,7196,3327,5734,47852,34647,4091,1144,22753,51,1,5,3
2021-04-06T23:59:59+02:00,2,4,1147,1309,2083,3259,2725,4650,3294,6456,4667,6562,3635,3672,8267,10568,3809,6537,209,265,582,929,794,1443,951,2141,1311,2006,1428,1381,4840,6407,3217,5530,47658,32247,3555,1137,21427,48,1,5,3
2021-04-05T23:59:59+02:00,2,4,1145,1305,2079,3256,2715,4648,3280,6442,4645,6544,3603,3645,8240,10531,3805,6535,206,252,575,913,775,1419,935,2105,1271,1966,1381,1318,4627,6137,3169,5475,47572,31339,3551,1135,21295,48,1,5,3
2021-04-04T23:59:59+02:00,2,4,1145,1305,2079,3255,2715,4647,3280,6442,4644,6543,3599,3643,8238,10529,3805,6535,206,252,574,913,775,1419,935,2105,1271,1965,1381,1318,4626,6137,3169,5475,47566,31336,3551,1135,21287,48,1,5,3
2021-04-03T23:59:59+02:00,2,4,1145,1305,2078,3255,2715,4647,3280,6442,4644,6543,3598,3641,8238,10527,3805,6535,206,252,574,913,775,1419,935,2105,1271,1965,1381,1318,4626,6137,3169,5475,47564,31336,3550,1135,21284,48,1,5,3
2021-04-02T23:59:59+02:00,2,4,1145,1305,2078,3253,2715,4646,3280,6439,4644,6541,3596,3637,8236,10526,3805,6535,206,252,574,913,775,1417,935,2105,1271,1964,1381,1316,4624,6136,3168,5475,47548,31328,3550,1134,21283,48,1,5,3
2021-04-01T23:59:59+02:00,1,4,1132,1268,2013,3131,2608,4449,3133,6192,4487,6304,3552,3601,8138,10421,3795,6519,201,243,570,905,764,1411,925,2091,1248,1948,1360,1289,4385,5818,3050,5310,47186,30345,3545,1130,20011,41,1,5,3
2021-03-31T23:59:59+02:00,1,4,1114,1236,1974,3030,2532,4306,3043,5979,4358,6074,3471,3520,7988,10223,3776,6485,193,240,563,893,760,1393,913,2071,1207,1914,1304,1226,3900,5224,2923,5077,46588,28631,3418,1130,19102,40,1,5,1
2021-03-30T23:59:59+02:00,1,3,1092,1202,1925,2849,2430,4080,2892,5621,4156,5687,3378,3426,7824,10019,3750,6434,189,235,555,881,749,1371,891,2051,1159,1869,1221,1143,3378,4516,2701,4745,45955,26493,3256,1130,17552,31,1,5,1
2021-03-29T23:59:59+02:00,1,3,1076,1158,1864,2714,2345,3919,2753,5367,3994,5413,3282,3328,7664,9791,3721,6387,188,232,549,870,739,1357,874,2027,1124,1840,1147,1058,2801,3839,2522,4451,45316,24471,3029,1126,16429,21,1,5,1
2021-03-28T23:59:59+02:00,1,3,1056,1125,1792,2549,2262,3713,2632,5068,3842,5136,3217,3263,7599,9726,3717,6381,188,232,547,867,738,1355,872,2021,1121,1838,1138,1046,2746,3772,2509,4424,45209,24275,2818,1123,15049,16,1,5,1
2021-03-27T23:59:59+01:00,1,3,1056,1125,1792,2548,2261,3712,2629,5068,3839,5136,3213,3263,7598,9726,3717,6381,188,232,546,867,738,1355,871,2021,1119,1838,1138,1046,2746,3772,2509,4424,45200,24271,2818,1123,15044,16,1,5,1
2021-03-26T23:59:59+01:00,1,3,1053,1103,1749,2433,2197,3554,2569,4857,3753,4912,3192,3246,7595,9721,3716,6380,188,231,545,867,737,1355,871,2021,1119,1835,1134,1045,2743,3764,2508,4421,45174,24247,2817,1123,14037,14,1,5,1
2021-03-25T23:59:59+01:00,1,3,1027,1072,1698,2330,2114,3386,2463,4630,3642,4715,3091,3156,7468,9590,3709,6366,186,228,540,866,730,1345,865,2004,1104,1811,1089,1001,2517,3418,2311,4130,44919,23008,2485,1123,13052,14,1,4,1
2021-03-24T23:59:59+01:00,1,3,1005,1053,1678,2288,2083,3335,2429,4563,3598,4646,3004,3087,7340,9419,3692,6347,186,224,534,863,723,1335,854,1989,1085,1790,1049,959,2133,2875,1923,3620,44384,21007,2356,1121,12826,14,1,4,1
2021-03-23T23:59:59+01:00,1,3,995,1047,1659,2256,2060,3301,2393,4520,3558,4595,2937,3014,7247,9320,3674,6319,184,221,530,858,716,1324,840,1970,1048,1760,968,869,1772,2385,1581,3157,43872,19083,2346,1087,12677,13,1,3,1
2021-03-22T23:59:59+01:00,1,3,992,1040,1644,2241,2046,3283,2371,4492,3521,4554,2892,2980,7185,9250,3659,6302,181,218,529,848,700,1301,826,1956,1019,1733,922,798,1303,1812,1236,2677,43537,17013,2326,1033,12589,13,1,3,1
2021-03-21T23:59:59+01:00,1,3,992,1040,1643,2238,2046,3282,2368,4488,3510,4547,2879,2972,7137,9194,3653,6296,181,215,528,846,699,1297,824,1952,1008,1728,899,779,1227,1727,1183,2608,43392,16712,2323,976,12570,13,1,3,1
2021-03-20T23:59:59+01:00,1,3,991,1039,1642,2238,2046,3282,2368,4488,3508,4545,2879,2971,7137,9193,3653,6296,181,215,528,846,699,1297,824,1952,996,1715,864,751,1196,1704,1175,2606,43392,16710,2319,826,12565,13,1,3,1
2021-03-19T23:59:59+01:00,1,3,990,1031,1635,2226,2035,3278,2366,4481,3501,4537,2869,2960,7124,9176,3652,6293,181,214,527,846,699,1295,824,1951,989,1710,820,714,1139,1654,1165,2596,43329,16668,2314,643,12511,13,1,3,1
2021-03-18T23:59:59+01:00,1,3,951,999,1561,2115,1911,3111,2218,4235,3273,4286,2717,2802,6822,8811,3586,6194,180,213,522,841,692,1288,815,1940,967,1694,802,692,1064,1548,1025,2397,41934,16101,2005,566,11653,13,1,3,1
2021-03-17T23:59:59+01:00,1,3,897,966,1490,2058,1848,3045,2153,4173,3178,4190,2582,2670,6397,8321,3522,6080,179,211,519,836,690,1284,811,1935,962,1687,773,673,930,1395,869,2185,40169,15361,2002,565,11399,13,1,3,1
2021-03-16T23:59:59+01:00,1,3,872,943,1457,2019,1809,2996,2100,4118,3084,4092,2448,2511,5927,7676,3434,5930,173,208,514,835,686,1277,806,1926,954,1674,768,660,843,1269,727,2022,38187,14762,1943,565,11286,13,1,3,1
2021-03-15T23:59:59+01:00,1,3,855,936,1439,1997,1771,2941,2062,4046,2984,3983,2316,2341,5445,7134,3362,5817,172,207,514,828,684,1268,802,1916,944,1658,757,650,773,1158,579,1825,36423,14194,1847,527,11160,13,0,3,1
2021-03-14T23:59:59+01:00,1,3,850,922,1414,1968,1747,2912,2032,3986,2923,3917,2139,2148,5259,6908,3330,5786,172,207,513,825,682,1257,801,1909,941,1648,740,641,757,1139,555,1770,35404,14050,1750,502,11088,4,0,3,1
2021-03-13T23:59:59+01:00,1,3,842,915,1393,1957,1731,2899,2007,3958,2851,3869,2070,2074,5212,6855,3328,5785,172,207,513,825,682,1257,801,1909,941,1648,738,640,757,1136,554,1770,35154,14043,1511,502,11082,4,0,3,1
2021-03-12T23:59:59+01:00,1,3,818,900,1349,1900,1669,2800,1910,3806,2694,3703,1873,1837,5029,6633,3298,5742,172,207,512,825,682,1257,800,1909,941,1647,731,637,744,1121,547,1767,33831,13993,1271,501,10860,4,0,3,1
2021-03-11T23:59:59+01:00,1,3,783,841,1280,1818,1586,2653,1827,3604,2531,3531,1610,1529,4663,6164,3165,5560,163,201,506,816,672,1248,786,1874,920,1607,604,576,676,1080,527,1736,31724,13497,1176,491,10246,3,0,3,1
2021-03-10T23:59:59+01:00,1,3,767,790,1257,1761,1553,2594,1777,3535,2450,3441,1541,1440,4195,5626,3047,5310,163,199,497,794,654,1235,778,1854,913,1591,535,562,643,1071,520,1730,29919,13347,1170,388,9996,3,0,3,1
2021-03-09T23:59:59+01:00,1,3,755,768,1237,1731,1525,2548,1737,3484,2377,3389,1450,1344,3635,4878,2863,5005,161,197,492,773,644,1211,764,1822,901,1563,531,560,641,1066,517,1724,27760,13287,1168,276,9799,3,0,3,1
2021-03-08T23:59:59+01:00,0,3,751,741,1224,1712,1509,2528,1711,3448,2339,3346,1358,1244,2967,4051,2627,4635,157,194,478,749,622,1178,745,1772,877,1526,527,558,641,1065,517,1724,25315,13279,1168,49,9708,1,0,3,1
2021-03-07T23:59:59+01:00,0,3,748,737,1216,1703,1501,2514,1703,3440,2328,3338,1345,1228,2867,3931,2604,4585,157,194,478,749,622,1178,745,1772,877,1526,527,558,640,1065,517,1724,24965,13279,1166,49,9657,0,0,3,1
2021-03-06T23:59:59+01:00,0,3,747,737,1215,1700,1498,2511,1699,3437,2325,3337,1342,1228,2867,3931,2604,4585,156,194,478,749,622,1178,745,1772,877,1526,527,558,640,1065,517,1724,24961,13278,1166,49,9636,0,0,3,1
2021-03-05T23:59:59+01:00,0,3,683,711,1189,1686,1477,2502,1674,3422,2296,3328,1337,1226,2859,3923,2601,4580,156,194,478,748,622,1177,745,1772,877,1524,526,558,640,1065,517,1724,24931,13273,1162,49,9401,0,0,3,1
2021-03-04T23:59:59+01:00,0,3,617,662,1122,1617,1420,2420,1634,3343,2222,3251,1287,1178,2643,3559,2418,4293,154,189,475,734,610,1165,734,1744,868,1511,516,547,628,1055,512,1715,23714,13108,1155,48,8817,0,0,3,1
2021-03-03T23:59:59+01:00,0,3,581,623,1054,1553,1323,2338,1534,3257,2097,3167,1243,1133,2276,3039,2065,3849,154,189,473,731,610,1165,733,1742,866,1509,514,546,626,1052,512,1713,21859,13087,1154,47,8121,0,0,1,1
2021-03-02T23:59:59+01:00,0,3,563,590,1017,1507,1267,2295,1477,3205,2001,3106,1160,1033,1910,2560,1677,3327,152,187,468,725,605,1154,723,1732,861,1489,505,537,615,1031,493,1683,19797,12912,1151,47,7749,0,0,1,1
2021-03-01T23:59:59+01:00,0,3,556,542,999,1468,1221,2235,1431,3140,1946,3032,1116,959,1418,1965,1302,2791,150,187,468,725,605,1153,723,1729,860,1489,503,537,612,1022,489,1672,17534,12876,1148,47,7441,0,0,1,1
2021-02-28T23:59:59+01:00,0,3,549,529,982,1429,1195,2174,1403,3082,1891,2959,1095,937,1304,1824,1230,2702,150,187,467,724,605,1153,722,1727,859,1488,501,537,612,1022,489,1672,17056,12867,1146,47,7085,0,0,1,1
2021-02-27T23:59:59+01:00,0,3,549,527,981,1429,1195,2172,1403,3081,1891,2958,1095,937,1304,1823,1229,2702,150,187,466,723,602,1151,720,1725,857,1487,501,537,612,1022,489,1672,17054,12867,1146,33,7078,0,0,1,1
2021-02-26T23:59:59+01:00,0,3,400,476,851,1385,1111,2129,1336,3040,1832,2916,1090,930,1301,1822,1229,2701,150,187,466,723,602,1151,720,1724,857,1486,501,537,612,1022,489,1672,17044,12866,1146,32,6361,0,0,1,1
2021-02-25T23:59:59+01:00,0,3,308,422,756,1291,1027,2040,1237,2866,1693,2754,1052,898,1220,1698,1116,2513,143,177,454,710,586,1126,713,1699,837,1462,489,523,584,991,475,1653,16456,12599,1146,22,5291,0,0,1,1
2021-02-24T23:59:59+01:00,0,2,259,377,684,1216,953,1952,1183,2749,1628,2637,1025,878,1097,1553,960,2300,141,177,451,707,582,1125,712,1693,836,1458,484,518,576,986,472,1641,15752,12539,1144,19,4556,0,0,1,1
2021-02-23T23:59:59+01:00,0,2,247,356,662,1158,925,1873,1135,2637,1553,2529,1000,850,1020,1425,823,2142,141,176,451,705,582,1125,712,1690,834,1457,483,516,574,985,472,1640,15203,12528,1113,14,4020,0,0,1,1
2021-02-22T23:59:59+01:00,0,0,233,337,639,1128,893,1790,1085,2545,1469,2406,955,821,902,1282,642,1890,141,176,450,704,580,1124,710,1690,828,1455,482,515,573,983,471,1638,14463,12516,1044,3,3509,0,0,1,1
2021-02-21T23:59:59+01:00,0,0,227,326,605,1063,843,1684,1042,2444,1390,2299,938,800,871,1231,590,1826,141,175,447,697,579,1120,710,1685,828,1454,481,515,572,983,470,1637,14257,12490,1004,3,2917,0,0,1,1
2021-02-20T23:59:59+01:00,0,0,227,323,602,1062,841,1680,1039,2439,1377,2282,902,771,840,1208,582,1824,141,175,447,697,579,1120,710,1685,828,1454,481,514,571,983,470,1637,14257,12489,850,3,2891,0,0,1,0
2021-02-19T23:59:59+01:00,0,0,217,315,592,1054,828,1665,1018,2422,1344,2239,659,669,703,1146,557,1807,141,175,447,696,579,1117,709,1683,825,1451,481,514,571,982,469,1637,13781,12474,670,3,2783,0,0,1,0
2021-02-18T23:59:59+01:00,0,0,200,265,553,933,744,1438,888,2163,1096,1864,579,601,665,1106,538,1790,136,175,434,684,564,1100,703,1657,809,1423,478,511,570,980,469,1637,13625,12327,574,3,1223,0,0,1,0
2021-02-17T23:59:59+01:00,0,0,195,227,533,885,708,1341,830,1996,1011,1732,557,581,665,1103,536,1787,129,173,423,674,556,1084,684,1626,796,1401,475,509,568,977,469,1636,13609,12177,574,3,503,0,0,1,0
2021-02-16T23:59:59+01:00,0,0,189,224,526,870,692,1310,811,1957,978,1692,545,576,659,1101,535,1785,124,168,409,668,545,1068,672,1608,787,1387,468,504,561,964,463,1609,13581,12003,574,2,294,0,0,1,0
2021-02-15T23:59:59+01:00,0,0,174,215,520,843,686,1276,797,1922,949,1645,544,573,658,1101,535,1785,121,167,402,659,535,1049,643,1581,773,1369,466,502,561,964,463,1609,13579,11862,535,2,108,0,0,1,0
2021-02-14T23:59:59+01:00,0,0,169,207,517,831,685,1267,794,1913,931,1636,543,572,658,1098,534,1785,114,164,391,648,518,1031,625,1567,766,1357,466,500,559,962,463,1609,13573,11738,533,2,33,0,0,1,0
2021-02-13T23:59:59+01:00,0,0,168,207,516,831,685,1267,794,1913,931,1636,543,572,658,1098,534,1785,114,164,390,647,518,1031,625,1567,766,1357,466,500,559,962,463,1609,13572,11736,533,2,32,0,0,1,0
2021-02-12T23:59:59+01:00,0,0,167,206,512,830,684,1264,790,1912,929,1633,542,572,658,1098,534,1785,110,162,387,641,514,1025,611,1553,762,1340,464,499,548,942,460,1584,13565,11600,532,2,18,0,0,1,0
2021-02-11T23:59:59+01:00,0,0,165,205,508,823,677,1260,788,1908,923,1631,537,566,651,1092,529,1779,90,126,358,570,468,946,560,1436,718,1246,439,454,507,888,419,1491,13513,10715,520,1,8,0,0,1,0
2021-02-10T23:59:59+01:00,0,0,162,203,498,806,661,1245,776,1881,908,1607,529,560,641,1080,524,1769,80,115,330,511,441,839,518,1261,644,1091,391,404,441,776,373,1336,13390,9550,458,1,1,0,0,1,0
2021-02-09T23:59:59+01:00,0,0,161,196,490,767,645,1206,756,1820,897,1565,517,549,635,1066,516,1753,75,99,311,445,406,755,478,1157,579,991,361,351,402,691,343,1223,13281,8667,257,0,0,0,0,1,0
2021-02-08T23:59:59+01:00,0,0,157,192,473,742,622,1171,736,1770,877,1521,511,548,633,1060,512,1740,62,73,266,376,358,619,418,928,506,813,304,296,339,543,288,1032,13214,7221,50,0,0,0,0,1,0
2021-02-07T23:59:59+01:00,0,0,157,191,472,741,620,1170,735,1762,875,1519,510,548,633,1060,512,1739,61,65,248,341,339,575,402,896,487,780,303,288,337,536,286,1029,13193,6973,50,0,0,0,0,1,0
2021-02-06T23:59:59+01:00,0,0,157,191,472,741,620,1170,735,1762,875,1519,510,548,633,1060,512,1739,61,65,248,341,339,575,402,895,485,778,303,287,336,534,285,1029,13193,6963,50,0,0,0,0,1,0
2021-02-05T23:59:59+01:00,0,0,157,191,472,741,620,1170,735,1762,875,1518,510,548,633,1060,512,1739,59,65,246,339,333,571,394,873,476,758,293,282,326,512,270,993,13192,6790,50,0,0,0,0,1,0
2021-02-04T23:59:59+01:00,0,0,151,186,468,733,613,1162,731,1748,869,1509,503,541,612,1035,503,1721,43,50,212,307,292,475,353,732,384,612,229,215,243,352,201,735,13035,5435,49,0,0,0,0,1,0
2021-02-03T23:59:59+01:00,0,0,149,186,462,727,605,1153,727,1737,860,1493,494,533,599,1022,495,1713,35,32,156,216,238,348,265,559,309,464,180,169,171,264,153,554,12906,4113,48,0,0,0,0,1,0
2021-02-02T23:59:59+01:00,0,0,149,183,460,726,605,1153,724,1731,853,1489,493,532,595,1019,494,1709,26,26,137,169,193,279,221,426,258,374,140,130,129,199,119,437,12866,3263,48,0,0,0,0,1,0
2021-02-01T23:59:59+01:00,0,0,147,183,459,725,600,1150,723,1722,851,1484,492,530,590,1016,493,1704,21,19,100,125,137,188,154,300,169,259,89,93,87,126,65,238,12820,2170,48,0,0,0,0,1,0
2021-01-31T23:59:59+01:00,0,0,147,183,459,722,597,1149,723,1718,851,1483,490,529,589,1014,493,1703,15,15,67,84,95,123,117,223,142,203,84,87,83,118,63,224,12802,1743,48,0,0,0,0,0,0
2021-01-30T23:59:59+01:00,0,0,147,183,458,722,595,1147,722,1717,851,1483,490,529,588,1014,493,1703,15,15,67,84,95,121,115,219,139,200,83,86,83,112,57,214,12801,1705,41,0,0,0,0,0,0
2021-01-29T23:59:59+01:00,0,0,147,183,458,720,594,1144,720,1715,849,1482,490,529,588,1014,493,1703,13,15,55,79,78,117,97,208,116,188,78,79,82,108,56,213,12796,1582,33,0,0,0,0,0,0
2021-01-28T23:59:59+01:00,0,0,140,179,445,703,577,1119,714,1688,826,1453,483,523,585,1011,490,1700,8,3,12,19,24,45,30,96,48,89,45,50,54,78,41,158,12611,800,25,0,0,0,0,0,0
2021-01-27T23:59:59+01:00,0,0,133,177,434,693,569,1110,698,1654,819,1430,480,521,581,1006,490,1695,4,1,4,11,10,23,13,40,23,31,12,17,24,31,18,48,12467,310,23,0,0,0,0,0,0
2021-01-26T23:59:59+01:00,0,0,127,173,420,680,556,1096,689,1631,808,1409,474,516,575,989,484,1661,4,1,4,10,7,21,11,37,17,28,12,15,23,30,18,47,12274,285,14,0,0,0,0,0,0
2021-01-25T23:59:59+01:00,0,0,124,171,411,668,545,1077,661,1603,790,1392,472,513,573,988,484,1661,3,1,3,9,7,16,6,28,12,22,9,6,13,19,9,29,12130,192,3,0,0,0,0,0,0
2021-01-24T23:59:59+01:00,0,0,117,168,401,658,531,1059,644,1590,777,1381,471,510,572,988,484,1661,2,0,1,6,7,4,4,7,5,9,1,2,11,12,6,16,12009,93,3,0,0,0,0,0,0
2021-01-23T23:59:59+01:00,0,0,117,168,401,657,531,1059,644,1590,777,1381,471,510,572,988,484,1661,1,0,1,6,7,4,4,7,5,9,1,2,11,12,6,16,12008,92,3,0,0,0,0,0,0
2021-01-22T23:59:59+01:00,0,0,113,166,394,651,528,1053,630,1576,771,1364,471,507,561,967,479,1635,1,0,1,6,7,4,4,7,5,9,1,2,11,12,6,16,11863,92,3,0,0,0,0,0,0
2021-01-21T23:59:59+01:00,0,0,101,158,379,633,505,1020,600,1527,748,1322,455,469,528,923,446,1570,1,0,1,6,7,4,4,7,5,9,1,2,11,12,6,16,11381,92,3,0,0,0,0,0,0
2021-01-20T23:59:59+01:00,0,0,82,116,345,544,461,880,542,1293,660,1136,397,410,445,788,387,1358,1,0,1,5,7,4,4,7,5,9,1,2,11,12,6,16,9841,91,3,0,0,0,0,0,0
2021-01-19T23:59:59+01:00,0,0,77,104,316,468,421,791,502,1179,608,1033,374,373,410,710,358,1268,1,0,1,3,7,4,4,7,5,9,1,0,8,8,5,15,8989,78,3,0,0,0,0,0,0
2021-01-18T23:59:59+01:00,0,0,63,74,271,381,366,641,428,947,515,836,308,306,345,562,305,1080,1,0,1,3,7,4,4,7,5,9,1,0,8,8,5,15,7426,78,2,0,0,0,0,0,0
2021-01-17T23:59:59+01:00,0,0,61,65,252,346,344,589,409,905,492,798,305,297,344,555,303,1072,0,0,0,0,0,0,0,0,0,0,0,0,0,0,0,0,7135,0,2,0,0,0,0,0,0
2021-01-16T23:59:59+01:00,0,0,61,65,252,346,344,589,409,904,490,796,305,296,342,551,302,1072,0,0,0,0,0,0,0,0,0,0,0,0,0,0,0,0,7122,0,2,0,0,0,0,0,0
2021-01-15T23:59:59+01:00,0,0,59,65,251,343,338,583,398,881,479,771,291,290,325,524,281,1034,0,0,0,0,0,0,0,0,0,0,0,0,0,0,0,0,6911,0,2,0,0,0,0,0,0
2021-01-14T23:59:59+01:00,0,0,45,52,237,321,314,508,364,756,392,626,228,218,242,353,205,751,0,0,0,0,0,0,0,0,0,0,0,0,0,0,0,0,5612,0,0,0,0,0,0,0,0
2021-01-13T23:59:59+01:00,0,0,39,42,212,265,272,409,300,608,321,501,177,175,174,269,163,587,0,0,0,0,0,0,0,0,0,0,0,0,0,0,0,0,4514,0,0,0,0,0,0,0,0
2021-01-12T23:59:59+01:00,0,0,35,40,207,250,258,377,277,531,290,456,141,134,135,206,127,458,0,0,0,0,0,0,0,0,0,0,0,0,0,0,0,0,3922,0,0,0,0,0,0,0,0
2021-01-11T23:59:59+01:00,0,0,29,36,196,230,239,325,229,444,240,382,110,105,101,133,75,291,0,0,0,0,0,0,0,0,0,0,0,0,0,0,0,0,3165,0,0,0,0,0,0,0,0
2021-01-10T23:59:59+01:00,0,0,27,31,158,168,196,250,191,348,198,305,98,99,98,128,73,277,0,0,0,0,0,0,0,0,0,0,0,0,0,0,0,0,2645,0,0,0,0,0,0,0,0
2021-01-09T23:59:59+01:00,0,0,27,31,151,164,194,242,187,341,196,300,98,99,98,128,73,277,0,0,0,0,0,0,0,0,0,0,0,0,0,0,0,0,2606,0,0,0,0,0,0,0,0
2021-01-08T23:59:59+01:00,0,0,24,28,121,141,173,229,162,312,168,279,93,89,97,124,72,276,0,0,0,0,0,0,0,0,0,0,0,0,0,0,0,0,2388,0,0,0,0,0,0,0,0
2021-01-07T23:59:59+01:00,0,0,9,3,16,24,31,55,37,104,61,112,48,51,60,84,46,187,0,0,0,0,0,0,0,0,0,0,0,0,0,0,0,0,928,0,0,0,0,0,0,0,0
2021-01-06T23:59:59+01:00,0,0,4,1,5,11,9,22,13,39,20,31,13,14,25,35,20,55,0,0,0,0,0,0,0,0,0,0,0,0,0,0,0,0,317,0,0,0,0,0,0,0,0
2021-01-05T23:59:59+01:00,0,0,3,1,4,9,8,18,10,31,15,26,10,14,22,30,19,49,0,0,0,0,0,0,0,0,0,0,0,0,0,0,0,0,269,0,0,0,0,0,0,0,0
2021-01-04T23:59:59+01:00,0,0,2,1,2,7,8,10,4,15,8,16,5,3,11,16,8,26,0,0,0,0,0,0,0,0,0,0,0,0,0,0,0,0,142,0,0,0,0,0,0,0,0
2021-01-03T23:59:59+01:00,0,0,2,0,1,6,8,4,4,7,5,9,1,2,11,12,7,16,0,0,0,0,0,0,0,0,0,0,0,0,0,0,0,0,95,0,0,0,0,0,0,0,0
2021-01-02T23:59:59+01:00,0,0,2,0,1,6,8,4,4,7,5,9,1,2,11,12,7,16,0,0,0,0,0,0,0,0,0,0,0,0,0,0,0,0,95,0,0,0,0,0,0,0,0
2021-01-01T23:59:59+01:00,0,0,1,0,1,6,8,4,4,7,5,9,1,2,11,12,7,16,0,0,0,0,0,0,0,0,0,0,0,0,0,0,0,0,94,0,0,0,0,0,0,0,0
2020-12-31T23:59:59+01:00,0,0,1,0,1,5,8,4,4,7,5,9,1,2,11,12,7,16,0,0,0,0,0,0,0,0,0,0,0,0,0,0,0,0,93,0,0,0,0,0,0,0,0
2020-12-30T23:59:59+01:00,0,0,1,0,1,5,8,4,4,7,5,9,1,2,11,12,7,16,0,0,0,0,0,0,0,0,0,0,0,0,0,0,0,0,93,0,0,0,0,0,0,0,0
2020-12-29T23:59:59+01:00,0,0,1,0,1,3,8,4,4,7,5,9,1,0,8,8,6,15,0,0,0,0,0,0,0,0,0,0,0,0,0,0,0,0,80,0,0,0,0,0,0,0,0
2020-12-28T23:59:59+01:00,0,0,1,0,1,3,8,4,4,7,5,9,1,0,8,8,6,15,0,0,0,0,0,0,0,0,0,0,0,0,0,0,0,0,80,0,0,0,0,0,0,0,0
2020-12-27T23:59:59+01:00,0,0,1,0,1,3,8,4,4,7,5,9,1,0,8,8,6,15,0,0,0,0,0,0,0,0,0,0,0,0,0,0,0,0,80,0,0,0,0,0,0,0,0
