Datum,<15_m,<15_w,15-24_1_m,15-24_1_w,25-34_1_m,25-34_1_w,35-44_1_m,35-44_1_w,45-54_1_m,45-54_1_w,55-64_1_m,55-64_1_w,65-74_1_m,65-74_1_w,75-84_1_m,75-84_1_w,>84_1_m,>84_1_w,<24_2_m,<24_2_w,25-34_2_m,25-34_2_w,35-44_2_m,35-44_2_w,45-54_2_m,45-54_2_w,55-64_2_m,55-64_2_w,65-74_2_m,65-74_2_w,75-84_2_m,75-84_2_w,>84_2_m,>84_2_w,bp_1,bp_2,mo_1,mo_2,az_1,az_2,ja,unb_1,unb_2
2021-08-26T23:59:59+02:00,1368,1265,15161,14045,20734,19057,22892,22499,26651,27331,29949,30906,21204,24223,15154,19086,4310,7498,13425,12492,19287,17590,21551,21079,25355,25888,28720,29621,20535,23444,14699,18414,4169,7243,221959,209063,32235,30376,55052,51828,14062,25,33
2021-08-25T23:59:59+02:00,1322,1220,15016,13927,20626,18967,22814,22407,26577,27249,29891,30851,21185,24197,15144,19077,4306,7492,13308,12412,19200,17515,21487,21007,25289,25833,28677,29580,20510,23423,14691,18400,4168,7240,221123,208503,32220,30329,55052,51820,13849,24,31
2021-08-24T23:59:59+02:00,1302,1197,14965,13886,20600,18928,22780,22376,26549,27224,29873,30834,21172,24188,15140,19071,4305,7492,13218,12357,19153,17444,21465,20970,25249,25796,28654,29555,20494,23406,14686,18391,4166,7236,220777,208045,32190,30273,55052,51805,13839,24,26
2021-08-23T23:59:59+02:00,1284,1179,14899,13848,20562,18899,22752,22352,26518,27205,29848,30808,21153,24174,15135,19058,4304,7491,13103,12280,19092,17386,21413,20921,25209,25742,28609,29512,20476,23389,14680,18380,4163,7236,220477,207531,32174,30184,55052,51805,13742,24,26
2021-08-22T23:59:59+02:00,1274,1171,14884,13828,20545,18881,22742,22333,26503,27190,29833,30804,21146,24170,15133,19050,4302,7490,13044,12211,19038,17352,21384,20887,25187,25717,28585,29491,20468,23378,14679,18376,4163,7236,220307,207214,32156,30073,55052,51802,13740,24,26
2021-08-21T23:59:59+02:00,1274,1171,14877,13819,20533,18873,22732,22327,26499,27185,29822,30797,21146,24168,15133,19050,4302,7490,13036,12202,19027,17344,21376,20881,25181,25712,28575,29484,20468,23376,14679,18376,4163,7236,220302,207210,32156,30073,55052,51802,13664,24,26
2021-08-20T23:59:59+02:00,1267,1166,14850,13786,20502,18845,22709,22305,26473,27162,29805,30781,21143,24159,15131,19044,4302,7490,13019,12185,19005,17325,21359,20860,25166,25694,28557,29465,20464,23370,14678,18373,4163,7236,220118,207108,32156,30071,55052,51801,13570,24,26
2021-08-19T23:59:59+02:00,1249,1150,14794,13737,20465,18816,22678,22272,26452,27133,29779,30758,21132,24151,15129,19039,4301,7487,12887,12074,18915,17251,21274,20803,25098,25630,28498,29415,20444,23359,14672,18365,4161,7233,219820,206494,32127,29937,55052,51739,13499,24,26
2021-08-18T23:59:59+02:00,1229,1133,14713,13646,20352,18757,22606,22211,26390,27078,29721,30702,21108,24131,15123,19027,4299,7484,12758,11958,18782,17167,21182,20716,25013,25547,28418,29349,20412,23315,14662,18350,4160,7228,219423,205906,32109,29818,55051,51731,13103,24,26
2021-08-17T23:59:59+02:00,1218,1120,14673,13608,20310,18713,22571,22177,26358,27051,29704,30682,21096,24117,15112,19018,4295,7483,12650,11874,18702,17105,21109,20654,24962,25495,28382,29308,20393,23300,14653,18337,4158,7226,219144,205380,32076,29691,55051,51724,13011,24,25
2021-08-16T23:59:59+02:00,1205,1109,14626,13560,20274,18685,22542,22145,26338,27022,29670,30651,21084,24106,15105,19006,4293,7481,12559,11774,18614,17034,21040,20568,24896,25437,28316,29246,20370,23278,14643,18319,4157,7223,218878,204767,32074,29564,55051,51723,12875,24,25
2021-08-15T23:59:59+02:00,1195,1096,14589,13531,20247,18654,22516,22126,26325,27006,29660,30637,21079,24094,15100,19004,4292,7479,12492,11707,18561,17003,20992,20528,24860,25394,28298,29224,20360,23265,14639,18313,4155,7221,218654,204314,32074,29564,55051,51722,12827,24,25
2021-08-14T23:59:59+02:00,1195,1095,14582,13527,20238,18648,22507,22119,26311,26999,29655,30629,21076,24093,15099,19003,4292,7479,12485,11703,18552,16996,20982,20521,24846,25387,28293,29215,20357,23264,14638,18312,4155,7221,218653,204312,32074,29563,55051,51722,12745,24,25
2021-08-13T23:59:59+02:00,1192,1092,14573,13517,20224,18638,22496,22114,26304,26989,29640,30621,21067,24088,15098,19003,4292,7479,12470,11689,18541,16988,20970,20513,24840,25371,28279,29210,20351,23257,14636,18312,4155,7220,218595,204244,32074,29563,55051,51722,12683,24,25
2021-08-12T23:59:59+02:00,1172,1070,14515,13464,20184,18599,22472,22082,26279,26960,29609,30600,21055,24069,15094,18997,4292,7474,12299,11546,18402,16881,20877,20426,24760,25286,28212,29154,20330,23225,14623,18300,4152,7214,218281,203453,32063,29372,55051,51652,12568,24,25
2021-08-11T23:59:59+02:00,1155,1048,14445,13403,20147,18547,22430,22042,26248,26935,29581,30563,21042,24052,15091,18986,4289,7470,12160,11407,18321,16794,20798,20352,24710,25214,28169,29092,20298,23199,14616,18289,4150,7209,217889,202558,31991,29367,55051,51647,12519,24,25
2021-08-10T23:59:59+02:00,1140,1031,14369,13334,20098,18504,22401,22001,26219,26906,29550,30535,21031,24043,15091,18978,4288,7468,12055,11296,18229,16726,20739,20289,24658,25159,28127,29041,20274,23171,14602,18271,4149,7203,217475,201818,31962,29346,55051,51622,12475,24,25
2021-08-09T23:59:59+02:00,1123,1013,14285,13272,20017,18450,22352,21953,26167,26862,29514,30502,21013,24026,15085,18969,4283,7466,11873,11138,18061,16631,20619,20207,24563,25063,28047,28967,20238,23132,14588,18259,4146,7194,217030,200841,31943,29237,55049,51529,12306,24,24
2021-08-08T23:59:59+02:00,1109,1006,14244,13236,19998,18416,22326,21933,26152,26843,29499,30488,21006,24020,15082,18965,4282,7465,11790,11050,17975,16550,20555,20151,24498,25017,28001,28923,20216,23109,14576,18248,4146,7190,216810,200187,31911,29163,55048,51510,12277,24,24
2021-08-07T23:59:59+02:00,1109,1006,14229,13230,19988,18411,22319,21928,26140,26829,29485,30476,21004,24016,15078,18960,4281,7465,11776,11045,17958,16545,20549,20145,24485,25002,27984,28911,20214,23105,14572,18243,4145,7190,216805,200173,31911,29162,55048,51510,12166,24,24
2021-08-06T23:59:59+02:00,1109,1005,14218,13218,19976,18392,22305,21914,26118,26820,29473,30465,21001,24012,15075,18957,4281,7465,11763,11031,17938,16525,20533,20129,24463,24993,27972,28900,20211,23101,14569,18241,4145,7190,216798,200148,31907,29162,55048,51509,12027,24,24
2021-08-05T23:59:59+02:00,1098,986,14148,13178,19929,18360,22262,21874,26083,26766,29445,30441,20988,23998,15067,18949,4279,7462,11593,10918,17828,16428,20422,20034,24356,24901,27904,28852,20187,23076,14558,18230,4143,7188,216493,199360,31869,29070,55046,51384,11881,24,24
2021-08-04T23:59:59+02:00,1084,970,14084,13108,19828,18279,22198,21817,26047,26725,29396,30395,20965,23980,15057,18937,4279,7459,11406,10747,17601,16293,20249,19907,24241,24778,27796,28756,20160,23043,14545,18218,4140,7186,216234,198322,31712,29015,55045,51141,11594,23,24
2021-08-03T23:59:59+02:00,1060,952,14014,13048,19794,18232,22163,21777,26014,26684,29363,30365,20951,23957,15047,18924,4276,7449,11221,10574,17429,16168,20111,19777,24094,24657,27678,28652,20119,22998,14527,18187,4138,7180,215862,196893,31683,28982,55045,51086,11457,23,24
2021-08-02T23:59:59+02:00,1036,932,13927,12980,19737,18173,22112,21736,25960,26624,29311,30315,20920,23927,15037,18904,4273,7447,11053,10406,17261,16043,19968,19666,23979,24541,27592,28551,20072,22945,14508,18168,4135,7170,215381,195705,31652,28945,55045,51010,11250,23,24
2021-08-01T23:59:59+02:00,1026,917,13867,12931,19698,18156,22093,21716,25935,26604,29292,30298,20911,23915,15033,18897,4273,7446,10911,10263,17104,15934,19819,19558,23836,24436,27487,28472,20058,22921,14500,18155,4135,7166,215148,194820,31596,28863,55045,50661,11196,23,24
2021-07-31T23:59:59+02:00,1026,917,13841,12922,19681,18149,22076,21706,25922,26593,29284,30287,20909,23910,15032,18896,4272,7446,10884,10251,17084,15922,19801,19546,23824,24424,27479,28461,20056,22916,14499,18154,4134,7166,215144,194801,31596,28863,55045,50661,11061,23,24
2021-07-30T23:59:59+02:00,1018,908,13782,12878,19636,18128,22047,21687,25893,26571,29256,30269,20902,23902,15026,18894,4270,7445,10797,10179,17019,15880,19742,19511,23757,24383,27430,28436,20041,22894,14490,18150,4131,7164,214968,194411,31595,28863,55045,50595,10881,23,24
2021-07-29T23:59:59+02:00,994,891,13675,12793,19570,18066,21975,21639,25842,26516,29207,30232,20884,23893,15019,18887,4270,7443,10532,9922,16722,15638,19450,19298,23456,24156,27180,28274,19986,22840,14478,18130,4131,7163,214529,192684,31524,28751,55045,49907,10675,23,24
2021-07-28T23:59:59+02:00,967,862,13544,12664,19448,17961,21891,21556,25761,26435,29131,30163,20862,23857,15006,18875,4268,7441,10241,9719,16461,15452,19191,19111,23227,23967,27024,28129,19937,22767,14459,18108,4128,7158,213885,191351,31491,28665,55040,49397,10253,23,24
2021-07-27T23:59:59+02:00,936,841,13424,12570,19385,17901,21826,21503,25697,26378,29091,30118,20847,23837,15001,18855,4267,7435,9985,9507,16211,15229,18965,18927,23035,23795,26860,27990,19895,22714,14437,18081,4122,7149,213293,189693,31437,28508,55039,49064,10121,22,24
2021-07-26T23:59:59+02:00,911,823,13323,12475,19332,17844,21753,21439,25648,26345,29037,30059,20819,23814,14983,18836,4267,7431,9748,9258,15979,15027,18717,18727,22809,23628,26708,27860,19824,22654,14410,18045,4117,7143,212694,187946,31366,28409,55038,48688,10019,22,24
2021-07-25T23:59:59+02:00,892,812,13248,12404,19253,17798,21696,21388,25608,26297,29001,30013,20802,23798,14977,18830,4264,7430,9561,9116,15778,14878,18516,18586,22640,23517,26559,27740,19774,22606,14395,18032,4114,7140,212397,187043,31306,28256,55038,48270,9748,22,24
2021-07-24T23:59:59+02:00,892,812,13238,12395,19243,17792,21687,21383,25593,26290,28996,30007,20798,23797,14976,18829,4264,7430,9551,9103,15769,14870,18505,18580,22623,23508,26553,27732,19771,22603,14394,18031,4114,7139,212393,187025,31306,28253,55038,48270,9663,22,24
2021-07-23T23:59:59+02:00,884,811,13175,12359,19165,17759,21649,21350,25556,26251,28963,29971,20784,23781,14968,18825,4262,7427,9503,9075,15687,14825,18452,18541,22570,23467,26509,27693,19756,22587,14387,18025,4112,7136,212269,186865,31305,28249,55038,48269,9306,22,24
2021-07-22T23:59:59+02:00,872,798,13078,12279,19108,17692,21601,21320,25506,26204,28939,29949,20772,23763,14966,18819,4259,7425,9184,8802,15285,14579,18088,18285,22238,23221,26304,27559,19699,22531,14374,18003,4109,7131,211804,185037,31219,27996,55035,47356,9270,22,24
2021-07-21T23:59:59+02:00,850,771,12877,12112,18960,17567,21469,21220,25399,26102,28862,29879,20730,23728,14949,18796,4255,7420,8800,8481,14849,14250,17711,18013,21883,22892,26032,27350,19606,22443,14348,17966,4106,7122,211184,183132,31109,27645,55031,46698,8600,22,24
2021-07-20T23:59:59+02:00,820,746,12733,11979,18854,17484,21400,21143,25339,26038,28825,29828,20705,23695,14941,18780,4252,7417,8470,8174,14384,13915,17328,17740,21583,22662,25789,27165,19524,22334,14319,17931,4104,7116,210516,180987,31000,27485,55028,45820,8413,22,23
2021-07-19T23:59:59+02:00,791,718,12612,11861,18762,17412,21342,21083,25284,25985,28775,29791,20680,23667,14931,18766,4248,7411,8139,7916,14017,13659,16981,17491,21259,22461,25562,27023,19455,22259,14297,17909,4098,7110,209800,178948,30894,27321,55028,45108,8375,22,23
2021-07-18T23:59:59+02:00,773,699,12501,11753,18659,17337,21279,21031,25228,25934,28738,29737,20658,23647,14920,18755,4246,7409,7969,7763,13862,13541,16829,17368,21098,22348,25433,26943,19415,22219,14283,17893,4098,7107,209226,178014,30744,27218,55028,44745,8284,22,23
2021-07-17T23:59:59+02:00,773,699,12497,11753,18658,17334,21279,21031,25228,25934,28738,29737,20658,23647,14920,18755,4246,7409,7961,7762,13858,13536,16828,17367,21097,22347,25432,26941,19414,22219,14283,17893,4098,7107,209222,177994,30744,27217,55028,44744,8280,22,23
2021-07-16T23:59:59+02:00,766,694,12423,11697,18620,17303,21242,21004,25195,25911,28712,29718,20656,23644,14920,18753,4246,7409,7811,7660,13705,13462,16685,17309,20959,22289,25325,26893,19396,22200,14282,17887,4098,7104,209013,177546,30744,27145,55027,44352,8107,22,23
2021-07-15T23:59:59+02:00,751,674,12352,11626,18557,17245,21187,20954,25147,25870,28683,29690,20641,23626,14915,18744,4245,7406,7468,7342,13098,13059,16017,16885,20324,21920,24871,26581,19250,22059,14239,17841,4095,7097,208531,175319,30658,26247,55020,42578,8082,22,23
2021-07-14T23:59:59+02:00,722,654,12145,11493,18389,17139,21068,20859,25046,25768,28595,29591,20607,23593,14896,18728,4242,7403,7050,6979,12435,12601,15330,16401,19690,21462,24408,26238,19032,21833,14207,17793,4087,7086,207723,172484,30513,25912,55017,40633,7663,22,23
2021-07-13T23:59:59+02:00,678,620,12005,11362,18268,17058,20955,20761,24950,25673,28525,29526,20578,23554,14876,18718,4240,7393,6583,6545,11800,12103,14638,15891,19088,21046,23969,25913,18853,21618,14163,17730,4083,7077,206708,168812,30375,25739,55006,38963,7629,22,19
2021-07-12T23:59:59+02:00,645,589,11882,11224,18152,16968,20864,20653,24847,25575,28443,29460,20551,23520,14868,18706,4235,7386,6166,6129,11201,11569,14019,15350,18535,20554,23553,25550,18659,21427,14099,17672,4074,7073,205693,165134,30244,24915,55003,38008,7606,22,19
2021-07-11T23:59:59+02:00,609,562,11765,11134,18085,16906,20806,20596,24793,25529,28386,29412,20532,23500,14859,18697,4235,7385,5971,5961,10943,11367,13788,15150,18289,20365,23344,25365,18587,21347,14072,17646,4073,7067,205055,163743,30123,24445,55001,37583,7593,19,19
2021-07-10T23:59:59+02:00,608,562,11758,11133,18082,16904,20803,20596,24790,25528,28385,29412,20532,23500,14858,18695,4235,7385,5964,5960,10941,11361,13779,15146,18288,20363,23342,25363,18585,21346,14071,17646,4073,7067,205037,163717,30122,24444,55001,37576,7587,19,19
2021-07-09T23:59:59+02:00,580,539,11648,11011,18007,16820,20734,20534,24717,25452,28336,29367,20509,23480,14855,18686,4235,7384,5931,5929,10912,11328,13729,15125,18257,20330,23323,25340,18580,21336,14069,17643,4073,7066,204173,163483,30122,24394,55001,37543,7579,19,19
2021-07-08T23:59:59+02:00,545,511,11486,10875,17885,16716,20604,20436,24610,25326,28219,29290,20465,23430,14839,18658,4232,7376,5576,5671,10399,10935,13109,14672,17597,19774,22717,24878,18268,20950,13973,17560,4068,7056,203411,161179,30097,23587,54977,35460,6999,19,19
2021-07-07T23:59:59+02:00,485,458,11321,10731,17804,16631,20535,20367,24536,25248,28157,29226,20437,23395,14834,18646,4230,7368,5265,5377,9875,10485,12530,14195,16918,19255,22152,24380,17956,20586,13871,17463,4061,7033,202408,158723,30075,22126,54957,33620,6950,19,19
2021-07-06T23:59:59+02:00,445,424,11197,10582,17690,16537,20444,20263,24458,25157,28066,29147,20411,23357,14825,18629,4228,7365,4865,4946,9266,9968,11818,13594,16211,18639,21636,23884,17637,20282,13771,17348,4052,7023,201276,154523,30069,21183,54949,32326,6912,19,19
2021-07-05T23:59:59+02:00,423,397,11105,10496,17603,16466,20363,20192,24397,25105,28025,29109,20387,23336,14814,18621,4227,7362,4571,4625,8771,9516,11256,13041,15503,17996,21015,23275,17243,19888,13638,17191,4044,7015,200540,150625,30065,20506,54940,30593,6864,19,19
2021-07-04T23:59:59+02:00,410,391,11029,10441,17536,16413,20313,20143,24365,25069,28009,29091,20378,23325,14808,18618,4226,7361,4426,4532,8640,9350,11065,12865,15263,17786,20750,23003,16971,19596,13579,17100,4040,7011,200057,149313,30061,20199,54939,29615,6850,19,19
2021-07-03T23:59:59+02:00,409,390,11022,10432,17526,16405,20311,20140,24363,25068,28006,29090,20378,23324,14808,18618,4226,7360,4422,4526,8633,9348,11062,12865,15259,17786,20747,23000,16971,19593,13579,17100,4040,7011,200025,149301,30060,20199,54939,29609,6833,19,19
2021-07-02T23:59:59+02:00,365,327,10875,10322,17413,16303,20209,20065,24290,25003,27943,29030,20352,23298,14802,18604,4226,7357,4333,4445,8474,9208,10927,12755,15136,17679,20635,22896,16930,19564,13572,17085,4040,7008,199139,148310,30060,20198,54939,29552,6627,19,19
2021-07-01T23:59:59+02:00,318,283,10738,10185,17284,16210,20086,19975,24206,24928,27880,28979,20332,23274,14786,18589,4223,7353,4129,4243,8176,8869,10557,12343,14569,17182,20127,22354,16642,19265,13364,16872,4030,6986,198061,145252,30001,19513,54933,28326,6615,19,19
2021-06-30T23:59:59+02:00,235,221,10484,9945,17116,16060,19954,19843,24091,24806,27799,28890,20309,23242,14767,18571,4222,7352,3933,4046,7873,8528,10145,11878,14080,16623,19553,21720,16320,18927,13091,16596,4017,6960,196418,141569,29944,19257,54925,26860,6601,19,19
2021-06-29T23:59:59+02:00,190,184,10337,9769,16981,15964,19850,19751,24023,24729,27741,28821,20283,23215,14753,18551,4222,7348,3729,3784,7475,8077,9671,11341,13426,15957,18939,21015,16003,18600,12844,16306,4010,6946,195265,137284,29939,18958,54921,25308,6569,18,19
2021-06-28T23:59:59+02:00,140,132,10139,9586,16860,15857,19747,19650,23930,24635,27673,28760,20253,23185,14739,18532,4220,7346,3525,3526,7075,7634,9238,10847,12875,15419,18444,20500,15753,18335,12725,16173,4004,6935,194088,133453,29825,18533,54918,24481,6535,18,19
2021-06-27T23:59:59+02:00,122,115,10001,9474,16804,15798,19687,19599,23872,24585,27646,28736,20240,23169,14736,18528,4219,7343,3432,3458,6899,7440,9049,10646,12645,15179,18182,20240,15633,18231,12660,16087,4004,6931,193460,132262,29767,18184,54912,23747,6517,18,19
2021-06-26T23:59:59+02:00,122,115,9999,9469,16803,15794,19685,19598,23869,24584,27646,28736,20240,23169,14736,18528,4219,7343,3429,3458,6897,7439,9046,10644,12642,15176,18180,20239,15630,18230,12660,16086,4004,6931,193442,132241,29766,18184,54912,23743,6517,18,19
2021-06-25T23:59:59+02:00,118,112,9952,9428,16766,15761,19652,19569,23833,24556,27622,28718,20234,23162,14734,18525,4219,7343,3409,3412,6823,7328,8950,10489,12528,14980,18036,20032,15608,18201,12652,16083,4003,6930,193125,132062,29732,17830,54912,23049,6517,18,19
2021-06-24T23:59:59+02:00,108,101,9825,9302,16578,15636,19520,19446,23710,24465,27565,28658,20220,23146,14727,18516,4218,7341,3283,3265,6610,6998,8639,10033,11997,14359,17481,19327,15383,17970,12507,15953,4000,6918,192287,129667,29387,16971,54911,21599,6479,18,19
2021-06-23T23:59:59+02:00,102,95,9696,9164,16438,15510,19403,19340,23613,24360,27500,28611,20205,23124,14723,18511,4215,7340,3076,3023,6257,6512,8137,9466,11297,13538,16719,18346,15086,17629,12356,15811,3990,6893,191368,125113,29220,16000,54900,20572,6444,18,19
2021-06-22T23:59:59+02:00,71,69,9406,8858,16209,15308,19217,19192,23469,24234,27429,28526,20182,23099,14715,18492,4211,7334,2842,2734,5772,5965,7515,8705,10389,12498,15693,17144,14791,17270,12249,15687,3977,6870,189684,118681,29013,15510,54896,19497,6412,16,13
2021-06-21T23:59:59+02:00,67,62,9278,8695,16036,15162,19029,19038,23338,24111,27368,28447,20158,23071,14710,18482,4211,7330,2697,2541,5390,5497,7049,8119,9658,11619,14962,16209,14513,16957,12142,15566,3972,6854,188486,113967,28788,14951,54893,18416,6410,16,13
2021-06-20T23:59:59+02:00,64,61,9143,8561,15900,15046,18917,18947,23264,24040,27328,28396,20147,23050,14699,18475,4208,7329,2639,2472,5219,5314,6834,7852,9350,11288,14596,15805,14378,16823,12102,15529,3967,6848,187592,112263,28668,14720,54893,17626,6406,16,13
2021-06-19T23:59:59+02:00,64,61,9143,8559,15899,15039,18915,18947,23263,24040,27328,28395,20147,23050,14699,18475,4208,7329,2636,2471,5218,5310,6833,7852,9350,11287,14594,15801,14376,16823,12102,15529,3967,6848,187580,112247,28666,14718,54893,17625,6406,16,13
2021-06-18T23:59:59+02:00,64,57,9115,8547,15885,15030,18900,18939,23256,24031,27321,28390,20147,23047,14698,18475,4208,7329,2607,2437,5163,5251,6755,7752,9251,11131,14422,15572,14297,16722,12092,15508,3965,6845,187460,111461,28665,14717,54892,17185,6406,16,13
2021-06-17T23:59:59+02:00,57,54,8940,8385,15651,14862,18702,18783,23100,23900,27185,28297,20123,23025,14691,18463,4206,7326,2470,2283,4836,4952,6368,7349,8701,10525,13591,14700,14060,16430,12019,15387,3961,6833,186133,108592,28660,13758,54884,16057,6057,16,13
2021-06-16T23:59:59+02:00,49,52,8709,8170,15415,14637,18491,18583,22910,23733,27079,28187,20094,22982,14677,18443,4202,7320,2356,2175,4594,4750,6015,7003,8176,10039,12873,13861,13710,16047,11934,15298,3956,6821,184346,105145,28561,12957,54881,15576,5929,16,13
2021-06-15T23:59:59+02:00,40,39,8360,7831,15035,14279,18170,18292,22661,23520,26920,28053,20064,22948,14664,18427,4200,7309,2172,2008,4242,4395,5507,6438,7295,9152,11680,12585,13170,15431,11812,15135,3941,6798,181737,98903,28525,12293,54880,14910,5654,16,13
2021-06-14T23:59:59+02:00,34,34,8179,7663,14779,14048,17967,18119,22510,23400,26808,27972,20043,22915,14651,18419,4196,7301,2057,1883,3988,4148,5119,5964,6639,8430,10753,11531,12854,15084,11740,15041,3931,6779,180157,94064,28501,11930,54878,14458,5486,16,13
2021-06-13T23:59:59+02:00,34,34,8102,7608,14698,13962,17851,18008,22429,23320,26778,27942,20030,22904,14647,18413,4196,7301,2009,1855,3905,4050,4999,5824,6408,8187,10460,11196,12697,14906,11682,14985,3930,6778,179400,92673,28492,11638,54874,14080,5475,16,13
2021-06-12T23:59:59+02:00,34,34,8101,7607,14697,13962,17851,18008,22427,23319,26777,27939,20030,22903,14647,18413,4196,7301,2008,1853,3904,4050,4997,5823,6405,8184,10457,11190,12694,14905,11682,14983,3930,6778,179389,92654,28492,11638,54874,14071,5475,16,13
2021-06-11T23:59:59+02:00,34,33,8035,7566,14608,13914,17776,17958,22357,23285,26733,27916,20028,22899,14647,18412,4196,7301,1992,1844,3868,3992,4955,5756,6344,8102,10358,11085,12655,14870,11671,14977,3930,6778,179052,92440,28414,11632,54873,13757,5343,16,13
2021-06-10T23:59:59+02:00,29,26,7693,7267,14212,13550,17347,17582,22027,23003,26538,27735,19984,22854,14634,18394,4193,7289,1887,1761,3653,3830,4682,5485,6025,7734,9743,10474,12139,14210,11603,14869,3922,6771,176452,89284,27919,11252,54860,13136,5110,16,12
2021-06-09T23:59:59+02:00,28,23,7322,6917,13746,13108,16830,17114,21635,22634,26324,27521,19911,22783,14616,18359,4190,7281,1717,1647,3453,3652,4427,5217,5640,7329,8970,9760,11474,13380,11484,14729,3912,6759,173194,85044,27370,10616,54847,12969,4915,16,12
2021-06-08T23:59:59+02:00,23,19,6944,6508,13231,12625,16361,16645,21277,22296,26108,27318,19853,22705,14586,18324,4187,7274,1625,1571,3230,3423,4108,4864,5133,6841,8084,8840,10591,12303,11343,14572,3908,6744,169776,79393,26882,10320,54838,12690,4772,16,11
2021-06-07T23:59:59+02:00,20,16,6664,6215,12801,12249,15960,16246,20950,21999,25946,27162,19817,22652,14565,18305,4180,7268,1563,1499,3040,3250,3830,4636,4733,6465,7372,8089,9683,11158,11233,14425,3897,6726,167209,74654,26455,9949,54818,12474,4517,16,11
2021-06-06T23:59:59+02:00,20,16,6522,6082,12658,12098,15798,16087,20785,21836,25860,27075,19797,22615,14554,18295,4179,7264,1548,1476,2967,3209,3734,4572,4627,6384,7230,7960,9426,10890,11187,14375,3894,6721,165979,73972,26351,9524,54797,12301,4398,16,11
2021-06-05T23:59:59+02:00,20,16,6513,6079,12648,12086,15789,16080,20783,21832,25860,27073,19797,22615,14554,18295,4179,7264,1546,1473,2962,3207,3732,4569,4622,6383,7225,7954,9420,10885,11187,14375,3894,6721,165924,73944,26348,9511,54797,12297,4398,16,11
2021-06-04T23:59:59+02:00,20,16,6482,6039,12590,12035,15729,16032,20755,21800,25843,27056,19793,22609,14551,18295,4179,7264,1545,1467,2949,3197,3713,4555,4612,6369,7190,7911,9388,10815,11149,14334,3893,6720,165829,73670,26088,9498,54775,12254,4380,16,11
2021-06-03T23:59:59+02:00,20,15,6248,5814,12291,11786,15407,15720,20422,21461,25587,26843,19747,22535,14531,18275,4178,7260,1503,1422,2877,3132,3616,4478,4500,6270,6989,7730,9011,10369,11097,14261,3893,6715,163344,72372,25841,9202,54773,12117,4166,16,11
2021-06-02T23:59:59+02:00,20,15,6186,5754,12225,11720,15333,15653,20350,21400,25570,26819,19742,22532,14528,18272,4177,7259,1489,1412,2861,3119,3599,4464,4466,6253,6956,7692,8932,10259,11088,14236,3892,6714,163000,72011,25655,9196,54771,12108,4113,16,9
2021-06-01T23:59:59+02:00,16,15,5728,5256,11482,11021,14507,14921,19632,20732,25160,26434,19651,22443,14494,18225,4169,7251,1376,1304,2561,2851,3221,4127,3978,5791,6129,6890,7745,8638,10844,13889,3878,6697,157951,66611,25000,8290,54743,11589,3427,16,7
2021-05-31T23:59:59+02:00,14,15,5479,4955,11036,10596,13978,14425,19152,20234,24854,26094,19557,22358,14455,18179,4160,7235,1316,1250,2408,2719,3020,3957,3698,5500,5574,6358,6742,7372,10602,13569,3869,6663,154472,62579,24306,7407,54739,11386,3243,16,7
2021-05-30T23:59:59+02:00,14,15,5399,4878,10853,10471,13814,14246,18805,19914,24611,25847,19526,22328,14447,18159,4159,7233,1295,1236,2383,2689,2973,3911,3630,5444,5471,6269,6571,7142,10565,13495,3867,6653,152977,61847,23804,7346,54712,11189,3210,16,7
2021-05-29T23:59:59+02:00,14,15,5397,4878,10853,10467,13810,14243,18805,19913,24610,25845,19526,22328,14447,18159,4159,7233,1294,1233,2382,2688,2971,3908,3630,5442,5470,6267,6566,7138,10565,13495,3867,6653,152961,61837,23804,7343,54711,11177,3210,16,7
2021-05-28T23:59:59+02:00,14,15,5381,4865,10831,10431,13784,14224,18788,19896,24602,25836,19525,22327,14445,18156,4159,7232,1289,1233,2382,2682,2970,3906,3624,5436,5456,6251,6550,7121,10556,13473,3866,6649,152776,61733,23802,7343,54709,11158,3208,16,7
2021-05-27T23:59:59+02:00,11,14,5088,4582,10313,9978,13198,13692,18098,19283,24021,25298,19426,22214,14412,18110,4148,7219,1120,1093,2100,2492,2670,3617,3328,5079,5126,5972,6251,6705,10328,13190,3861,6634,149522,59886,22807,7307,54603,10214,2157,16,6
2021-05-26T23:59:59+02:00,11,14,4823,4321,9875,9596,12677,13171,17485,18674,23387,24620,19302,22065,14366,18055,4142,7202,1040,1011,1942,2339,2470,3420,3066,4834,4737,5622,5695,6056,9960,12659,3845,6598,145408,56748,22052,7270,54481,9444,1830,15,6
2021-05-25T23:59:59+02:00,11,13,4608,4091,9460,9119,12215,12666,16948,18095,22865,23980,19170,21892,14335,17976,4133,7188,989,966,1880,2249,2359,3284,2894,4631,4392,5248,5117,5322,9512,12058,3829,6573,141350,53199,21222,7255,54350,9019,1828,15,6
2021-05-24T23:59:59+02:00,11,13,4494,3932,9248,8915,12011,12406,16647,17773,22536,23582,19094,21813,14320,17956,4131,7187,973,918,1820,2207,2286,3223,2808,4550,4271,5132,4972,5163,9421,11931,3827,6565,139847,52493,20261,7202,54172,8596,1774,15,6
2021-05-23T23:59:59+02:00,11,13,4483,3931,9242,8911,11999,12396,16636,17766,22520,23561,19088,21808,14319,17954,4131,7187,972,914,1818,2203,2283,3221,2802,4546,4264,5116,4964,5149,9414,11918,3826,6564,139738,52418,20258,7189,54171,8591,1774,15,6
2021-05-22T23:59:59+02:00,11,13,4478,3928,9239,8908,11991,12390,16633,17762,22518,23559,19088,21808,14319,17954,4131,7187,972,914,1817,2202,2281,3221,2801,4546,4264,5114,4962,5148,9413,11918,3826,6564,139711,52412,20258,7189,54159,8586,1774,15,6
2021-05-21T23:59:59+02:00,11,13,4445,3889,9171,8833,11918,12301,16542,17687,22454,23491,19068,21790,14315,17947,4131,7185,927,904,1784,2190,2250,3212,2770,4521,4216,5086,4937,5125,9401,11911,3825,6563,139054,52347,20258,7189,54140,8360,1724,15,6
2021-05-20T23:59:59+02:00,8,12,4188,3705,8726,8479,11435,11884,15872,17184,21871,22911,18883,21623,14284,17907,4126,7174,780,839,1527,2030,2006,3056,2528,4302,3966,4854,4780,4962,9286,11767,3817,6538,135650,51615,19883,7091,53725,7331,999,15,6
2021-05-19T23:59:59+02:00,8,12,3941,3460,8228,8011,10854,11335,15199,16480,21192,22186,18682,21392,14243,17857,4120,7157,728,793,1467,1949,1929,2953,2462,4177,3824,4696,4605,4750,9083,11539,3797,6509,130234,50533,19700,6958,53427,6787,981,15,6
2021-05-18T23:59:59+02:00,7,11,3653,3193,7679,7471,10123,10635,14239,15544,20245,21129,18423,21109,14188,17797,4114,7135,674,745,1413,1863,1854,2843,2334,4037,3648,4493,4337,4457,8881,11290,3784,6482,123180,49305,19606,6758,52985,6161,909,15,6
2021-05-17T23:59:59+02:00,7,11,3462,2982,7217,7003,9615,10095,13508,14753,19558,20328,18237,20847,14141,17732,4104,7121,615,690,1332,1800,1780,2761,2225,3963,3511,4380,4089,4226,8738,11078,3771,6453,117929,48506,19365,6544,52519,5467,893,15,6
2021-05-16T23:59:59+02:00,7,10,3333,2908,7009,6825,9411,9880,13254,14518,19330,20099,18159,20768,14127,17713,4103,7115,602,645,1293,1751,1735,2700,2188,3870,3447,4297,3998,4125,8718,11053,3769,6451,116304,48363,19123,6377,52238,5011,889,15,6
2021-05-15T23:59:59+02:00,7,10,3332,2905,7003,6818,9409,9874,13250,14516,19327,20090,18157,20767,14127,17713,4103,7115,602,645,1291,1751,1733,2700,2186,3870,3446,4297,3996,4123,8718,11053,3769,6451,116261,48357,19123,6376,52236,5008,888,15,6
2021-05-14T23:59:59+02:00,7,10,3291,2861,6890,6676,9280,9737,13101,14334,19155,19955,18133,20742,14126,17705,4102,7112,580,633,1270,1732,1705,2679,2152,3844,3402,4260,3946,4069,8711,11046,3769,6450,115857,48319,18375,6226,52154,4884,817,14,6
2021-05-13T23:59:59+02:00,7,10,3167,2696,6564,6356,8842,9339,12555,13853,18550,19358,18003,20598,14093,17669,4097,7110,544,608,1215,1678,1647,2606,2064,3738,3252,4141,3842,3933,8690,11026,3766,6446,112980,48225,17678,5839,51546,4478,650,13,6
2021-05-12T23:59:59+02:00,7,10,3140,2664,6531,6318,8795,9285,12417,13740,18365,19154,17970,20564,14085,17659,4097,7110,543,606,1214,1676,1642,2603,2056,3732,3238,4133,3829,3920,8682,11020,3766,6445,112269,48200,17451,5812,51528,4439,650,13,6
2021-05-11T23:59:59+02:00,5,10,2748,2408,5729,5816,7826,8471,11025,12578,16795,17679,17464,20002,14003,17554,4079,7087,506,548,1086,1569,1478,2447,1869,3553,3017,3873,3722,3807,8613,10928,3762,6440,104865,47971,16829,5617,49451,3504,122,12,6
2021-05-10T23:59:59+02:00,5,8,2560,2239,5254,5435,7129,7845,9991,11661,15500,16307,17086,19552,13940,17440,4072,7063,479,522,1043,1530,1434,2396,1809,3451,2898,3742,3640,3734,8574,10881,3758,6436,99047,47856,15922,5388,47985,2959,121,12,5
2021-05-09T23:59:59+02:00,5,8,2476,2209,5116,5351,6942,7726,9583,11322,14954,15780,16968,19413,13920,17412,4069,7058,463,504,1010,1474,1363,2312,1751,3329,2787,3588,3556,3642,8551,10849,3755,6433,97472,47771,15338,5120,47371,2354,119,12,5
2021-05-08T23:59:59+02:00,5,8,2472,2208,5115,5351,6942,7724,9579,11319,14953,15779,16968,19413,13920,17412,4069,7058,462,503,1010,1474,1363,2311,1751,3329,2786,3587,3554,3642,8551,10849,3755,6433,97458,47767,15337,5120,47369,2351,119,12,5
2021-05-07T23:59:59+02:00,5,8,2300,2146,4842,5257,6580,7570,9130,11104,14510,15459,16791,19211,13908,17383,4069,7056,450,501,999,1463,1348,2296,1716,3319,2736,3552,3509,3602,8474,10768,3755,6430,96751,47744,14817,4775,45634,2281,115,12,5
2021-05-06T23:59:59+02:00,5,8,2063,2012,4290,4907,5927,7194,8363,10546,13533,14637,16395,18761,13859,17289,4057,7043,420,453,957,1364,1261,2135,1610,3095,2514,3269,3331,3402,8296,10577,3746,6417,94177,47305,13577,4171,43078,1322,46,11,5
2021-05-05T23:59:59+02:00,5,8,1938,1899,4004,4683,5494,6823,7672,9959,12415,13579,15719,17926,13756,17187,4048,7019,411,441,944,1337,1231,2091,1575,3019,2454,3185,3281,3362,8218,10480,3740,6407,89764,47174,12252,4025,42076,943,31,11,5
2021-05-04T23:59:59+02:00,5,8,1852,1814,3736,4447,5084,6464,7011,9385,11197,12335,14801,16799,13646,17050,4044,7005,406,432,925,1318,1212,2048,1557,2982,2409,3130,3238,3315,8129,10369,3734,6393,83953,47037,11614,3827,41089,713,17,10,5
2021-05-03T23:59:59+02:00,4,8,1799,1762,3586,4323,4851,6251,6627,9053,10469,11599,14078,15821,13560,16934,4035,6988,400,422,922,1305,1198,2014,1537,2941,2376,3084,3185,3275,8016,10267,3729,6387,79524,46912,11410,3606,40790,522,15,9,5
2021-05-02T23:59:59+02:00,4,8,1789,1743,3512,4298,4768,6198,6557,8992,10353,11485,13891,15627,13528,16907,4034,6983,398,414,916,1290,1195,1997,1534,2928,2360,3067,3170,3258,7980,10235,3728,6383,78967,46893,11133,3509,40557,437,11,9,5
2021-05-01T23:59:59+02:00,4,8,1786,1743,3511,4297,4768,6197,6554,8991,10348,11481,13888,15627,13527,16906,4034,6980,397,414,916,1290,1195,1996,1534,2928,2360,3067,3170,3258,7980,10235,3728,6382,78941,46890,11133,3509,40556,437,11,9,5
2021-04-30T23:59:59+02:00,4,8,1784,1737,3505,4287,4761,6184,6533,8976,10310,11443,13837,15553,13501,16875,4033,6979,397,412,915,1288,1195,1996,1534,2928,2358,3066,3170,3256,7979,10233,3728,6382,78613,46883,11133,3508,40546,433,10,8,5
2021-04-29T23:59:59+02:00,4,7,1656,1695,3264,4172,4485,6034,6220,8725,9896,11053,13258,14850,13398,16721,4027,6971,389,401,906,1267,1175,1962,1509,2891,2328,3018,3155,3244,7966,10215,3726,6378,75838,46766,10747,3507,39836,245,9,6,5
2021-04-28T23:59:59+02:00,4,7,1528,1648,3088,4072,4248,5856,5860,8453,9308,10563,12382,13668,13242,16512,4018,6957,380,391,890,1255,1159,1933,1473,2847,2258,2949,3003,3112,7854,10099,3719,6367,71344,46352,10559,3096,39498,231,7,6,5
2021-04-27T23:59:59+02:00,4,7,1488,1603,2979,3954,4044,5713,5553,8194,8688,9892,11343,12362,13013,16157,4007,6935,368,376,881,1234,1144,1898,1446,2775,2212,2888,2964,3069,7827,10069,3713,6363,66539,46142,10371,2924,39013,151,7,6,5
2021-04-26T23:59:59+02:00,4,7,1461,1570,2866,3877,3871,5569,5242,7980,8199,9451,10588,11436,12869,15953,3996,6917,367,371,871,1223,1128,1887,1416,2755,2185,2858,2915,3019,7781,10020,3707,6358,63128,46045,10181,2676,38534,130,7,6,5
2021-04-25T23:59:59+02:00,4,7,1450,1564,2799,3847,3776,5509,5107,7933,8003,9345,10392,11201,12832,15899,3995,6912,366,366,862,1216,1110,1873,1401,2736,2163,2831,2873,2986,7732,9972,3706,6353,62624,45966,9978,2466,37960,104,7,6,5
2021-04-24T23:59:59+02:00,4,7,1449,1564,2799,3846,3776,5508,5105,7931,7999,9341,10386,11198,12832,15899,3995,6912,366,366,862,1216,1110,1871,1399,2735,2162,2831,2873,2986,7732,9972,3706,6353,62601,45962,9978,2465,37959,103,7,6,5
2021-04-23T23:59:59+02:00,4,7,1433,1554,2731,3812,3694,5478,4987,7883,7865,9281,10300,11088,12808,15858,3993,6908,365,366,861,1213,1110,1871,1398,2735,2162,2831,2873,2986,7731,9972,3706,6353,62471,45957,9698,2464,37502,102,7,6,5
2021-04-22T23:59:59+02:00,4,7,1390,1525,2624,3745,3535,5374,4756,7730,7513,9045,9731,10396,12542,15559,3987,6885,358,365,852,1202,1098,1859,1383,2708,2134,2809,2828,2937,7640,9865,3695,6337,60855,45552,9039,2420,36441,88,7,6,5
2021-04-21T23:59:59+02:00,4,7,1356,1487,2542,3667,3417,5272,4539,7549,7104,8718,8845,9365,12131,14980,3974,6844,354,363,847,1185,1089,1838,1365,2678,2104,2781,2770,2880,7526,9701,3678,6309,58134,45074,8170,2296,35484,88,7,6,5
2021-04-20T23:59:59+02:00,4,7,1333,1461,2472,3593,3315,5174,4364,7367,6718,8388,7953,8237,11669,14389,3960,6830,349,358,835,1172,1080,1816,1341,2655,2071,2738,2709,2823,7378,9518,3648,6256,55279,44364,7405,2291,34539,83,6,5,5
2021-04-19T23:59:59+02:00,4,7,1317,1446,2434,3555,3254,5107,4258,7265,6478,8156,7321,7463,11417,14034,3950,6812,347,356,831,1162,1074,1804,1318,2642,2037,2713,2655,2779,7263,9354,3625,6217,53336,43810,7033,2278,33898,80,6,5,5
2021-04-18T23:59:59+02:00,4,6,1308,1434,2402,3529,3215,5086,4205,7208,6344,8027,6967,7074,11323,13930,3947,6800,347,355,829,1158,1073,1797,1316,2629,2031,2708,2649,2766,7237,9322,3623,6214,52821,43689,6573,2276,33404,80,6,5,5
2021-04-17T23:59:59+02:00,4,6,1307,1432,2402,3528,3214,5082,4200,7205,6337,8017,6953,7064,11321,13928,3947,6800,347,355,828,1157,1073,1797,1314,2628,2030,2706,2646,2764,7236,9322,3623,6214,52799,43676,6571,2275,33366,80,6,5,5
2021-04-16T23:59:59+02:00,4,6,1304,1431,2392,3521,3206,5074,4179,7187,6286,7984,6877,6979,11309,13914,3945,6798,347,354,825,1155,1071,1797,1311,2627,2027,2706,2645,2757,7233,9320,3622,6214,52741,43653,6335,2270,33309,79,6,5,5
2021-04-15T23:59:59+02:00,2,4,1267,1410,2337,3473,3110,5015,4019,7059,6029,7752,6333,6421,11061,13625,3931,6766,339,352,807,1134,1032,1738,1266,2555,1953,2611,2567,2688,7145,9233,3612,6197,51655,43064,5947,2084,32001,74,6,5,3
2021-04-14T23:59:59+02:00,2,4,1245,1397,2302,3445,3041,4953,3912,6953,5838,7543,5691,5718,10672,13140,3899,6715,331,349,795,1125,1015,1713,1236,2514,1902,2561,2490,2619,6997,9038,3593,6171,50253,42405,5740,1964,30467,74,5,5,3
2021-04-13T23:59:59+02:00,2,4,1231,1387,2270,3415,2985,4890,3802,6871,5590,7321,5159,5172,10331,12727,3876,6687,310,335,777,1097,992,1693,1211,2479,1866,2520,2424,2553,6879,8902,3557,6110,49237,41721,5536,1907,28937,71,5,5,3
2021-04-12T23:59:59+02:00,2,4,1215,1381,2244,3392,2935,4845,3676,6791,5380,7171,4832,4877,10082,12446,3867,6664,294,331,763,1093,975,1677,1197,2456,1816,2473,2347,2495,6765,8761,3542,6088,48774,41146,5338,1859,27684,64,3,5,3
2021-04-11T23:59:59+02:00,2,4,1208,1368,2225,3373,2902,4825,3614,6720,5235,7062,4601,4678,9897,12248,3862,6653,287,329,758,1085,965,1663,1186,2428,1794,2443,2293,2436,6682,8653,3528,6068,48691,40731,5102,1801,26677,63,2,5,3
2021-04-10T23:59:59+02:00,2,4,1208,1367,2222,3369,2900,4821,3608,6717,5225,7051,4596,4669,9889,12235,3862,6652,284,325,743,1078,952,1658,1163,2408,1724,2391,2210,2350,6626,8606,3527,6064,48636,40566,5102,1480,26652,60,2,5,3
2021-04-09T23:59:59+02:00,2,4,1205,1364,2215,3367,2892,4812,3599,6706,5195,7027,4572,4643,9864,12205,3861,6652,275,322,723,1068,937,1637,1130,2361,1633,2316,1992,2081,6472,8449,3505,6031,48563,39715,5097,1154,26518,60,2,5,3
2021-04-08T23:59:59+02:00,2,4,1180,1344,2160,3311,2808,4722,3459,6576,4959,6794,4184,4235,9323,11634,3843,6599,250,302,671,1007,879,1565,1057,2264,1499,2196,1717,1746,6012,7892,3418,5888,48107,37160,4571,1151,24452,49,2,5,3
2021-04-07T23:59:59+02:00,2,4,1170,1330,2128,3294,2766,4684,3370,6514,4795,6659,3891,3935,8762,11084,3826,6568,216,272,611,953,819,1494,998,2203,1394,2097,1577,1571,5415,7197,3328,5736,47901,34685,4098,1146,22777,48,1,5,3
2021-04-06T23:59:59+02:00,2,4,1149,1313,2085,3269,2727,4652,3305,6467,4668,6567,3640,3681,8273,10574,3810,6538,209,266,583,934,794,1445,954,2146,1311,2010,1433,1384,4840,6408,3218,5531,47706,32281,3562,1138,21450,45,1,5,3
2021-04-05T23:59:59+02:00,2,4,1146,1308,2081,3266,2717,4650,3291,6453,4646,6549,3608,3654,8245,10537,3806,6536,206,253,576,918,775,1421,938,2110,1271,1970,1386,1321,4627,6138,3170,5476,47620,31373,3556,1136,21317,45,1,5,3
2021-04-04T23:59:59+02:00,2,4,1146,1308,2081,3265,2717,4649,3291,6453,4645,6548,3604,3652,8243,10535,3806,6536,206,253,575,918,775,1421,938,2110,1271,1969,1386,1321,4626,6138,3170,5476,47614,31370,3556,1136,21309,45,1,5,3
2021-04-03T23:59:59+02:00,2,4,1146,1308,2080,3265,2717,4649,3291,6453,4645,6548,3603,3650,8243,10533,3806,6536,206,253,575,918,775,1421,938,2110,1271,1969,1386,1321,4626,6138,3170,5476,47612,31370,3555,1136,21306,45,1,5,3
2021-04-02T23:59:59+02:00,2,4,1146,1308,2080,3263,2717,4648,3291,6450,4645,6546,3601,3646,8241,10532,3806,6536,206,253,575,918,775,1419,938,2110,1271,1968,1386,1319,4624,6137,3169,5476,47596,31362,3555,1135,21305,45,1,5,3
2021-04-01T23:59:59+02:00,1,4,1133,1271,2015,3141,2609,4449,3143,6201,4488,6307,3557,3610,8143,10427,3796,6520,201,244,571,910,764,1413,928,2096,1248,1952,1365,1292,4385,5818,3051,5311,47230,30378,3550,1131,20029,38,1,5,3
2021-03-31T23:59:59+02:00,1,4,1115,1239,1976,3040,2533,4306,3053,5988,4359,6078,3476,3529,7992,10229,3777,6486,193,241,564,898,760,1395,916,2076,1207,1918,1309,1229,3900,5224,2924,5078,46631,28664,3423,1131,19121,37,1,5,1
2021-03-30T23:59:59+02:00,1,3,1093,1205,1927,2859,2431,4080,2902,5630,4157,5690,3383,3435,7828,10025,3751,6435,189,236,556,887,749,1373,893,2056,1159,1873,1225,1146,3379,4515,2702,4746,45998,26524,3261,1131,17570,29,1,5,1
2021-03-29T23:59:59+02:00,1,3,1077,1161,1866,2723,2347,3921,2764,5376,3995,5417,3286,3337,7668,9797,3722,6388,188,233,550,876,739,1359,876,2032,1124,1844,1151,1061,2801,3838,2523,4452,45357,24501,3034,1127,16452,19,1,5,1
2021-03-28T23:59:59+02:00,1,3,1058,1128,1794,2558,2263,3715,2643,5076,3843,5140,3221,3272,7603,9732,3718,6382,188,233,548,873,738,1357,874,2026,1121,1842,1142,1049,2746,3770,2510,4425,45250,24304,2823,1124,15071,14,1,5,1
2021-03-27T23:59:59+01:00,1,3,1058,1128,1794,2557,2262,3714,2640,5076,3840,5140,3217,3272,7602,9732,3718,6382,188,233,547,873,738,1357,873,2026,1118,1842,1142,1049,2746,3770,2510,4425,45241,24299,2823,1124,15066,14,1,5,1
2021-03-26T23:59:59+01:00,1,3,1054,1106,1751,2442,2198,3556,2578,4865,3754,4916,3196,3255,7599,9727,3717,6381,188,232,546,873,737,1357,873,2026,1118,1839,1138,1048,2743,3762,2509,4422,45215,24275,2820,1124,14058,12,1,5,1
2021-03-25T23:59:59+01:00,1,3,1028,1074,1700,2339,2114,3388,2472,4637,3643,4719,3095,3165,7472,9596,3710,6367,186,229,541,872,730,1347,867,2009,1103,1815,1092,1004,2517,3416,2312,4130,44960,23034,2488,1124,13070,12,1,4,1
2021-03-24T23:59:59+01:00,1,3,1006,1055,1680,2297,2083,3338,2437,4570,3599,4650,3008,3096,7344,9425,3693,6348,186,225,535,868,723,1337,856,1994,1084,1794,1052,962,2133,2873,1923,3620,44425,21031,2359,1122,12844,12,1,4,1
2021-03-23T23:59:59+01:00,1,3,996,1049,1662,2265,2060,3304,2401,4527,3559,4599,2941,3023,7251,9324,3675,6320,184,222,531,863,716,1325,842,1975,1047,1764,971,872,1772,2384,1581,3157,43913,19106,2349,1088,12694,12,1,3,1
2021-03-22T23:59:59+01:00,1,3,993,1041,1647,2249,2046,3286,2379,4499,3522,4558,2896,2989,7189,9254,3660,6303,181,219,530,852,700,1302,828,1961,1018,1737,925,801,1304,1811,1235,2677,43577,17035,2329,1034,12605,12,1,3,1
2021-03-21T23:59:59+01:00,1,3,993,1041,1646,2246,2046,3285,2375,4495,3511,4551,2883,2980,7141,9198,3654,6297,181,216,529,850,699,1298,826,1957,1007,1732,902,782,1228,1726,1182,2608,43432,16734,2326,977,12584,12,1,3,1
2021-03-20T23:59:59+01:00,1,3,992,1040,1645,2245,2046,3285,2375,4495,3509,4549,2883,2979,7141,9197,3654,6297,181,216,529,850,699,1298,826,1957,995,1719,867,754,1197,1703,1174,2606,43431,16732,2322,827,12579,12,1,3,1
2021-03-19T23:59:59+01:00,1,3,991,1032,1638,2233,2035,3281,2373,4489,3502,4542,2873,2968,7128,9179,3653,6294,181,215,528,850,699,1296,826,1956,988,1714,823,717,1140,1653,1164,2596,43368,16690,2317,644,12526,12,1,3,1
2021-03-18T23:59:59+01:00,1,3,952,1000,1564,2122,1911,3114,2225,4243,3274,4291,2721,2810,6826,8814,3587,6195,180,214,523,845,692,1289,817,1945,966,1698,805,695,1065,1547,1024,2397,41973,16123,2008,567,11668,12,1,3,1
2021-03-17T23:59:59+01:00,1,3,898,967,1493,2065,1848,3048,2160,4181,3179,4195,2586,2677,6401,8323,3523,6081,179,212,520,840,690,1285,813,1940,961,1691,776,676,930,1394,868,2185,40207,15382,2005,566,11413,12,1,3,1
2021-03-16T23:59:59+01:00,1,3,873,944,1460,2026,1809,2999,2107,4126,3085,4097,2452,2518,5931,7677,3435,5931,173,209,515,839,686,1278,808,1931,954,1678,771,663,843,1268,726,2022,38224,14784,1946,566,11300,12,1,3,1
2021-03-15T23:59:59+01:00,1,3,856,937,1442,2004,1771,2944,2069,4054,2985,3988,2320,2348,5449,7135,3363,5818,172,208,515,832,684,1269,804,1921,944,1662,760,653,773,1157,578,1825,36460,14216,1850,528,11174,12,0,3,1
2021-03-14T23:59:59+01:00,1,3,851,923,1417,1975,1747,2915,2038,3994,2923,3922,2142,2154,5263,6909,3331,5787,172,208,514,829,682,1258,803,1914,941,1652,742,644,757,1138,554,1770,35438,14071,1752,503,11102,3,0,3,1
2021-03-13T23:59:59+01:00,1,3,843,916,1396,1964,1731,2902,2013,3966,2851,3874,2073,2080,5216,6856,3329,5786,172,208,514,828,682,1258,803,1914,941,1652,740,644,757,1135,554,1770,35188,14065,1513,503,11096,3,0,3,1
2021-03-12T23:59:59+01:00,1,3,819,901,1352,1907,1669,2803,1916,3814,2695,3707,1876,1843,5032,6634,3299,5743,172,208,513,828,682,1258,802,1914,941,1651,732,641,744,1120,547,1767,33864,14014,1274,502,10873,3,0,3,1
2021-03-11T23:59:59+01:00,1,3,784,842,1283,1824,1586,2656,1832,3613,2532,3535,1613,1534,4666,6165,3166,5561,163,202,507,819,672,1249,787,1879,920,1611,604,580,675,1079,527,1736,31755,13515,1179,492,10259,2,0,3,1
2021-03-10T23:59:59+01:00,1,3,768,791,1260,1766,1553,2597,1781,3542,2451,3445,1542,1445,4198,5627,3048,5311,163,200,498,797,654,1236,779,1859,913,1595,535,565,642,1070,520,1730,29946,13365,1172,388,10008,2,0,3,1
2021-03-09T23:59:59+01:00,1,3,756,768,1240,1735,1525,2551,1741,3491,2378,3393,1450,1348,3638,4879,2864,5006,161,198,493,776,644,1212,765,1827,901,1567,531,563,640,1065,517,1724,27786,13305,1169,276,9809,2,0,3,1
2021-03-08T23:59:59+01:00,0,3,752,741,1227,1716,1509,2531,1715,3455,2340,3350,1358,1248,2970,4051,2628,4636,157,195,479,752,622,1179,746,1777,877,1530,527,561,640,1064,517,1724,25340,13297,1169,49,9718,0,0,3,1
2021-03-07T23:59:59+01:00,0,3,749,737,1219,1707,1501,2517,1705,3447,2329,3342,1345,1232,2868,3931,2605,4586,157,195,479,752,622,1179,746,1777,877,1530,527,561,640,1064,517,1724,24988,13297,1167,49,9665,0,0,3,1
2021-03-06T23:59:59+01:00,0,3,748,737,1218,1704,1498,2514,1701,3444,2325,3341,1342,1232,2868,3931,2605,4586,156,195,479,752,622,1179,746,1777,877,1530,527,561,640,1064,517,1724,24983,13296,1167,49,9644,0,0,3,1
2021-03-05T23:59:59+01:00,0,3,683,711,1192,1690,1477,2505,1676,3429,2296,3332,1337,1229,2860,3923,2602,4581,156,195,479,751,622,1178,746,1777,877,1528,526,561,640,1064,517,1724,24953,13291,1163,49,9407,0,0,3,1
2021-03-04T23:59:59+01:00,0,3,617,662,1125,1621,1420,2423,1635,3350,2222,3255,1287,1181,2644,3559,2419,4294,154,190,476,737,611,1166,735,1749,868,1515,516,550,628,1054,512,1715,23736,13127,1156,48,8822,0,0,3,1
2021-03-03T23:59:59+01:00,0,3,581,623,1057,1557,1323,2341,1535,3264,2097,3171,1243,1136,2277,3039,2066,3851,154,190,474,734,611,1166,734,1747,866,1514,514,549,626,1051,512,1713,21882,13107,1155,47,8126,0,0,1,1
2021-03-02T23:59:59+01:00,0,3,563,590,1019,1511,1267,2298,1478,3212,2001,3110,1160,1036,1911,2559,1678,3328,152,188,469,728,606,1155,724,1737,861,1494,505,540,615,1030,493,1683,19817,12932,1152,47,7754,0,0,1,1
2021-03-01T23:59:59+01:00,0,3,556,542,1001,1472,1221,2237,1432,3147,1946,3037,1116,962,1419,1964,1303,2792,150,188,469,728,606,1154,724,1734,860,1494,503,540,612,1021,489,1672,17554,12896,1149,47,7446,0,0,1,1
2021-02-28T23:59:59+01:00,0,3,549,529,984,1433,1195,2176,1404,3089,1891,2964,1095,940,1305,1823,1230,2703,150,188,468,727,606,1154,723,1732,859,1493,501,540,612,1021,489,1672,17075,12887,1147,47,7090,0,0,1,1
2021-02-27T23:59:59+01:00,0,3,549,527,983,1433,1195,2174,1404,3088,1891,2963,1095,940,1305,1822,1229,2703,150,188,467,726,603,1152,721,1730,857,1492,501,540,612,1021,489,1672,17073,12887,1147,33,7083,0,0,1,1
2021-02-26T23:59:59+01:00,0,3,400,476,852,1389,1111,2131,1337,3047,1832,2921,1090,933,1302,1821,1229,2702,150,188,467,726,603,1152,721,1729,857,1491,501,540,612,1021,489,1672,17063,12886,1147,32,6365,0,0,1,1
2021-02-25T23:59:59+01:00,0,3,308,422,757,1295,1027,2042,1238,2873,1693,2759,1052,901,1221,1697,1116,2514,143,178,455,713,587,1127,714,1704,837,1467,489,526,584,990,475,1653,16475,12619,1147,22,5295,0,0,1,1
2021-02-24T23:59:59+01:00,0,2,259,377,685,1220,953,1954,1184,2755,1628,2641,1025,881,1098,1552,960,2301,141,178,452,710,583,1126,713,1699,836,1463,484,521,576,985,472,1641,15770,12560,1145,19,4559,0,0,1,1
2021-02-23T23:59:59+01:00,0,2,247,356,663,1162,925,1875,1136,2643,1553,2533,1000,853,1021,1424,823,2143,141,177,452,708,583,1126,713,1696,834,1462,483,519,574,984,472,1640,15221,12549,1114,14,4023,0,0,1,1
2021-02-22T23:59:59+01:00,0,0,233,337,640,1132,893,1792,1087,2551,1469,2410,955,824,903,1281,642,1891,141,177,451,707,581,1125,711,1696,828,1460,482,518,573,982,471,1638,14481,12537,1045,3,3513,0,0,1,1
2021-02-21T23:59:59+01:00,0,0,227,326,606,1066,843,1686,1044,2450,1390,2303,938,803,872,1230,590,1827,141,176,448,700,580,1121,711,1691,828,1459,481,518,572,982,470,1637,14275,12511,1005,3,2920,0,0,1,1
2021-02-20T23:59:59+01:00,0,0,227,323,603,1065,841,1681,1041,2445,1377,2286,902,774,841,1207,582,1825,141,176,448,700,580,1121,711,1691,828,1459,481,517,571,982,470,1637,14275,12510,851,3,2893,0,0,1,0
2021-02-19T23:59:59+01:00,0,0,217,315,593,1057,828,1666,1020,2428,1344,2243,659,672,704,1145,557,1808,141,176,448,699,580,1118,710,1689,825,1456,481,517,571,981,469,1637,13799,12495,671,3,2785,0,0,1,0
2021-02-18T23:59:59+01:00,0,0,200,265,554,936,744,1439,889,2169,1096,1868,579,604,666,1105,538,1791,136,176,435,687,565,1101,704,1663,809,1428,478,514,570,979,469,1637,13643,12348,575,3,1224,0,0,1,0
2021-02-17T23:59:59+01:00,0,0,195,227,534,887,708,1342,831,2002,1011,1736,557,584,666,1102,536,1788,129,174,424,677,557,1085,685,1632,796,1406,475,512,568,976,469,1636,13627,12198,575,3,503,0,0,1,0
2021-02-16T23:59:59+01:00,0,0,189,224,527,872,692,1311,812,1963,978,1696,545,579,660,1100,535,1786,124,169,410,671,546,1069,673,1614,787,1392,468,507,561,963,463,1609,13599,12024,575,2,294,0,0,1,0
2021-02-15T23:59:59+01:00,0,0,174,215,521,845,686,1277,798,1928,949,1649,544,576,658,1100,535,1786,121,168,403,661,536,1050,644,1587,773,1374,466,504,561,963,463,1609,13596,11881,536,2,108,0,0,1,0
2021-02-14T23:59:59+01:00,0,0,169,207,518,833,685,1268,795,1919,931,1640,543,575,658,1097,534,1786,114,165,392,650,519,1032,626,1573,766,1362,466,502,559,961,463,1609,13590,11757,534,2,33,0,0,1,0
2021-02-13T23:59:59+01:00,0,0,168,207,517,833,685,1268,795,1919,931,1640,543,575,658,1097,534,1786,114,165,391,649,519,1032,626,1573,766,1362,466,502,559,961,463,1609,13589,11755,534,2,32,0,0,1,0
2021-02-12T23:59:59+01:00,0,0,167,206,513,832,684,1265,791,1918,929,1637,542,575,658,1097,534,1786,110,163,388,643,515,1026,612,1559,762,1345,464,501,548,941,460,1584,13582,11619,533,2,18,0,0,1,0
2021-02-11T23:59:59+01:00,0,0,165,205,509,825,677,1261,789,1915,923,1635,537,569,651,1091,529,1780,90,127,359,572,469,947,561,1441,718,1251,439,456,507,887,419,1491,13531,10733,521,1,8,0,0,1,0
2021-02-10T23:59:59+01:00,0,0,162,203,499,808,661,1246,777,1888,908,1611,529,563,641,1079,524,1770,80,115,331,513,442,840,519,1266,644,1095,391,406,441,775,373,1336,13408,9566,459,1,1,0,0,1,0
2021-02-09T23:59:59+01:00,0,0,161,196,491,769,645,1207,757,1827,897,1569,517,551,635,1065,516,1754,75,99,312,447,407,756,479,1162,579,995,361,352,402,691,343,1223,13299,8683,257,0,0,0,0,1,0
2021-02-08T23:59:59+01:00,0,0,157,192,474,744,622,1172,737,1777,877,1525,511,550,633,1059,512,1741,62,73,267,378,359,620,419,933,506,816,304,297,339,543,288,1032,13232,7236,50,0,0,0,0,1,0
2021-02-07T23:59:59+01:00,0,0,157,191,473,743,620,1171,736,1769,875,1523,510,550,633,1059,512,1740,61,65,249,343,340,576,403,901,487,781,303,289,337,536,286,1029,13211,6986,50,0,0,0,0,1,0
2021-02-06T23:59:59+01:00,0,0,157,191,473,743,620,1171,736,1769,875,1523,510,550,633,1059,512,1740,61,65,249,343,340,576,403,900,485,779,303,288,336,534,285,1029,13211,6976,50,0,0,0,0,1,0
2021-02-05T23:59:59+01:00,0,0,157,191,473,743,620,1171,736,1769,875,1522,510,550,633,1059,512,1740,59,65,247,341,333,572,395,878,476,759,293,283,326,512,270,993,13210,6802,50,0,0,0,0,1,0
2021-02-04T23:59:59+01:00,0,0,151,186,469,735,613,1163,732,1755,869,1513,503,543,612,1034,503,1722,43,50,213,308,292,476,354,737,384,613,229,216,243,352,201,735,13053,5446,49,0,0,0,0,1,0
2021-02-03T23:59:59+01:00,0,0,149,186,463,729,605,1154,728,1743,860,1497,494,535,599,1021,496,1714,35,32,157,217,238,348,265,562,309,465,180,170,171,264,153,554,12924,4120,48,0,0,0,0,1,0
2021-02-02T23:59:59+01:00,0,0,149,183,461,728,605,1154,725,1737,853,1493,493,534,595,1018,495,1710,26,26,138,170,193,279,221,427,258,374,140,131,129,199,119,437,12884,3267,48,0,0,0,0,1,0
2021-02-01T23:59:59+01:00,0,0,147,183,460,727,600,1151,724,1729,851,1488,492,532,590,1015,494,1704,21,19,101,125,137,188,154,299,169,259,89,94,87,126,65,238,12838,2171,48,0,0,0,0,1,0
2021-01-31T23:59:59+01:00,0,0,147,183,460,724,597,1150,724,1725,851,1487,490,531,589,1013,494,1703,15,15,67,84,95,123,117,222,142,203,84,87,83,118,63,224,12820,1742,48,0,0,0,0,0,0
2021-01-30T23:59:59+01:00,0,0,147,183,459,724,595,1148,723,1724,851,1487,490,531,588,1013,494,1703,15,15,67,84,95,121,115,218,139,200,83,86,83,112,57,214,12819,1704,41,0,0,0,0,0,0
2021-01-29T23:59:59+01:00,0,0,147,183,459,722,594,1145,721,1722,849,1486,490,531,588,1013,494,1703,13,15,55,79,78,117,97,207,116,188,78,79,82,108,56,213,12814,1581,33,0,0,0,0,0,0
2021-01-28T23:59:59+01:00,0,0,140,179,446,705,577,1119,715,1695,826,1457,483,525,585,1010,491,1700,8,3,12,19,24,45,30,95,48,89,45,50,54,78,41,158,12628,799,25,0,0,0,0,0,0
2021-01-27T23:59:59+01:00,0,0,133,177,435,695,569,1110,699,1661,819,1434,480,523,581,1005,491,1695,4,1,4,11,10,23,13,40,23,31,12,17,24,31,18,48,12484,310,23,0,0,0,0,0,0
2021-01-26T23:59:59+01:00,0,0,127,173,421,682,556,1096,690,1638,808,1413,474,518,575,988,484,1661,4,1,4,10,7,21,11,37,17,28,12,15,23,30,18,47,12290,285,14,0,0,0,0,0,0
2021-01-25T23:59:59+01:00,0,0,124,171,412,670,545,1077,662,1610,790,1396,472,514,573,987,484,1661,3,1,3,9,7,16,6,28,12,22,9,6,13,19,9,29,12145,192,3,0,0,0,0,0,0
2021-01-24T23:59:59+01:00,0,0,117,168,402,660,531,1059,645,1597,777,1385,471,511,572,987,484,1661,2,0,1,6,7,4,4,7,5,9,1,2,11,12,6,16,12024,93,3,0,0,0,0,0,0
2021-01-23T23:59:59+01:00,0,0,117,168,402,659,531,1059,645,1597,777,1385,471,511,572,987,484,1661,1,0,1,6,7,4,4,7,5,9,1,2,11,12,6,16,12023,92,3,0,0,0,0,0,0
2021-01-22T23:59:59+01:00,0,0,113,166,395,653,528,1053,631,1583,771,1368,471,508,561,966,479,1635,1,0,1,6,7,4,4,7,5,9,1,2,11,12,6,16,11878,92,3,0,0,0,0,0,0
2021-01-21T23:59:59+01:00,0,0,101,158,380,635,505,1020,601,1533,748,1326,455,470,528,922,446,1570,1,0,1,6,7,4,4,7,5,9,1,2,11,12,6,16,11395,92,3,0,0,0,0,0,0
2021-01-20T23:59:59+01:00,0,0,82,116,346,546,461,880,543,1299,660,1139,397,411,445,787,387,1358,1,0,1,5,7,4,4,7,5,9,1,2,11,12,6,16,9854,91,3,0,0,0,0,0,0
2021-01-19T23:59:59+01:00,0,0,77,104,317,470,421,791,503,1185,608,1036,374,374,410,710,358,1268,1,0,1,3,7,4,4,7,5,9,1,0,8,8,5,15,9003,78,3,0,0,0,0,0,0
2021-01-18T23:59:59+01:00,0,0,63,74,272,383,366,641,429,953,515,839,308,307,345,562,305,1080,1,0,1,3,7,4,4,7,5,9,1,0,8,8,5,15,7440,78,2,0,0,0,0,0,0
2021-01-17T23:59:59+01:00,0,0,61,65,253,348,344,589,410,911,492,800,305,298,344,555,303,1072,0,0,0,0,0,0,0,0,0,0,0,0,0,0,0,0,7148,0,2,0,0,0,0,0,0
2021-01-16T23:59:59+01:00,0,0,61,65,253,348,344,589,410,910,490,798,305,297,342,551,302,1072,0,0,0,0,0,0,0,0,0,0,0,0,0,0,0,0,7135,0,2,0,0,0,0,0,0
2021-01-15T23:59:59+01:00,0,0,59,65,252,345,338,583,399,887,479,773,291,291,325,524,281,1034,0,0,0,0,0,0,0,0,0,0,0,0,0,0,0,0,6924,0,2,0,0,0,0,0,0
2021-01-14T23:59:59+01:00,0,0,45,52,238,322,314,508,365,762,392,627,228,219,242,353,205,751,0,0,0,0,0,0,0,0,0,0,0,0,0,0,0,0,5623,0,0,0,0,0,0,0,0
2021-01-13T23:59:59+01:00,0,0,39,42,213,266,273,409,300,612,321,502,177,176,174,269,163,587,0,0,0,0,0,0,0,0,0,0,0,0,0,0,0,0,4523,0,0,0,0,0,0,0,0
2021-01-12T23:59:59+01:00,0,0,35,40,208,251,259,377,277,533,290,456,141,135,135,206,127,458,0,0,0,0,0,0,0,0,0,0,0,0,0,0,0,0,3928,0,0,0,0,0,0,0,0
2021-01-11T23:59:59+01:00,0,0,29,36,197,230,240,325,229,444,240,382,110,106,101,133,75,291,0,0,0,0,0,0,0,0,0,0,0,0,0,0,0,0,3168,0,0,0,0,0,0,0,0
2021-01-10T23:59:59+01:00,0,0,27,31,159,168,197,250,191,348,198,305,98,99,98,128,73,277,0,0,0,0,0,0,0,0,0,0,0,0,0,0,0,0,2647,0,0,0,0,0,0,0,0
2021-01-09T23:59:59+01:00,0,0,27,31,152,164,195,242,187,341,196,300,98,99,98,128,73,277,0,0,0,0,0,0,0,0,0,0,0,0,0,0,0,0,2608,0,0,0,0,0,0,0,0
2021-01-08T23:59:59+01:00,0,0,24,28,121,141,174,229,162,312,168,279,93,89,97,124,72,276,0,0,0,0,0,0,0,0,0,0,0,0,0,0,0,0,2389,0,0,0,0,0,0,0,0
2021-01-07T23:59:59+01:00,0,0,9,3,16,24,32,55,37,104,61,112,48,51,60,84,46,187,0,0,0,0,0,0,0,0,0,0,0,0,0,0,0,0,929,0,0,0,0,0,0,0,0
2021-01-06T23:59:59+01:00,0,0,4,1,5,11,10,22,13,39,20,31,13,14,25,35,20,55,0,0,0,0,0,0,0,0,0,0,0,0,0,0,0,0,318,0,0,0,0,0,0,0,0
2021-01-05T23:59:59+01:00,0,0,3,1,4,9,9,18,10,31,15,26,10,14,22,30,19,49,0,0,0,0,0,0,0,0,0,0,0,0,0,0,0,0,270,0,0,0,0,0,0,0,0
2021-01-04T23:59:59+01:00,0,0,2,1,2,7,9,10,4,15,8,16,5,3,11,16,8,26,0,0,0,0,0,0,0,0,0,0,0,0,0,0,0,0,143,0,0,0,0,0,0,0,0
2021-01-03T23:59:59+01:00,0,0,2,0,1,6,8,4,4,7,5,9,1,2,11,12,7,16,0,0,0,0,0,0,0,0,0,0,0,0,0,0,0,0,95,0,0,0,0,0,0,0,0
2021-01-02T23:59:59+01:00,0,0,2,0,1,6,8,4,4,7,5,9,1,2,11,12,7,16,0,0,0,0,0,0,0,0,0,0,0,0,0,0,0,0,95,0,0,0,0,0,0,0,0
2021-01-01T23:59:59+01:00,0,0,1,0,1,6,8,4,4,7,5,9,1,2,11,12,7,16,0,0,0,0,0,0,0,0,0,0,0,0,0,0,0,0,94,0,0,0,0,0,0,0,0
2020-12-31T23:59:59+01:00,0,0,1,0,1,5,8,4,4,7,5,9,1,2,11,12,7,16,0,0,0,0,0,0,0,0,0,0,0,0,0,0,0,0,93,0,0,0,0,0,0,0,0
2020-12-30T23:59:59+01:00,0,0,1,0,1,5,8,4,4,7,5,9,1,2,11,12,7,16,0,0,0,0,0,0,0,0,0,0,0,0,0,0,0,0,93,0,0,0,0,0,0,0,0
2020-12-29T23:59:59+01:00,0,0,1,0,1,3,8,4,4,7,5,9,1,0,8,8,6,15,0,0,0,0,0,0,0,0,0,0,0,0,0,0,0,0,80,0,0,0,0,0,0,0,0
2020-12-28T23:59:59+01:00,0,0,1,0,1,3,8,4,4,7,5,9,1,0,8,8,6,15,0,0,0,0,0,0,0,0,0,0,0,0,0,0,0,0,80,0,0,0,0,0,0,0,0
2020-12-27T23:59:59+01:00,0,0,1,0,1,3,8,4,4,7,5,9,1,0,8,8,6,15,0,0,0,0,0,0,0,0,0,0,0,0,0,0,0,0,80,0,0,0,0,0,0,0,0
