Datum,<15_m,<15_w,15-24_1_m,15-24_1_w,25-34_1_m,25-34_1_w,35-44_1_m,35-44_1_w,45-54_1_m,45-54_1_w,55-64_1_m,55-64_1_w,65-74_1_m,65-74_1_w,75-84_1_m,75-84_1_w,>84_1_m,>84_1_w,<24_2_m,<24_2_w,25-34_2_m,25-34_2_w,35-44_2_m,35-44_2_w,45-54_2_m,45-54_2_w,55-64_2_m,55-64_2_w,65-74_2_m,65-74_2_w,75-84_2_m,75-84_2_w,>84_2_m,>84_2_w,bp_1,bp_2,mo_1,mo_2,az_1,az_2,ja,unb_1,unb_2
2021-10-10T23:59:59+02:00,2222,2082,17313,16013,22590,20842,24345,23881,27940,28609,30872,31799,21633,24705,15489,19484,4526,7855,15471,14329,21074,19209,22952,22361,26534,27037,29641,30531,20967,23974,15044,18796,4346,7547,236593,221516,32748,31527,55066,52074,17768,32,41
2021-10-09T23:59:59+02:00,2220,2082,17313,16012,22588,20841,24345,23881,27940,28609,30872,31799,21633,24705,15489,19484,4526,7855,15470,14327,21074,19209,22952,22361,26534,27036,29641,30531,20967,23974,15043,18796,4346,7547,236587,221508,32748,31527,55066,52074,17768,32,41
2021-10-08T23:59:59+02:00,2216,2075,17302,15991,22564,20830,24327,23873,27926,28594,30857,31792,21631,24700,15489,19484,4526,7855,15465,14316,21059,19195,22941,22354,26525,27020,29637,30525,20965,23968,15041,18795,4346,7547,236462,221415,32736,31527,55065,52074,17744,32,41
2021-10-07T23:59:59+02:00,2192,2057,17251,15952,22535,20789,24304,23849,27898,28571,30835,31770,21626,24697,15482,19472,4519,7848,15392,14237,20997,19126,22897,22306,26495,26983,29609,30502,20954,23953,15036,18785,4343,7546,236101,220883,32727,31479,55065,52066,17729,32,41
2021-10-06T23:59:59+02:00,2168,2034,17195,15906,22492,20737,24281,23809,27865,28540,30819,31745,21615,24684,15470,19460,4518,7840,15331,14164,20945,19069,22862,22273,26465,26946,29585,30473,20944,23940,15025,18780,4341,7544,235676,220404,32709,31454,55065,52066,17703,32,41
2021-10-05T23:59:59+02:00,2148,2018,17152,15869,22450,20708,24247,23773,27843,28516,30804,31728,21610,24675,15467,19448,4514,7828,15305,14135,20896,19044,22833,22247,26437,26922,29561,30449,20937,23922,15022,18772,4338,7544,235379,220136,32709,31454,55065,52066,17619,32,41
2021-10-04T23:59:59+02:00,2122,1983,17095,15833,22401,20681,24225,23750,27826,28483,30785,31709,21604,24665,15462,19443,4513,7823,15269,14113,20871,19016,22819,22224,26419,26903,29550,30435,20930,23912,15018,18768,4338,7538,235036,219931,32709,31454,55065,52064,17567,32,41
2021-10-03T23:59:59+02:00,2117,1972,17068,15794,22373,20648,24192,23728,27813,28464,30768,31700,21601,24658,15461,19436,4511,7820,15237,14074,20848,18988,22796,22206,26405,26881,29536,30425,20920,23899,15016,18765,4337,7537,234827,219712,32703,31444,55064,52062,17504,32,41
2021-10-02T23:59:59+02:00,2117,1972,17068,15794,22373,20648,24191,23728,27813,28464,30768,31700,21601,24658,15461,19436,4511,7820,15237,14074,20848,18988,22796,22206,26405,26881,29536,30424,20920,23899,15016,18765,4337,7537,234826,219711,32703,31444,55064,52062,17504,32,41
2021-10-01T23:59:59+02:00,2112,1967,17055,15778,22370,20636,24179,23709,27808,28457,30764,31695,21598,24656,15461,19434,4510,7820,15233,14072,20845,18986,22795,22206,26403,26879,29536,30420,20919,23897,15016,18765,4337,7537,234715,219685,32702,31444,55064,52062,17502,32,41
2021-09-30T23:59:59+02:00,2092,1951,16998,15727,22327,20582,24139,23674,27778,28424,30739,31671,21588,24647,15453,19424,4507,7815,15163,14006,20808,18951,22764,22165,26381,26845,29517,30399,20915,23888,15013,18757,4333,7532,234321,219302,32690,31421,55064,52058,17435,32,41
2021-09-29T23:59:59+02:00,2025,1909,16910,15652,22259,20516,24085,23623,27717,28375,30704,31644,21573,24634,15446,19411,4504,7813,15097,13952,20766,18899,22728,22114,26345,26816,29482,30373,20908,23876,15002,18750,4332,7529,233704,218915,32676,31399,55063,52055,17331,32,41
2021-09-28T23:59:59+02:00,2008,1892,16828,15587,22190,20464,24022,23582,27679,28335,30687,31627,21564,24619,15440,19400,4504,7810,15031,13905,20709,18858,22685,22088,26315,26781,29461,30352,20895,23861,14996,18740,4330,7525,233275,218583,32675,31399,55063,52054,17199,32,41
2021-09-27T23:59:59+02:00,1946,1824,16764,15527,22155,20428,23996,23554,27651,28299,30668,31610,21558,24613,15438,19397,4503,7808,15004,13873,20687,18821,22670,22062,26296,26769,29443,30336,20891,23851,14992,18732,4329,7522,232783,218311,32675,31399,55063,52053,17192,32,41
2021-09-26T23:59:59+02:00,1926,1803,16695,15463,22104,20369,23956,23503,27622,28273,30653,31601,21548,24606,15437,19394,4503,7806,14935,13807,20635,18768,22621,22006,26257,26732,29424,30309,20884,23841,14984,18729,4329,7519,232416,217915,32658,31372,55062,52040,17100,32,41
2021-09-25T23:59:59+02:00,1926,1803,16693,15463,22102,20368,23954,23502,27622,28273,30653,31601,21548,24606,15437,19394,4503,7806,14935,13807,20634,18768,22621,22006,26256,26730,29424,30309,20883,23841,14984,18729,4329,7519,232409,217911,32658,31372,55062,52040,17099,32,41
2021-09-24T23:59:59+02:00,1925,1800,16668,15444,22060,20340,23920,23481,27602,28252,30636,31586,21546,24602,15435,19393,4503,7806,14909,13780,20585,18736,22580,21980,26228,26710,29402,30289,20878,23835,14982,18727,4328,7518,232349,217784,32658,31372,55062,52040,16904,32,41
2021-09-23T23:59:59+02:00,1895,1763,16592,15359,21999,20265,23871,23413,27557,28197,30611,31546,21533,24591,15428,19378,4500,7804,14831,13717,20524,18693,22551,21933,26194,26666,29377,30262,20875,23824,14976,18719,4328,7517,231790,217383,32620,31338,55062,52040,16804,32,41
2021-09-22T23:59:59+02:00,1862,1732,16489,15283,21909,20189,23796,23358,27489,28137,30570,31511,21517,24569,15426,19365,4498,7801,14705,13610,20435,18615,22488,21863,26132,26605,29328,30227,20856,23814,14970,18711,4325,7508,231185,216706,32599,31296,55062,52033,16629,32,41
2021-09-21T23:59:59+02:00,1833,1688,16410,15209,21850,20129,23747,23309,27449,28101,30532,31471,21506,24548,15421,19354,4490,7792,14648,13562,20378,18575,22445,21820,26099,26580,29303,30201,20844,23800,14963,18700,4322,7504,230709,216420,32599,31296,55062,52033,16442,32,41
2021-09-20T23:59:59+02:00,1806,1673,16337,15145,21795,20082,23699,23269,27411,28058,30499,31453,21497,24536,15415,19348,4489,7790,14591,13509,20331,18530,22409,21793,26051,26548,29278,30176,20836,23788,14961,18694,4319,7501,230305,216103,32597,31295,55062,52032,16310,32,41
2021-09-19T23:59:59+02:00,1779,1651,16273,15096,21745,20022,23666,23236,27381,28030,30478,31428,21487,24525,15411,19337,4489,7787,14532,13466,20286,18478,22358,21770,26026,26516,29261,30162,20830,23775,14957,18691,4318,7497,229941,215821,32575,31262,55061,52032,16215,32,41
2021-09-18T23:59:59+02:00,1779,1651,16272,15094,21744,20021,23664,23234,27381,28029,30478,31428,21487,24525,15411,19337,4489,7787,14532,13464,20286,18478,22357,21769,26026,26514,29261,30162,20830,23775,14957,18691,4318,7497,229935,215820,32575,31261,55061,52032,16211,32,41
2021-09-17T23:59:59+02:00,1774,1644,16251,15076,21719,20002,23644,23222,27368,28013,30469,31422,21484,24522,15408,19334,4488,7787,14511,13450,20276,18472,22348,21765,26019,26510,29251,30156,20827,23772,14956,18690,4318,7497,229765,215718,32575,31261,55061,52032,16197,32,41
2021-09-16T23:59:59+02:00,1735,1614,16153,14979,21636,19902,23574,23139,27305,27953,30430,31385,21470,24505,15403,19324,4483,7787,14427,13377,20233,18417,22312,21714,25989,26465,29230,30125,20816,23762,14949,18683,4316,7493,228964,215264,32554,31183,55061,52020,16169,32,41
2021-09-15T23:59:59+02:00,1704,1597,16088,14902,21584,19849,23529,23094,27275,27920,30405,31360,21457,24484,15391,19315,4482,7785,14353,13291,20167,18357,22273,21662,25951,26422,29198,30102,20803,23747,14937,18675,4315,7491,228437,214704,32537,31139,55061,52015,16157,32,41
2021-09-14T23:59:59+02:00,1691,1582,16052,14856,21537,19810,23499,23059,27243,27883,30379,31336,21443,24473,15388,19302,4479,7784,14315,13252,20143,18335,22250,21636,25931,26407,29187,30092,20792,23739,14934,18668,4314,7489,228023,214422,32536,31138,55061,52015,16147,32,41
2021-09-13T23:59:59+02:00,1671,1569,16011,14804,21511,19779,23468,23028,27227,27847,30365,31322,21442,24463,15383,19300,4478,7782,14286,13238,20117,18319,22230,21616,25916,26395,29177,30069,20783,23728,14933,18661,4312,7487,227685,214199,32536,31138,55061,52015,16139,32,41
2021-09-12T23:59:59+02:00,1661,1556,15988,14782,21495,19757,23453,23004,27212,27832,30355,31314,21435,24455,15383,19295,4478,7782,14253,13209,20094,18282,22210,21590,25903,26372,29166,30060,20776,23720,14928,18654,4310,7482,227493,213959,32520,31107,55061,52014,16134,32,41
2021-09-11T23:59:59+02:00,1660,1556,15976,14778,21487,19749,23452,23003,27210,27831,30352,31312,21434,24454,15383,19295,4478,7782,14248,13207,20092,18279,22208,21590,25903,26371,29166,30060,20775,23720,14928,18654,4310,7482,227456,213948,32520,31107,55058,52014,16129,32,41
2021-09-10T23:59:59+02:00,1660,1556,15953,14773,21473,19738,23434,23000,27193,27821,30339,31307,21433,24452,15379,19293,4478,7781,14225,13200,20076,18269,22194,21586,25888,26358,29148,30057,20774,23716,14925,18651,4309,7481,227426,213909,32520,31107,55058,52014,16030,32,41
2021-09-09T23:59:59+02:00,1615,1517,15871,14697,21413,19669,23381,22951,27133,27771,30310,31278,21424,24435,15365,19279,4476,7779,14145,13128,20004,18201,22127,21531,25839,26317,29112,30025,20758,23688,14907,18637,4307,7479,226896,213444,32489,31024,55057,51994,15893,32,41
2021-09-08T23:59:59+02:00,1577,1470,15743,14603,21342,19593,23328,22876,27083,27728,30270,31230,21407,24417,15356,19268,4475,7779,14056,13037,19921,18147,22062,21479,25792,26278,29077,29975,20739,23667,14903,18629,4306,7478,226352,213045,32419,30932,55057,51989,15688,32,41
2021-09-07T23:59:59+02:00,1564,1450,15693,14552,21288,19568,23291,22853,27056,27695,30253,31214,21396,24395,15349,19259,4473,7779,13988,12989,19858,18108,22020,21449,25755,26245,29048,29947,20727,23653,14899,18622,4305,7478,226107,212761,32414,30902,55057,51984,15521,32,41
2021-09-06T23:59:59+02:00,1551,1440,15644,14506,21268,19537,23268,22824,27031,27676,30237,31192,21386,24392,15345,19252,4473,7777,13957,12952,19839,18083,21991,21427,25735,26225,29033,29932,20719,23645,14895,18618,4305,7475,225856,212558,32414,30902,55057,51984,15443,32,41
2021-09-05T23:59:59+02:00,1530,1425,15614,14479,21250,19515,23258,22799,27022,27664,30232,31184,21381,24386,15340,19250,4473,7773,13919,12916,19809,18047,21966,21399,25716,26207,29020,29913,20715,23637,14893,18616,4305,7475,225643,212342,32407,30822,55056,51983,15440,32,41
2021-09-04T23:59:59+02:00,1530,1425,15606,14476,21236,19510,23251,22794,27016,27658,30226,31181,21380,24383,15340,19249,4473,7773,13911,12913,19795,18041,21959,21394,25710,26201,29014,29909,20714,23634,14893,18615,4305,7475,225642,212341,32407,30821,55056,51983,15372,32,41
2021-09-03T23:59:59+02:00,1527,1422,15590,14462,21203,19486,23221,22773,26992,27646,30211,31166,21373,24375,15340,19243,4473,7772,13896,12899,19769,18022,21935,21379,25693,26192,28999,29898,20708,23627,14893,18612,4305,7475,225569,212324,32406,30816,55056,51982,15214,32,41
2021-09-02T23:59:59+02:00,1511,1402,15518,14403,21157,19436,23186,22726,26951,27605,30174,31140,21360,24365,15334,19230,4471,7766,13803,12835,19724,17961,21890,21336,25651,26146,28960,29871,20696,23616,14888,18600,4304,7474,225149,211869,32401,30811,55054,51962,15101,32,41
2021-09-01T23:59:59+02:00,1460,1345,15377,14249,21040,19340,23116,22671,26884,27533,30123,31090,21342,24340,15326,19216,4468,7761,13657,12714,19602,17864,21805,21266,25593,26077,28910,29808,20671,23587,14876,18585,4300,7468,224375,211286,32375,30615,55053,51950,14848,32,41
2021-08-31T23:59:59+02:00,1436,1330,15315,14178,20976,19288,23073,22629,26834,27491,30089,31058,21330,24328,15320,19207,4468,7760,13583,12648,19554,17823,21773,21230,25560,26054,28882,29782,20665,23577,14873,18577,4299,7467,223919,210941,32374,30615,55052,51945,14735,32,41
2021-08-30T23:59:59+02:00,1413,1311,15247,14132,20928,19234,23041,22591,26797,27458,30056,31028,21318,24319,15316,19198,4466,7753,13526,12607,19509,17773,21740,21205,25530,26017,28848,29757,20654,23562,14863,18568,4298,7463,223557,210639,32374,30614,55052,51943,14593,32,41
2021-08-29T23:59:59+02:00,1397,1299,15203,14086,20890,19203,23017,22567,26779,27434,30038,31013,21314,24310,15316,19196,4466,7752,13473,12562,19487,17752,21713,21185,25509,25998,28835,29740,20646,23554,14860,18564,4296,7462,223267,210372,32373,30614,55052,51942,14558,32,41
2021-08-28T23:59:59+02:00,1397,1299,15197,14083,20879,19196,23011,22563,26776,27425,30035,31012,21313,24310,15316,19196,4466,7752,13467,12558,19476,17745,21707,21181,25506,25989,28832,29739,20645,23554,14860,18564,4296,7462,223267,210371,32373,30614,55052,51942,14504,32,41
2021-08-27T23:59:59+02:00,1388,1292,15165,14056,20851,19180,22978,22547,26750,27413,30019,30992,21307,24302,15312,19195,4463,7749,13438,12527,19439,17728,21679,21160,25478,25976,28815,29721,20639,23545,14857,18563,4295,7462,223129,210229,32373,30613,55049,51941,14378,32,41
2021-08-26T23:59:59+02:00,1375,1274,15120,14011,20804,19142,22949,22509,26717,27374,29987,30955,21292,24286,15305,19187,4460,7741,13369,12467,19363,17672,21619,21103,25422,25928,28776,29685,20626,23524,14848,18550,4294,7458,222836,209946,32354,30489,55049,51867,14219,32,41
2021-08-25T23:59:59+02:00,1330,1229,14973,13888,20692,19048,22870,22416,26638,27290,29929,30899,21271,24260,15295,19177,4456,7735,13247,12383,19279,17595,21553,21031,25352,25874,28732,29642,20599,23503,14840,18536,4293,7455,221980,209376,32339,30441,55049,51859,13999,31,39
2021-08-24T23:59:59+02:00,1306,1205,14909,13837,20650,18996,22814,22370,26603,27254,29900,30868,21255,24245,15289,19167,4455,7734,13152,12324,19218,17513,21516,20979,25308,25831,28702,29604,20581,23483,14833,18524,4291,7450,221563,208894,32309,30383,55049,51844,13907,31,35
2021-08-23T23:59:59+02:00,1288,1186,14841,13799,20611,18967,22786,22345,26568,27234,29875,30841,21236,24231,15284,19154,4454,7733,13035,12246,19156,17454,21464,20930,25268,25776,28657,29561,20562,23466,14826,18512,4288,7450,221254,208375,32293,30292,55049,51844,13808,31,35
2021-08-22T23:59:59+02:00,1279,1178,14826,13779,20595,18947,22774,22325,26553,27219,29858,30837,21229,24227,15282,19146,4452,7732,12976,12177,19104,17420,21435,20895,25247,25750,28631,29539,20554,23455,14825,18508,4288,7450,221079,208051,32274,30183,55049,51841,13807,31,35
2021-08-21T23:59:59+02:00,1279,1178,14817,13769,20583,18939,22764,22319,26549,27214,29847,30830,21229,24225,15282,19146,4452,7732,12966,12167,19093,17412,21427,20889,25241,25745,28621,29532,20554,23453,14825,18508,4288,7450,221074,208047,32274,30183,55049,51841,13728,31,35
2021-08-20T23:59:59+02:00,1272,1173,14788,13734,20548,18909,22741,22296,26523,27191,29830,30814,21226,24216,15280,19140,4452,7732,12948,12151,19069,17392,21409,20868,25227,25727,28603,29513,20550,23447,14824,18505,4288,7450,220880,207942,32274,30181,55049,51841,13633,31,35
2021-08-19T23:59:59+02:00,1254,1157,14729,13685,20509,18880,22710,22261,26500,27162,29805,30790,21215,24208,15277,19135,4451,7729,12815,12033,18981,17315,21323,20810,25156,25660,28543,29463,20529,23434,14818,18496,4286,7447,220574,207306,32242,30044,55049,51780,13563,31,35
2021-08-18T23:59:59+02:00,1231,1138,14645,13593,20395,18821,22636,22200,26434,27105,29746,30732,21190,24188,15271,19123,4449,7726,12677,11914,18844,17234,21228,20720,25069,25577,28460,29395,20496,23389,14807,18481,4285,7442,220161,206697,32224,29922,55047,51772,13162,31,35
2021-08-17T23:59:59+02:00,1220,1125,14604,13555,20352,18777,22601,22166,26400,27077,29729,30712,21178,24174,15260,19114,4445,7725,12568,11830,18762,17173,21150,20659,25017,25524,28423,29354,20477,23374,14798,18468,4283,7440,219879,206165,32189,29792,55047,51764,13070,31,34
2021-08-16T23:59:59+02:00,1208,1114,14556,13507,20316,18748,22572,22134,26379,27048,29695,30681,21165,24163,15253,19102,4443,7723,12473,11731,18671,17101,21079,20574,24953,25465,28356,29291,20454,23352,14788,18450,4282,7437,219611,205546,32187,29665,55047,51763,12933,31,33
2021-08-15T23:59:59+02:00,1198,1101,14519,13480,20288,18718,22544,22115,26366,27032,29685,30667,21160,24151,15248,19100,4442,7721,12407,11664,18618,17071,21028,20536,24917,25422,28337,29269,20444,23339,14784,18444,4280,7435,219390,205097,32187,29664,55047,51762,12882,31,33
2021-08-14T23:59:59+02:00,1198,1100,14512,13476,20279,18712,22535,22108,26352,27025,29680,30659,21157,24150,15247,19099,4442,7721,12400,11660,18608,17063,21018,20529,24903,25415,28332,29260,20441,23338,14783,18443,4280,7435,219389,205095,32187,29661,55047,51762,12800,31,33
2021-08-13T23:59:59+02:00,1195,1097,14503,13466,20265,18702,22523,22103,26345,27015,29665,30651,21148,24145,15246,19099,4442,7721,12385,11647,18597,17054,21005,20520,24897,25399,28318,29256,20435,23331,14781,18443,4280,7434,219332,205029,32187,29661,55047,51762,12736,31,33
2021-08-12T23:59:59+02:00,1175,1075,14446,13411,20224,18662,22500,22068,26317,26985,29634,30629,21136,24126,15242,19092,4442,7716,12218,11504,18459,16943,20912,20436,24817,25314,28251,29200,20414,23299,14768,18431,4277,7428,219007,204237,32175,29473,55047,51693,12622,31,33
2021-08-11T23:59:59+02:00,1159,1053,14377,13348,20182,18608,22456,22029,26284,26960,29606,30589,21123,24109,15239,19081,4439,7712,12080,11364,18374,16855,20832,20362,24768,25241,28209,29136,20382,23272,14761,18420,4275,7423,218606,203337,32102,29468,55047,51688,12570,31,33
2021-08-10T23:59:59+02:00,1144,1035,14300,13276,20127,18563,22424,21985,26253,26930,29574,30560,21109,24100,15239,19073,4438,7710,11969,11248,18277,16787,20770,20296,24717,25185,28166,29084,20355,23244,14747,18402,4274,7417,218184,202588,32070,29445,55047,51663,12510,31,33
2021-08-09T23:59:59+02:00,1127,1016,14215,13214,20046,18506,22375,21937,26201,26886,29537,30526,21091,24083,15233,19064,4433,7708,11787,11086,18105,16690,20646,20214,24621,25089,28086,29008,20319,23204,14733,18390,4271,7408,217736,201599,32050,29336,55046,51568,12337,31,32
2021-08-08T23:59:59+02:00,1113,1009,14172,13175,20025,18471,22349,21917,26186,26866,29521,30512,21084,24077,15230,19060,4432,7707,11704,11000,18017,16606,20581,20157,24558,25042,28040,28964,20297,23181,14720,18379,4271,7404,217507,200944,32018,29258,55045,51550,12307,31,32
2021-08-07T23:59:59+02:00,1113,1009,14158,13170,20015,18466,22343,21912,26174,26852,29507,30500,21082,24073,15226,19055,4431,7707,11690,10994,18000,16602,20575,20151,24545,25027,28023,28952,20295,23177,14716,18374,4270,7404,217505,200929,32018,29257,55045,51550,12196,31,32
2021-08-06T23:59:59+02:00,1113,1009,14148,13158,20002,18447,22329,21898,26152,26843,29494,30489,21079,24069,15223,19053,4431,7706,11678,10980,17978,16581,20559,20135,24524,25018,28010,28941,20292,23173,14713,18372,4270,7404,217498,200902,32014,29257,55045,51549,12057,31,32
2021-08-05T23:59:59+02:00,1101,990,14077,13116,19952,18413,22286,21855,26117,26787,29466,30465,21065,24054,15215,19045,4429,7703,11504,10872,17866,16482,20448,20036,24419,24928,27941,28892,20266,23149,14702,18358,4267,7402,217185,200117,31970,29165,55042,51412,11910,31,32
2021-08-04T23:59:59+02:00,1085,973,14012,13046,19850,18329,22219,21796,26077,26745,29417,30418,21042,24036,15205,19032,4429,7700,11318,10697,17636,16342,20273,19909,24301,24804,27833,28795,20238,23116,14689,18346,4264,7400,216918,199071,31808,29105,55041,51169,11616,30,32
2021-08-03T23:59:59+02:00,1061,955,13942,12984,19813,18279,22185,21755,26042,26703,29383,30389,21026,24012,15195,19018,4426,7690,11134,10523,17463,16214,20134,19777,24153,24682,27714,28688,20195,23069,14672,18314,4262,7394,216541,197637,31780,29071,55041,51114,11468,30,32
2021-08-02T23:59:59+02:00,1037,935,13856,12917,19756,18221,22134,21715,25988,26643,29331,30339,20995,23981,15185,18998,4423,7688,10965,10354,17291,16089,19987,19664,24036,24567,27627,28587,20149,23016,14653,18295,4259,7384,216061,196447,31749,29021,55041,51038,11263,30,32
2021-08-01T23:59:59+02:00,1027,920,13795,12870,19720,18204,22115,21694,25963,26622,29312,30322,20986,23969,15181,18991,4423,7687,10820,10208,17130,15980,19837,19555,23892,24461,27519,28507,20135,22992,14645,18281,4259,7380,215825,195556,31699,28929,55041,50688,11207,30,32
2021-07-31T23:59:59+02:00,1027,920,13770,12861,19702,18196,22098,21683,25950,26610,29304,30311,20984,23964,15180,18990,4422,7687,10794,10196,17109,15967,19819,19542,23880,24449,27511,28496,20133,22987,14644,18280,4258,7380,215821,195537,31699,28929,55041,50688,11069,30,32
2021-07-30T23:59:59+02:00,1019,910,13710,12816,19657,18174,22068,21664,25920,26588,29276,30293,20977,23956,15174,18988,4420,7686,10708,10123,17045,15924,19760,19507,23813,24408,27463,28471,20118,22965,14635,18276,4255,7378,215642,195150,31697,28929,55041,50622,10887,30,32
2021-07-29T23:59:59+02:00,995,892,13605,12730,19593,18113,21995,21610,25869,26532,29224,30256,20959,23946,15167,18981,4420,7684,10441,9865,16745,15679,19465,19290,23512,24179,27212,28308,20063,22909,14623,18255,4255,7377,215199,193402,31625,28819,55041,49934,10677,30,32
2021-07-28T23:59:59+02:00,967,862,13474,12602,19467,18004,21909,21527,25789,26453,29149,30188,20936,23910,15154,18969,4418,7682,10151,9663,16484,15490,19204,19101,23284,23988,27057,28164,20015,22836,14604,18232,4252,7372,214549,192067,31590,28735,55037,49419,10255,30,32
2021-07-27T23:59:59+02:00,936,841,13356,12508,19402,17944,21843,21474,25723,26395,29109,30143,20921,23890,15149,18949,4417,7676,9895,9452,16232,15262,18977,18915,23091,23815,26893,28027,19973,22783,14582,18205,4246,7363,213954,190405,31535,28577,55036,49082,10123,29,32
2021-07-26T23:59:59+02:00,911,823,13251,12414,19350,17887,21769,21410,25674,26362,29054,30083,20892,23867,15131,18930,4417,7672,9659,9203,15993,15060,18729,18714,22865,23648,26742,27900,19902,22723,14554,18169,4241,7357,213351,188656,31463,28477,55035,48704,10021,28,32
2021-07-25T23:59:59+02:00,892,812,13176,12342,19271,17838,21712,21358,25634,26314,29017,30037,20875,23851,15124,18924,4414,7671,9473,9061,15792,14910,18526,18573,22696,23537,26593,27780,19852,22675,14538,18156,4238,7354,213050,187748,31401,28325,55035,48288,9749,28,32
2021-07-24T23:59:59+02:00,892,812,13166,12333,19261,17832,21701,21353,25619,26307,29012,30031,20871,23850,15123,18923,4414,7671,9463,9047,15782,14903,18513,18567,22679,23528,26587,27772,19849,22672,14537,18155,4238,7354,213047,187731,31401,28322,55035,48288,9661,28,32
2021-07-23T23:59:59+02:00,884,811,13101,12296,19184,17798,21661,21320,25583,26267,28979,29995,20857,23834,15115,18919,4412,7668,9412,9019,15699,14859,18459,18527,22628,23486,26543,27733,19833,22656,14530,18149,4236,7351,212920,187569,31400,28317,55035,48287,9302,28,32
2021-07-22T23:59:59+02:00,872,797,13006,12214,19125,17731,21616,21290,25534,26220,28955,29973,20844,23816,15113,18913,4409,7666,9094,8745,15297,14612,18096,18272,22297,23239,26337,27598,19776,22600,14517,18127,4233,7346,212453,185743,31315,28064,55032,47370,9267,28,32
2021-07-21T23:59:59+02:00,850,770,12804,12048,18976,17608,21482,21191,25428,26117,28878,29902,20802,23781,15096,18890,4405,7661,8716,8430,14864,14283,17717,17998,21940,22907,26064,27387,19683,22512,14491,18089,4230,7337,211827,183838,31206,27713,55029,46711,8600,28,32
2021-07-20T23:59:59+02:00,820,745,12655,11914,18866,17523,21412,21115,25366,26051,28840,29851,20777,23748,15088,18874,4402,7658,8387,8119,14395,13944,17336,17726,21636,22678,25820,27201,19602,22403,14462,18054,4228,7331,211143,181683,31096,27550,55025,45833,8414,28,31
2021-07-19T23:59:59+02:00,791,718,12534,11795,18775,17450,21350,21056,25312,25997,28790,29814,20752,23719,15078,18860,4398,7652,8061,7865,14029,13689,16989,17477,21309,22476,25593,27059,19533,22327,14440,18032,4222,7325,210422,179642,30990,27391,55025,45123,8377,28,31
2021-07-18T23:59:59+02:00,773,699,12421,11687,18676,17371,21283,21003,25256,25944,28753,29760,20730,23699,15066,18849,4396,7650,7891,7712,13873,13566,16838,17355,21147,22363,25463,26978,19493,22287,14426,18016,4222,7322,209838,178706,30841,27287,55025,44757,8285,28,31
2021-07-17T23:59:59+02:00,773,699,12418,11687,18675,17368,21283,21003,25256,25944,28753,29760,20730,23699,15066,18849,4396,7650,7884,7711,13869,13561,16837,17354,21146,22362,25462,26976,19492,22287,14426,18016,4222,7322,209834,178686,30841,27286,55025,44756,8282,28,31
2021-07-16T23:59:59+02:00,766,694,12346,11633,18634,17336,21248,20976,25223,25921,28727,29741,20728,23696,15066,18847,4396,7650,7732,7610,13716,13490,16693,17295,21008,22303,25355,26928,19474,22268,14425,18010,4222,7319,209626,178238,30841,27213,55025,44364,8109,28,31
2021-07-15T23:59:59+02:00,751,674,12273,11563,18570,17278,21192,20928,25175,25880,28699,29713,20713,23679,15061,18838,4395,7647,7388,7295,13108,13084,16026,16872,20371,21933,24899,26616,19328,22128,14382,17964,4219,7312,209146,176006,30755,26315,55018,42592,8083,28,31
2021-07-14T23:59:59+02:00,722,654,12060,11426,18397,17168,21070,20830,25071,25776,28609,29612,20679,23646,15042,18822,4392,7644,6972,6940,12444,12631,15335,16384,19738,21475,24435,26273,19110,21902,14350,17916,4211,7301,208327,173182,30589,25979,55015,40646,7662,28,31
2021-07-13T23:59:59+02:00,678,619,11922,11294,18276,17085,20959,20735,24974,25680,28539,29546,20650,23607,15022,18812,4390,7634,6510,6517,11811,12130,14641,15879,19133,21063,23994,25946,18933,21687,14306,17854,4207,7292,207309,169517,30451,25808,55005,38982,7630,28,28
2021-07-12T23:59:59+02:00,644,588,11797,11156,18161,16995,20867,20628,24873,25580,28457,29479,20624,23573,15014,18800,4385,7627,6094,6103,11207,11594,14016,15341,18578,20572,23576,25584,18736,21497,14241,17796,4198,7288,206290,165831,30322,24982,55002,38025,7607,28,28
2021-07-11T23:59:59+02:00,608,561,11682,11064,18097,16933,20810,20571,24819,25533,28400,29431,20605,23553,15005,18791,4385,7626,5905,5935,10953,11392,13785,15141,18332,20383,23367,25399,18663,21415,14214,17770,4197,7282,205652,164442,30203,24516,55000,37601,7594,26,28
2021-07-10T23:59:59+02:00,607,560,11675,11063,18093,16931,20806,20570,24816,25532,28399,29431,20605,23553,15004,18789,4385,7626,5898,5934,10948,11385,13775,15137,18331,20381,23365,25397,18661,21414,14213,17770,4197,7282,205632,164412,30201,24515,55000,37594,7587,26,28
2021-07-09T23:59:59+02:00,579,537,11565,10938,18019,16847,20736,20509,24742,25456,28349,29386,20582,23533,15001,18779,4385,7625,5864,5901,10919,11351,13724,15116,18300,20349,23346,25375,18656,21404,14211,17767,4197,7281,204764,164177,30200,24465,55000,37559,7579,26,28
2021-07-08T23:59:59+02:00,544,509,11401,10803,17894,16742,20600,20407,24636,25328,28231,29308,20538,23483,14985,18750,4382,7617,5520,5644,10403,10955,13102,14666,17635,19789,22738,24909,18340,21014,14115,17684,4192,7271,203995,161867,30174,23657,54971,35474,6993,26,27
2021-07-07T23:59:59+02:00,484,456,11232,10658,17811,16655,20530,20339,24563,25250,28170,29244,20510,23447,14980,18738,4380,7609,5213,5351,9875,10503,12522,14185,16954,19268,22172,24410,18026,20649,14013,17587,4185,7248,202981,159405,30150,22191,54954,33628,6946,26,27
2021-07-06T23:59:59+02:00,443,422,11108,10508,17700,16562,20437,20236,24484,25157,28079,29165,20484,23408,14971,18721,4378,7606,4814,4922,9276,9988,11809,13583,16245,18654,21657,23915,17707,20344,13912,17471,4176,7238,201847,155215,30143,21250,54945,32333,6909,26,27
2021-07-05T23:59:59+02:00,421,395,11018,10419,17609,16491,20356,20164,24423,25106,28038,29128,20460,23387,14959,18713,4377,7603,4526,4601,8778,9537,11249,13029,15536,18010,21036,23306,17314,19948,13779,17313,4168,7230,201106,151320,30140,20569,54936,30603,6860,26,27
2021-07-04T23:59:59+02:00,408,389,10942,10364,17544,16437,20306,20114,24392,25070,28022,29110,20451,23376,14954,18710,4376,7602,4380,4510,8650,9371,11057,12854,15294,17800,20770,23034,17041,19657,13719,17221,4164,7226,200626,150005,30134,20264,54935,29624,6847,26,27
2021-07-03T23:59:59+02:00,406,388,10935,10353,17534,16431,20304,20111,24390,25070,28019,29109,20451,23375,14954,18710,4376,7602,4376,4503,8643,9367,11054,12854,15290,17800,20767,23031,17041,19654,13719,17221,4164,7226,200598,149992,30132,20264,54935,29618,6828,26,27
2021-07-02T23:59:59+02:00,363,325,10790,10243,17418,16329,20200,20035,24317,25005,27956,29050,20425,23349,14948,18696,4376,7599,4289,4422,8481,9230,10918,12742,15167,17693,20656,22927,16999,19624,13712,17206,4164,7223,199713,149003,30132,20263,54935,29560,6619,26,27
2021-07-01T23:59:59+02:00,316,282,10656,10108,17291,16235,20077,19946,24233,24930,27892,28998,20405,23325,14932,18681,4373,7595,4085,4221,8181,8892,10549,12331,14598,17193,20147,22389,16711,19325,13504,16992,4154,7201,198639,145945,30074,19579,54929,28331,6608,26,27
2021-06-30T23:59:59+02:00,233,220,10401,9870,17117,16084,19943,19815,24117,24806,27813,28910,20383,23293,14913,18663,4372,7594,3888,4026,7879,8555,10141,11869,14110,16637,19575,21755,16389,18983,13231,16714,4141,7174,196988,142270,30019,19328,54921,26864,6594,26,27
2021-06-29T23:59:59+02:00,189,183,10253,9694,16981,15989,19840,19723,24048,24730,27755,28842,20356,23266,14899,18643,4372,7590,3686,3766,7479,8103,9667,11332,13456,15967,18961,21051,16071,18656,12984,16424,4134,7160,195837,137983,30014,19029,54917,25312,6561,25,27
2021-06-28T23:59:59+02:00,140,131,10060,9512,16854,15883,19735,19619,23954,24636,27687,28780,20326,23236,14885,18625,4370,7588,3485,3512,7078,7659,9232,10839,12907,15429,18463,20533,15820,18390,12865,16291,4128,7149,194654,134147,29901,18606,54914,24485,6528,25,27
2021-06-27T23:59:59+02:00,122,114,9921,9400,16794,15823,19674,19568,23896,24586,27660,28756,20313,23220,14882,18621,4369,7585,3394,3445,6901,7464,9042,10640,12678,15189,18201,20274,15697,18285,12800,16204,4128,7145,194021,132954,29841,18258,54908,23751,6510,25,27
2021-06-26T23:59:59+02:00,122,114,9920,9396,16792,15819,19671,19567,23894,24585,27660,28756,20313,23220,14882,18621,4369,7585,3392,3445,6898,7463,9039,10639,12675,15186,18199,20273,15694,18284,12800,16203,4128,7145,194004,132934,29840,18258,54908,23747,6510,25,27
2021-06-25T23:59:59+02:00,118,111,9873,9356,16754,15786,19637,19537,23858,24557,27636,28738,20307,23213,14880,18618,4369,7585,3371,3399,6824,7353,8942,10484,12560,14990,18054,20065,15670,18255,12792,16200,4127,7144,193685,132752,29806,17904,54908,23050,6510,25,27
2021-06-24T23:59:59+02:00,108,100,9744,9233,16568,15658,19502,19413,23736,24468,27578,28677,20293,23197,14873,18609,4368,7583,3244,3254,6606,7023,8630,10030,12026,14367,17500,19359,15445,18023,12645,16069,4124,7132,192845,130351,29461,17044,54907,21596,6471,25,27
2021-06-23T23:59:59+02:00,102,95,9615,9095,16425,15533,19385,19308,23639,24363,27512,28630,20278,23175,14869,18604,4365,7582,3039,3017,6252,6540,8129,9462,11322,13544,16737,18378,15149,17682,12495,15927,4114,7107,191926,125798,29294,16071,54896,20576,6434,25,27
2021-06-22T23:59:59+02:00,71,69,9326,8790,16192,15331,19199,19157,23495,24238,27440,28546,20254,23150,14861,18585,4361,7576,2805,2734,5767,5991,7505,8699,10409,12502,15717,17176,14853,17324,12388,15803,4101,7084,190239,119367,29086,15579,54892,19501,6401,23,22
2021-06-21T23:59:59+02:00,67,62,9200,8633,16020,15181,19009,19004,23365,24115,27379,28467,20230,23122,14856,18575,4361,7572,2659,2545,5386,5526,7042,8114,9679,11624,14987,16242,14574,17011,12281,15682,4096,7067,189043,114663,28864,15019,54889,18424,6399,23,22
2021-06-20T23:59:59+02:00,64,61,9063,8504,15883,15063,18898,18916,23292,24044,27339,28416,20219,23101,14845,18568,4358,7571,2600,2477,5214,5344,6828,7848,9372,11292,14621,15839,14439,16877,12241,15645,4091,7061,188153,112958,28746,14786,54888,17640,6395,23,22
2021-06-19T23:59:59+02:00,64,61,9062,8499,15880,15054,18896,18916,23290,24043,27339,28415,20219,23101,14845,18568,4358,7571,2597,2476,5213,5339,6827,7847,9372,11291,14619,15835,14437,16877,12241,15645,4091,7061,188132,112940,28744,14784,54887,17639,6395,23,22
2021-06-18T23:59:59+02:00,64,57,9031,8487,15867,15045,18881,18908,23283,24034,27333,28410,20219,23098,14844,18568,4358,7571,2568,2443,5158,5280,6749,7747,9273,11135,14448,15607,14358,16776,12230,15623,4089,7058,188011,112155,28743,14783,54886,17199,6395,23,22
2021-06-17T23:59:59+02:00,57,54,8849,8325,15631,14877,18682,18750,23127,23903,27197,28317,20195,23077,14837,18556,4356,7568,2428,2295,4833,4980,6362,7344,8725,10532,13620,14735,14121,16483,12157,15501,4085,7047,186671,109290,28738,13826,54879,16075,6047,23,22
2021-06-16T23:59:59+02:00,49,52,8623,8109,15400,14650,18471,18550,22936,23734,27091,28207,20166,23034,14823,18536,4352,7562,2313,2186,4592,4777,6009,7001,8197,10047,12902,13896,13771,16100,12072,15412,4080,7035,184887,105839,28638,13026,54876,15594,5921,23,22
2021-06-15T23:59:59+02:00,40,39,8278,7775,15023,14291,18149,18262,22684,23523,26932,28073,20136,23000,14810,18520,4350,7551,2131,2016,4242,4429,5503,6439,7316,9156,11709,12620,13230,15482,11951,15249,4065,7012,182289,99602,28602,12361,54874,14929,5648,23,22
2021-06-14T23:59:59+02:00,34,34,8099,7606,14764,14058,17946,18089,22533,23402,26820,27991,20115,22967,14797,18512,4346,7543,2016,1891,3985,4179,5118,5969,6658,8434,10784,11565,12914,15134,11880,15155,4055,6993,180707,94764,28578,12001,54872,14477,5476,23,22
2021-06-13T23:59:59+02:00,34,34,8025,7550,14680,13969,17830,17978,22452,23323,26791,27961,20102,22956,14793,18506,4346,7543,1972,1864,3903,4082,5000,5829,6425,8194,10489,11231,12757,14956,11822,15099,4054,6992,179949,93383,28568,11709,54868,14098,5465,23,22
2021-06-12T23:59:59+02:00,34,34,8024,7549,14680,13968,17830,17978,22450,23322,26790,27958,20102,22955,14793,18506,4346,7543,1971,1862,3901,4082,4998,5828,6422,8190,10486,11225,12754,14955,11822,15097,4054,6992,179938,93362,28568,11709,54868,14089,5465,23,22
2021-06-11T23:59:59+02:00,34,33,7958,7508,14591,13921,17754,17928,22381,23288,26746,27935,20100,22951,14793,18505,4346,7543,1955,1850,3865,4024,4955,5761,6361,8108,10386,11120,12714,14920,11811,15091,4054,6992,179601,93144,28491,11703,54867,13773,5333,23,22
2021-06-10T23:59:59+02:00,29,26,7619,7213,14196,13557,17321,17553,22050,23006,26550,27754,20056,22906,14780,18487,4343,7531,1854,1768,3649,3859,4680,5487,6036,7740,9768,10509,12195,14260,11742,14983,4046,6985,177004,89982,27998,11323,54854,13144,5098,23,20
2021-06-09T23:59:59+02:00,28,23,7252,6865,13736,13121,16806,17087,21660,22637,26335,27540,19983,22836,14762,18452,4340,7523,1688,1653,3454,3680,4425,5219,5650,7332,8991,9790,11530,13424,11623,14843,4036,6973,173762,85729,27456,10688,54842,12977,4903,23,20
2021-06-08T23:59:59+02:00,23,19,6877,6462,13223,12632,16339,16618,21303,22297,26119,27337,19926,22757,14731,18417,4337,7516,1596,1578,3234,3449,4106,4868,5143,6844,8105,8868,10645,12347,11479,14685,4032,6958,170352,80074,26966,10392,54833,12699,4759,23,19
2021-06-07T23:59:59+02:00,20,16,6601,6177,12789,12258,15941,16219,20976,22000,25957,27181,19889,22703,14710,18397,4330,7510,1535,1507,3042,3277,3831,4639,4741,6467,7391,8114,9733,11200,11367,14539,4021,6940,167788,75330,26545,10020,54813,12476,4505,23,19
2021-06-06T23:59:59+02:00,20,16,6460,6046,12647,12105,15779,16062,20812,21838,25871,27094,19869,22666,14699,18387,4329,7506,1520,1485,2969,3236,3737,4573,4635,6388,7249,7985,9476,10931,11321,14489,4018,6935,166563,74648,26441,9596,54792,12303,4387,23,19
2021-06-05T23:59:59+02:00,20,16,6451,6042,12633,12092,15769,16053,20809,21833,25871,27091,19869,22666,14699,18387,4329,7506,1518,1483,2966,3235,3736,4572,4632,6388,7244,7980,9469,10926,11321,14489,4018,6935,166504,74619,26430,9594,54792,12299,4387,23,19
2021-06-04T23:59:59+02:00,20,16,6419,6002,12574,12043,15709,16004,20781,21802,25852,27074,19865,22660,14696,18387,4329,7506,1517,1477,2954,3223,3717,4558,4622,6374,7207,7937,9437,10856,11283,14448,4017,6934,166406,74343,26172,9581,54768,12254,4370,23,19
2021-06-03T23:59:59+02:00,20,15,6185,5780,12274,11793,15386,15694,20449,21464,25595,26862,19819,22586,14676,18367,4328,7502,1475,1434,2881,3157,3620,4480,4513,6275,7007,7756,9060,10408,11231,14374,4017,6929,163924,73045,25925,9286,54766,12115,4157,23,19
2021-06-02T23:59:59+02:00,20,15,6122,5719,12203,11729,15313,15627,20377,21403,25578,26838,19815,22583,14673,18364,4327,7501,1461,1424,2864,3145,3603,4465,4478,6258,6972,7718,8979,10298,11222,14349,4016,6928,163573,72682,25741,9277,54765,12105,4105,23,16
2021-06-01T23:59:59+02:00,16,15,5668,5224,11468,11030,14487,14895,19658,20739,25168,26456,19725,22493,14639,18317,4319,7493,1347,1316,2566,2875,3224,4131,3990,5799,6144,6915,7789,8673,10978,14002,4002,6911,158537,67275,25091,8370,54737,11586,3422,23,14
2021-05-31T23:59:59+02:00,14,15,5419,4927,11026,10604,13960,14402,19180,20242,24861,26116,19632,22407,14600,18271,4310,7477,1287,1261,2412,2740,3021,3962,3706,5506,5586,6383,6773,7387,10734,13682,3993,6877,155075,63238,24396,7447,54732,11379,3237,23,14
2021-05-30T23:59:59+02:00,14,15,5340,4851,10841,10482,13795,14224,18831,19920,24618,25867,19601,22377,14592,18251,4309,7475,1267,1247,2385,2707,2973,3916,3638,5450,5483,6295,6600,7157,10697,13607,3991,6867,153580,62502,23892,7385,54705,11181,3203,23,14
2021-05-29T23:59:59+02:00,14,15,5337,4851,10841,10478,13790,14221,18831,19919,24617,25865,19601,22377,14592,18251,4309,7475,1266,1243,2384,2704,2971,3913,3638,5448,5482,6293,6595,7154,10697,13607,3991,6867,153562,62492,23892,7382,54704,11167,3203,23,14
2021-05-28T23:59:59+02:00,14,15,5321,4837,10820,10440,13765,14202,18814,19902,24609,25855,19600,22376,14590,18248,4309,7474,1261,1243,2383,2697,2970,3911,3632,5442,5468,6277,6579,7137,10688,13585,3990,6863,153377,62388,23890,7382,54700,11146,3201,23,14
2021-05-27T23:59:59+02:00,11,14,5029,4554,10297,9984,13178,13671,18124,19288,24027,25318,19501,22261,14557,18202,4298,7462,1098,1103,2099,2504,2671,3619,3337,5086,5137,5997,6279,6720,10459,13302,3985,6847,150115,60532,22897,7346,54594,10209,2147,23,13
2021-05-26T23:59:59+02:00,11,14,4766,4298,9859,9603,12660,13151,17510,18678,23393,24641,19376,22112,14510,18147,4292,7445,1019,1023,1940,2351,2471,3422,3075,4842,4749,5645,5722,6071,10086,12768,3969,6811,146012,57386,22137,7308,54472,9439,1822,23,13
2021-05-25T23:59:59+02:00,11,13,4551,4068,9448,9129,12199,12644,16972,18099,22872,24002,19244,21940,14479,18068,4283,7431,970,979,1878,2261,2362,3286,2903,4638,4403,5269,5139,5339,9634,12168,3953,6786,141964,53832,21302,7293,54344,9014,1820,23,13
2021-05-24T23:59:59+02:00,11,13,4439,3911,9238,8924,11995,12384,16670,17777,22543,23599,19168,21861,14464,18048,4281,7430,954,931,1818,2220,2288,3225,2817,4557,4281,5153,4994,5179,9543,12041,3950,6778,140459,53124,20341,7240,54167,8590,1766,23,13
2021-05-23T23:59:59+02:00,11,13,4428,3910,9232,8921,11983,12374,16659,17770,22527,23578,19163,21856,14463,18046,4281,7430,953,926,1816,2215,2283,3223,2810,4553,4274,5136,4986,5165,9536,12028,3949,6777,140352,53044,20338,7227,54166,8584,1766,23,13
2021-05-22T23:59:59+02:00,11,13,4424,3907,9228,8917,11975,12368,16655,17766,22525,23576,19163,21856,14463,18046,4281,7430,953,926,1815,2213,2280,3223,2809,4553,4274,5134,4984,5164,9535,12028,3949,6777,140323,53038,20338,7227,54154,8577,1766,23,13
2021-05-21T23:59:59+02:00,11,13,4393,3868,9156,8841,11902,12281,16564,17691,22462,23508,19143,21838,14459,18039,4281,7428,908,916,1783,2202,2248,3214,2779,4528,4226,5105,4960,5140,9522,12021,3948,6776,139666,52971,20338,7227,54135,8353,1716,23,13
2021-05-20T23:59:59+02:00,8,12,4139,3688,8709,8485,11419,11867,15893,17188,21881,22929,18958,21670,14427,17999,4276,7417,761,852,1527,2043,2005,3057,2537,4309,3975,4872,4803,4977,9407,11877,3940,6752,136268,52243,19964,7128,53718,7322,992,23,13
2021-05-19T23:59:59+02:00,8,12,3896,3447,8216,8023,10839,11322,15221,16481,21205,22206,18757,21439,14386,17949,4270,7399,712,806,1467,1963,1928,2957,2471,4183,3834,4714,4628,4764,9204,11647,3920,6723,130877,51166,19781,6995,53421,6777,974,23,13
2021-05-18T23:59:59+02:00,7,11,3607,3185,7669,7485,10111,10623,14260,15543,20262,21149,18496,21155,14331,17889,4264,7377,657,757,1413,1876,1853,2846,2341,4043,3658,4512,4356,4472,9001,11397,3907,6696,123832,49934,19685,6794,52982,6147,902,23,12
2021-05-17T23:59:59+02:00,7,11,3416,2978,7211,7016,9606,10082,13531,14754,19575,20349,18310,20893,14284,17823,4254,7362,601,702,1332,1813,1778,2765,2231,3968,3522,4399,4110,4241,8857,11184,3894,6667,118591,49132,19445,6581,52517,5457,886,23,12
2021-05-16T23:59:59+02:00,7,10,3286,2905,7004,6839,9403,9867,13277,14519,19346,20120,18233,20814,14270,17804,4253,7356,588,656,1293,1765,1733,2704,2194,3875,3457,4316,4019,4140,8836,11156,3892,6665,116968,48987,19205,6413,52235,4999,882,23,12
2021-05-15T23:59:59+02:00,7,10,3285,2902,6998,6831,9401,9861,13274,14517,19343,20110,18231,20813,14270,17804,4253,7356,588,656,1291,1764,1730,2703,2192,3875,3456,4316,4017,4138,8836,11156,3892,6665,116924,48979,19205,6412,52233,4995,881,23,12
2021-05-14T23:59:59+02:00,7,10,3244,2858,6885,6687,9271,9723,13124,14335,19171,19975,18207,20788,14269,17796,4252,7353,568,643,1270,1743,1701,2681,2158,3849,3412,4278,3967,4084,8829,11149,3892,6664,116518,48940,18456,6261,52149,4870,809,23,12
2021-05-13T23:59:59+02:00,7,10,3125,2696,6557,6368,8835,9325,12577,13854,18568,19378,18079,20644,14236,17760,4247,7351,536,618,1216,1687,1644,2607,2071,3743,3264,4158,3863,3947,8806,11129,3889,6660,113638,48844,17759,5871,51544,4461,654,22,10
2021-05-12T23:59:59+02:00,7,10,3098,2666,6524,6330,8786,9272,12438,13741,18384,19174,18046,20610,14228,17750,4247,7351,535,616,1215,1684,1639,2604,2062,3737,3250,4150,3850,3933,8798,11123,3889,6659,112927,48817,17534,5844,51526,4422,653,22,10
2021-05-11T23:59:59+02:00,5,10,2708,2409,5725,5834,7817,8461,11045,12574,16818,17699,17541,20047,14144,17645,4228,7328,499,557,1088,1579,1476,2448,1875,3558,3029,3888,3743,3819,8729,11030,3885,6654,105526,48586,16910,5648,49452,3486,129,21,10
2021-05-10T23:59:59+02:00,5,8,2521,2242,5252,5455,7125,7838,10018,11658,15524,16327,17162,19596,14081,17531,4220,7304,474,531,1046,1540,1433,2397,1816,3455,2909,3757,3661,3746,8690,10982,3881,6650,99722,48470,16001,5419,47995,2943,128,21,10
2021-05-09T23:59:59+02:00,5,8,2438,2211,5115,5371,6938,7719,9608,11321,14978,15800,17043,19456,14061,17503,4217,7299,458,513,1014,1483,1362,2313,1758,3333,2797,3603,3575,3654,8667,10950,3878,6647,98148,48385,15413,5149,47383,2337,126,21,10
2021-05-08T23:59:59+02:00,5,8,2434,2210,5114,5371,6938,7717,9604,11317,14977,15799,17043,19456,14061,17503,4217,7299,457,512,1013,1483,1362,2312,1758,3333,2796,3602,3573,3654,8667,10950,3878,6647,98133,48380,15412,5149,47381,2334,126,21,10
2021-05-07T23:59:59+02:00,5,8,2262,2148,4843,5276,6574,7564,9155,11103,14534,15479,16866,19254,14049,17474,4217,7297,445,510,1002,1471,1347,2297,1723,3323,2747,3567,3527,3614,8588,10869,3878,6644,97427,48357,14894,4800,45645,2266,121,21,10
2021-05-06T23:59:59+02:00,5,8,2028,2016,4294,4929,5921,7189,8387,10545,13559,14657,16468,18803,14000,17380,4205,7284,416,462,961,1371,1260,2134,1617,3099,2526,3284,3350,3414,8409,10676,3869,6630,94848,47917,13657,4194,43101,1307,52,20,10
2021-05-05T23:59:59+02:00,5,8,1905,1906,4012,4706,5490,6818,7692,9956,12443,13599,15791,17966,13896,17279,4196,7260,408,450,948,1344,1232,2092,1582,3023,2466,3200,3299,3374,8330,10579,3863,6620,90437,47786,12335,4045,42099,934,37,20,10
2021-05-04T23:59:59+02:00,5,8,1818,1820,3745,4470,5083,6462,7030,9382,11223,12356,14872,16838,13787,17142,4192,7246,403,440,929,1324,1214,2050,1564,2985,2422,3145,3255,3327,8241,10468,3857,6606,84628,47648,11697,3845,41111,705,24,19,10
2021-05-03T23:59:59+02:00,4,8,1766,1767,3593,4344,4852,6250,6646,9051,10494,11620,14146,15859,13699,17027,4183,7229,397,430,925,1310,1200,2017,1543,2943,2389,3100,3202,3287,8126,10366,3852,6600,80195,47520,11493,3624,40811,516,20,19,9
2021-05-02T23:59:59+02:00,4,8,1756,1748,3519,4319,4770,6197,6576,8991,10376,11505,13959,15665,13667,17000,4182,7224,395,422,919,1295,1197,2000,1540,2930,2373,3083,3187,3270,8089,10334,3851,6596,79635,47501,11217,3526,40579,431,16,19,9
2021-05-01T23:59:59+02:00,4,8,1753,1748,3518,4318,4769,6196,6573,8990,10371,11501,13956,15665,13666,16999,4182,7221,394,422,919,1295,1196,1999,1540,2930,2373,3083,3187,3270,8089,10334,3851,6595,79609,47498,11217,3526,40578,431,15,19,9
2021-04-30T23:59:59+02:00,4,8,1751,1741,3512,4309,4762,6184,6552,8975,10333,11463,13905,15591,13640,16968,4181,7220,394,420,917,1293,1196,1999,1540,2930,2371,3082,3187,3268,8088,10332,3851,6595,79282,47491,11217,3525,40568,426,14,18,9
2021-04-29T23:59:59+02:00,4,7,1626,1700,3271,4194,4486,6031,6235,8724,9918,11071,13321,14887,13536,16812,4175,7212,385,409,908,1272,1176,1965,1515,2894,2342,3034,3173,3257,8075,10314,3848,6591,76497,47375,10832,3523,39852,240,13,16,9
2021-04-28T23:59:59+02:00,4,7,1501,1653,3098,4094,4251,5851,5878,8450,9330,10579,12444,13704,13379,16603,4166,7198,376,399,891,1259,1160,1936,1478,2850,2272,2965,3020,3124,7962,10198,3841,6580,71999,46957,10646,3110,39518,226,11,16,9
2021-04-27T23:59:59+02:00,4,7,1463,1610,2989,3974,4047,5709,5571,8191,8710,9909,11406,12392,13149,16246,4155,7176,364,384,882,1238,1145,1901,1451,2777,2226,2904,2981,3079,7935,10166,3834,6575,67191,46742,10458,2936,39033,146,11,15,9
2021-04-26T23:59:59+02:00,4,7,1438,1576,2876,3896,3875,5565,5260,7977,8218,9468,10651,11465,13005,16042,4144,7158,363,379,872,1228,1128,1890,1421,2756,2197,2873,2931,3027,7885,10116,3828,6570,63776,46639,10268,2682,38555,125,11,15,9
2021-04-25T23:59:59+02:00,4,7,1427,1570,2809,3865,3778,5506,5123,7930,8023,9363,10455,11231,12968,15988,4143,7153,362,374,863,1222,1110,1876,1406,2737,2174,2846,2889,2994,7837,10068,3827,6565,63273,46559,10067,2474,37978,99,11,14,9
2021-04-24T23:59:59+02:00,4,7,1426,1570,2809,3863,3777,5505,5121,7928,8019,9359,10448,11228,12968,15988,4143,7153,362,374,863,1222,1110,1873,1404,2736,2173,2846,2889,2994,7837,10068,3827,6565,63247,46554,10067,2473,37977,98,11,14,9
2021-04-23T23:59:59+02:00,4,7,1409,1559,2742,3828,3694,5475,5003,7880,7885,9299,10362,11117,12944,15947,4141,7149,361,374,862,1219,1110,1873,1403,2736,2173,2846,2889,2994,7836,10068,3827,6565,63116,46549,9786,2472,37518,97,11,14,9
2021-04-22T23:59:59+02:00,4,7,1367,1528,2634,3762,3534,5370,4770,7726,7532,9064,9789,10423,12677,15648,4135,7125,355,373,854,1210,1100,1860,1392,2710,2146,2825,2853,2961,7746,9959,3815,6549,61489,46139,9127,2463,36454,88,11,14,9
2021-04-21T23:59:59+02:00,4,7,1334,1491,2554,3686,3415,5267,4552,7546,7123,8736,8900,9391,12262,15069,4122,7083,350,371,849,1193,1091,1839,1374,2680,2116,2797,2794,2905,7631,9794,3797,6521,58759,45658,8258,2338,35500,88,11,14,9
2021-04-20T23:59:59+02:00,4,7,1312,1465,2484,3611,3315,5170,4378,7363,6737,8404,8007,8263,11796,14479,4108,7069,344,366,837,1180,1081,1817,1350,2657,2083,2754,2733,2848,7481,9607,3765,6465,55904,44936,7493,2332,34552,83,10,13,9
2021-04-19T23:59:59+02:00,4,7,1295,1449,2448,3574,3254,5103,4271,7261,6498,8171,7373,7488,11543,14122,4097,7051,342,364,833,1170,1075,1805,1327,2644,2049,2727,2678,2804,7365,9441,3742,6426,53953,44377,7120,2318,33913,80,10,13,9
2021-04-18T23:59:59+02:00,4,6,1285,1437,2417,3550,3213,5082,4217,7205,6362,8042,7020,7101,11451,14019,4094,7039,342,363,831,1166,1074,1798,1325,2631,2043,2722,2672,2790,7338,9409,3740,6422,53438,44253,6662,2316,33421,80,10,13,9
2021-04-17T23:59:59+02:00,4,6,1284,1435,2417,3549,3212,5078,4212,7202,6355,8032,7005,7091,11449,14017,4094,7039,342,363,830,1165,1074,1798,1323,2630,2042,2720,2669,2788,7337,9409,3740,6422,53416,44240,6660,2315,33383,80,10,12,9
2021-04-16T23:59:59+02:00,4,6,1281,1434,2406,3541,3204,5070,4193,7184,6304,7999,6929,7006,11437,14003,4092,7037,342,362,826,1163,1072,1798,1321,2629,2039,2720,2668,2781,7335,9407,3739,6422,53360,44216,6423,2311,33325,80,10,12,9
2021-04-15T23:59:59+02:00,2,4,1245,1413,2352,3492,3109,5011,4032,7056,6048,7767,6385,6448,11187,13714,4077,7005,334,360,807,1143,1033,1739,1276,2557,1965,2625,2588,2712,7247,9320,3729,6405,52273,43627,6033,2125,32019,74,10,12,6
2021-04-14T23:59:59+02:00,2,4,1224,1399,2317,3465,3040,4949,3925,6951,5858,7559,5741,5745,10794,13223,4045,6955,327,357,795,1134,1016,1713,1245,2516,1913,2573,2511,2642,7098,9125,3710,6379,50865,42965,5827,2002,30483,74,9,12,6
2021-04-13T23:59:59+02:00,2,4,1210,1390,2285,3434,2984,4886,3814,6870,5611,7338,5206,5199,10452,12809,4022,6927,306,343,776,1105,994,1692,1222,2481,1877,2532,2445,2576,6979,8988,3674,6318,49846,42279,5623,1945,28953,71,9,12,6
2021-04-12T23:59:59+02:00,2,4,1195,1384,2259,3411,2934,4841,3686,6789,5401,7188,4878,4905,10202,12528,4013,6903,290,339,762,1101,977,1676,1208,2459,1827,2485,2367,2515,6864,8847,3660,6296,49381,41702,5424,1896,27700,64,7,11,6
2021-04-11T23:59:59+02:00,2,4,1189,1371,2239,3391,2901,4821,3626,6718,5257,7079,4646,4705,10017,12329,4007,6892,283,337,757,1093,967,1662,1197,2431,1804,2453,2314,2456,6780,8739,3646,6276,49298,41287,5187,1835,26694,63,6,9,6
2021-04-10T23:59:59+02:00,2,4,1189,1370,2236,3387,2899,4817,3620,6715,5247,7067,4640,4696,10009,12316,4007,6891,280,333,741,1086,954,1657,1173,2411,1733,2401,2226,2370,6721,8692,3645,6272,49243,41118,5185,1506,26669,61,6,9,6
2021-04-09T23:59:59+02:00,2,4,1186,1367,2229,3385,2891,4808,3611,6704,5218,7043,4615,4668,9983,12286,4006,6891,271,330,721,1076,938,1636,1139,2364,1641,2325,2006,2101,6566,8531,3623,6239,49169,40263,5180,1173,26533,61,6,9,6
2021-04-08T23:59:59+02:00,2,4,1162,1347,2175,3329,2805,4718,3470,6574,4982,6810,4225,4260,9436,11712,3987,6837,246,309,670,1016,880,1563,1066,2268,1506,2205,1729,1764,6101,7970,3535,6094,48707,37692,4651,1170,24462,50,6,9,6
2021-04-07T23:59:59+02:00,2,4,1152,1333,2141,3311,2763,4681,3381,6512,4819,6676,3933,3960,8873,11161,3970,6808,213,280,611,961,820,1494,1007,2207,1400,2106,1589,1589,5502,7270,3446,5937,48500,35209,4176,1166,22791,49,4,9,6
2021-04-06T23:59:59+02:00,2,4,1130,1316,2096,3286,2724,4649,3316,6465,4693,6584,3679,3705,8382,10651,3954,6777,205,275,582,941,795,1446,962,2150,1317,2019,1443,1400,4918,6477,3332,5731,48305,32782,3639,1158,21457,46,3,9,6
2021-04-05T23:59:59+02:00,2,4,1127,1311,2090,3283,2714,4647,3302,6450,4670,6566,3647,3678,8353,10613,3950,6775,202,262,575,926,776,1422,946,2114,1277,1979,1396,1337,4705,6207,3284,5674,48215,31873,3633,1156,21322,46,3,9,6
2021-04-04T23:59:59+02:00,2,4,1127,1311,2090,3282,2714,4646,3302,6450,4669,6565,3642,3676,8351,10611,3950,6775,202,262,574,926,776,1422,946,2114,1277,1978,1396,1337,4704,6207,3284,5674,48209,31870,3633,1156,21313,46,3,9,6
2021-04-03T23:59:59+02:00,2,4,1127,1311,2089,3282,2714,4646,3302,6450,4669,6565,3641,3674,8351,10609,3950,6775,202,262,574,925,776,1422,946,2114,1277,1978,1396,1337,4704,6207,3284,5674,48207,31869,3632,1156,21310,46,3,9,6
2021-04-02T23:59:59+02:00,2,4,1127,1311,2089,3280,2714,4645,3302,6447,4669,6563,3639,3670,8349,10608,3950,6775,202,262,574,925,776,1420,946,2114,1277,1977,1396,1335,4702,6206,3283,5674,48191,31861,3632,1155,21309,46,3,9,6
2021-04-01T23:59:59+02:00,1,4,1114,1276,2024,3160,2606,4445,3154,6198,4511,6324,3595,3634,8250,10502,3939,6758,197,253,570,916,765,1414,936,2100,1254,1961,1375,1308,4463,5887,3163,5509,47821,30874,3626,1151,20036,39,3,9,6
2021-03-31T23:59:59+02:00,1,4,1097,1246,1986,3061,2531,4302,3064,5985,4381,6094,3512,3552,8097,10305,3919,6723,189,250,563,905,761,1396,924,2080,1212,1928,1319,1245,3972,5287,3035,5273,47216,29145,3499,1151,19133,38,3,9,4
2021-03-30T23:59:59+02:00,1,3,1075,1212,1935,2877,2429,4077,2914,5627,4180,5705,3418,3457,7933,10100,3892,6669,185,245,554,895,750,1374,902,2060,1164,1883,1233,1161,3451,4572,2808,4938,46577,26990,3333,1151,17582,29,3,9,4
2021-03-29T23:59:59+02:00,1,3,1058,1169,1872,2747,2345,3920,2776,5373,4017,5430,3318,3357,7771,9871,3863,6621,184,240,548,884,740,1360,884,2036,1127,1855,1159,1072,2867,3890,2629,4644,45932,24951,3098,1145,16471,19,2,9,4
2021-03-28T23:59:59+02:00,1,3,1039,1137,1801,2585,2263,3716,2655,5078,3865,5153,3253,3291,7706,9807,3859,6615,184,240,546,881,739,1358,882,2030,1124,1852,1150,1060,2812,3822,2616,4617,45824,24754,2889,1142,15103,14,2,9,3
2021-03-27T23:59:59+01:00,1,3,1039,1137,1801,2584,2262,3715,2652,5078,3862,5153,3249,3291,7705,9807,3859,6615,184,240,545,881,739,1358,881,2030,1121,1852,1150,1060,2812,3822,2616,4617,45815,24749,2889,1142,15098,14,2,9,3
2021-03-26T23:59:59+01:00,1,3,1034,1114,1759,2469,2198,3557,2589,4868,3776,4929,3228,3274,7702,9802,3858,6614,184,239,545,881,738,1358,881,2030,1121,1849,1146,1059,2809,3814,2615,4614,45788,24726,2886,1142,14090,12,2,9,3
2021-03-25T23:59:59+01:00,1,3,1009,1083,1708,2366,2115,3388,2480,4639,3664,4732,3126,3182,7574,9668,3851,6600,182,236,540,879,731,1348,875,2012,1104,1825,1100,1015,2580,3466,2415,4321,45529,23473,2549,1142,13103,12,1,7,3
2021-03-24T23:59:59+01:00,1,3,986,1064,1688,2323,2084,3338,2445,4572,3620,4663,3039,3112,7445,9497,3832,6582,182,232,534,874,724,1338,863,1997,1085,1804,1060,973,2187,2920,2022,3802,44991,21443,2419,1140,12876,12,1,7,3
2021-03-23T23:59:59+01:00,1,3,976,1058,1670,2291,2060,3304,2412,4528,3580,4613,2972,3039,7350,9395,3814,6554,180,229,530,869,717,1326,849,1978,1048,1773,979,883,1824,2429,1672,3337,44479,19503,2408,1106,12726,12,1,6,3
2021-03-22T23:59:59+01:00,1,3,974,1049,1655,2274,2046,3286,2390,4500,3543,4571,2928,3005,7287,9325,3800,6537,177,226,529,858,701,1303,835,1964,1019,1746,931,811,1349,1855,1318,2848,44145,17407,2386,1049,12636,12,1,6,3
2021-03-21T23:59:59+01:00,1,3,974,1049,1654,2271,2046,3285,2386,4496,3531,4563,2914,2996,7239,9270,3794,6531,177,223,528,856,700,1299,833,1960,1008,1741,908,792,1271,1770,1262,2779,43999,17105,2383,988,12614,12,1,6,3
2021-03-20T23:59:59+01:00,1,3,973,1048,1653,2270,2046,3285,2386,4496,3529,4561,2913,2995,7239,9269,3794,6531,177,223,528,856,700,1299,833,1960,995,1726,873,764,1239,1747,1253,2777,43997,17102,2379,834,12609,12,1,6,3
2021-03-19T23:59:59+01:00,1,3,972,1040,1646,2256,2035,3281,2384,4490,3522,4554,2903,2984,7227,9251,3793,6528,177,221,527,856,700,1297,833,1959,988,1721,829,725,1176,1695,1243,2767,43934,17059,2375,641,12554,12,1,6,3
2021-03-18T23:59:59+01:00,1,3,934,1008,1571,2142,1911,3114,2235,4243,3292,4302,2750,2826,6925,8886,3727,6427,176,220,522,851,693,1290,824,1948,965,1705,811,703,1099,1587,1098,2562,42539,16477,2063,563,11688,12,1,6,3
2021-03-17T23:59:59+01:00,1,3,881,976,1500,2082,1848,3048,2170,4182,3197,4206,2615,2693,6497,8392,3662,6312,175,218,519,846,691,1286,820,1943,960,1697,782,684,964,1434,942,2347,40764,15732,2059,562,11435,12,1,6,3
2021-03-16T23:59:59+01:00,1,3,856,952,1466,2041,1810,2999,2116,4127,3102,4108,2481,2534,6021,7741,3571,6161,169,215,514,845,687,1279,815,1934,953,1684,777,671,876,1308,798,2181,38765,15128,1999,562,11319,12,1,6,3
2021-03-15T23:59:59+01:00,1,3,839,945,1448,2019,1772,2944,2078,4056,3001,3999,2347,2364,5533,7198,3498,6044,168,214,514,837,685,1270,811,1924,943,1668,766,661,806,1196,645,1979,36994,14548,1898,524,11191,12,0,6,3
2021-03-14T23:59:59+01:00,1,3,834,931,1424,1992,1748,2915,2047,3997,2938,3931,2168,2167,5347,6970,3467,6011,168,214,513,834,683,1259,810,1917,940,1659,748,652,790,1177,621,1924,35968,14403,1797,500,11120,3,0,6,3
2021-03-13T23:59:59+01:00,1,3,826,924,1402,1980,1732,2902,2020,3969,2864,3883,2096,2093,5298,6915,3465,6010,168,214,513,833,683,1259,809,1917,940,1659,748,652,790,1177,621,1924,35713,14401,1550,500,11114,3,0,6,3
2021-03-12T23:59:59+01:00,1,3,802,908,1356,1921,1669,2804,1921,3818,2706,3717,1899,1854,5112,6691,3433,5967,168,214,512,833,683,1259,808,1917,940,1658,740,649,777,1162,613,1921,34382,14349,1307,499,10887,3,0,6,3
2021-03-11T23:59:59+01:00,1,3,768,849,1288,1836,1585,2656,1837,3617,2543,3544,1634,1544,4744,6219,3296,5785,159,207,506,824,673,1250,793,1881,920,1617,610,587,708,1120,592,1889,32268,13843,1207,489,10268,2,0,6,2
2021-03-10T23:59:59+01:00,1,3,753,797,1265,1780,1552,2598,1787,3546,2461,3455,1562,1455,4271,5674,3177,5531,159,205,497,803,655,1237,784,1861,913,1601,541,572,675,1111,585,1884,30446,13692,1201,387,10015,2,0,6,2
2021-03-09T23:59:59+01:00,1,3,739,776,1244,1750,1525,2552,1747,3495,2387,3403,1468,1356,3712,4921,2982,5221,156,203,492,782,645,1213,770,1829,901,1573,537,570,673,1106,582,1878,28261,13631,1198,275,9817,2,0,6,2
2021-03-08T23:59:59+01:00,0,3,735,748,1230,1730,1507,2532,1720,3457,2347,3360,1375,1254,3038,4093,2743,4851,152,200,478,759,623,1180,751,1779,877,1536,533,568,673,1105,582,1878,25798,13623,1198,49,9721,0,0,6,2
2021-03-07T23:59:59+01:00,0,3,732,744,1221,1720,1499,2517,1709,3449,2336,3352,1362,1238,2935,3971,2720,4801,152,200,478,759,623,1180,751,1779,877,1536,533,568,673,1105,582,1878,25443,13623,1196,49,9664,0,0,6,2
2021-03-06T23:59:59+01:00,0,3,731,744,1220,1715,1496,2514,1705,3446,2332,3351,1359,1238,2935,3971,2720,4801,151,200,478,759,623,1180,751,1779,877,1536,533,568,673,1105,582,1878,25438,13622,1196,49,9641,0,0,6,2
2021-03-05T23:59:59+01:00,0,3,669,718,1194,1700,1475,2504,1680,3431,2303,3341,1354,1235,2927,3963,2717,4796,151,200,478,758,623,1179,751,1779,877,1534,532,568,673,1105,582,1878,25409,13617,1192,49,9403,0,0,6,2
2021-03-04T23:59:59+01:00,0,3,603,671,1127,1631,1419,2421,1639,3350,2230,3264,1304,1187,2706,3597,2531,4508,149,194,475,744,612,1167,740,1751,868,1521,522,557,661,1095,577,1869,24181,13452,1184,48,8820,0,0,6,2
2021-03-03T23:59:59+01:00,0,3,566,632,1060,1569,1322,2340,1538,3264,2105,3178,1259,1141,2332,3075,2175,4056,149,194,473,741,612,1167,739,1749,866,1520,519,554,659,1092,577,1867,22304,13429,1182,47,8125,0,0,4,2
2021-03-02T23:59:59+01:00,0,3,548,599,1022,1523,1266,2297,1480,3212,2008,3117,1176,1040,1965,2597,1784,3535,147,192,468,735,607,1156,729,1739,861,1499,510,545,648,1071,557,1834,20238,13249,1179,47,7751,0,0,4,2
2021-03-01T23:59:59+01:00,0,3,541,550,1004,1484,1220,2236,1434,3146,1953,3044,1131,966,1475,2005,1397,2991,145,192,468,735,607,1155,729,1736,860,1499,508,545,645,1062,553,1823,17959,13213,1176,47,7441,0,0,4,2
2021-02-28T23:59:59+01:00,0,3,534,536,987,1444,1194,2174,1406,3088,1898,2971,1110,944,1360,1864,1323,2903,145,192,467,734,607,1155,728,1734,859,1498,506,545,645,1062,553,1823,17479,13204,1173,47,7083,0,0,4,2
2021-02-27T23:59:59+01:00,0,3,534,534,986,1443,1194,2173,1406,3087,1898,2970,1110,944,1360,1863,1321,2903,145,192,466,733,604,1153,726,1732,857,1497,506,545,645,1062,553,1823,17476,13204,1173,33,7076,0,0,4,2
2021-02-26T23:59:59+01:00,0,3,391,483,855,1400,1111,2131,1339,3046,1839,2928,1105,938,1357,1862,1321,2902,145,192,466,733,604,1153,726,1731,857,1496,506,545,645,1062,553,1823,17465,13203,1173,32,6369,0,0,4,2
2021-02-25T23:59:59+01:00,0,3,301,429,759,1306,1027,2041,1240,2873,1700,2766,1067,906,1275,1737,1201,2710,138,182,454,720,588,1128,719,1706,837,1472,492,531,616,1030,539,1804,16864,12932,1173,22,5300,0,0,4,2
2021-02-24T23:59:59+01:00,0,2,255,384,686,1230,953,1953,1186,2755,1634,2648,1040,886,1152,1591,1043,2493,136,182,451,716,584,1127,718,1701,836,1468,487,526,608,1025,536,1792,16151,12872,1171,19,4565,0,0,4,2
2021-02-23T23:59:59+01:00,0,2,243,362,665,1172,924,1874,1139,2643,1559,2538,1014,858,1071,1463,901,2328,136,181,451,714,584,1127,718,1698,834,1467,486,523,606,1024,536,1791,15590,12861,1136,14,4026,0,0,4,1
2021-02-22T23:59:59+01:00,0,0,228,342,642,1142,892,1791,1089,2551,1472,2415,968,828,952,1319,714,2072,136,181,450,713,582,1126,717,1698,828,1465,485,522,605,1022,535,1789,14836,12849,1063,4,3514,0,0,4,1
2021-02-21T23:59:59+01:00,0,0,222,331,607,1075,842,1687,1046,2450,1392,2308,951,807,919,1267,662,2006,136,180,447,706,581,1122,717,1693,828,1464,484,522,604,1022,534,1788,14627,12823,1020,4,2921,0,0,4,1
2021-02-20T23:59:59+01:00,0,0,222,328,604,1074,840,1682,1042,2445,1377,2289,915,778,886,1244,654,2004,136,180,447,706,581,1122,717,1693,828,1464,484,521,603,1022,534,1788,14626,12822,860,4,2894,0,0,4,0
2021-02-19T23:59:59+01:00,0,0,212,320,594,1066,827,1667,1021,2428,1344,2246,670,675,744,1181,630,1987,136,180,447,705,581,1119,716,1691,825,1461,484,520,603,1021,533,1788,14151,12807,671,3,2786,0,0,4,0
2021-02-18T23:59:59+01:00,0,0,195,270,554,944,742,1440,891,2169,1094,1870,591,607,703,1139,610,1970,131,180,434,693,566,1102,710,1665,810,1433,481,517,602,1020,533,1788,13992,12662,571,3,1223,0,0,3,0
2021-02-17T23:59:59+01:00,0,0,189,231,534,895,705,1343,833,2002,1009,1739,569,587,703,1136,608,1967,124,178,423,683,558,1086,691,1634,797,1410,478,515,600,1017,533,1787,13975,12511,571,3,501,0,0,3,0
2021-02-16T23:59:59+01:00,0,0,182,228,526,879,691,1312,814,1964,976,1699,557,582,697,1134,607,1964,119,173,409,678,547,1070,678,1616,788,1396,472,509,593,1003,525,1756,13945,12330,571,2,293,0,0,3,0
2021-02-15T23:59:59+01:00,0,0,168,219,521,852,685,1278,800,1929,947,1653,556,579,695,1134,607,1964,116,172,402,668,536,1051,649,1589,774,1378,470,506,593,1003,525,1756,13942,12186,532,2,110,0,0,3,0
2021-02-14T23:59:59+01:00,0,0,163,211,518,839,684,1269,797,1920,929,1644,555,578,695,1131,606,1964,109,168,391,657,519,1033,631,1574,767,1365,470,504,591,1001,525,1756,13936,12059,530,2,34,0,0,3,0
2021-02-13T23:59:59+01:00,0,0,162,211,517,839,684,1269,797,1920,929,1644,555,578,695,1131,606,1964,109,168,390,657,519,1033,631,1574,767,1365,470,504,591,1001,525,1756,13935,12058,530,2,33,0,0,3,0
2021-02-12T23:59:59+01:00,0,0,161,210,512,838,683,1266,793,1919,927,1641,554,578,695,1131,606,1964,106,166,387,651,515,1027,617,1559,764,1348,468,503,580,981,520,1729,13928,11919,529,2,18,0,0,3,0
2021-02-11T23:59:59+01:00,0,0,159,209,508,831,676,1262,791,1916,921,1639,549,572,688,1125,601,1958,87,130,358,579,469,947,565,1442,720,1254,444,458,537,927,477,1631,13877,11024,517,1,8,0,0,3,0
2021-02-10T23:59:59+01:00,0,0,156,207,498,814,660,1247,779,1889,906,1615,541,566,677,1113,596,1948,78,118,329,519,442,840,523,1267,647,1097,395,408,470,810,428,1470,13752,9840,456,1,1,0,0,3,0
2021-02-09T23:59:59+01:00,0,0,155,201,490,776,644,1208,759,1828,895,1574,529,554,671,1098,587,1929,73,101,310,452,407,756,481,1164,582,997,364,354,427,723,395,1349,13639,8935,256,0,0,0,0,3,0
2021-02-08T23:59:59+01:00,0,0,151,197,473,751,622,1173,739,1778,875,1530,523,553,669,1092,583,1913,59,75,264,383,357,621,421,935,509,818,306,299,361,569,330,1143,13569,7450,50,0,0,0,0,3,0
2021-02-07T23:59:59+01:00,0,0,151,196,471,750,620,1172,738,1770,873,1528,522,553,669,1092,583,1912,58,67,246,348,338,576,405,903,489,783,306,292,359,562,328,1139,13547,7199,50,0,0,0,0,3,0
2021-02-06T23:59:59+01:00,0,0,151,196,471,750,620,1172,738,1770,873,1528,522,553,669,1092,583,1912,58,67,246,347,338,576,405,902,487,781,306,291,358,560,327,1139,13547,7188,50,0,0,0,0,3,0
2021-02-05T23:59:59+01:00,0,0,151,196,471,750,620,1172,738,1770,873,1527,522,553,668,1092,583,1912,56,67,244,345,331,572,397,880,478,761,296,286,347,536,310,1099,13545,7005,50,0,0,0,0,3,0
2021-02-04T23:59:59+01:00,0,0,145,191,467,742,613,1164,734,1756,867,1518,515,546,646,1067,574,1895,41,51,211,311,289,476,355,739,384,615,233,217,262,371,229,812,13388,5596,49,0,0,0,0,3,0
2021-02-03T23:59:59+01:00,0,0,143,190,461,735,605,1155,730,1744,858,1502,504,539,633,1056,567,1888,33,32,155,220,236,346,265,565,309,465,182,171,185,278,178,606,13259,4226,48,0,0,0,0,3,0
2021-02-02T23:59:59+01:00,0,0,143,187,459,734,605,1155,727,1738,851,1498,503,537,629,1053,566,1884,24,26,136,173,191,278,221,429,257,374,142,131,137,208,141,477,13219,3345,48,0,0,0,0,2,0
2021-02-01T23:59:59+01:00,0,0,141,187,458,733,600,1152,726,1730,849,1493,502,535,624,1051,566,1878,20,19,100,128,137,187,155,299,168,259,90,94,93,132,77,258,13175,2216,48,0,0,0,0,2,0
2021-01-31T23:59:59+01:00,0,0,141,187,458,730,597,1151,726,1726,849,1492,500,534,623,1049,566,1877,14,15,67,88,95,122,118,222,141,203,85,87,89,124,75,244,13157,1789,48,0,0,0,0,1,0
2021-01-30T23:59:59+01:00,0,0,141,187,457,730,595,1149,725,1725,849,1492,500,534,622,1049,566,1877,14,15,67,88,95,120,116,218,138,200,84,86,89,118,69,234,13156,1751,41,0,0,0,0,1,0
2021-01-29T23:59:59+01:00,0,0,141,187,457,728,594,1146,723,1723,847,1491,500,534,622,1049,566,1877,12,15,55,82,78,116,98,207,115,188,79,79,87,114,68,233,13151,1626,33,0,0,0,0,1,0
2021-01-28T23:59:59+01:00,0,0,134,183,444,711,577,1120,717,1696,825,1462,493,528,619,1046,563,1874,7,3,12,20,24,44,31,95,47,87,46,50,56,84,50,176,12966,832,25,0,0,0,0,1,0
2021-01-27T23:59:59+01:00,0,0,127,181,433,701,569,1111,701,1662,818,1438,490,526,615,1041,563,1869,3,1,4,12,10,23,13,40,23,30,13,17,24,34,21,55,12821,323,23,0,0,0,0,1,0
2021-01-26T23:59:59+01:00,0,0,121,177,419,689,556,1097,692,1639,807,1417,485,520,609,1024,555,1834,3,1,4,11,7,21,11,37,17,27,13,15,23,33,21,54,12626,298,14,0,0,0,0,1,0
2021-01-25T23:59:59+01:00,0,0,118,175,410,677,545,1078,665,1611,789,1400,483,516,607,1023,555,1834,2,1,3,9,7,16,6,28,12,21,9,6,13,22,11,35,12481,201,4,0,0,0,0,1,0
2021-01-24T23:59:59+01:00,0,0,111,172,400,667,531,1060,648,1598,776,1388,482,513,606,1023,555,1834,2,0,1,6,7,4,4,7,5,8,1,2,11,15,7,21,12359,101,4,0,0,0,0,1,0
2021-01-23T23:59:59+01:00,0,0,111,172,400,667,531,1060,648,1598,776,1388,482,513,606,1023,555,1834,1,0,1,6,7,4,4,7,5,8,1,2,11,15,7,21,12359,100,4,0,0,0,0,1,0
2021-01-22T23:59:59+01:00,0,0,108,170,393,661,528,1054,634,1583,770,1370,482,508,595,1002,548,1806,1,0,1,6,7,4,4,7,5,8,1,2,11,15,7,21,12209,100,3,0,0,0,0,0,0
2021-01-21T23:59:59+01:00,0,0,97,162,378,642,505,1020,604,1533,748,1327,466,472,562,960,512,1742,1,0,1,6,7,4,4,7,5,8,1,2,11,15,7,21,11727,100,3,0,0,0,0,0,0
2021-01-20T23:59:59+01:00,0,0,79,120,343,553,461,880,546,1300,660,1140,404,413,477,817,449,1519,1,0,1,5,7,4,4,7,5,8,1,2,11,15,7,21,10158,99,3,0,0,0,0,0,0
2021-01-19T23:59:59+01:00,0,0,74,106,315,475,420,792,504,1188,608,1037,380,376,440,738,419,1423,1,0,1,3,7,4,4,7,5,8,1,0,8,10,6,18,9292,83,3,0,0,0,0,0,0
2021-01-18T23:59:59+01:00,0,0,60,76,268,388,365,643,429,956,517,841,312,309,370,584,353,1215,1,0,1,3,7,4,4,7,5,8,1,0,8,10,6,18,7684,83,2,0,0,0,0,0,0
2021-01-17T23:59:59+01:00,0,0,59,67,249,353,343,590,410,913,493,802,309,300,368,577,350,1207,0,0,0,0,0,0,0,0,0,0,0,0,0,0,0,0,7388,0,2,0,0,0,0,0,0
2021-01-16T23:59:59+01:00,0,0,59,67,249,352,343,590,410,912,491,800,309,299,366,573,349,1207,0,0,0,0,0,0,0,0,0,0,0,0,0,0,0,0,7374,0,2,0,0,0,0,0,0
2021-01-15T23:59:59+01:00,0,0,57,67,248,349,337,584,399,889,480,775,295,293,349,545,327,1165,0,0,0,0,0,0,0,0,0,0,0,0,0,0,0,0,7157,0,2,0,0,0,0,0,0
2021-01-14T23:59:59+01:00,0,0,43,54,234,325,312,509,365,764,391,629,234,219,259,369,234,834,0,0,0,0,0,0,0,0,0,0,0,0,0,0,0,0,5775,0,0,0,0,0,0,0,0
2021-01-13T23:59:59+01:00,0,0,37,43,209,269,272,408,299,615,320,502,179,176,188,283,191,642,0,0,0,0,0,0,0,0,0,0,0,0,0,0,0,0,4633,0,0,0,0,0,0,0,0
2021-01-12T23:59:59+01:00,0,0,32,41,204,254,257,376,276,535,288,456,142,134,142,215,149,501,0,0,0,0,0,0,0,0,0,0,0,0,0,0,0,0,4002,0,0,0,0,0,0,0,0
2021-01-11T23:59:59+01:00,0,0,27,37,195,233,239,324,229,446,239,382,111,106,108,143,88,320,0,0,0,0,0,0,0,0,0,0,0,0,0,0,0,0,3227,0,0,0,0,0,0,0,0
2021-01-10T23:59:59+01:00,0,0,26,31,157,172,196,249,191,350,197,305,99,99,105,138,86,305,0,0,0,0,0,0,0,0,0,0,0,0,0,0,0,0,2706,0,0,0,0,0,0,0,0
2021-01-09T23:59:59+01:00,0,0,26,31,150,168,194,241,187,342,195,300,99,99,105,138,86,305,0,0,0,0,0,0,0,0,0,0,0,0,0,0,0,0,2666,0,0,0,0,0,0,0,0
2021-01-08T23:59:59+01:00,0,0,23,28,119,144,173,228,162,313,167,279,94,89,103,134,85,304,0,0,0,0,0,0,0,0,0,0,0,0,0,0,0,0,2445,0,0,0,0,0,0,0,0
2021-01-07T23:59:59+01:00,0,0,8,3,16,26,32,54,37,105,60,111,49,51,64,92,54,212,0,0,0,0,0,0,0,0,0,0,0,0,0,0,0,0,974,0,0,0,0,0,0,0,0
2021-01-06T23:59:59+01:00,0,0,3,1,5,13,10,22,13,39,20,31,14,14,27,38,23,65,0,0,0,0,0,0,0,0,0,0,0,0,0,0,0,0,338,0,0,0,0,0,0,0,0
2021-01-05T23:59:59+01:00,0,0,3,1,4,10,9,18,10,31,15,26,11,14,23,33,21,57,0,0,0,0,0,0,0,0,0,0,0,0,0,0,0,0,286,0,0,0,0,0,0,0,0
2021-01-04T23:59:59+01:00,0,0,2,1,2,7,9,10,4,15,8,16,5,3,12,19,8,31,0,0,0,0,0,0,0,0,0,0,0,0,0,0,0,0,152,0,0,0,0,0,0,0,0
2021-01-03T23:59:59+01:00,0,0,2,0,1,6,8,4,4,7,5,9,1,2,12,15,7,21,0,0,0,0,0,0,0,0,0,0,0,0,0,0,0,0,104,0,0,0,0,0,0,0,0
2021-01-02T23:59:59+01:00,0,0,2,0,1,6,8,4,4,7,5,9,1,2,12,15,7,21,0,0,0,0,0,0,0,0,0,0,0,0,0,0,0,0,104,0,0,0,0,0,0,0,0
2021-01-01T23:59:59+01:00,0,0,1,0,1,6,8,4,4,7,5,9,1,2,12,15,7,21,0,0,0,0,0,0,0,0,0,0,0,0,0,0,0,0,103,0,0,0,0,0,0,0,0
2020-12-31T23:59:59+01:00,0,0,1,0,1,5,8,4,4,7,5,9,1,2,12,15,7,21,0,0,0,0,0,0,0,0,0,0,0,0,0,0,0,0,102,0,0,0,0,0,0,0,0
2020-12-30T23:59:59+01:00,0,0,1,0,1,5,8,4,4,7,5,9,1,2,12,15,7,21,0,0,0,0,0,0,0,0,0,0,0,0,0,0,0,0,102,0,0,0,0,0,0,0,0
2020-12-29T23:59:59+01:00,0,0,1,0,1,3,8,4,4,7,5,9,1,0,9,10,6,18,0,0,0,0,0,0,0,0,0,0,0,0,0,0,0,0,86,0,0,0,0,0,0,0,0
2020-12-28T23:59:59+01:00,0,0,1,0,1,3,8,4,4,7,5,9,1,0,9,10,6,18,0,0,0,0,0,0,0,0,0,0,0,0,0,0,0,0,86,0,0,0,0,0,0,0,0
2020-12-27T23:59:59+01:00,0,0,1,0,1,3,8,4,4,7,5,9,1,0,9,10,6,18,0,0,0,0,0,0,0,0,0,0,0,0,0,0,0,0,86,0,0,0,0,0,0,0,0
