Datum,<15_1_m,<15_1_w,15-24_1_m,15-24_1_w,25-34_1_m,25-34_1_w,35-44_1_m,35-44_1_w,45-54_1_m,45-54_1_w,55-64_1_m,55-64_1_w,65-74_1_m,65-74_1_w,75-84_1_m,75-84_1_w,>84_1_m,>84_1_w,<15_2_m,<15_2_w,15-24_2_m,15-24_2_w,25-34_2_m,25-34_2_w,35-44_2_m,35-44_2_w,45-54_2_m,45-54_2_w,55-64_2_m,55-64_2_w,65-74_2_m,65-74_2_w,75-84_2_m,75-84_2_w,>84_2_m,>84_2_w,bp_1,bp_2,mo_1,mo_2,az_1,az_2,ja,unb_1,unb_2
2021-12-11T23:59:59+01:00,6066,5716,21711,19905,27016,25127,27839,27208,30731,31244,32892,33902,22456,25796,15885,20112,4624,8164,2922,2853,18922,17494,24366,22354,25608,24876,28807,29210,31382,32193,21800,24872,15474,19438,4440,7784,279507,251854,33515,32399,55149,52296,18186,46,60
2021-12-10T23:59:59+01:00,6040,5677,21669,19875,26982,25082,27821,27176,30715,31234,32876,33892,22451,25782,15883,20108,4623,8164,2886,2823,18861,17450,24287,22299,25556,24841,28772,29174,31355,32165,21793,24865,15473,19436,4440,7782,279167,251328,33511,32388,55149,52296,18186,46,60
2021-12-09T23:59:59+01:00,5829,5471,21599,19806,26932,25020,27776,27119,30691,31203,32845,33859,22432,25750,15874,20091,4623,8158,2798,2709,18703,17287,24144,22130,25444,24707,28686,29071,31294,32082,21759,24828,15464,19405,4437,7771,278203,249822,33503,32356,55149,52296,18186,46,59
2021-12-08T23:59:59+01:00,5697,5383,21533,19751,26877,24960,27747,27079,30664,31178,32821,33825,22415,25733,15866,20077,4621,8152,2735,2637,18572,17148,24013,21978,25330,24585,28597,28975,31218,32001,21719,24789,15450,19376,4436,7762,277510,248461,33498,32320,55149,52296,18185,46,59
2021-12-07T23:59:59+01:00,5617,5301,21516,19746,26862,24943,27742,27065,30656,31173,32819,33816,22413,25729,15863,20074,4621,8151,2731,2630,18542,17126,23993,21958,25317,24569,28579,28963,31208,31989,21711,24786,15449,19374,4436,7762,277238,248263,33498,32320,55149,52296,18185,46,59
2021-12-06T23:59:59+01:00,5484,5165,21461,19689,26795,24876,27697,27027,30632,31140,32799,33783,22397,25704,15852,20057,4618,8141,2687,2584,18377,16988,23852,21805,25213,24457,28487,28862,31142,31929,21682,24738,15427,19355,4433,7750,276450,246930,33496,32298,55149,52296,18185,46,59
2021-12-05T23:59:59+01:00,5374,5066,21438,19651,26771,24834,27668,26998,30609,31112,32783,33759,22390,25689,15845,20045,4617,8132,2658,2560,18283,16901,23753,21725,25142,24393,28425,28803,31093,31878,21652,24707,15417,19340,4429,7744,275915,246069,33495,32294,55149,52296,18185,46,59
2021-12-04T23:59:59+01:00,5240,4980,21421,19637,26762,24821,27659,26990,30597,31104,32778,33753,22388,25687,15843,20044,4616,8132,2652,2555,18243,16874,23709,21701,25119,24380,28404,28796,31081,31864,21650,24704,15415,19338,4429,7742,275587,245823,33495,32294,55149,52296,18184,46,59
2021-12-03T23:59:59+01:00,4997,4792,21385,19608,26731,24788,27643,26971,30578,31081,32768,33733,22382,25679,15843,20037,4614,8131,2629,2530,18151,16800,23627,21641,25034,24313,28350,28748,31047,31838,21640,24696,15410,19332,4426,7742,274906,245146,33485,32270,55149,52295,18184,46,59
2021-12-02T23:59:59+01:00,4735,4539,21346,19569,26679,24723,27599,26924,30550,31054,32740,33703,22370,25664,15826,20023,4606,8124,2576,2454,18022,16702,23515,21541,24938,24229,28255,28672,30985,31786,21617,24669,15401,19315,4422,7733,273928,244041,33476,32253,55149,52295,18184,46,59
2021-12-01T23:59:59+01:00,4535,4339,21304,19512,26639,24647,27551,26873,30512,30992,32705,33661,22354,25634,15816,20000,4603,8114,2530,2404,17855,16539,23360,21389,24810,24112,28148,28583,30906,31699,21590,24646,15386,19297,4422,7727,272952,242643,33469,32224,55149,52293,18184,46,59
2021-11-30T23:59:59+01:00,4351,4159,21265,19470,26591,24578,27518,26824,30481,30961,32674,33620,22342,25618,15803,19979,4601,8105,2499,2380,17774,16458,23280,21291,24738,24039,28082,28524,30849,31652,21570,24614,15375,19283,4422,7724,272106,241800,33464,32219,55149,52292,18184,46,59
2021-11-29T23:59:59+01:00,4125,3982,21204,19423,26540,24496,27465,26767,30435,30910,32637,33571,22311,25574,15794,19952,4598,8094,2468,2353,17655,16347,23128,21151,24631,23965,27998,28444,30780,31591,21539,24575,15367,19255,4421,7715,271055,240665,33454,32183,55148,52292,18184,46,59
2021-11-28T23:59:59+01:00,3959,3830,21164,19393,26498,24441,27434,26726,30407,30883,32618,33536,22301,25553,15787,19936,4595,8087,2452,2335,17595,16287,23052,21105,24566,23918,27957,28397,30745,31550,21519,24553,15358,19248,4419,7713,270336,240054,33443,32180,55148,52292,18184,46,59
2021-11-27T23:59:59+01:00,3932,3810,21144,19380,26485,24428,27416,26712,30398,30872,32610,33530,22299,25547,15786,19934,4595,8087,2451,2335,17582,16283,23041,21096,24553,23907,27949,28392,30737,31542,21518,24553,15356,19246,4419,7713,270155,239960,33443,32180,55148,52292,18182,46,59
2021-11-26T23:59:59+01:00,3827,3721,21100,19352,26448,24382,27385,26682,30375,30847,32586,33512,22291,25532,15783,19930,4595,8085,2438,2313,17521,16250,22985,21065,24513,23861,27906,28371,30715,31528,21513,24547,15353,19242,4419,7713,269629,239553,33437,32168,55148,52291,18182,46,59
2021-11-25T23:59:59+01:00,3678,3579,21041,19273,26402,24292,27335,26613,30323,30793,32550,33460,22282,25506,15778,19914,4593,8080,2401,2278,17443,16189,22872,20997,24452,23806,27848,28318,30676,31491,21503,24529,15344,19231,4415,7711,268705,238834,33420,32139,55148,52290,18182,46,59
2021-11-24T23:59:59+01:00,3588,3483,20963,19206,26329,24197,27259,26534,30277,30729,32507,33408,22262,25474,15771,19893,4584,8067,2371,2251,17368,16099,22757,20900,24369,23742,27765,28257,30620,31431,21482,24504,15332,19222,4412,7708,267749,237952,33415,32111,55148,52286,18182,46,59
2021-11-23T23:59:59+01:00,3499,3398,20888,19137,26256,24128,27196,26471,30213,30671,32461,33357,22240,25445,15751,19860,4578,8041,2352,2233,17281,16045,22667,20820,24304,23673,27715,28209,30579,31404,21471,24481,15315,19204,4409,7696,266822,237231,33404,32103,55148,52286,18179,46,59
2021-11-22T23:59:59+01:00,3415,3316,20796,19060,26131,24010,27112,26363,30147,30585,32390,33288,22214,25409,15743,19831,4569,8030,2332,2215,17227,15980,22588,20765,24242,23616,27665,28151,30532,31362,21447,24455,15302,19190,4405,7692,265651,236559,33397,32087,55148,52285,18176,46,59
2021-11-21T23:59:59+01:00,3376,3266,20725,19004,26057,23932,27049,26298,30089,30521,32338,33230,22194,25381,15736,19812,4565,8023,2326,2208,17203,15966,22559,20747,24218,23598,27648,28141,30517,31347,21439,24448,15297,19183,4405,7686,264844,236339,33393,32079,55148,52285,18174,46,59
2021-11-20T23:59:59+01:00,3364,3254,20694,18970,26012,23902,27009,26275,30065,30497,32323,33212,22184,25374,15733,19808,4565,8021,2321,2205,17188,15961,22549,20738,24201,23587,27640,28130,30513,31344,21437,24447,15297,19181,4405,7686,264513,236235,33391,32078,55148,52285,18173,46,59
2021-11-19T23:59:59+01:00,3286,3179,20608,18883,25918,23821,26944,26216,30005,30445,32283,33171,22170,25348,15731,19802,4564,8018,2310,2197,17151,15927,22494,20704,24150,23558,27598,28100,30491,31333,21424,24441,15292,19177,4403,7684,263658,235855,33376,32066,55148,52281,18173,46,59
2021-11-18T23:59:59+01:00,3172,3081,20518,18761,25806,23690,26852,26100,29929,30357,32236,33100,22133,25303,15720,19783,4564,8009,2290,2162,17076,15850,22430,20637,24099,23499,27547,28068,30441,31296,21412,24425,15283,19159,4400,7670,262387,235207,33369,32029,55148,52276,18173,46,59
2021-11-17T23:59:59+01:00,3109,3006,20388,18635,25686,23542,26746,25987,29841,30290,32178,33030,22111,25261,15709,19762,4561,8002,2269,2134,16989,15790,22330,20565,24030,23419,27468,28013,30397,31259,21396,24406,15274,19143,4398,7665,261130,234431,33358,32011,55148,52273,18171,46,59
2021-11-16T23:59:59+01:00,3061,2947,20261,18538,25552,23408,26661,25886,29768,30205,32115,32957,22089,25229,15698,19743,4559,7990,2248,2118,16944,15765,22283,20523,23985,23387,27428,27965,30365,31226,21380,24392,15261,19133,4398,7662,259962,233957,33351,32007,55148,52271,18169,46,59
2021-11-15T23:59:59+01:00,3008,2904,20056,18383,25364,23246,26528,25754,29675,30095,32028,32878,22057,25195,15682,19721,4556,7982,2232,2109,16894,15744,22235,20490,23941,23355,27403,27937,30342,31207,21363,24373,15254,19119,4396,7658,258431,233572,33330,31984,55148,52271,18166,46,59
2021-11-14T23:59:59+01:00,2980,2868,19931,18284,25249,23122,26439,25680,29607,30018,31967,32811,22031,25165,15672,19706,4553,7976,2221,2095,16864,15703,22209,20459,23913,23337,27387,27916,30323,31190,21356,24370,15248,19108,4396,7656,257386,233277,33324,31981,55148,52270,18164,46,59
2021-11-13T23:59:59+01:00,2967,2851,19865,18236,25188,23083,26371,25643,29572,29993,31944,32792,22026,25160,15672,19704,4551,7975,2218,2094,16856,15698,22203,20452,23902,23333,27380,27913,30318,31187,21355,24369,15248,19107,4396,7656,256923,233218,33324,31977,55148,52270,18161,46,59
2021-11-12T23:59:59+01:00,2925,2811,19661,18097,25024,22947,26225,25514,29496,29911,31881,32752,22014,25137,15664,19698,4549,7975,2205,2083,16796,15670,22157,20417,23863,23303,27354,27895,30286,31173,21348,24358,15241,19102,4396,7654,255646,232855,33293,31964,55148,52266,18157,46,59
2021-11-11T23:59:59+01:00,2862,2744,19520,17974,24891,22808,26100,25399,29406,29815,31813,32702,21990,25113,15656,19688,4547,7969,2188,2062,16755,15616,22115,20364,23829,23276,27326,27860,30266,31137,21330,24348,15236,19091,4394,7648,254406,232420,33258,31949,55147,52264,18149,46,59
2021-11-10T23:59:59+01:00,2808,2677,19260,17764,24657,22608,25937,25239,29248,29698,31724,32597,21960,25083,15639,19668,4545,7959,2173,2038,16693,15539,22037,20307,23777,23227,27277,27823,30219,31099,21310,24327,15227,19074,4389,7642,252548,231789,33207,31934,55146,52263,18133,46,59
2021-11-09T23:59:59+01:00,2764,2635,19116,17619,24497,22483,25826,25124,29174,29622,31658,32527,21937,25052,15623,19651,4542,7943,2154,2023,16660,15502,21999,20282,23754,23199,27252,27793,30193,31057,21291,24309,15220,19057,4387,7637,251287,231391,33193,31930,55146,52259,18130,46,59
2021-11-08T23:59:59+01:00,2715,2593,18853,17398,24262,22254,25646,24978,29022,29491,31549,32436,21902,24998,15601,19627,4541,7935,2131,2002,16609,15454,21953,20240,23725,23157,27214,27765,30169,31031,21267,24295,15211,19043,4383,7633,249351,230940,33153,31913,55146,52256,18114,46,59
2021-11-07T23:59:59+01:00,2687,2561,18744,17289,24132,22139,25536,24885,28950,29417,31498,32376,21880,24976,15593,19623,4539,7932,2116,1988,16585,15438,21930,20213,23703,23142,27199,27747,30156,31019,21263,24289,15206,19035,4383,7631,248310,230703,33151,31913,55146,52255,18113,46,59
2021-11-06T23:59:59+01:00,2687,2558,18742,17286,24128,22139,25532,24881,28948,29414,31497,32374,21880,24976,15593,19623,4538,7932,2116,1987,16581,15436,21930,20211,23702,23142,27196,27744,30154,31019,21263,24288,15206,19035,4383,7631,248281,230686,33151,31911,55146,52255,18113,46,59
2021-11-05T23:59:59+01:00,2658,2519,18642,17203,24036,22042,25457,24812,28882,29358,31457,32342,21879,24969,15590,19616,4538,7931,2111,1981,16569,15419,21921,20198,23691,23133,27189,27730,30146,31010,21258,24283,15206,19034,4382,7630,247524,230565,33113,31905,55146,52251,18111,46,59
2021-11-04T23:59:59+01:00,2612,2482,18561,17110,23925,21945,25388,24755,28809,29311,31416,32303,21868,24957,15582,19606,4536,7926,2082,1957,16508,15369,21871,20152,23656,23103,27165,27700,30123,30988,21253,24274,15201,19023,4380,7629,246713,230156,33103,31889,55146,52237,18093,46,59
2021-11-03T23:59:59+01:00,2576,2456,18411,16979,23754,21803,25274,24657,28726,29249,31368,32246,21847,24944,15576,19600,4536,7924,2054,1934,16433,15300,21814,20085,23616,23062,27120,27664,30097,30958,21235,24250,15190,19012,4378,7623,245581,229572,33076,31873,55146,52235,18086,46,59
2021-11-02T23:59:59+01:00,2548,2433,18275,16895,23602,21696,25179,24591,28649,29193,31319,32211,21838,24924,15569,19591,4535,7915,2039,1914,16375,15263,21776,20038,23578,23022,27092,27639,30074,30935,21227,24237,15182,19009,4377,7620,244635,229161,33070,31867,55146,52235,18075,46,59
2021-11-01T23:59:59+01:00,2527,2413,18188,16821,23513,21635,25116,24547,28599,29152,31291,32184,21825,24914,15566,19590,4535,7914,2025,1900,16338,15208,21739,19999,23551,22989,27062,27601,30056,30915,21219,24232,15181,18999,4377,7618,244012,228790,33065,31855,55146,52235,18070,46,59
2021-10-31T23:59:59+01:00,2527,2413,18188,16821,23512,21633,25115,24547,28599,29152,31291,32184,21825,24914,15566,19590,4535,7914,2024,1899,16338,15208,21739,19999,23551,22988,27062,27601,30056,30914,21219,24232,15181,18999,4377,7618,244008,228786,33065,31855,55146,52235,18070,46,59
2021-10-30T23:59:59+02:00,2527,2413,18188,16821,23511,21633,25115,24547,28599,29152,31291,32184,21825,24914,15566,19590,4535,7914,2024,1899,16338,15208,21739,19999,23551,22988,27062,27601,30056,30914,21219,24232,15181,18999,4377,7618,244007,228786,33065,31855,55146,52235,18070,46,59
2021-10-29T23:59:59+02:00,2514,2399,18121,16775,23433,21593,25038,24502,28533,29113,31265,32163,21821,24904,15559,19585,4534,7912,2019,1894,16323,15196,21724,19984,23541,22973,27051,27588,30048,30911,21217,24230,15181,18997,4377,7618,243494,228659,33019,31851,55146,52235,18068,46,59
2021-10-28T23:59:59+02:00,2489,2375,18037,16707,23348,21527,24987,24446,28492,29075,31230,32135,21815,24897,15555,19577,4534,7909,1988,1875,16263,15145,21687,19939,23509,22941,27023,27566,30025,30884,21207,24221,15177,18994,4377,7613,242903,228247,32989,31836,55146,52232,18060,46,59
2021-10-27T23:59:59+02:00,2455,2338,17918,16624,23193,21423,24877,24357,28395,29015,31182,32103,21806,24873,15548,19568,4534,7908,1962,1846,16192,15097,21638,19878,23475,22902,26988,27527,29997,30859,21196,24208,15170,18984,4376,7609,241933,227754,32949,31811,55146,52228,18052,46,59
2021-10-26T23:59:59+02:00,2430,2314,17860,16577,23147,21374,24830,24318,28348,28973,31155,32084,21804,24863,15545,19566,4534,7905,1944,1822,16152,15051,21606,19846,23443,22871,26977,27506,29984,30848,21188,24206,15168,18982,4376,7609,241457,227442,32948,31811,55146,52228,18039,46,59
2021-10-25T23:59:59+02:00,2429,2310,17859,16571,23145,21372,24828,24315,28346,28968,31154,32084,21804,24863,15545,19566,4534,7905,1944,1821,16152,15050,21606,19845,23441,22870,26977,27505,29983,30848,21188,24206,15168,18982,4376,7609,241433,227435,32944,31811,55146,52228,18038,46,59
2021-10-24T23:59:59+02:00,2420,2301,17842,16544,23128,21352,24802,24299,28337,28962,31147,32079,21802,24861,15543,19565,4534,7905,1934,1804,16131,15012,21583,19822,23427,22841,26966,27494,29973,30840,21185,24201,15166,18976,4376,7609,241274,227220,32930,31797,55146,52228,18036,46,59
2021-10-23T23:59:59+02:00,2420,2301,17841,16544,23127,21352,24802,24299,28336,28962,31147,32079,21802,24861,15543,19565,4534,7905,1934,1804,16131,15012,21582,19822,23427,22841,26966,27494,29973,30840,21185,24201,15166,18976,4376,7609,241271,227219,32930,31797,55146,52228,18036,46,59
2021-10-22T23:59:59+02:00,2399,2283,17776,16503,23076,21306,24752,24242,28304,28933,31113,32056,21795,24852,15538,19563,4533,7903,1927,1797,16112,15000,21571,19813,23411,22824,26958,27490,29964,30834,21183,24199,15166,18976,4376,7609,240798,227104,32921,31796,55146,52226,18025,46,59
2021-10-21T23:59:59+02:00,2384,2256,17733,16458,23019,21257,24714,24208,28258,28905,31095,32034,21788,24846,15535,19559,4532,7895,1882,1759,16049,14922,21526,19753,23374,22776,26919,27451,29950,30813,21176,24187,15157,18957,4374,7604,240388,226585,32895,31749,55146,52226,18010,46,59
2021-10-20T23:59:59+02:00,2353,2215,17652,16394,22926,21189,24637,24164,28218,28858,31060,32007,21776,24837,15531,19550,4530,7893,1827,1714,15962,14850,21478,19685,23313,22730,26874,27395,29922,30785,21155,24175,15150,18939,4368,7601,239733,225918,32875,31724,55146,52223,17999,46,59
2021-10-19T23:59:59+02:00,2332,2201,17617,16368,22905,21174,24623,24147,28205,28846,31052,31985,21769,24826,15529,19542,4529,7892,1797,1675,15903,14800,21436,19638,23292,22706,26854,27376,29902,30765,21143,24161,15145,18933,4368,7598,239490,225495,32875,31723,55145,52220,17995,46,59
2021-10-18T23:59:59+02:00,2319,2191,17596,16347,22890,21148,24604,24129,28193,28836,31039,31973,21763,24824,15527,19535,4527,7889,1773,1652,15861,14753,21417,19613,23269,22677,26833,27348,29882,30750,21137,24156,15141,18927,4367,7597,239279,225159,32875,31722,55145,52219,17994,46,59
2021-10-17T23:59:59+02:00,2310,2185,17570,16312,22861,21118,24585,24115,28173,28827,31028,31965,21755,24820,15526,19532,4527,7887,1755,1623,15818,14706,21384,19569,23248,22651,26814,27327,29868,30746,21131,24147,15141,18921,4364,7595,239057,224841,32869,31700,55144,52219,17989,46,59
2021-10-16T23:59:59+02:00,2310,2185,17569,16312,22861,21118,24585,24115,28173,28827,31028,31965,21755,24820,15526,19532,4527,7887,1755,1623,15818,14706,21384,19568,23248,22651,26814,27327,29868,30746,21131,24147,15141,18921,4364,7595,239056,224840,32869,31700,55144,52219,17989,46,59
2021-10-15T23:59:59+02:00,2300,2175,17544,16296,22842,21103,24559,24097,28157,28812,31022,31961,21749,24813,15526,19532,4527,7886,1747,1608,15805,14689,21372,19557,23239,22644,26811,27320,29863,30741,21128,24145,15140,18921,4364,7595,238877,224724,32856,31700,55144,52219,17987,46,59
2021-10-14T23:59:59+02:00,2290,2157,17499,16261,22806,21069,24535,24072,28138,28792,31011,31947,21743,24810,15523,19528,4526,7883,1726,1582,15742,14637,21343,19512,23204,22605,26793,27284,29841,30718,21117,24137,15135,18911,4362,7593,238573,224317,32855,31686,55144,52200,17980,46,59
2021-10-13T23:59:59+02:00,2260,2137,17410,16184,22743,21005,24489,24029,28100,28746,30982,31917,21728,24800,15517,19523,4525,7879,1688,1551,15640,14544,21290,19460,23160,22568,26751,27244,29812,30690,21109,24119,15133,18896,4362,7589,238042,223769,32831,31659,55144,52200,17919,46,59
2021-10-12T23:59:59+02:00,2250,2118,17367,16140,22720,20977,24462,24001,28084,28726,30969,31896,21724,24795,15513,19515,4524,7877,1664,1531,15588,14483,21271,19426,23134,22547,26726,27219,29788,30669,21101,24110,15131,18893,4360,7588,237729,223409,32830,31647,55143,52196,17918,46,59
2021-10-11T23:59:59+02:00,2239,2106,17338,16109,22705,20956,24447,23980,28065,28707,30954,31886,21718,24787,15511,19510,4521,7872,1646,1520,15545,14448,21233,19372,23111,22507,26700,27179,29759,30653,21090,24100,15125,18886,4356,7585,237486,222999,32830,31647,55143,52196,17914,46,59
2021-10-10T23:59:59+02:00,2235,2097,17321,16089,22687,20942,24441,23972,28056,28692,30949,31879,21711,24783,15511,19508,4521,7869,1630,1509,15488,14403,21169,19313,23072,22468,26655,27153,29737,30631,21080,24089,15119,18879,4356,7585,237346,222548,32826,31624,55143,52195,17910,46,59
2021-10-09T23:59:59+02:00,2233,2097,17321,16088,22685,20941,24441,23972,28056,28692,30949,31879,21711,24783,15511,19508,4521,7869,1629,1506,15487,14401,21169,19312,23072,22468,26655,27152,29737,30631,21080,24089,15119,18879,4356,7585,237340,222539,32826,31624,55143,52195,17910,46,59
2021-10-08T23:59:59+02:00,2228,2089,17310,16063,22663,20930,24423,23963,28041,28676,30934,31870,21709,24778,15511,19508,4521,7869,1622,1502,15480,14388,21156,19297,23061,22460,26645,27135,29732,30623,21078,24083,15117,18878,4356,7585,237203,222434,32816,31623,55142,52195,17887,46,59
2021-10-07T23:59:59+02:00,2204,2069,17256,16018,22637,20883,24398,23935,28009,28651,30913,31843,21704,24775,15509,19499,4520,7863,1587,1470,15410,14310,21096,19227,23018,22412,26615,27098,29704,30599,21067,24068,15112,18868,4352,7584,236821,221895,32806,31574,55139,52187,17882,46,59
2021-10-06T23:59:59+02:00,2180,2046,17196,15971,22590,20830,24372,23894,27977,28621,30897,31817,21692,24763,15502,19493,4519,7859,1550,1443,15351,14237,21046,19166,22980,22375,26584,27057,29680,30569,21056,24054,15101,18861,4350,7582,236400,221395,32787,31546,55139,52187,17855,46,59
2021-10-05T23:59:59+02:00,2160,2029,17150,15932,22541,20802,24337,23853,27955,28596,30884,31800,21687,24755,15502,19488,4518,7858,1538,1426,15322,14206,20990,19141,22950,22346,26556,27031,29655,30544,21048,24035,15098,18853,4347,7582,236131,221128,32787,31544,55139,52187,17750,46,59
2021-10-04T23:59:59+02:00,2133,1994,17096,15893,22489,20772,24313,23827,27939,28561,30864,31782,21683,24746,15500,19484,4517,7855,1532,1414,15284,14181,20964,19112,22936,22321,26538,27012,29643,30530,21041,24025,15094,18848,4347,7574,235787,220915,32787,31542,55139,52185,17695,46,59
2021-10-03T23:59:59+02:00,2128,1982,17066,15852,22459,20739,24275,23803,27925,28541,30847,31772,21680,24739,15499,19479,4517,7853,1512,1392,15252,14142,20939,19082,22910,22301,26523,26989,29629,30520,21031,24012,15092,18845,4347,7574,235572,220693,32781,31529,55135,52183,17628,46,59
2021-10-02T23:59:59+02:00,2128,1982,17066,15852,22459,20739,24274,23803,27925,28541,30847,31772,21680,24739,15499,19479,4517,7853,1512,1392,15252,14142,20939,19082,22910,22301,26523,26989,29629,30519,21031,24012,15092,18845,4347,7574,235571,220692,32781,31529,55135,52183,17628,46,59
2021-10-01T23:59:59+02:00,2123,1977,17053,15835,22456,20727,24260,23782,27920,28534,30843,31767,21677,24737,15499,19477,4516,7853,1510,1389,15248,14140,20936,19080,22908,22301,26521,26987,29629,30515,21030,24010,15092,18845,4347,7574,235455,220665,32780,31529,55135,52183,17626,46,59
2021-09-30T23:59:59+02:00,2102,1961,16996,15783,22412,20670,24219,23747,27889,28501,30820,31743,21665,24731,15494,19470,4514,7847,1473,1358,15179,14075,20897,19044,22874,22260,26498,26953,29610,30493,21026,24001,15089,18837,4343,7569,235065,220274,32766,31509,55135,52179,17558,46,59
2021-09-29T23:59:59+02:00,2034,1916,16903,15706,22341,20600,24162,23696,27826,28449,30782,31713,21649,24717,15487,19456,4511,7845,1451,1326,15109,14018,20854,18990,22838,22207,26460,26923,29575,30465,21017,23989,15078,18829,4342,7566,234423,219868,32749,31487,55134,52176,17447,46,59
2021-09-28T23:59:59+02:00,2017,1899,16821,15641,22269,20547,24097,23654,27788,28406,30765,31695,21639,24703,15482,19446,4511,7842,1437,1314,15043,13972,20795,18949,22793,22181,26429,26888,29554,30444,21004,23973,15072,18819,4340,7562,233990,219538,32748,31487,55134,52175,17310,46,59
2021-09-27T23:59:59+02:00,1954,1830,16754,15580,22233,20511,24072,23627,27759,28370,30745,31678,21632,24696,15480,19443,4510,7840,1426,1299,15014,13941,20773,18912,22778,22156,26410,26876,29536,30428,21000,23963,15068,18811,4339,7559,233492,219268,32747,31487,55134,52174,17301,46,59
2021-09-26T23:59:59+02:00,1933,1809,16683,15516,22179,20450,24033,23576,27730,28344,30730,31669,21622,24689,15479,19439,4509,7838,1410,1285,14943,13872,20719,18857,22728,22098,26368,26839,29517,30401,20993,23953,15060,18808,4339,7556,233120,218861,32730,31460,55133,52161,17205,46,59
2021-09-25T23:59:59+02:00,1933,1809,16681,15516,22177,20449,24030,23575,27730,28344,30730,31669,21622,24689,15479,19439,4509,7838,1410,1285,14942,13872,20717,18857,22727,22097,26367,26836,29517,30401,20992,23953,15060,18808,4339,7556,233114,218856,32730,31459,55133,52160,17202,46,59
2021-09-24T23:59:59+02:00,1932,1806,16655,15496,22133,20420,23997,23554,27710,28321,30712,31654,21620,24685,15477,19438,4509,7838,1403,1278,14915,13845,20667,18825,22687,22071,26339,26815,29495,30381,20987,23947,15058,18806,4338,7555,233048,218728,32730,31459,55133,52160,17006,46,59
2021-09-23T23:59:59+02:00,1902,1768,16579,15410,22073,20345,23948,23485,27665,28266,30686,31614,21608,24674,15469,19423,4506,7836,1376,1250,14836,13781,20604,18782,22657,22025,26304,26772,29469,30354,20983,23936,15052,18798,4338,7554,232489,218323,32691,31426,55133,52159,16904,46,59
2021-09-22T23:59:59+02:00,1868,1737,16476,15331,21981,20268,23871,23431,27597,28205,30644,31578,21592,24651,15467,19410,4504,7833,1321,1199,14710,13674,20514,18703,22592,21954,26242,26711,29420,30318,20962,23926,15046,18790,4335,7545,231874,217641,32670,31383,55133,52152,16727,46,59
2021-09-21T23:59:59+02:00,1838,1693,16396,15253,21922,20208,23819,23381,27554,28170,30604,31538,21581,24631,15464,19400,4498,7825,1312,1183,14654,13626,20454,18664,22549,21910,26207,26685,29395,30293,20949,23912,15039,18779,4332,7541,231393,217351,32670,31383,55132,52152,16539,46,59
2021-09-20T23:59:59+02:00,1811,1678,16322,15188,21864,20161,23771,23340,27517,28127,30570,31520,21572,24618,15459,19395,4497,7823,1300,1173,14597,13574,20408,18620,22512,21882,26160,26653,29369,30268,20941,23900,15037,18773,4329,7538,230983,217034,32668,31382,55132,52151,16408,46,59
2021-09-19T23:59:59+02:00,1784,1655,16259,15138,21815,20100,23736,23306,27486,28098,30549,31495,21563,24607,15456,19384,4497,7820,1292,1163,14540,13531,20363,18567,22460,21859,26135,26621,29352,30254,20934,23887,15033,18770,4328,7534,230616,216753,32646,31349,55132,52151,16311,46,59
2021-09-18T23:59:59+02:00,1784,1655,16257,15136,21813,20099,23733,23304,27486,28097,30549,31495,21563,24607,15456,19384,4497,7820,1292,1163,14539,13530,20362,18567,22459,21858,26135,26619,29352,30254,20934,23887,15033,18770,4328,7534,230608,216752,32646,31348,55132,52151,16306,46,59
2021-09-17T23:59:59+02:00,1778,1648,16234,15118,21791,20079,23713,23292,27472,28082,30540,31488,21559,24604,15453,19381,4496,7820,1284,1154,14518,13515,20352,18561,22449,21853,26128,26615,29342,30248,20931,23884,15032,18769,4328,7534,230436,216647,32645,31348,55132,52151,16292,46,59
2021-09-16T23:59:59+02:00,1739,1617,16133,15018,21710,19980,23643,23208,27406,28022,30501,31450,21546,24587,15448,19371,4491,7820,1251,1125,14432,13441,20307,18507,22414,21801,26097,26571,29321,30217,20920,23874,15025,18761,4325,7530,229628,216187,32623,31270,55132,52139,16264,46,59
2021-09-15T23:59:59+02:00,1708,1600,16064,14939,21654,19925,23599,23163,27374,27988,30477,31426,21533,24565,15436,19361,4490,7818,1222,1097,14354,13355,20239,18447,22375,21748,26057,26527,29290,30193,20907,23859,15013,18753,4324,7528,229097,215626,32604,31225,55132,52134,16244,46,59
2021-09-14T23:59:59+02:00,1694,1584,16030,14893,21607,19887,23569,23128,27342,27952,30452,31402,21517,24554,15433,19349,4487,7817,1204,1082,14316,13317,20214,18424,22353,21722,26037,26512,29278,30182,20896,23851,15010,18746,4323,7526,228688,215342,32600,31224,55132,52134,16234,46,59
2021-09-13T23:59:59+02:00,1673,1571,15988,14839,21580,19855,23538,23095,27325,27915,30438,31386,21516,24544,15428,19347,4486,7814,1198,1074,14288,13302,20187,18408,22333,21702,26022,26500,29269,30159,20887,23840,15009,18739,4321,7524,228340,215119,32597,31224,55132,52134,16226,46,59
2021-09-12T23:59:59+02:00,1663,1558,15964,14815,21564,19833,23521,23070,27310,27900,30427,31378,21509,24536,15428,19342,4486,7814,1184,1069,14255,13273,20162,18370,22312,21676,26009,26476,29258,30151,20880,23831,15004,18732,4319,7519,228146,214877,32578,31193,55132,52132,16219,46,59
2021-09-11T23:59:59+02:00,1662,1558,15952,14810,21556,19825,23520,23069,27308,27899,30424,31376,21508,24535,15428,19342,4486,7814,1184,1069,14250,13270,20160,18367,22310,21676,26009,26475,29258,30151,20879,23831,15004,18732,4319,7519,228109,214866,32578,31193,55129,52132,16213,46,59
2021-09-10T23:59:59+02:00,1662,1558,15929,14805,21543,19814,23502,23066,27290,27889,30411,31371,21507,24533,15424,19340,4486,7813,1182,1069,14227,13263,20145,18357,22296,21672,25994,26462,29240,30148,20878,23827,15001,18729,4318,7518,228078,214827,32578,31193,55129,52132,16115,46,59
2021-09-09T23:59:59+02:00,1617,1519,15849,14726,21483,19748,23448,23016,27230,27839,30383,31342,21498,24516,15410,19326,4484,7811,1153,1044,14145,13187,20075,18288,22228,21617,25944,26422,29205,30116,20862,23799,14984,18715,4316,7516,227549,214358,32547,31110,55128,52112,15978,46,58
2021-09-08T23:59:59+02:00,1579,1471,15722,14632,21413,19672,23395,22940,27179,27796,30343,31294,21481,24498,15401,19315,4483,7811,1136,1019,14056,13096,19992,18237,22163,21564,25897,26383,29169,30066,20843,23778,14980,18707,4315,7515,227003,213955,32476,31021,55128,52107,15775,46,58
2021-09-07T23:59:59+02:00,1566,1451,15670,14581,21358,19645,23359,22917,27152,27764,30326,31278,21470,24476,15395,19307,4481,7811,1119,1005,13986,13047,19928,18197,22119,21533,25861,26351,29139,30038,20832,23764,14976,18700,4314,7515,226762,213667,32469,30991,55128,52103,15605,46,58
2021-09-06T23:59:59+02:00,1553,1441,15619,14535,21335,19613,23336,22889,27126,27745,30310,31255,21459,24473,15391,19300,4481,7809,1107,996,13955,13008,19906,18172,22089,21511,25841,26332,29124,30023,20823,23756,14972,18696,4314,7512,226507,213459,32468,30991,55126,52103,15526,46,58
2021-09-05T23:59:59+02:00,1533,1425,15588,14509,21316,19590,23326,22863,27117,27732,30305,31247,21454,24467,15385,19298,4481,7805,1099,982,13917,12972,19875,18135,22064,21483,25823,26315,29111,30003,20819,23748,14969,18694,4314,7512,226294,213240,32455,30911,55125,52102,15524,46,58
2021-09-04T23:59:59+02:00,1533,1425,15579,14506,21302,19584,23319,22858,27111,27726,30299,31244,21453,24464,15385,19297,4481,7805,1099,982,13908,12969,19861,18127,22057,21478,25816,26309,29105,29999,20818,23745,14969,18693,4314,7512,226293,213239,32455,30908,55125,52102,15454,46,58
2021-09-03T23:59:59+02:00,1530,1422,15562,14492,21270,19559,23288,22838,27088,27713,30283,31229,21446,24456,15385,19291,4481,7804,1099,982,13891,12955,19835,18108,22033,21463,25800,26299,29089,29988,20812,23738,14969,18690,4314,7512,226219,213220,32454,30903,55125,52101,15295,46,58
2021-09-02T23:59:59+02:00,1514,1402,15491,14433,21224,19510,23253,22789,27048,27672,30246,31203,21433,24446,15379,19278,4479,7798,1074,960,13798,12890,19791,18047,21988,21419,25757,26254,29050,29961,20801,23727,14964,18678,4313,7511,225800,212763,32449,30898,55123,52082,15182,46,58
2021-09-01T23:59:59+02:00,1463,1345,15354,14279,21104,19413,23184,22733,26981,27601,30194,31152,21415,24421,15371,19264,4476,7793,1042,920,13652,12767,19662,17950,21904,21350,25699,26184,29000,29898,20776,23697,14952,18665,4309,7506,225026,212178,32425,30701,55122,52070,14926,46,58
2021-08-31T23:59:59+02:00,1439,1330,15292,14208,21040,19361,23139,22691,26930,27558,30160,31120,21402,24408,15365,19255,4476,7792,1028,907,13578,12699,19615,17908,21871,21314,25666,26161,28972,29872,20770,23687,14949,18657,4308,7505,224564,211830,32424,30701,55121,52065,14813,46,58
2021-08-30T23:59:59+02:00,1416,1311,15224,14162,20993,19305,23107,22652,26893,27525,30127,31090,21389,24399,15361,19246,4474,7785,1023,892,13521,12657,19570,17857,21838,21289,25636,26124,28938,29847,20759,23672,14939,18648,4307,7501,224199,211528,32424,30698,55121,52063,14671,46,58
2021-08-29T23:59:59+02:00,1400,1299,15181,14116,20954,19274,23083,22628,26875,27501,30109,31075,21385,24390,15361,19244,4474,7784,1012,884,13468,12611,19547,17835,21811,21269,25615,26104,28925,29830,20751,23664,14936,18644,4305,7500,223910,211258,32423,30698,55121,52062,14635,46,58
2021-08-28T23:59:59+02:00,1400,1299,15175,14113,20943,19267,23077,22624,26872,27492,30106,31074,21384,24390,15361,19244,4474,7784,1012,884,13461,12607,19536,17828,21805,21265,25612,26095,28922,29829,20750,23664,14936,18644,4305,7500,223910,211256,32423,30698,55121,52062,14581,46,58
2021-08-27T23:59:59+02:00,1391,1292,15144,14085,20916,19252,23044,22608,26846,27480,30090,31054,21378,24382,15357,19243,4471,7781,1006,879,13432,12575,19500,17811,21777,21243,25583,26081,28905,29811,20744,23655,14933,18643,4304,7500,223774,211112,32423,30696,55118,52061,14455,46,58
2021-08-26T23:59:59+02:00,1378,1275,15100,14040,20869,19213,23014,22571,26813,27442,30058,31017,21363,24366,15350,19235,4468,7773,994,868,13365,12514,19424,17754,21717,21183,25527,26033,28865,29775,20730,23634,14923,18630,4303,7496,223482,210821,32404,30572,55118,51987,14297,46,58
2021-08-25T23:59:59+02:00,1333,1230,14955,13916,20760,19118,22934,22479,26734,27358,30001,30961,21340,24340,15340,19225,4464,7767,966,838,13243,12428,19343,17677,21650,21112,25457,25979,28820,29731,20702,23613,14915,18616,4302,7493,222626,210245,32388,30525,55118,51978,14080,45,57
2021-08-24T23:59:59+02:00,1309,1206,14892,13865,20717,19066,22879,22432,26698,27322,29971,30929,21322,24325,15334,19215,4463,7766,941,817,13146,12365,19281,17596,21613,21061,25412,25936,28790,29693,20684,23593,14908,18604,4300,7488,222205,209756,32358,30468,55117,51963,13988,45,53
2021-08-23T23:59:59+02:00,1291,1187,14823,13827,20675,19037,22849,22406,26663,27302,29947,30902,21303,24311,15329,19202,4462,7765,915,792,13030,12286,19218,17535,21559,21012,25371,25881,28745,29651,20665,23576,14902,18592,4297,7488,221891,209233,32342,30378,55117,51963,13888,45,53
2021-08-22T23:59:59+02:00,1282,1179,14808,13807,20658,19017,22837,22385,26648,27287,29930,30898,21296,24307,15327,19194,4460,7764,892,775,12971,12215,19165,17501,21530,20976,25350,25855,28719,29630,20658,23563,14901,18588,4297,7488,221714,208906,32323,30268,55117,51960,13887,45,53
2021-08-21T23:59:59+02:00,1282,1179,14799,13797,20647,19009,22827,22379,26644,27282,29919,30892,21296,24305,15327,19194,4460,7764,892,775,12961,12205,19155,17493,21522,20970,25344,25850,28709,29624,20658,23561,14901,18588,4297,7488,221709,208902,32323,30268,55117,51960,13810,45,53
2021-08-20T23:59:59+02:00,1275,1174,14769,13763,20612,18979,22804,22356,26618,27259,29902,30876,21293,24296,15325,19188,4460,7764,891,774,12942,12191,19130,17473,21505,20949,25331,25833,28690,29605,20654,23555,14900,18585,4297,7488,221514,208798,32323,30266,55117,51960,13716,45,53
2021-08-19T23:59:59+02:00,1256,1159,14710,13714,20572,18949,22772,22321,26596,27230,29877,30852,21282,24288,15322,19183,4459,7761,862,761,12808,12073,19040,17396,21418,20891,25261,25767,28631,29556,20633,23542,14894,18576,4295,7485,221206,208162,32291,30130,55117,51898,13646,45,53
2021-08-18T23:59:59+02:00,1233,1140,14628,13625,20456,18888,22696,22259,26529,27173,29819,30794,21257,24267,15316,19171,4457,7758,834,740,12668,11955,18901,17313,21321,20801,25175,25684,28548,29487,20601,23497,14883,18561,4294,7480,220793,207553,32273,30007,55116,51889,13241,45,53
2021-08-17T23:59:59+02:00,1222,1127,14588,13586,20415,18842,22658,22224,26494,27146,29803,30774,21244,24252,15305,19162,4453,7757,813,716,12560,11871,18821,17252,21241,20739,25123,25631,28512,29446,20582,23482,14874,18548,4292,7478,220505,207020,32238,29878,55116,51881,13150,45,52
2021-08-16T23:59:59+02:00,1210,1116,14539,13537,20380,18813,22629,22191,26473,27118,29769,30743,21231,24241,15298,19150,4451,7755,785,702,12463,11771,18730,17179,21171,20654,25056,25572,28446,29382,20559,23460,14864,18530,4291,7475,220237,206394,32236,29753,55116,51880,13012,45,51
2021-08-15T23:59:59+02:00,1200,1103,14500,13511,20351,18784,22600,22172,26460,27102,29759,30729,21226,24229,15293,19148,4450,7753,761,686,12399,11702,18679,17149,21120,20615,25020,25528,28427,29360,20549,23446,14860,18524,4289,7473,220013,205943,32236,29752,55116,51879,12962,45,51
2021-08-14T23:59:59+02:00,1200,1102,14493,13505,20341,18778,22591,22165,26446,27095,29754,30721,21223,24227,15292,19147,4450,7753,761,686,12391,11695,18667,17141,21110,20607,25006,25521,28422,29351,20546,23445,14859,18523,4289,7473,220012,205940,32235,29747,55116,51878,12877,45,51
2021-08-13T23:59:59+02:00,1197,1099,14484,13496,20327,18768,22579,22160,26439,27085,29738,30713,21214,24222,15291,19147,4450,7753,758,685,12376,11684,18656,17132,21097,20598,25000,25505,28408,29347,20540,23438,14857,18523,4289,7472,219955,205875,32234,29747,55116,51878,12814,45,51
2021-08-12T23:59:59+02:00,1177,1077,14427,13440,20284,18728,22555,22125,26411,27055,29707,30692,21202,24203,15287,19140,4450,7748,731,659,12209,11540,18521,17022,21004,20515,24920,25420,28341,29291,20519,23406,14844,18511,4286,7466,219627,205083,32222,29561,55116,51809,12701,44,51
2021-08-11T23:59:59+02:00,1161,1055,14358,13377,20241,18674,22511,22086,26378,27030,29679,30652,21188,24186,15284,19129,4447,7744,707,637,12069,11401,18439,16931,20924,20442,24871,25348,28298,29227,20486,23378,14837,18500,4284,7461,219223,204180,32150,29556,55116,51804,12649,44,51
2021-08-10T23:59:59+02:00,1146,1037,14277,13301,20183,18626,22476,22042,26344,27000,29645,30621,21174,24175,15284,19121,4446,7742,688,615,11952,11281,18339,16859,20858,20376,24819,25290,28254,29173,20459,23349,14823,18482,4283,7455,218801,203427,32118,29534,55115,51779,12564,44,51
2021-08-09T23:59:59+02:00,1129,1018,14191,13239,20102,18570,22427,21994,26293,26956,29607,30588,21155,24158,15278,19112,4441,7740,643,574,11770,11119,18169,16762,20732,20294,24723,25194,28174,29098,20421,23308,14809,18470,4280,7446,218354,202435,32097,29427,55114,51685,12391,44,48
2021-08-08T23:59:59+02:00,1115,1011,14148,13200,20080,18534,22401,21975,26278,26936,29591,30574,21148,24152,15275,19108,4440,7739,617,556,11687,11032,18083,16678,20665,20236,24660,25147,28128,29054,20398,23284,14796,18459,4280,7442,218124,201779,32066,29349,55113,51667,12360,44,47
2021-08-07T23:59:59+02:00,1115,1011,14133,13194,20070,18529,22396,21970,26266,26922,29576,30562,21146,24148,15271,19103,4439,7739,617,555,11672,11026,18067,16673,20660,20230,24647,25132,28111,29042,20396,23280,14792,18454,4279,7442,218121,201763,32065,29348,55112,51667,12250,44,47
2021-08-06T23:59:59+02:00,1115,1011,14123,13182,20057,18510,22382,21955,26244,26913,29563,30551,21143,24144,15268,19101,4439,7738,617,555,11661,11011,18044,16650,20644,20213,24626,25123,28098,29030,20393,23276,14789,18452,4279,7442,218113,201732,32061,29347,55112,51666,12111,44,47
2021-08-05T23:59:59+02:00,1103,992,14052,13140,20006,18476,22339,21912,26208,26856,29535,30527,21129,24129,15261,19092,4437,7735,582,525,11488,10902,17931,16550,20535,20114,24519,25033,28029,28981,20367,23251,14778,18438,4276,7440,217797,200947,32017,29256,55109,51525,11964,44,47
2021-08-04T23:59:59+02:00,1087,975,13988,13072,19901,18391,22273,21853,26167,26813,29484,30479,21106,24111,15251,19079,4437,7732,544,491,11302,10728,17700,16408,20358,19987,24401,24909,27919,28884,20339,23218,14765,18426,4273,7438,217527,199900,31855,29195,55108,51281,11667,44,47
2021-08-03T23:59:59+02:00,1063,957,13916,13008,19861,18340,22237,21811,26129,26771,29449,30448,21087,24086,15240,19065,4434,7722,487,449,11116,10556,17522,16280,20215,19852,24251,24785,27799,28775,20293,23170,14747,18394,4271,7432,217147,198460,31827,29160,55107,51226,11501,44,47
2021-08-02T23:59:59+02:00,1039,937,13831,12940,19802,18282,22185,21770,26073,26709,29397,30398,21058,24055,15230,19045,4431,7721,461,419,10947,10387,17348,16155,20067,19739,24133,24670,27712,28672,20247,23117,14728,18375,4268,7423,216665,197267,31796,29111,55107,51150,11293,44,47
2021-08-01T23:59:59+02:00,1029,922,13770,12893,19767,18265,22164,21748,26048,26688,29378,30382,21049,24043,15226,19038,4431,7720,425,388,10802,10242,17189,16047,19916,19631,23989,24566,27603,28592,20233,23092,14719,18361,4268,7419,216428,196379,31747,29020,55107,50801,11236,44,46
2021-07-31T23:59:59+02:00,1029,922,13745,12884,19749,18257,22148,21736,26034,26676,29370,30371,21046,24038,15225,19037,4430,7720,424,388,10776,10229,17168,16033,19898,19617,23976,24553,27595,28581,20230,23087,14718,18360,4267,7419,216424,196356,31747,29020,55107,50801,11096,44,46
2021-07-30T23:59:59+02:00,1021,912,13684,12837,19703,18235,22117,21717,26004,26654,29343,30353,21039,24030,15219,19035,4428,7719,403,370,10689,10153,17103,15989,19839,19581,23909,24512,27547,28555,20215,23065,14709,18356,4264,7417,216243,195962,31743,29020,55107,50734,10914,44,46
2021-07-29T23:59:59+02:00,997,893,13577,12751,19639,18174,22044,21664,25953,26598,29290,30315,21022,24020,15212,19028,4428,7717,358,330,10421,9892,16800,15747,19544,19362,23605,24281,27295,28391,20160,23010,14697,18335,4264,7416,215798,194205,31670,28908,55107,50045,10704,44,46
2021-07-28T23:59:59+02:00,969,863,13447,12623,19515,18066,21958,21581,25873,26519,29213,30247,20999,23984,15199,19016,4426,7715,323,290,10132,9686,16540,15556,19284,19174,23377,24088,27140,28247,20112,22936,14678,18312,4261,7411,215147,192857,31634,28826,55103,49532,10286,44,46
2021-07-27T23:59:59+02:00,938,842,13328,12530,19450,18005,21891,21528,25807,26462,29173,30202,20984,23964,15194,18996,4425,7709,275,235,9876,9472,16286,15326,19055,18987,23183,23913,26976,28111,20070,22883,14656,18286,4255,7402,214553,191187,31579,28667,55102,49195,10152,43,46
2021-07-26T23:59:59+02:00,914,824,13223,12435,19397,17948,21818,21463,25756,26429,29119,30141,20954,23940,15176,18977,4425,7705,226,206,9642,9221,16046,15118,18807,18787,22953,23746,26826,27983,19999,22822,14627,18250,4251,7396,213943,189426,31509,28566,55100,48817,10051,42,46
2021-07-25T23:59:59+02:00,895,812,13148,12363,19317,17897,21760,21409,25714,26381,29083,30096,20937,23923,15169,18971,4422,7704,203,186,9456,9080,15847,14964,18603,18648,22785,23637,26678,27863,19949,22773,14610,18237,4248,7393,213637,188517,31445,28417,55100,48402,9778,42,46
2021-07-24T23:59:59+02:00,895,812,13138,12353,19306,17890,21749,21405,25700,26374,29078,30090,20933,23922,15168,18970,4422,7704,203,186,9446,9064,15836,14956,18589,18643,22770,23627,26672,27855,19946,22770,14609,18236,4248,7393,213634,188497,31443,28413,55100,48402,9691,42,46
2021-07-23T23:59:59+02:00,887,810,13072,12315,19229,17856,21709,21372,25665,26336,29044,30054,20918,23905,15160,18966,4420,7701,203,185,9393,9035,15752,14913,18534,18602,22720,23587,26628,27816,19929,22753,14602,18230,4246,7390,213505,188333,31442,28407,55100,48401,9331,42,46
2021-07-22T23:59:59+02:00,875,796,12976,12233,19173,17786,21663,21342,25616,26288,29020,30031,20905,23887,15158,18960,4417,7699,149,142,9076,8758,15355,14664,18168,18345,22389,23340,26422,27681,19872,22696,14589,18208,4243,7385,213037,186502,31356,28153,55096,47486,9295,42,46
2021-07-21T23:59:59+02:00,853,768,12776,12065,19026,17661,21530,21243,25510,26184,28944,29959,20863,23852,15141,18936,4413,7694,126,122,8699,8442,14922,14338,17788,18071,22032,23005,26147,27471,19779,22608,14563,18169,4240,7376,212408,184597,31247,27800,55093,46826,8629,42,46
2021-07-20T23:59:59+02:00,823,743,12627,11929,18918,17574,21461,21165,25449,26119,28904,29908,20838,23819,15133,18920,4410,7691,96,95,8368,8136,14458,14003,17405,17795,21727,22775,25900,27284,19698,22499,14534,18134,4238,7370,211722,182440,31137,27637,55090,45952,8441,42,45
2021-07-19T23:59:59+02:00,794,716,12507,11812,18831,17504,21400,21106,25395,26065,28854,29871,20812,23789,15123,18906,4406,7685,75,64,8045,7882,14093,13750,17057,17547,21399,22569,25672,27142,19628,22423,14512,18112,4232,7364,211008,180396,31034,27479,55090,45241,8405,40,45
2021-07-18T23:59:59+02:00,776,698,12391,11703,18733,17426,21331,21053,25338,26011,28817,29817,20789,23768,15111,18895,4404,7683,62,53,7874,7731,13939,13626,16904,17423,21234,22456,25542,27060,19588,22383,14498,18096,4232,7361,210418,179460,30887,27372,55090,44874,8311,39,45
2021-07-17T23:59:59+02:00,776,698,12388,11703,18732,17423,21330,21053,25338,26011,28817,29817,20789,23768,15111,18895,4404,7683,62,53,7867,7730,13935,13621,16902,17422,21233,22455,25541,27058,19585,22382,14498,18096,4232,7361,210413,179438,30887,27371,55090,44871,8308,39,45
2021-07-16T23:59:59+02:00,769,693,12315,11649,18690,17392,21295,21026,25305,25988,28792,29798,20787,23765,15111,18893,4404,7683,58,50,7711,7629,13776,13551,16758,17363,21093,22396,25435,27010,19566,22360,14497,18090,4232,7358,210204,178981,30887,27297,55090,44474,8136,39,45
2021-07-15T23:59:59+02:00,754,673,12243,11577,18628,17333,21239,20978,25256,25947,28764,29770,20772,23748,15106,18884,4403,7680,56,47,7369,7310,13167,13141,16085,16937,20457,22024,24977,26697,19420,22219,14455,18044,4229,7351,209723,176742,30801,26390,55083,42698,8110,39,45
2021-07-14T23:59:59+02:00,725,653,12035,11438,18457,17224,21120,20882,25151,25845,28676,29670,20738,23714,15087,18868,4400,7677,48,36,6952,6952,12504,12688,15395,16448,19824,21566,24511,26354,19202,21994,14423,17996,4221,7340,208908,173912,30640,26051,55080,40752,7694,39,45
2021-07-13T23:59:59+02:00,681,618,11898,11304,18334,17139,21007,20786,25055,25752,28606,29604,20709,23675,15067,18858,4398,7667,38,25,6493,6527,11871,12189,14698,15945,19221,21154,24073,26031,19020,21777,14379,17935,4217,7331,207886,170254,30503,25878,55069,39088,7662,39,42
2021-07-12T23:59:59+02:00,646,587,11772,11167,18218,17050,20913,20678,24955,25653,28525,29537,20683,23641,15059,18846,4393,7660,33,19,6078,6115,11262,11654,14074,15409,18665,20659,23654,25670,18823,21587,14314,17877,4208,7327,206866,166567,30375,25054,55066,38127,7638,39,42
2021-07-11T23:59:59+02:00,610,560,11657,11076,18156,16986,20856,20622,24900,25605,28467,29488,20664,23620,15050,18837,4393,7659,30,18,5888,5947,11005,11448,13842,15209,18419,20470,23446,25483,18749,21504,14287,17851,4207,7321,206226,165173,30257,24584,55064,37702,7623,37,42
2021-07-10T23:59:59+02:00,609,559,11649,11075,18152,16985,20852,20620,24897,25604,28466,29488,20664,23620,15049,18835,4393,7659,30,18,5881,5946,11000,11442,13832,15205,18419,20468,23444,25481,18747,21503,14286,17851,4207,7321,206206,165144,30253,24583,55064,37695,7617,37,42
2021-07-09T23:59:59+02:00,581,536,11539,10948,18077,16902,20782,20558,24822,25528,28416,29442,20641,23600,15046,18825,4393,7658,30,17,5846,5912,10970,11409,13782,15183,18388,20436,23425,25458,18742,21493,14284,17848,4207,7320,205334,164911,30252,24533,55064,37657,7608,37,41
2021-07-08T23:59:59+02:00,546,508,11374,10812,17950,16796,20648,20457,24713,25400,28298,29363,20597,23552,15030,18796,4390,7650,27,14,5500,5655,10455,11011,13162,14732,17723,19876,22817,24989,18423,21095,14187,17765,4202,7310,204559,162592,30224,23725,55036,35560,7025,37,41
2021-07-07T23:59:59+02:00,486,456,11205,10664,17865,16710,20576,20389,24640,25322,28237,29300,20568,23516,15025,18784,4388,7642,22,14,5194,5363,9930,10562,12582,14249,17039,19355,22251,24487,18108,20730,14085,17668,4195,7287,203545,160126,30199,22262,55018,33716,6976,36,41
2021-07-06T23:59:59+02:00,445,422,11079,10512,17750,16615,20482,20286,24562,25229,28146,29221,20542,23476,15016,18767,4386,7639,15,8,4796,4932,9327,10041,11873,13644,16329,18740,21736,23993,17789,20424,13984,17551,4186,7277,202400,155929,30193,21313,55009,32424,6938,36,41
2021-07-05T23:59:59+02:00,423,395,10993,10423,17660,16544,20404,20214,24502,25177,28105,29184,20518,23454,15004,18759,4385,7636,12,7,4512,4613,8833,9592,11314,13089,15620,18095,21112,23385,17395,20026,13849,17393,4178,7269,201657,152035,30190,20632,55000,30688,6898,36,41
2021-07-04T23:59:59+02:00,410,389,10921,10368,17594,16489,20355,20165,24471,25142,28089,29166,20509,23443,14999,18756,4384,7635,12,7,4365,4523,8702,9425,11123,12915,15375,17883,20845,23112,17122,19735,13788,17300,4174,7265,201182,150713,30184,20324,54999,29708,6885,36,41
2021-07-03T23:59:59+02:00,408,388,10913,10356,17582,16483,20353,20162,24470,25141,28086,29165,20509,23442,14999,18756,4384,7635,12,7,4360,4514,8695,9421,11120,12915,15369,17883,20841,23108,17122,19729,13788,17300,4174,7265,201152,150696,30182,20324,54999,29698,6864,36,41
2021-07-02T23:59:59+02:00,365,325,10769,10246,17466,16384,20248,20086,24396,25077,28023,29106,20483,23416,14993,18742,4384,7632,12,7,4274,4435,8533,9284,10982,12803,15247,17775,20729,23003,17080,19698,13781,17285,4174,7262,200271,149706,30182,20323,54999,29640,6654,36,41
2021-07-01T23:59:59+02:00,318,282,10636,10111,17341,16290,20124,19996,24312,25002,27959,29054,20463,23392,14977,18727,4381,7628,12,5,4068,4236,8227,8949,10611,12391,14676,17274,20217,22463,16791,19397,13575,17070,4164,7240,199196,146629,30125,19640,54993,28412,6644,36,41
2021-06-30T23:59:59+02:00,235,221,10383,9871,17166,16141,19990,19865,24196,24878,27880,28965,20441,23360,14958,18709,4380,7627,12,4,3873,4043,7923,8613,10204,11927,14184,16719,19639,21829,16469,19052,13302,16792,4151,7213,197548,142949,30070,19388,54985,26943,6628,36,41
2021-06-29T23:59:59+02:00,191,184,10235,9696,17030,16046,19886,19773,24127,24802,27822,28898,20414,23333,14944,18689,4380,7623,11,4,3671,3785,7526,8164,9728,11391,13528,16047,19022,21127,16150,18723,13052,16502,4144,7199,196398,138670,30065,19089,54981,25379,6595,35,41
2021-06-28T23:59:59+02:00,142,132,10041,9511,16906,15940,19782,19670,24032,24706,27754,28836,20384,23303,14930,18670,4378,7621,10,3,3470,3530,7125,7723,9289,10899,12976,15510,18523,20607,15898,18457,12933,16369,4138,7188,195213,134826,29951,18668,54978,24551,6562,35,41
2021-06-27T23:59:59+02:00,124,115,9901,9400,16849,15879,19721,19620,23973,24656,27727,28811,20372,23287,14927,18666,4377,7618,10,3,3380,3466,6947,7525,9097,10698,12745,15270,18261,20346,15775,18351,12868,16282,4138,7184,194579,133626,29893,18321,54974,23815,6543,35,41
2021-06-26T23:59:59+02:00,124,115,9900,9394,16847,15875,19718,19619,23971,24655,27727,28810,20372,23287,14927,18666,4377,7618,10,3,3378,3465,6944,7523,9094,10696,12742,15267,18259,20344,15772,18350,12868,16279,4138,7184,194561,133604,29892,18321,54974,23809,6541,35,41
2021-06-25T23:59:59+02:00,120,112,9853,9354,16805,15839,19684,19586,23935,24627,27702,28791,20366,23280,14925,18663,4377,7618,10,3,3357,3418,6870,7412,8995,10538,12627,15070,18110,20135,15747,18320,12860,16276,4137,7183,194235,133414,29856,17965,54973,23109,6539,35,41
2021-06-24T23:59:59+02:00,110,101,9725,9230,16621,15713,19550,19461,23813,24538,27643,28730,20352,23264,14918,18654,4376,7616,9,3,3232,3274,6650,7081,8682,10085,12092,14444,17556,19422,15523,18088,12712,16145,4134,7171,193393,131003,29515,17106,54972,21652,6501,35,41
2021-06-23T23:59:59+02:00,104,96,9596,9089,16479,15585,19431,19359,23716,24432,27576,28683,20337,23242,14914,18649,4373,7615,9,3,3028,3037,6292,6599,8178,9513,11389,13619,16791,18438,15226,17745,12561,16003,4124,7146,192466,126439,29351,16128,54961,20631,6463,35,40
2021-06-22T23:59:59+02:00,73,70,9307,8787,16246,15386,19246,19208,23569,24307,27505,28597,20312,23216,14906,18630,4369,7609,9,3,2794,2753,5809,6052,7554,8751,10473,12574,15768,17233,14929,17386,12454,15879,4111,7123,190775,119997,29147,15636,54957,19556,6430,34,36
2021-06-21T23:59:59+02:00,68,62,9180,8632,16071,15233,19056,19055,23437,24184,27444,28519,20288,23187,14901,18620,4369,7605,9,3,2647,2562,5427,5591,7091,8165,9741,11698,15038,16300,14651,17072,12345,15758,4106,7106,189571,115297,28926,15078,54954,18474,6426,34,35
2021-06-20T23:59:59+02:00,65,60,9043,8505,15933,15113,18944,18968,23363,24113,27404,28468,20276,23164,14890,18613,4366,7604,9,3,2586,2494,5257,5409,6876,7899,9433,11359,14671,15895,14514,16936,12305,15721,4101,7100,188673,113582,28811,14842,54953,17688,6421,34,35
2021-06-19T23:59:59+02:00,65,60,9042,8498,15929,15104,18941,18968,23361,24112,27404,28467,20276,23164,14890,18613,4366,7604,9,3,2583,2493,5256,5403,6874,7897,9432,11358,14669,15891,14512,16936,12305,15721,4101,7100,188649,113562,28808,14838,54952,17687,6421,34,35
2021-06-18T23:59:59+02:00,65,56,9010,8486,15916,15094,18925,18960,23354,24103,27398,28462,20276,23161,14889,18613,4366,7604,9,3,2555,2460,5200,5345,6795,7796,9334,11200,14498,15663,14433,16835,12294,15699,4099,7097,188525,112776,28807,14837,54951,17246,6421,34,35
2021-06-17T23:59:59+02:00,58,53,8829,8323,15685,14926,18725,18803,23197,23971,27263,28368,20252,23140,14882,18601,4364,7601,9,3,2415,2310,4875,5044,6405,7391,8789,10596,13668,14788,14195,16540,12221,15576,4095,7086,187186,109889,28802,13885,54944,16122,6075,34,35
2021-06-16T23:59:59+02:00,50,51,8603,8111,15453,14696,18514,18604,23005,23802,27157,28258,20223,23097,14868,18581,4360,7595,9,3,2302,2203,4634,4839,6049,7050,8257,10108,12950,13943,13844,16158,12136,15487,4090,7074,185404,106427,28699,13083,54941,15641,5950,34,35
2021-06-15T23:59:59+02:00,41,38,8260,7776,15076,14337,18193,18315,22755,23590,26997,28126,20193,23063,14855,18566,4358,7584,9,3,2122,2032,4283,4488,5543,6484,7376,9217,11755,12660,13302,15539,12015,15324,4075,7051,182810,100175,28661,12417,54939,14972,5679,34,35
2021-06-14T23:59:59+02:00,35,33,8079,7610,14816,14102,17989,18141,22603,23468,26884,28044,20170,23030,14841,18558,4354,7576,7,3,2009,1908,4026,4237,5155,6013,6717,8494,10827,11602,12984,15189,11944,15227,4065,7032,181222,95322,28635,12055,54936,14521,5506,34,35
2021-06-13T23:59:59+02:00,35,33,8005,7555,14732,14012,17873,18029,22520,23390,26855,28014,20157,23019,14837,18552,4354,7576,5,3,1967,1882,3944,4140,5036,5873,6483,8255,10532,11269,12827,15011,11886,15170,4064,7031,180464,93943,28624,11764,54931,14141,5495,34,35
2021-06-12T23:59:59+02:00,35,33,8004,7553,14732,14009,17873,18029,22518,23389,26854,28011,20156,23018,14837,18552,4354,7576,5,3,1966,1880,3942,4140,5034,5872,6480,8250,10528,11263,12824,15010,11886,15168,4064,7031,180450,93919,28624,11764,54930,14133,5495,34,35
2021-06-11T23:59:59+02:00,35,32,7938,7512,14642,13962,17796,17978,22449,23353,26810,27988,20154,23014,14837,18551,4354,7576,5,3,1948,1866,3907,4082,4990,5805,6419,8166,10428,11157,12784,14974,11875,15162,4064,7031,180110,93699,28546,11756,54929,13814,5362,34,35
2021-06-10T23:59:59+02:00,30,25,7598,7216,14248,13597,17364,17601,22119,23072,26614,27807,20110,22969,14824,18533,4351,7564,3,3,1848,1785,3692,3916,4714,5530,6093,7797,9810,10547,12263,14313,11805,15054,4057,7024,177512,90532,28048,11376,54918,13184,5130,34,32
2021-06-09T23:59:59+02:00,29,22,7233,6867,13786,13166,16846,17136,21729,22702,26397,27593,20036,22899,14806,18498,4348,7556,3,3,1686,1671,3496,3736,4459,5262,5703,7387,9034,9830,11596,13476,11683,14912,4047,7012,174274,86272,27502,10743,54906,13016,4933,34,32
2021-06-08T23:59:59+02:00,24,18,6857,6466,13273,12678,16378,16665,21369,22361,26180,27391,19979,22819,14775,18463,4346,7549,3,3,1595,1597,3278,3504,4136,4909,5192,6898,8149,8907,10710,12397,11539,14753,4043,6996,170863,80607,27007,10445,54897,12736,4790,34,31
2021-06-07T23:59:59+02:00,21,15,6583,6184,12830,12303,15979,16265,21044,22064,26017,27233,19942,22765,14754,18443,4339,7543,3,3,1535,1526,3083,3331,3863,4681,4787,6518,7435,8153,9795,11247,11427,14605,4032,6978,168302,75855,26579,10071,54876,12512,4534,33,30
2021-06-06T23:59:59+02:00,21,15,6442,6052,12687,12148,15816,16109,20878,21901,25930,27146,19922,22728,14743,18433,4338,7539,3,3,1520,1503,3008,3289,3769,4616,4680,6437,7293,8020,9536,10978,11381,14555,4029,6973,167075,75164,26472,9647,54855,12339,4413,33,30
2021-06-05T23:59:59+02:00,21,15,6432,6047,12673,12133,15806,16100,20875,21896,25930,27143,19922,22728,14743,18433,4338,7539,3,3,1518,1500,3005,3287,3768,4615,4677,6437,7288,8014,9528,10973,11381,14555,4029,6973,167015,75132,26459,9645,54855,12335,4412,33,30
2021-06-04T23:59:59+02:00,21,15,6397,6007,12612,12083,15746,16049,20847,21864,25909,27126,19918,22722,14740,18433,4338,7539,3,3,1515,1494,2992,3275,3749,4599,4667,6421,7249,7970,9496,10903,11343,14514,4028,6972,166909,74849,26200,9631,54830,12289,4394,33,30
2021-06-03T23:59:59+02:00,21,14,6164,5783,12313,11833,15423,15738,20514,21525,25652,26914,19871,22647,14720,18412,4337,7535,2,3,1473,1451,2917,3208,3651,4519,4554,6320,7050,7784,9115,10451,11292,14440,4028,6967,164426,73537,25953,9332,54827,12149,4177,33,30
2021-06-02T23:59:59+02:00,21,14,6097,5723,12240,11770,15350,15669,20442,21463,25635,26890,19867,22644,14717,18409,4336,7534,2,3,1460,1440,2897,3191,3634,4504,4518,6302,7015,7745,9034,10340,11283,14415,4027,6966,164067,73165,25772,9323,54826,12138,4123,33,27
2021-06-01T23:59:59+02:00,17,14,5643,5230,11506,11071,14526,14935,19724,20797,25223,26507,19777,22555,14683,18362,4328,7526,2,3,1348,1331,2599,2919,3255,4171,4028,5843,6183,6939,7842,8711,11036,14068,4013,6949,159032,67740,25119,8413,54798,11621,3442,33,24
2021-05-31T23:59:59+02:00,15,14,5394,4931,11065,10646,13998,14442,19245,20297,24916,26169,19685,22469,14645,18316,4319,7510,2,3,1288,1276,2445,2786,3052,4000,3742,5548,5623,6403,6823,7424,10791,13749,4004,6915,155566,63690,24430,7491,54790,11412,3257,33,24
2021-05-30T23:59:59+02:00,15,14,5316,4856,10877,10522,13831,14264,18895,19973,24673,25921,19653,22438,14637,18296,4318,7508,2,3,1269,1262,2416,2751,3003,3954,3674,5492,5517,6312,6647,7192,10753,13674,4001,6905,154065,62940,23925,7428,54762,11213,3222,33,24
2021-05-29T23:59:59+02:00,15,14,5313,4856,10877,10518,13826,14261,18895,19972,24672,25918,19653,22438,14637,18296,4318,7508,2,3,1268,1258,2414,2748,2999,3951,3674,5490,5515,6310,6642,7189,10753,13674,4001,6905,154046,62928,23925,7424,54761,11199,3222,33,23
2021-05-28T23:59:59+02:00,15,14,5297,4842,10856,10481,13799,14240,18878,19954,24663,25908,19651,22435,14635,18293,4318,7507,2,3,1262,1257,2413,2741,2996,3949,3667,5484,5500,6294,6625,7172,10744,13652,4000,6901,153854,62822,23923,7424,54757,11175,3219,33,22
2021-05-27T23:59:59+02:00,12,13,5004,4562,10328,10025,13212,13711,18187,19340,24082,25371,19551,22320,14602,18247,4307,7495,2,3,1099,1117,2127,2546,2694,3660,3370,5127,5171,6013,6324,6755,10516,13368,3995,6885,150584,60964,22936,7387,54649,10232,2167,33,22
2021-05-26T23:59:59+02:00,12,13,4741,4309,9895,9646,12695,13191,17573,18731,23448,24695,19427,22170,14555,18192,4301,7478,2,3,1020,1035,1966,2394,2494,3461,3107,4883,4783,5661,5764,6105,10141,12830,3979,6849,146492,57806,22179,7349,54527,9459,1841,33,22
2021-05-25T23:59:59+02:00,12,12,4527,4082,9483,9174,12238,12683,17036,18153,22928,24056,19295,21998,14523,18113,4292,7464,2,3,972,990,1902,2304,2384,3324,2934,4678,4437,5283,5176,5372,9687,12229,3963,6824,142458,54239,21345,7334,54396,9033,1837,33,21
2021-05-24T23:59:59+02:00,12,12,4415,3925,9271,8970,12033,12423,16734,17834,22598,23652,19219,21919,14508,18093,4290,7463,2,3,955,941,1841,2260,2309,3263,2847,4596,4314,5165,5029,5211,9597,12101,3960,6816,140950,53522,20386,7279,54220,8606,1782,33,21
2021-05-23T23:59:59+02:00,12,12,4403,3925,9265,8967,12020,12413,16723,17827,22582,23631,19214,21914,14507,18091,4290,7463,2,3,953,936,1839,2255,2304,3261,2840,4591,4306,5148,5022,5197,9588,12088,3959,6815,140843,53440,20383,7266,54219,8600,1781,33,20
2021-05-22T23:59:59+02:00,12,12,4399,3922,9261,8964,12012,12407,16718,17823,22579,23629,19214,21914,14507,18091,4290,7463,2,3,953,936,1838,2252,2300,3261,2839,4591,4306,5146,5020,5196,9587,12088,3959,6815,140813,53433,20383,7265,54207,8593,1781,33,20
2021-05-21T23:59:59+02:00,12,12,4367,3886,9190,8888,11938,12320,16628,17748,22514,23561,19195,21895,14503,18084,4290,7461,2,3,907,927,1806,2242,2266,3251,2807,4566,4257,5117,4996,5172,9574,12081,3958,6814,140155,53359,20383,7265,54188,8369,1733,33,20
2021-05-20T23:59:59+02:00,9,11,4113,3707,8738,8528,11457,11904,15959,17244,21931,22981,19010,21725,14471,18045,4285,7450,2,3,761,864,1547,2081,2024,3092,2564,4344,4007,4884,4839,5009,9458,11935,3950,6790,136757,52628,20005,7166,53768,7335,1006,32,19
2021-05-19T23:59:59+02:00,9,11,3871,3468,8239,8062,10880,11358,15286,16535,21253,22256,18810,21494,14430,17995,4279,7432,2,3,714,817,1486,1998,1947,2989,2497,4216,3862,4723,4662,4796,9255,11705,3930,6761,131360,51539,19822,7033,53470,6787,985,31,19
2021-05-18T23:59:59+02:00,8,10,3582,3205,7696,7527,10152,10663,14327,15593,20310,21199,18549,21209,14374,17935,4273,7410,2,3,660,769,1432,1912,1871,2878,2366,4074,3684,4520,4391,4504,9052,11454,3917,6734,124324,50304,19723,6832,53032,6158,912,31,17
2021-05-17T23:59:59+02:00,8,10,3393,2997,7237,7061,9646,10121,13596,14806,19625,20397,18363,20945,14325,17869,4262,7395,2,3,604,713,1351,1849,1796,2797,2252,3998,3547,4406,4144,4273,8908,11240,3904,6705,119083,49495,19482,6618,52564,5466,896,31,17
2021-05-16T23:59:59+02:00,8,9,3265,2923,7034,6887,9443,9906,13342,14571,19396,20166,18286,20865,14311,17849,4261,7389,2,3,591,668,1311,1800,1752,2735,2214,3905,3482,4322,4053,4171,8887,11211,3902,6703,117462,49344,19243,6450,52283,5009,892,31,17
2021-05-15T23:59:59+02:00,8,9,3264,2919,7027,6877,9441,9900,13338,14569,19393,20156,18284,20864,14311,17849,4261,7389,2,3,591,668,1308,1798,1748,2734,2211,3905,3481,4322,4051,4169,8887,11211,3902,6702,117416,49334,19242,6449,52280,5003,890,31,17
2021-05-14T23:59:59+02:00,8,9,3223,2874,6908,6735,9309,9761,13185,14385,19220,20019,18259,20838,14310,17841,4260,7386,2,3,571,655,1286,1774,1718,2712,2177,3878,3435,4285,3999,4110,8879,11204,3902,6701,116996,49289,18492,6293,52194,4875,817,31,17
2021-05-13T23:59:59+02:00,8,9,3106,2716,6582,6411,8871,9363,12635,13902,18618,19422,18130,20694,14277,17804,4255,7384,1,2,538,631,1235,1717,1662,2639,2090,3773,3284,4165,3895,3973,8856,11184,3899,6697,114106,49190,17795,5902,51588,4466,668,30,15
2021-05-12T23:59:59+02:00,8,9,3079,2685,6547,6373,8822,9309,12494,13789,18434,19218,18097,20660,14269,17794,4255,7384,1,2,537,629,1233,1712,1656,2635,2080,3767,3270,4157,3882,3959,8848,11177,3899,6696,113392,49161,17569,5872,51570,4427,665,30,15
2021-05-11T23:59:59+02:00,6,9,2693,2428,5751,5879,7848,8496,11099,12621,16867,17741,17593,20096,14185,17689,4237,7361,0,2,499,570,1104,1605,1490,2479,1894,3588,3049,3894,3773,3845,8779,11084,3894,6691,105985,48918,16946,5674,49499,3493,140,29,15
2021-05-10T23:59:59+02:00,6,7,2508,2262,5275,5499,7155,7870,10068,11706,15566,16368,17213,19644,14122,17575,4229,7337,0,2,475,545,1060,1566,1446,2425,1832,3486,2930,3763,3690,3772,8740,11036,3890,6687,100168,48798,16036,5443,48042,2954,135,29,15
2021-05-09T23:59:59+02:00,6,7,2427,2230,5138,5415,6969,7751,9657,11364,15018,15838,17095,19504,14102,17546,4226,7332,0,2,460,527,1025,1507,1375,2341,1773,3364,2818,3609,3604,3679,8717,11003,3887,6684,98586,48709,15446,5172,47432,2347,132,29,15
2021-05-08T23:59:59+02:00,6,7,2423,2228,5136,5415,6967,7748,9652,11360,15016,15837,17095,19504,14101,17546,4226,7332,0,2,459,526,1024,1506,1375,2340,1773,3364,2817,3608,3602,3679,8716,11003,3887,6684,98565,48702,15443,5172,47430,2344,132,29,15
2021-05-07T23:59:59+02:00,6,7,2253,2165,4865,5320,6603,7595,9202,11147,14573,15516,16918,19302,14089,17517,4226,7330,0,2,449,524,1013,1493,1360,2326,1738,3354,2768,3574,3556,3639,8636,10922,3887,6681,97857,48678,14924,4821,45696,2280,128,29,15
2021-05-06T23:59:59+02:00,6,7,2021,2032,4318,4976,5943,7220,8430,10586,13600,14696,16520,18852,14040,17423,4214,7317,0,2,419,476,972,1393,1273,2162,1630,3130,2545,3292,3378,3439,8457,10729,3878,6667,95268,48236,13689,4213,43157,1319,59,28,15
2021-05-05T23:59:59+02:00,6,7,1898,1923,4037,4752,5513,6849,7737,9993,12481,13639,15842,18016,13936,17321,4205,7293,0,2,411,462,958,1365,1245,2120,1595,3054,2484,3208,3327,3399,8378,10630,3872,6657,90858,48101,12369,4063,42151,945,43,27,15
2021-05-04T23:59:59+02:00,6,7,1813,1838,3772,4516,5103,6493,7070,9416,11263,12394,14924,16888,13827,17184,4201,7279,0,2,406,452,940,1344,1226,2077,1576,3015,2440,3152,3280,3350,8290,10518,3866,6643,85045,47956,11732,3864,41163,713,29,25,15
2021-05-03T23:59:59+02:00,5,7,1763,1784,3620,4391,4871,6281,6686,9084,10534,11658,14197,15907,13739,17068,4192,7262,0,2,400,442,934,1327,1211,2044,1555,2972,2407,3106,3227,3310,8175,10416,3861,6637,80613,47824,11527,3642,40861,523,23,25,14
2021-05-02T23:59:59+02:00,5,7,1753,1766,3545,4364,4786,6228,6614,9023,10414,11543,14010,15713,13707,17041,4191,7257,0,2,398,432,927,1312,1207,2027,1551,2958,2391,3089,3209,3291,8137,10384,3860,6633,80048,47796,11250,3542,40626,438,18,25,14
2021-05-01T23:59:59+02:00,5,7,1750,1766,3543,4363,4785,6226,6611,9021,10409,11539,14007,15713,13706,17040,4191,7254,0,2,397,432,927,1312,1206,2026,1551,2957,2391,3089,3209,3291,8137,10384,3860,6632,80019,47792,11250,3542,40625,438,17,25,14
2021-04-30T23:59:59+02:00,5,7,1747,1758,3537,4354,4778,6214,6590,9006,10370,11500,13956,15639,13680,17009,4190,7253,0,2,397,429,925,1310,1206,2026,1551,2957,2387,3087,3209,3289,8136,10382,3860,6632,79689,47782,11249,3541,40615,432,16,24,14
2021-04-29T23:59:59+02:00,5,7,1627,1717,3297,4239,4503,6059,6271,8755,9953,11106,13373,14934,13576,16852,4184,7245,0,2,388,418,916,1287,1186,1992,1526,2921,2358,3039,3195,3278,8123,10364,3857,6628,76900,47667,10864,3539,39901,243,15,23,14
2021-04-28T23:59:59+02:00,5,7,1502,1670,3121,4137,4270,5880,5913,8481,9365,10614,12492,13752,13420,16642,4175,7231,0,2,378,407,899,1274,1170,1963,1488,2877,2287,2969,3038,3142,8009,10248,3850,6617,72394,47239,10679,3123,39568,229,13,23,14
2021-04-27T23:59:59+02:00,5,7,1463,1625,3012,4019,4067,5738,5607,8223,8742,9943,11454,12440,13190,16285,4164,7209,0,2,366,390,889,1253,1155,1927,1461,2804,2240,2908,2999,3097,7981,10216,3843,6612,67584,47020,10493,2949,39084,147,13,19,14
2021-04-26T23:59:59+02:00,5,7,1438,1590,2901,3940,3895,5595,5294,8009,8250,9501,10696,11512,13045,16080,4153,7191,0,2,365,385,879,1242,1138,1915,1431,2783,2211,2877,2949,3045,7931,10166,3837,6607,64163,46916,10303,2694,38604,126,13,19,14
2021-04-25T23:59:59+02:00,5,7,1427,1583,2831,3907,3797,5535,5156,7962,8054,9392,10498,11275,13008,16026,4152,7186,0,2,364,380,870,1236,1120,1899,1416,2764,2187,2850,2907,3012,7883,10118,3836,6602,63645,46833,10100,2486,38024,100,13,19,14
2021-04-24T23:59:59+02:00,5,7,1426,1583,2831,3904,3795,5534,5154,7960,8050,9388,10491,11271,13008,16026,4152,7186,0,2,364,380,870,1235,1120,1896,1414,2763,2186,2850,2907,3012,7883,10118,3836,6602,63617,46827,10099,2485,38023,99,13,19,14
2021-04-23T23:59:59+02:00,5,7,1408,1572,2762,3870,3711,5504,5036,7912,7913,9328,10404,11157,12983,15985,4150,7182,0,2,363,380,869,1232,1120,1896,1413,2763,2186,2850,2906,3012,7882,10118,3836,6602,63477,46821,9819,2484,37561,98,13,19,14
2021-04-22T23:59:59+02:00,5,7,1365,1542,2654,3806,3550,5397,4803,7757,7560,9090,9829,10460,12716,15686,4144,7158,0,2,357,379,860,1223,1110,1883,1401,2736,2158,2829,2870,2979,7792,10008,3824,6585,61840,46405,9159,2475,36498,89,13,19,14
2021-04-21T23:59:59+02:00,5,7,1333,1505,2573,3724,3431,5295,4584,7577,7148,8763,8936,9427,12300,15107,4131,7116,0,2,351,377,855,1206,1101,1862,1383,2706,2127,2801,2811,2922,7677,9840,3806,6557,59096,45918,8290,2350,35544,89,13,19,14
2021-04-20T23:59:59+02:00,4,7,1310,1478,2502,3649,3331,5198,4410,7393,6763,8429,8042,8297,11835,14517,4117,7102,0,2,345,372,843,1193,1091,1840,1358,2683,2093,2758,2750,2865,7526,9651,3774,6502,56232,45193,7524,2344,34598,83,12,18,14
2021-04-19T23:59:59+02:00,4,7,1293,1461,2467,3612,3270,5131,4300,7290,6524,8192,7405,7520,11582,14161,4106,7084,0,2,343,370,837,1183,1085,1828,1335,2670,2059,2730,2695,2821,7409,9484,3751,6463,54273,44630,7149,2330,33957,79,12,18,14
2021-04-18T23:59:59+02:00,4,6,1283,1449,2433,3585,3230,5109,4247,7234,6387,8061,7051,7132,11488,14057,4103,7072,0,2,343,368,835,1179,1084,1820,1333,2657,2053,2725,2689,2807,7382,9451,3749,6459,53745,44504,6690,2327,33466,79,12,18,14
2021-04-17T23:59:59+02:00,4,6,1282,1447,2433,3583,3229,5105,4242,7231,6380,8051,7037,7122,11486,14055,4103,7072,0,2,343,368,834,1178,1084,1820,1331,2656,2052,2723,2686,2804,7381,9451,3749,6459,53723,44491,6688,2326,33427,79,12,18,13
2021-04-16T23:59:59+02:00,4,6,1279,1445,2422,3574,3221,5097,4223,7212,6329,8018,6960,7037,11473,14041,4101,7070,0,2,343,366,829,1176,1082,1820,1329,2655,2049,2723,2685,2797,7379,9449,3748,6459,53664,44465,6450,2322,33368,79,12,18,13
2021-04-15T23:59:59+02:00,2,4,1243,1425,2367,3525,3126,5038,4062,7084,6071,7785,6417,6479,11223,13753,4086,7038,0,2,336,364,810,1155,1043,1760,1284,2583,1975,2628,2605,2725,7290,9360,3738,6442,52575,43869,6060,2136,32063,73,12,18,10
2021-04-14T23:59:59+02:00,2,4,1222,1411,2331,3497,3056,4975,3954,6980,5881,7575,5773,5776,10830,13261,4054,6988,0,2,328,361,798,1145,1025,1733,1252,2542,1924,2576,2526,2655,7140,9164,3719,6416,51164,43200,5852,2012,30525,73,11,18,10
2021-04-13T23:59:59+02:00,2,4,1207,1399,2298,3466,2999,4911,3843,6900,5632,7354,5233,5224,10489,12848,4031,6960,0,2,307,347,779,1115,1003,1712,1228,2506,1886,2535,2460,2589,7021,9026,3683,6355,50131,42510,5647,1953,28993,70,11,18,10
2021-04-12T23:59:59+02:00,2,4,1192,1392,2271,3443,2948,4866,3714,6818,5423,7204,4904,4931,10237,12567,4022,6936,0,2,291,343,766,1110,986,1696,1214,2483,1835,2489,2382,2528,6906,8883,3669,6332,49660,41929,5447,1904,27741,63,9,17,10
2021-04-11T23:59:59+02:00,2,4,1186,1378,2251,3422,2914,4846,3653,6747,5279,7093,4671,4731,10051,12368,4016,6925,0,2,284,341,761,1102,977,1681,1202,2455,1813,2457,2328,2469,6822,8775,3655,6312,49571,41513,5210,1843,26734,62,8,14,10
2021-04-10T23:59:59+02:00,2,4,1186,1377,2248,3417,2911,4842,3647,6743,5269,7081,4665,4720,10043,12355,4016,6925,0,2,281,337,745,1095,963,1676,1178,2434,1741,2405,2240,2382,6763,8728,3653,6308,49515,41340,5208,1513,26707,61,7,14,10
2021-04-09T23:59:59+02:00,2,4,1182,1373,2241,3415,2901,4832,3637,6732,5240,7057,4640,4692,10016,12324,4015,6925,0,2,272,334,725,1085,947,1655,1144,2387,1649,2329,2020,2113,6608,8568,3631,6275,49434,40485,5202,1181,26571,61,7,14,10
2021-04-08T23:59:59+02:00,2,4,1158,1353,2188,3358,2815,4742,3495,6602,5003,6824,4247,4284,9471,11749,3996,6871,0,2,247,312,675,1026,889,1582,1071,2291,1513,2209,1742,1776,6139,8005,3543,6128,48967,37905,4672,1178,24502,50,7,14,10
2021-04-07T23:59:59+02:00,2,4,1147,1339,2154,3340,2773,4705,3406,6539,4838,6689,3954,3980,8908,11197,3979,6842,0,2,214,283,615,971,828,1509,1011,2231,1407,2110,1601,1600,5539,7302,3454,5971,48751,35410,4196,1174,22830,49,5,14,10
2021-04-06T23:59:59+02:00,2,4,1125,1321,2110,3314,2734,4672,3341,6491,4712,6595,3697,3725,8417,10686,3963,6811,0,2,206,278,586,951,803,1461,965,2173,1324,2023,1454,1411,4949,6508,3339,5765,48552,32973,3660,1166,21490,46,4,14,9
2021-04-05T23:59:59+02:00,2,4,1122,1317,2103,3310,2724,4670,3325,6476,4689,6576,3665,3698,8386,10648,3959,6809,0,2,203,266,579,934,784,1437,949,2136,1284,1984,1407,1348,4734,6239,3291,5708,48459,32062,3653,1164,21353,46,4,14,9
2021-04-04T23:59:59+02:00,2,4,1122,1316,2103,3307,2724,4668,3325,6476,4686,6575,3658,3694,8384,10646,3959,6809,0,2,203,266,578,934,784,1437,949,2136,1283,1983,1407,1348,4733,6239,3291,5708,48447,32059,3651,1164,21343,46,3,14,9
2021-04-03T23:59:59+02:00,2,4,1122,1316,2102,3307,2724,4668,3325,6476,4686,6575,3657,3692,8384,10645,3959,6809,0,2,203,266,578,933,784,1437,949,2136,1283,1983,1407,1348,4733,6239,3291,5708,48446,32058,3650,1164,21340,46,3,14,9
2021-04-02T23:59:59+02:00,2,4,1122,1316,2102,3305,2724,4667,3324,6472,4686,6573,3654,3688,8382,10644,3959,6809,0,2,203,266,578,933,784,1435,949,2135,1283,1982,1407,1346,4730,6237,3290,5708,48427,32047,3650,1163,21339,46,3,14,9
2021-04-01T23:59:59+02:00,1,4,1109,1281,2036,3186,2614,4467,3175,6222,4526,6334,3610,3651,8282,10537,3948,6792,0,2,198,257,574,924,773,1429,939,2121,1260,1967,1386,1319,4490,5917,3170,5541,48051,31057,3644,1159,20063,39,3,14,9
2021-03-31T23:59:59+02:00,1,4,1092,1252,1997,3087,2539,4324,3084,6010,4395,6104,3525,3568,8129,10340,3928,6756,0,2,190,254,567,913,769,1411,927,2100,1219,1934,1330,1256,3995,5311,3042,5305,47441,29318,3515,1159,19162,38,3,14,7
2021-03-30T23:59:59+02:00,1,3,1069,1219,1945,2904,2437,4100,2934,5652,4194,5715,3431,3473,7964,10135,3901,6702,0,2,186,248,558,903,758,1389,905,2080,1170,1889,1243,1171,3466,4590,2818,4968,46800,27146,3349,1159,17613,29,3,14,7
2021-03-29T23:59:59+02:00,1,3,1052,1176,1881,2776,2353,3943,2796,5398,4031,5438,3331,3373,7801,9905,3872,6654,0,2,185,243,552,892,747,1375,887,2056,1133,1861,1166,1083,2881,3906,2641,4673,46152,25102,3113,1153,16503,19,2,14,7
2021-03-28T23:59:59+02:00,1,3,1033,1144,1809,2613,2271,3739,2675,5103,3879,5161,3266,3307,7736,9842,3868,6649,0,2,185,243,550,889,746,1373,885,2050,1130,1858,1157,1071,2826,3839,2628,4646,46045,24905,2904,1151,15134,14,2,14,6
2021-03-27T23:59:59+01:00,1,3,1033,1144,1809,2612,2270,3738,2672,5103,3876,5161,3262,3306,7735,9842,3868,6649,0,2,185,243,549,889,746,1373,884,2050,1127,1858,1157,1071,2826,3839,2628,4646,46036,24900,2904,1151,15129,14,2,13,6
2021-03-26T23:59:59+01:00,1,3,1028,1119,1766,2497,2206,3580,2609,4892,3790,4937,3241,3290,7732,9837,3867,6648,0,2,185,242,549,889,745,1373,884,2050,1127,1855,1153,1070,2823,3833,2627,4643,46008,24879,2901,1151,14119,12,2,13,6
2021-03-25T23:59:59+01:00,1,3,1003,1088,1715,2394,2123,3411,2501,4663,3677,4739,3139,3198,7604,9703,3860,6634,0,2,183,240,544,887,738,1364,878,2032,1110,1831,1107,1026,2594,3485,2428,4350,45748,23629,2563,1151,13133,12,1,11,6
2021-03-24T23:59:59+01:00,1,3,980,1068,1695,2351,2092,3362,2464,4596,3634,4669,3051,3127,7474,9531,3841,6616,0,2,183,235,538,882,730,1353,866,2017,1091,1811,1067,983,2198,2936,2033,3827,45204,21584,2433,1149,12906,12,1,11,6
2021-03-23T23:59:59+01:00,1,3,969,1062,1677,2318,2068,3328,2429,4552,3593,4618,2984,3054,7380,9427,3823,6588,0,2,181,232,534,877,723,1341,852,1998,1054,1779,984,890,1832,2445,1681,3360,44685,19631,2422,1115,12756,12,1,10,6
2021-03-22T23:59:59+01:00,1,3,967,1053,1663,2300,2054,3310,2407,4523,3556,4576,2940,3020,7317,9357,3809,6571,0,2,178,229,532,866,707,1318,838,1984,1025,1752,935,817,1354,1869,1326,2867,44350,17522,2400,1058,12666,12,1,10,6
2021-03-21T23:59:59+01:00,1,3,967,1052,1662,2297,2054,3307,2402,4519,3544,4568,2926,3011,7270,9302,3802,6565,0,2,178,226,530,864,706,1314,836,1980,1014,1747,912,798,1276,1784,1270,2798,44200,17219,2396,997,12645,12,1,10,6
2021-03-20T23:59:59+01:00,1,3,966,1051,1661,2296,2054,3307,2402,4518,3542,4566,2925,3010,7270,9301,3802,6565,0,2,178,226,530,864,706,1314,836,1980,1001,1732,877,770,1244,1761,1261,2796,44196,17216,2392,843,12641,12,1,10,6
2021-03-19T23:59:59+01:00,1,3,965,1043,1654,2282,2043,3303,2399,4512,3535,4559,2915,2999,7258,9284,3801,6562,0,2,178,224,529,864,706,1312,836,1979,994,1727,833,732,1181,1709,1251,2785,44134,17172,2388,651,12585,12,1,10,6
2021-03-18T23:59:59+01:00,1,3,929,1011,1577,2167,1919,3134,2250,4263,3306,4309,2762,2841,6956,8919,3735,6460,0,2,177,223,524,859,699,1304,827,1968,971,1710,815,709,1104,1600,1106,2578,42737,16585,2076,572,11718,12,1,10,6
2021-03-17T23:59:59+01:00,1,3,876,979,1506,2107,1856,3068,2185,4203,3210,4214,2624,2706,6529,8425,3670,6345,0,2,176,221,520,854,697,1300,823,1963,966,1702,786,690,969,1447,951,2362,40959,15839,2071,571,11466,12,1,10,6
2021-03-16T23:59:59+01:00,1,3,851,954,1472,2065,1818,3018,2131,4146,3114,4116,2490,2547,6050,7773,3579,6194,0,0,170,218,516,853,693,1293,818,1954,958,1689,781,677,881,1321,807,2197,38955,15236,2008,571,11349,12,1,9,6
2021-03-15T23:59:59+01:00,1,3,834,948,1454,2040,1780,2962,2093,4075,3013,4007,2356,2376,5562,7228,3506,6077,0,0,169,217,516,845,691,1284,814,1944,948,1673,770,667,811,1210,651,1992,37178,14651,1907,533,11221,12,0,9,6
2021-03-14T23:59:59+01:00,1,3,829,933,1430,2013,1755,2933,2062,4015,2950,3938,2177,2179,5377,7001,3475,6044,0,0,169,217,515,842,689,1273,813,1937,945,1664,752,658,795,1191,627,1937,36153,14506,1806,509,11147,3,0,9,6
2021-03-13T23:59:59+01:00,1,3,821,925,1409,2001,1738,2920,2034,3987,2875,3890,2105,2104,5328,6946,3473,6043,0,0,169,217,515,841,689,1273,812,1937,945,1664,752,658,795,1191,627,1937,35898,14504,1558,509,11138,3,0,9,6
2021-03-12T23:59:59+01:00,1,3,797,909,1363,1942,1674,2822,1935,3836,2717,3723,1908,1865,5141,6722,3441,6000,0,0,169,217,514,841,689,1273,811,1937,945,1663,743,655,782,1175,619,1934,34564,14450,1315,508,10911,3,0,9,6
2021-03-11T23:59:59+01:00,1,3,763,848,1294,1857,1590,2673,1850,3636,2555,3551,1641,1555,4772,6249,3305,5817,0,0,160,210,508,832,678,1264,796,1901,925,1621,612,593,712,1132,599,1902,32445,13943,1215,495,10291,2,0,9,5
2021-03-10T23:59:59+01:00,1,3,748,796,1271,1799,1558,2616,1799,3564,2473,3462,1569,1466,4299,5704,3186,5563,0,0,160,208,499,811,660,1249,786,1881,918,1605,543,577,679,1123,592,1896,30622,13789,1209,391,10037,2,0,9,5
2021-03-09T23:59:59+01:00,1,3,734,774,1249,1769,1531,2570,1759,3513,2398,3410,1474,1368,3736,4949,2993,5253,0,0,157,206,493,790,650,1225,772,1849,906,1577,539,575,677,1118,589,1890,28432,13727,1206,279,9837,2,0,9,5
2021-03-08T23:59:59+01:00,0,3,730,746,1236,1749,1513,2549,1731,3474,2358,3367,1380,1266,3058,4117,2756,4883,0,0,153,203,479,767,628,1193,753,1799,882,1540,536,573,677,1117,589,1890,25962,13719,1206,55,9739,0,0,9,5
2021-03-07T23:59:59+01:00,0,3,727,742,1226,1739,1505,2533,1720,3466,2346,3359,1367,1250,2956,3994,2733,4834,0,0,153,203,479,767,628,1193,753,1799,882,1540,536,573,677,1117,589,1890,25608,13719,1204,55,9679,0,0,9,5
2021-03-06T23:59:59+01:00,0,3,726,742,1224,1734,1502,2530,1716,3463,2341,3358,1364,1250,2956,3994,2733,4834,0,0,152,203,479,767,628,1193,753,1799,882,1540,536,573,677,1117,589,1890,25603,13718,1204,55,9654,0,0,9,5
2021-03-05T23:59:59+01:00,0,3,665,718,1199,1719,1481,2520,1691,3448,2312,3348,1358,1247,2948,3988,2730,4829,0,0,152,203,479,766,628,1192,753,1799,882,1537,535,573,677,1117,589,1890,25576,13712,1199,55,9420,0,0,9,5
2021-03-04T23:59:59+01:00,0,3,599,672,1131,1649,1425,2437,1650,3367,2238,3270,1307,1199,2727,3622,2544,4541,0,0,150,197,476,752,617,1180,742,1771,873,1524,524,562,664,1107,584,1881,24345,13547,1191,53,8836,0,0,9,4
2021-03-03T23:59:59+01:00,0,3,562,632,1064,1586,1329,2356,1549,3281,2112,3184,1264,1152,2352,3099,2188,4089,0,0,150,197,474,749,617,1180,741,1767,870,1523,520,559,662,1104,584,1878,22468,13521,1189,51,8138,0,0,7,3
2021-03-02T23:59:59+01:00,0,3,544,598,1026,1540,1271,2312,1491,3229,2015,3122,1179,1048,1983,2620,1793,3566,0,0,148,195,469,743,612,1169,731,1757,865,1502,511,550,651,1081,564,1845,20385,13339,1186,51,7762,0,0,7,3
2021-03-01T23:59:59+01:00,0,3,537,549,1005,1501,1225,2251,1445,3164,1960,3049,1134,973,1484,2024,1405,3020,0,0,146,195,469,742,612,1168,731,1754,864,1502,509,550,647,1072,560,1834,18089,13301,1183,51,7450,0,0,7,3
2021-02-28T23:59:59+01:00,0,3,529,535,987,1461,1199,2189,1417,3106,1905,2976,1113,951,1369,1884,1331,2932,0,0,146,195,468,741,612,1168,730,1752,863,1501,507,550,647,1072,560,1834,17608,13292,1181,51,7091,0,0,7,3
2021-02-27T23:59:59+01:00,0,3,529,533,986,1458,1199,2188,1416,3105,1905,2975,1113,951,1369,1883,1329,2932,0,0,145,195,467,740,609,1166,728,1750,861,1500,507,550,647,1072,560,1834,17605,13291,1181,37,7081,0,0,7,3
2021-02-26T23:59:59+01:00,0,3,389,483,857,1414,1116,2145,1348,3064,1846,2933,1108,945,1366,1882,1329,2930,0,0,145,195,467,740,609,1166,728,1749,861,1499,507,550,647,1072,560,1834,17593,13290,1181,36,6377,0,0,7,3
2021-02-25T23:59:59+01:00,0,3,301,429,762,1319,1032,2054,1248,2891,1707,2770,1070,913,1284,1757,1209,2738,0,0,138,185,455,726,593,1140,721,1723,841,1475,493,536,619,1040,546,1815,16990,13019,1181,25,5309,0,0,7,2
2021-02-24T23:59:59+01:00,0,2,256,385,689,1243,958,1967,1194,2773,1641,2653,1043,893,1161,1611,1053,2519,0,0,135,185,451,722,589,1139,720,1718,840,1471,488,531,611,1035,543,1803,16278,12958,1179,21,4577,0,0,7,2
2021-02-23T23:59:59+01:00,0,2,244,364,669,1184,929,1888,1147,2661,1565,2542,1017,865,1080,1483,910,2354,0,0,135,183,451,721,589,1139,720,1715,838,1470,487,528,609,1034,543,1802,15715,12946,1144,17,4038,0,0,7,1
2021-02-22T23:59:59+01:00,0,0,230,345,646,1154,897,1805,1097,2569,1479,2419,971,835,961,1340,723,2097,0,0,135,183,450,720,586,1138,719,1715,832,1467,486,527,608,1032,542,1800,14961,12934,1071,5,3529,0,0,7,1
2021-02-21T23:59:59+01:00,0,0,224,334,610,1086,847,1699,1054,2468,1399,2311,954,814,928,1288,670,2031,0,0,135,182,447,712,585,1134,719,1710,832,1465,485,527,607,1032,541,1799,14751,12906,1028,5,2931,0,0,7,1
2021-02-20T23:59:59+01:00,0,0,224,331,607,1085,845,1694,1050,2462,1384,2292,918,785,895,1265,662,2029,0,0,135,182,447,712,585,1134,719,1710,832,1465,485,526,606,1032,541,1799,14749,12905,868,5,2904,0,0,7,0
2021-02-19T23:59:59+01:00,0,0,214,323,598,1077,832,1679,1029,2445,1351,2249,673,683,752,1201,637,2012,0,0,135,182,447,710,585,1131,718,1707,829,1462,485,525,606,1031,540,1799,14271,12888,680,4,2797,0,0,7,0
2021-02-18T23:59:59+01:00,0,0,198,274,559,955,747,1452,899,2187,1100,1874,594,615,711,1159,617,1994,0,0,130,182,434,698,570,1113,712,1681,813,1434,482,522,605,1030,540,1799,14111,12741,580,4,1238,0,0,6,0
2021-02-17T23:59:59+01:00,0,0,192,233,537,905,710,1355,840,2019,1015,1742,572,594,711,1156,615,1991,0,0,124,179,422,687,562,1097,693,1649,800,1411,479,520,603,1027,540,1798,14090,12588,580,3,511,0,0,6,0
2021-02-16T23:59:59+01:00,0,0,185,230,529,889,695,1324,820,1980,982,1702,560,589,705,1154,614,1988,0,0,119,174,408,682,551,1081,680,1631,790,1397,473,514,596,1013,532,1767,14059,12406,580,2,301,0,0,6,0
2021-02-15T23:59:59+01:00,0,0,171,221,524,862,689,1290,805,1946,953,1655,559,586,703,1154,614,1988,0,0,116,173,401,672,540,1062,651,1604,776,1379,471,511,596,1013,532,1767,14056,12262,541,2,117,0,0,6,0
2021-02-14T23:59:59+01:00,0,0,166,213,520,849,688,1281,802,1937,935,1647,558,585,703,1151,613,1988,0,0,109,169,390,661,523,1044,632,1589,769,1366,471,509,594,1011,532,1767,14050,12134,539,2,41,0,0,6,0
2021-02-13T23:59:59+01:00,0,0,165,213,519,849,688,1281,802,1937,935,1647,558,585,703,1151,613,1988,0,0,109,169,389,660,523,1044,632,1589,769,1366,471,509,594,1011,532,1767,14049,12132,539,2,40,0,0,6,0
2021-02-12T23:59:59+01:00,0,0,163,212,514,847,687,1278,798,1936,933,1644,557,585,703,1151,613,1988,0,0,106,167,386,654,518,1037,618,1574,766,1349,469,508,582,991,527,1738,14042,11988,538,2,23,0,0,6,0
2021-02-11T23:59:59+01:00,0,0,160,211,510,839,679,1274,795,1932,927,1642,552,579,695,1145,608,1982,0,0,87,131,357,585,471,957,566,1457,722,1255,445,463,538,937,483,1642,13991,11095,525,1,9,0,0,5,0
2021-02-10T23:59:59+01:00,0,0,157,209,500,821,662,1259,783,1904,912,1618,543,573,684,1132,603,1972,0,0,78,120,329,525,445,849,525,1280,647,1097,396,413,471,820,433,1479,13865,9906,461,1,1,0,0,5,0
2021-02-09T23:59:59+01:00,0,0,156,203,492,783,646,1220,763,1843,900,1577,532,561,678,1116,594,1953,0,0,73,103,310,455,410,763,482,1177,583,998,365,358,428,732,399,1358,13751,8994,262,0,0,0,0,4,0
2021-02-08T23:59:59+01:00,0,0,152,199,475,757,624,1185,743,1793,880,1533,526,560,676,1110,590,1937,0,0,59,77,265,387,360,630,422,947,510,818,307,303,362,578,334,1152,13680,7511,56,0,0,0,0,4,0
2021-02-07T23:59:59+01:00,0,0,152,198,473,756,622,1184,742,1785,878,1531,525,560,676,1110,590,1936,0,0,58,69,246,352,341,586,406,915,490,783,307,296,360,571,332,1148,13658,7260,56,0,0,0,0,4,0
2021-02-06T23:59:59+01:00,0,0,152,198,473,756,622,1184,742,1785,878,1531,525,560,676,1110,590,1936,0,0,58,69,246,351,341,586,406,914,488,781,307,295,359,569,331,1148,13658,7249,56,0,0,0,0,4,0
2021-02-05T23:59:59+01:00,0,0,152,198,473,756,622,1184,742,1785,878,1529,525,560,675,1110,590,1936,0,0,56,69,245,348,334,582,398,891,478,761,297,290,348,545,313,1108,13655,7063,56,0,0,0,0,4,0
2021-02-04T23:59:59+01:00,0,0,146,193,469,748,615,1176,738,1771,872,1520,518,553,654,1085,581,1918,0,0,42,52,212,314,292,486,356,750,384,615,232,219,263,379,232,821,13498,5649,55,0,0,0,0,4,0
2021-02-03T23:59:59+01:00,0,0,144,192,462,741,607,1167,734,1757,864,1504,506,545,639,1072,574,1910,0,0,34,33,157,221,238,354,265,573,309,465,182,172,186,283,179,613,13363,4264,52,0,0,0,0,3,0
2021-02-02T23:59:59+01:00,0,0,144,189,460,740,607,1167,731,1751,857,1500,505,543,635,1069,573,1906,0,0,25,27,138,174,193,283,221,437,257,375,142,132,139,211,142,484,13323,3380,52,0,0,0,0,2,0
2021-02-01T23:59:59+01:00,0,0,142,189,459,739,602,1164,730,1743,855,1495,503,541,630,1066,572,1899,0,0,21,19,102,128,139,192,155,304,168,259,90,94,94,134,76,258,13275,2233,52,0,0,0,0,2,0
2021-01-31T23:59:59+01:00,0,0,141,188,459,736,599,1163,730,1739,855,1494,501,540,629,1064,572,1898,0,0,14,15,69,88,97,127,118,227,141,203,85,87,90,126,74,244,13255,1805,52,0,0,0,0,1,0
2021-01-30T23:59:59+01:00,0,0,141,188,458,736,597,1161,729,1738,855,1494,501,540,628,1064,572,1898,0,0,14,15,69,88,97,125,116,223,138,200,84,86,90,120,68,234,13254,1767,45,0,0,0,0,1,0
2021-01-29T23:59:59+01:00,0,0,141,188,458,733,596,1158,727,1736,853,1493,501,540,628,1064,572,1898,0,0,12,15,57,82,80,121,98,212,115,188,79,79,88,116,67,233,13248,1642,37,0,0,0,0,1,0
2021-01-28T23:59:59+01:00,0,0,134,184,445,715,579,1131,721,1709,830,1464,494,534,625,1061,569,1895,0,0,7,3,14,20,25,47,31,98,47,87,46,50,57,86,49,176,13061,843,28,0,0,0,0,1,0
2021-01-27T23:59:59+01:00,0,0,127,181,433,704,571,1121,705,1674,823,1440,491,532,621,1056,569,1890,0,0,3,1,6,12,11,26,13,42,23,31,13,17,25,35,20,55,12911,333,26,0,0,0,0,1,0
2021-01-26T23:59:59+01:00,0,0,120,177,419,693,558,1107,696,1651,811,1419,486,526,615,1039,561,1855,0,0,3,1,6,11,8,24,11,39,17,28,13,15,24,33,20,54,12715,307,17,0,0,0,0,1,0
2021-01-25T23:59:59+01:00,0,0,117,175,410,681,547,1088,669,1623,793,1401,484,522,613,1038,561,1855,0,0,2,1,5,9,8,19,6,30,12,22,9,6,14,22,10,35,12570,210,6,0,0,0,0,1,0
2021-01-24T23:59:59+01:00,0,0,111,172,400,671,532,1070,652,1610,780,1389,483,519,612,1038,561,1855,0,0,2,0,3,6,8,7,4,8,5,9,1,2,12,15,6,21,12448,109,6,0,0,0,0,1,0
2021-01-23T23:59:59+01:00,0,0,111,172,400,670,532,1070,652,1610,780,1389,483,519,612,1038,561,1855,0,0,1,0,3,6,8,7,4,8,5,9,1,2,12,15,6,21,12447,108,6,0,0,0,0,1,0
2021-01-22T23:59:59+01:00,0,0,108,170,393,664,528,1063,638,1595,774,1371,483,514,601,1017,554,1826,0,0,1,0,3,6,8,7,4,8,5,9,1,2,12,15,6,21,12294,108,5,0,0,0,0,0,0
2021-01-21T23:59:59+01:00,0,0,97,162,378,648,505,1029,608,1545,752,1328,466,476,567,973,518,1758,0,0,1,0,3,6,8,6,4,8,5,9,1,2,12,15,6,21,11805,107,5,0,0,0,0,0,0
2021-01-20T23:59:59+01:00,0,0,79,121,343,558,462,888,551,1311,663,1140,404,417,482,830,454,1534,0,0,1,0,2,5,8,6,4,8,5,9,1,2,12,15,6,21,10232,105,5,0,0,0,0,0,0
2021-01-19T23:59:59+01:00,0,0,74,107,316,479,421,799,508,1199,611,1037,380,379,445,751,424,1438,0,0,1,0,1,3,7,5,4,7,5,9,1,0,9,10,5,18,9363,85,5,0,0,0,0,0,0
2021-01-18T23:59:59+01:00,0,0,60,77,270,392,365,651,431,967,519,840,312,311,375,597,358,1230,0,0,1,0,1,3,7,5,4,7,5,8,1,0,9,10,5,18,7753,84,2,0,0,0,0,0,0
2021-01-17T23:59:59+01:00,0,0,59,68,251,357,344,599,412,924,495,801,309,302,373,590,355,1222,0,0,0,0,0,0,0,1,0,0,0,0,0,0,0,0,0,0,7459,1,2,0,0,0,0,0,0
2021-01-16T23:59:59+01:00,0,0,59,68,251,356,344,599,412,923,493,799,309,301,371,586,354,1222,0,0,0,0,0,0,0,0,0,0,0,0,0,0,0,0,0,0,7445,0,2,0,0,0,0,0,0
2021-01-15T23:59:59+01:00,0,0,57,68,251,352,338,593,401,899,481,774,295,295,352,557,331,1180,0,0,0,0,0,0,0,0,0,0,0,0,0,0,0,0,0,0,7222,0,2,0,0,0,0,0,0
2021-01-14T23:59:59+01:00,0,0,44,55,237,328,313,518,367,774,393,629,232,221,262,381,238,848,0,0,0,0,0,0,0,0,0,0,0,0,0,0,0,0,0,0,5840,0,0,0,0,0,0,0,0
2021-01-13T23:59:59+01:00,0,0,38,44,213,269,272,417,300,620,322,503,177,178,190,290,192,656,0,0,0,0,0,0,0,0,0,0,0,0,0,0,0,0,0,0,4681,0,0,0,0,0,0,0,0
2021-01-12T23:59:59+01:00,0,0,33,41,208,253,257,382,276,539,290,457,140,136,144,222,150,515,0,0,0,0,0,0,0,0,0,0,0,0,0,0,0,0,0,0,4043,0,0,0,0,0,0,0,0
2021-01-11T23:59:59+01:00,0,0,28,37,198,232,239,329,229,451,240,382,109,106,108,145,88,320,0,0,0,0,0,0,0,0,0,0,0,0,0,0,0,0,0,0,3241,0,0,0,0,0,0,0,0
2021-01-10T23:59:59+01:00,0,0,26,31,159,172,196,254,191,355,198,305,98,99,105,140,86,305,0,0,0,0,0,0,0,0,0,0,0,0,0,0,0,0,0,0,2720,0,0,0,0,0,0,0,0
2021-01-09T23:59:59+01:00,0,0,26,31,152,168,194,246,187,347,196,300,98,99,105,140,86,305,0,0,0,0,0,0,0,0,0,0,0,0,0,0,0,0,0,0,2680,0,0,0,0,0,0,0,0
2021-01-08T23:59:59+01:00,0,0,23,28,121,144,173,233,162,318,168,279,93,89,103,136,85,304,0,0,0,0,0,0,0,0,0,0,0,0,0,0,0,0,0,0,2459,0,0,0,0,0,0,0,0
2021-01-07T23:59:59+01:00,0,0,8,3,18,26,32,57,37,109,61,111,48,51,64,94,54,212,0,0,0,0,0,0,0,0,0,0,0,0,0,0,0,0,0,0,985,0,0,0,0,0,0,0,0
2021-01-06T23:59:59+01:00,0,0,3,1,7,13,11,25,14,42,21,32,14,14,28,40,23,65,0,0,0,0,0,0,0,0,0,0,0,0,0,0,0,0,0,0,353,0,0,0,0,0,0,0,0
2021-01-05T23:59:59+01:00,0,0,3,1,6,10,10,21,11,34,15,27,11,14,24,35,21,57,0,0,0,0,0,0,0,0,0,0,0,0,0,0,0,0,0,0,300,0,0,0,0,0,0,0,0
2021-01-04T23:59:59+01:00,0,0,2,1,4,7,9,13,4,18,8,17,5,3,13,21,8,31,0,0,0,0,0,0,0,0,0,0,0,0,0,0,0,0,0,0,164,0,0,0,0,0,0,0,0
2021-01-03T23:59:59+01:00,0,0,2,0,3,6,8,7,4,10,5,10,1,2,13,17,7,21,0,0,0,0,0,0,0,0,0,0,0,0,0,0,0,0,0,0,116,0,0,0,0,0,0,0,0
2021-01-02T23:59:59+01:00,0,0,2,0,3,6,8,7,4,10,5,10,1,2,13,17,7,21,0,0,0,0,0,0,0,0,0,0,0,0,0,0,0,0,0,0,116,0,0,0,0,0,0,0,0
2021-01-01T23:59:59+01:00,0,0,1,0,3,6,8,6,4,10,5,10,1,2,13,16,7,21,0,0,0,0,0,0,0,0,0,0,0,0,0,0,0,0,0,0,113,0,0,0,0,0,0,0,0
2020-12-31T23:59:59+01:00,0,0,1,0,3,5,8,6,4,10,5,10,1,2,13,16,7,21,0,0,0,0,0,0,0,0,0,0,0,0,0,0,0,0,0,0,112,0,0,0,0,0,0,0,0
2020-12-30T23:59:59+01:00,0,0,1,0,2,5,8,6,4,10,5,10,1,2,13,16,7,21,0,0,0,0,0,0,0,0,0,0,0,0,0,0,0,0,0,0,111,0,0,0,0,0,0,0,0
2020-12-29T23:59:59+01:00,0,0,1,0,1,3,8,5,4,8,5,10,1,0,10,11,6,18,0,0,0,0,0,0,0,0,0,0,0,0,0,0,0,0,0,0,91,0,0,0,0,0,0,0,0
2020-12-28T23:59:59+01:00,0,0,1,0,1,3,8,5,4,8,5,9,1,0,10,11,6,18,0,0,0,0,0,0,0,0,0,0,0,0,0,0,0,0,0,0,90,0,0,0,0,0,0,0,0
2020-12-27T23:59:59+01:00,0,0,1,0,1,3,8,4,4,8,5,9,1,0,9,10,6,18,0,0,0,0,0,0,0,0,0,0,0,0,0,0,0,0,0,0,87,0,0,0,0,0,0,0,0
