Datum,<24_1_m,<24_1_w,25-34_1_m,25-34_1_w,35-44_1_m,35-44_1_w,45-54_1_m,45-54_1_w,55-64_1_m,55-64_1_w,65-74_1_m,65-74_1_w,75-84_1_m,75-84_1_w,>84_1_m,>84_1_w,<24_2_m,<24_2_w,25-34_2_m,25-34_2_w,35-44_2_m,35-44_2_w,45-54_2_m,45-54_2_w,55-64_2_m,55-64_2_w,65-74_2_m,65-74_2_w,75-84_2_m,75-84_2_w,>84_2_m,>84_2_w,bp_1,bp_2,mo_1,mo_2,az_1,az_2,ja
2021-05-19T23:59:59+02:00,4416,4029,8337,8182,10777,11319,15800,17166,20904,22076,18168,20914,13226,16789,3463,6171,818,914,1460,1970,1883,2918,2509,4307,3876,4500,4641,4868,9094,11740,3176,5628,128829,50003,19467,6804,52476,6530,965
2021-05-18T23:59:59+02:00,4113,3729,7780,7647,10081,10644,14823,16215,20044,21089,17961,20685,13185,16741,3457,6155,763,864,1405,1884,1821,2822,2392,4166,3695,4305,4393,4593,8924,11528,3169,5612,122029,48868,19376,6612,52048,5960,896
2021-05-17T23:59:59+02:00,3889,3483,7312,7161,9582,10117,14090,15394,19392,20338,17812,20473,13140,16684,3450,6143,696,800,1333,1836,1746,2741,2286,4094,3545,4176,4154,4355,8800,11351,3157,5587,116856,48096,19138,6402,51586,5279,880
2021-05-16T23:59:59+02:00,3749,3394,7113,6988,9381,9914,13847,15162,19185,20129,17752,20412,13128,16668,3449,6137,682,754,1296,1784,1705,2686,2245,3997,3483,4090,4067,4272,8789,11332,3155,5586,115328,47966,18899,6244,51306,4838,875
2021-05-15T23:59:59+02:00,3747,3391,7108,6981,9380,9909,13844,15157,19183,20123,17750,20411,13128,16668,3449,6137,681,754,1295,1784,1704,2686,2245,3997,3483,4090,4065,4270,8789,11332,3155,5586,115288,47963,18899,6243,51305,4836,874
2021-05-14T23:59:59+02:00,3697,3339,7000,6843,9250,9777,13690,14974,19043,19999,17731,20396,13127,16661,3448,6135,659,743,1272,1766,1679,2666,2211,3973,3436,4056,4022,4217,8785,11330,3155,5585,114924,47943,18157,6099,51226,4710,803
2021-05-13T23:59:59+02:00,3542,3153,6677,6510,8798,9378,13133,14474,18476,19450,17632,20272,13098,16634,3445,6133,613,714,1221,1717,1622,2592,2117,3871,3297,3935,3930,4097,8765,11317,3153,5581,112078,47868,17466,5717,50626,4322,635
2021-05-12T23:59:59+02:00,3515,3117,6644,6472,8748,9325,12990,14350,18297,19254,17610,20247,13091,16627,3445,6133,613,713,1221,1715,1617,2589,2108,3865,3283,3928,3918,4083,8759,11312,3153,5581,111380,47848,17241,5691,50609,4284,635
2021-05-11T23:59:59+02:00,3081,2839,5827,5943,7796,8508,11533,13167,16838,17809,17197,19794,13027,16534,3429,6114,568,649,1091,1605,1457,2432,1923,3685,3061,3686,3829,3982,8710,11241,3151,5576,104077,47645,16627,5497,48616,3388,116
2021-05-10T23:59:59+02:00,2862,2638,5326,5541,7096,7887,10450,12189,15608,16464,16895,19442,12974,16439,3421,6093,531,622,1055,1561,1421,2385,1859,3574,2938,3558,3760,3915,8675,11198,3149,5574,98319,47527,15734,5280,47156,2852,116
2021-05-09T23:59:59+02:00,2769,2604,5191,5461,6899,7761,10018,11813,15096,15955,16802,19340,12957,16414,3418,6088,513,599,1019,1510,1357,2296,1794,3448,2833,3417,3678,3821,8660,11179,3147,5572,96773,47446,15156,5019,46542,2263,115
2021-05-08T23:59:59+02:00,2764,2603,5190,5461,6899,7759,10015,11810,15095,15954,16802,19340,12957,16414,3418,6088,513,598,1019,1509,1357,2296,1794,3447,2831,3417,3677,3821,8660,11179,3147,5572,96759,47442,15155,5019,46540,2261,115
2021-05-07T23:59:59+02:00,2568,2531,4917,5371,6528,7594,9566,11597,14661,15609,16657,19183,12950,16390,3418,6088,501,594,1011,1498,1340,2284,1758,3434,2781,3383,3624,3777,8600,11111,3147,5569,96063,47420,14667,4691,44786,2189,112
2021-05-06T23:59:59+02:00,2335,2381,4400,5025,5916,7243,8797,11028,13763,14789,16324,18802,12906,16312,3408,6077,469,545,971,1404,1255,2128,1645,3203,2555,3114,3444,3575,8461,10953,3139,5557,93520,47001,13437,4097,42506,1277,43
2021-05-05T23:59:59+02:00,2193,2254,4107,4786,5474,6873,8080,10401,12656,13690,15728,18084,12825,16229,3401,6058,460,531,956,1377,1228,2089,1611,3133,2496,3029,3394,3537,8386,10866,3136,5550,89139,46878,12118,3956,41554,917,28
2021-05-04T23:59:59+02:00,2094,2153,3818,4540,5066,6513,7361,9760,11424,12420,14933,17074,12737,16136,3398,6048,454,520,937,1356,1210,2051,1591,3096,2452,2975,3345,3487,8307,10765,3131,5538,83405,46751,11481,3760,40575,690,14
2021-05-03T23:59:59+02:00,2029,2092,3661,4405,4840,6308,6955,9403,10659,11625,14285,16191,12680,16051,3390,6033,448,510,936,1340,1195,2019,1571,3054,2417,2929,3291,3443,8199,10671,3128,5533,79036,46629,11278,3542,40281,501,12
2021-05-02T23:59:59+02:00,2016,2074,3586,4376,4762,6250,6883,9351,10530,11491,14118,16022,12658,16029,3389,6028,445,501,930,1326,1192,2000,1567,3042,2402,2914,3275,3425,8164,10642,3127,5529,78488,46611,11005,3447,40062,415,8
2021-05-01T23:59:59+02:00,2014,2074,3584,4375,4761,6250,6881,9350,10524,11487,14116,16021,12657,16028,3389,6026,444,501,930,1326,1192,1999,1567,3042,2402,2914,3275,3425,8164,10642,3127,5528,78462,46608,11005,3447,40062,415,8
2021-04-30T23:59:59+02:00,2011,2068,3578,4367,4755,6236,6855,9330,10485,11446,14069,15949,12634,16004,3388,6025,444,500,929,1324,1192,1999,1566,3042,2401,2913,3274,3423,8163,10640,3127,5528,78135,46602,11005,3445,40053,411,7
2021-04-29T23:59:59+02:00,1876,2017,3317,4256,4486,6077,6548,9067,10048,11034,13516,15267,12564,15890,3384,6018,439,488,919,1305,1173,1963,1545,3004,2371,2870,3262,3410,8151,10626,3124,5524,75378,46495,10622,3444,39358,228,7
2021-04-28T23:59:59+02:00,1730,1963,3146,4149,4238,5892,6166,8791,9454,10488,12678,14128,12450,15741,3376,6010,429,480,904,1291,1158,1937,1510,2961,2299,2803,3101,3268,8070,10536,3118,5514,70933,46119,10435,3041,39026,213,6
2021-04-27T23:59:59+02:00,1685,1909,3029,4032,4034,5746,5836,8502,8790,9759,11672,12854,12299,15478,3365,5995,419,465,896,1269,1145,1898,1483,2892,2250,2741,3061,3228,8049,10506,3112,5511,66185,45916,10247,2871,38548,133,5
2021-04-26T23:59:59+02:00,1656,1868,2915,3951,3861,5602,5499,8279,8284,9266,10944,11947,12206,15343,3354,5981,418,459,886,1261,1129,1887,1453,2870,2219,2713,3014,3174,8006,10461,3107,5509,62817,45820,10059,2628,38075,113,5
2021-04-25T23:59:59+02:00,1637,1861,2848,3921,3761,5541,5360,8232,8091,9142,10760,11720,12177,15303,3353,5978,414,452,879,1255,1111,1873,1439,2852,2196,2686,2971,3136,7967,10420,3106,5507,62323,45741,9857,2431,37500,87,5
2021-04-24T23:59:59+02:00,1636,1861,2848,3920,3761,5540,5359,8231,8087,9137,10755,11719,12177,15303,3353,5978,414,452,879,1255,1111,1872,1438,2851,2195,2686,2971,3136,7967,10420,3106,5507,62304,45737,9857,2431,37499,87,5
2021-04-23T23:59:59+02:00,1611,1848,2783,3885,3682,5515,5237,8177,7957,9079,10679,11611,12155,15270,3352,5974,414,452,879,1253,1111,1872,1437,2850,2195,2686,2970,3136,7967,10420,3106,5507,62178,45734,9583,2431,37050,86,4
2021-04-22T23:59:59+02:00,1558,1809,2679,3825,3524,5410,4978,8015,7629,8815,10072,10891,11963,15047,3346,5957,406,451,871,1244,1102,1858,1423,2825,2172,2663,2929,3104,7887,10317,3094,5493,60594,45333,8932,2423,35988,79,4
2021-04-21T23:59:59+02:00,1519,1770,2597,3744,3410,5316,4748,7814,7194,8463,9160,9784,11641,14605,3335,5921,403,449,866,1227,1093,1842,1405,2795,2140,2635,2865,3037,7781,10159,3081,5475,57905,44871,8067,2299,35045,79,4
2021-04-20T23:59:59+02:00,1486,1741,2533,3669,3306,5217,4564,7617,6776,8085,8218,8599,11299,14162,3323,5908,398,446,857,1213,1083,1820,1379,2764,2110,2593,2796,2971,7641,9981,3053,5428,55086,44163,7302,2293,34112,74,3
2021-04-19T23:59:59+02:00,1472,1725,2496,3632,3244,5149,4452,7508,6509,7819,7582,7801,11102,13895,3315,5892,395,444,854,1203,1078,1809,1352,2749,2076,2565,2739,2924,7529,9821,3037,5397,53171,43618,6935,2280,33484,71,3
2021-04-18T23:59:59+02:00,1463,1710,2467,3612,3208,5126,4394,7458,6387,7687,7215,7429,11045,13819,3312,5880,394,441,853,1201,1077,1801,1350,2737,2070,2561,2732,2911,7505,9788,3035,5394,52663,43498,6550,2278,32996,71,3
2021-04-17T23:59:59+02:00,1462,1709,2466,3610,3207,5123,4390,7453,6378,7676,7202,7420,11043,13819,3312,5880,394,441,853,1200,1077,1801,1349,2736,2069,2559,2729,2909,7504,9788,3035,5394,52642,43486,6549,2278,32956,71,3
2021-04-16T23:59:59+02:00,1458,1707,2456,3606,3199,5115,4367,7435,6323,7635,7129,7341,11038,13810,3310,5878,394,440,850,1199,1076,1801,1347,2735,2066,2558,2727,2903,7502,9786,3034,5394,52587,43465,6315,2273,32902,71,3
2021-04-15T23:59:59+02:00,1417,1683,2396,3560,3102,5056,4191,7300,6047,7386,6578,6783,10849,13560,3298,5856,386,438,827,1175,1039,1741,1302,2654,1992,2471,2650,2833,7420,9706,3026,5380,51512,42884,5929,2087,31618,66,3
2021-04-14T23:59:59+02:00,1392,1668,2364,3532,3028,4995,4069,7186,5846,7167,5907,6026,10531,13168,3275,5818,378,433,816,1164,1020,1718,1270,2608,1938,2417,2560,2756,7285,9527,3012,5357,50152,42227,5726,1964,30092,66,2
2021-04-13T23:59:59+02:00,1374,1659,2330,3500,2972,4934,3956,7092,5568,6936,5367,5446,10243,12818,3257,5796,357,418,794,1132,998,1699,1245,2574,1902,2372,2490,2695,7171,9386,2983,5304,49143,41549,5525,1905,28578,64,2
2021-04-12T23:59:59+02:00,1358,1652,2303,3474,2920,4889,3816,7004,5368,6784,5001,5115,10053,12595,3248,5776,342,414,782,1127,982,1682,1228,2549,1851,2330,2414,2628,7062,9252,2971,5287,48682,40985,5331,1857,27341,57,2
2021-04-11T23:59:59+02:00,1353,1639,2283,3451,2890,4870,3747,6932,5205,6666,4755,4893,9910,12438,3244,5767,336,410,777,1120,970,1665,1216,2521,1829,2302,2358,2560,6983,9153,2960,5269,48602,40573,5098,1798,26341,56,2
2021-04-10T23:59:59+02:00,1353,1638,2281,3447,2888,4865,3741,6930,5196,6655,4745,4878,9907,12431,3244,5766,332,406,762,1114,957,1659,1192,2497,1759,2252,2276,2474,6932,9115,2960,5265,48549,40411,5098,1483,26316,56,2
2021-04-09T23:59:59+02:00,1350,1635,2273,3445,2882,4856,3729,6916,5171,6629,4715,4853,9888,12404,3243,5766,318,404,745,1105,938,1633,1159,2453,1663,2169,2045,2188,6804,8983,2943,5237,48478,39569,5093,1160,26182,56,2
2021-04-08T23:59:59+02:00,1323,1612,2213,3384,2803,4768,3576,6781,4932,6390,4293,4381,9413,11930,3232,5721,288,379,692,1044,882,1561,1074,2355,1526,2040,1762,1819,6346,8451,2885,5128,48029,37027,4578,1157,24145,48,0
2021-04-07T23:59:59+02:00,1312,1597,2178,3366,2764,4728,3477,6724,4764,6237,3956,4044,8917,11449,3218,5692,244,348,642,986,817,1495,1013,2286,1420,1942,1602,1632,5762,7759,2816,4997,47821,34560,4109,1154,22493,47,0
2021-04-06T23:59:59+02:00,1289,1577,2138,3343,2729,4697,3404,6678,4630,6135,3667,3759,8497,11000,3204,5665,237,342,615,964,792,1449,964,2225,1330,1856,1449,1424,5193,6968,2725,4831,47634,32173,3571,1147,21207,44,0
2021-04-05T23:59:59+02:00,1287,1573,2134,3340,2717,4696,3390,6661,4610,6119,3634,3727,8472,10969,3201,5664,234,328,606,947,775,1426,948,2188,1290,1817,1395,1346,4979,6704,2687,4785,47547,31265,3567,1146,21080,44,0
2021-04-04T23:59:59+02:00,1287,1573,2134,3339,2717,4695,3390,6660,4609,6119,3630,3725,8470,10968,3201,5664,234,328,605,947,775,1426,948,2188,1290,1817,1395,1346,4978,6704,2687,4785,47542,31263,3567,1146,21072,44,0
2021-04-03T23:59:59+02:00,1287,1573,2134,3339,2717,4695,3390,6660,4609,6119,3629,3723,8470,10967,3201,5664,234,328,605,947,775,1426,948,2188,1290,1817,1395,1346,4978,6704,2687,4785,47540,31263,3567,1146,21070,44,0
2021-04-02T23:59:59+02:00,1287,1573,2134,3337,2717,4694,3390,6656,4609,6117,3626,3720,8469,10966,3201,5664,234,328,605,947,775,1424,948,2188,1290,1816,1395,1344,4976,6703,2686,4785,47524,31255,3567,1145,21069,44,0
2021-04-01T23:59:59+02:00,1269,1528,2062,3210,2612,4491,3240,6402,4462,5907,3582,3684,8375,10862,3192,5652,229,319,599,938,765,1418,937,2175,1267,1798,1375,1316,4715,6359,2590,4650,47163,30272,3562,1141,19805,37,0
2021-03-31T23:59:59+02:00,1251,1490,2018,3104,2541,4350,3146,6172,4331,5697,3494,3589,8236,10688,3175,5624,221,317,591,924,761,1402,921,2153,1224,1763,1317,1252,4228,5729,2480,4453,46571,28559,3435,1141,18900,36,0
2021-03-30T23:59:59+02:00,1230,1445,1964,2920,2433,4112,2990,5795,4140,5348,3391,3492,8087,10491,3151,5578,217,312,583,915,749,1381,899,2129,1169,1718,1232,1165,3686,4975,2294,4178,45935,26433,3275,1141,17357,28,0
2021-03-29T23:59:59+02:00,1209,1388,1898,2786,2351,3947,2855,5520,3975,5097,3296,3391,7931,10273,3129,5542,216,309,577,902,739,1368,883,2102,1127,1687,1148,1065,3083,4251,2155,3948,45297,24406,3052,1137,16239,17,0
2021-03-28T23:59:59+02:00,1186,1338,1828,2622,2263,3733,2727,5239,3831,4829,3235,3329,7875,10213,3125,5539,216,309,575,899,738,1366,881,2095,1124,1687,1138,1052,3026,4179,2146,3928,45190,24212,2844,1134,14878,13,0
2021-03-27T23:59:59+01:00,1186,1338,1828,2621,2262,3733,2726,5239,3828,4829,3232,3329,7874,10213,3125,5539,216,309,574,899,738,1366,880,2095,1122,1687,1138,1052,3026,4179,2146,3928,45182,24208,2844,1134,14876,13,0
2021-03-26T23:59:59+01:00,1182,1305,1784,2509,2192,3569,2667,5025,3746,4621,3215,3319,7871,10208,3124,5538,216,308,574,899,737,1366,880,2094,1121,1685,1135,1051,3023,4171,2145,3925,45158,24185,2842,1134,13875,11,0
2021-03-25T23:59:59+01:00,1156,1265,1731,2404,2104,3404,2566,4801,3643,4444,3094,3218,7771,10091,3118,5528,213,305,570,898,731,1356,874,2073,1105,1660,1089,1004,2753,3767,1999,3702,44901,22954,2516,1134,12921,11,0
2021-03-24T23:59:59+01:00,1136,1245,1710,2363,2076,3349,2528,4739,3596,4374,3007,3143,7649,9927,3102,5513,213,300,562,894,725,1348,862,2057,1086,1641,1042,957,2297,3136,1692,3292,44370,20961,2386,1132,12701,11,0
2021-03-23T23:59:59+01:00,1125,1235,1688,2327,2058,3322,2487,4695,3560,4318,2936,3069,7561,9832,3088,5487,211,297,558,889,717,1337,842,2036,1048,1599,954,873,1897,2595,1404,2891,43861,19039,2375,1098,12552,11,0
2021-03-22T23:59:59+01:00,1119,1225,1675,2314,2043,3303,2464,4664,3521,4281,2891,3030,7500,9767,3076,5471,208,293,557,876,701,1318,827,2021,1015,1569,901,791,1376,1959,1119,2489,43527,16967,2354,1042,12463,11,0
2021-03-21T23:59:59+01:00,1119,1224,1674,2313,2043,3301,2460,4661,3510,4274,2876,3022,7451,9712,3073,5467,208,291,556,874,700,1313,823,2017,1004,1562,875,771,1298,1867,1070,2430,43384,16665,2351,983,12445,11,0
2021-03-20T23:59:59+01:00,1118,1224,1674,2313,2043,3301,2460,4661,3508,4272,2876,3021,7451,9711,3073,5467,208,291,556,874,700,1313,823,2017,989,1544,838,739,1268,1852,1063,2428,43384,16663,2348,829,12441,11,0
2021-03-19T23:59:59+01:00,1116,1216,1666,2303,2032,3297,2458,4653,3502,4265,2864,3008,7440,9696,3072,5465,208,290,555,873,700,1312,822,2016,980,1531,794,702,1209,1805,1053,2420,43323,16621,2343,638,12387,11,0
2021-03-18T23:59:59+01:00,1070,1178,1588,2181,1905,3128,2307,4388,3284,4040,2694,2847,7141,9321,3027,5395,207,289,548,866,695,1307,814,2003,958,1515,774,678,1125,1688,923,2233,41930,16052,2031,560,11533,11,0
2021-03-17T23:59:59+01:00,1010,1143,1522,2125,1839,3060,2242,4320,3193,3949,2548,2700,6719,8829,2979,5299,205,288,545,859,694,1305,809,1997,953,1506,745,659,975,1522,786,2038,40165,15316,2028,559,11284,11,0
2021-03-16T23:59:59+01:00,985,1118,1487,2083,1800,3011,2187,4264,3090,3850,2410,2523,6251,8187,2901,5173,198,283,541,858,689,1297,805,1987,944,1493,740,646,871,1378,661,1892,38180,14713,1967,559,11173,11,0
2021-03-15T23:59:59+01:00,969,1109,1467,2059,1762,2955,2141,4185,2988,3744,2267,2343,5773,7649,2844,5073,197,280,540,852,686,1287,801,1979,935,1479,729,636,790,1240,520,1720,36413,14139,1869,521,11046,11,0
2021-03-14T23:59:59+01:00,964,1094,1438,2029,1737,2926,2109,4115,2925,3674,2079,2141,5603,7446,2818,5042,197,280,539,847,684,1278,800,1971,931,1470,712,628,775,1218,497,1668,35395,13996,1769,496,10976,3,0
2021-03-13T23:59:59+01:00,953,1086,1419,2020,1720,2909,2078,4089,2853,3626,2012,2060,5558,7405,2817,5041,197,280,539,847,684,1278,800,1971,931,1470,710,627,775,1215,496,1668,35149,13989,1527,496,10970,3,0
2021-03-12T23:59:59+01:00,925,1069,1374,1962,1656,2803,1974,3933,2686,3465,1815,1809,5391,7204,2793,5003,197,280,539,847,684,1278,799,1971,931,1469,702,623,759,1201,493,1665,33825,13940,1283,495,10754,3,0
2021-03-11T23:59:59+01:00,885,1005,1304,1873,1577,2653,1880,3737,2519,3285,1542,1485,5017,6739,2689,4854,188,274,532,838,675,1264,783,1938,902,1429,578,561,694,1162,478,1637,31713,13446,1184,485,10147,2,0
2021-03-10T23:59:59+01:00,866,949,1281,1815,1545,2601,1820,3658,2437,3204,1473,1387,4542,6167,2590,4651,188,270,522,817,657,1248,776,1921,889,1414,515,547,662,1153,474,1632,29907,13300,1180,383,9899,2,0
2021-03-09T23:59:59+01:00,855,924,1260,1781,1517,2560,1775,3604,2364,3148,1374,1288,3967,5377,2436,4404,186,268,516,792,646,1228,764,1885,877,1389,512,546,661,1145,471,1627,27749,13241,1178,270,9707,2,0
2021-03-08T23:59:59+01:00,849,897,1248,1760,1500,2541,1750,3566,2321,3100,1273,1175,3261,4493,2248,4108,182,263,500,767,626,1195,741,1824,857,1367,506,544,660,1144,471,1627,25296,13231,1178,43,9616,0,0
2021-03-07T23:59:59+01:00,846,894,1241,1751,1491,2527,1743,3557,2310,3094,1260,1155,3157,4366,2233,4068,182,263,500,767,626,1195,741,1824,857,1367,506,544,660,1144,471,1627,24949,13231,1176,43,9568,0,0
2021-03-06T23:59:59+01:00,845,894,1239,1748,1488,2524,1740,3554,2307,3093,1257,1155,3157,4366,2233,4068,181,263,500,767,626,1195,741,1824,857,1367,506,544,660,1144,471,1627,24945,13230,1176,43,9547,0,0
2021-03-05T23:59:59+01:00,778,868,1214,1734,1467,2516,1713,3540,2283,3085,1252,1153,3148,4356,2231,4065,181,263,500,767,626,1194,741,1824,857,1365,505,544,660,1144,471,1627,24916,13226,1172,43,9315,0,0
2021-03-04T23:59:59+01:00,705,819,1150,1663,1413,2433,1673,3457,2211,3013,1198,1103,2891,3934,2094,3845,180,258,496,751,616,1182,730,1794,846,1356,496,534,649,1135,466,1618,23698,13064,1165,43,8739,0,0
2021-03-03T23:59:59+01:00,664,772,1078,1598,1319,2356,1560,3372,2101,2934,1151,1059,2453,3327,1824,3495,180,258,494,748,616,1182,729,1791,844,1356,492,533,648,1131,466,1617,21850,13043,1163,42,8050,0,0
2021-03-02T23:59:59+01:00,644,733,1039,1555,1261,2319,1495,3316,2010,2862,1061,969,2046,2782,1489,3046,178,256,489,741,611,1170,719,1780,837,1336,485,526,634,1108,449,1588,19785,12865,1160,42,7682,0,0
2021-03-01T23:59:59+01:00,636,682,1021,1511,1211,2262,1454,3246,1951,2792,1010,886,1491,2120,1180,2592,176,256,489,741,611,1169,719,1777,836,1336,483,525,630,1096,446,1580,17510,12828,1157,42,7378,0,0
2021-02-28T23:59:59+01:00,628,665,1008,1470,1184,2203,1424,3189,1897,2722,993,865,1369,1967,1117,2517,176,256,488,740,611,1169,718,1775,836,1335,482,525,630,1096,446,1580,17033,12821,1155,42,7030,0,0
2021-02-27T23:59:59+01:00,628,663,1007,1470,1184,2202,1424,3188,1897,2721,993,865,1369,1966,1116,2517,176,256,487,739,608,1167,716,1774,834,1334,482,525,630,1096,446,1580,17031,12821,1155,29,7024,0,0
2021-02-26T23:59:59+01:00,457,606,884,1434,1110,2160,1360,3147,1842,2680,992,862,1366,1965,1116,2516,176,256,487,739,608,1167,716,1773,834,1333,482,525,630,1096,446,1580,17021,12820,1155,28,6321,0,0
2021-02-25T23:59:59+01:00,359,541,788,1344,1026,2066,1258,2968,1706,2530,966,839,1278,1830,1011,2341,169,245,471,725,595,1142,706,1748,819,1312,472,515,596,1068,438,1567,16430,12568,1155,20,5266,0,0
2021-02-24T23:59:59+01:00,303,487,719,1271,953,1972,1204,2846,1638,2426,946,818,1143,1669,869,2149,167,245,468,722,591,1141,705,1742,818,1307,467,511,588,1063,435,1555,15727,12508,1153,17,4533,0,0
2021-02-23T23:59:59+01:00,290,460,695,1209,924,1887,1158,2732,1556,2330,931,794,1049,1530,744,1999,167,245,468,720,591,1140,705,1740,815,1306,467,509,586,1062,435,1554,15169,12498,1119,12,4000,0,0
2021-02-22T23:59:59+01:00,272,438,671,1171,894,1807,1102,2635,1471,2219,889,765,920,1353,577,1779,167,245,466,719,589,1139,703,1740,810,1304,466,507,585,1061,434,1552,14425,12486,1049,1,3489,0,0
2021-02-21T23:59:59+01:00,264,420,635,1105,845,1703,1054,2530,1395,2116,872,750,887,1297,529,1722,167,244,463,711,588,1136,703,1735,810,1303,465,507,584,1061,432,1551,14220,12459,1007,1,2897,0,0
2021-02-20T23:59:59+01:00,264,417,632,1104,842,1698,1052,2526,1378,2094,836,717,857,1282,522,1720,167,244,463,711,588,1136,703,1735,810,1303,465,507,583,1061,432,1551,14220,12458,851,1,2870,0,0
2021-02-19T23:59:59+01:00,253,407,623,1096,830,1683,1029,2507,1331,2046,599,614,723,1229,504,1703,167,244,463,710,588,1135,702,1733,807,1300,465,507,583,1060,431,1551,13750,12445,664,1,2763,0,0
2021-02-18T23:59:59+01:00,230,343,583,974,745,1455,893,2234,1069,1677,549,572,684,1187,489,1692,161,240,450,701,573,1116,696,1707,791,1274,462,505,583,1058,431,1551,13595,12298,567,1,1214,0,0
2021-02-17T23:59:59+01:00,223,304,563,914,710,1360,830,2066,985,1545,534,565,684,1183,487,1690,153,237,440,691,562,1098,678,1676,780,1254,459,504,581,1054,431,1551,13579,12148,567,1,497,0,0
2021-02-16T23:59:59+01:00,217,299,554,901,694,1327,814,2029,948,1505,527,560,678,1181,486,1688,147,232,427,683,551,1084,666,1657,772,1240,453,499,574,1039,425,1527,13550,11976,567,0,291,0,0
2021-02-15T23:59:59+01:00,201,287,548,872,686,1294,799,1993,923,1461,525,559,678,1181,486,1688,144,231,419,673,539,1066,640,1628,758,1222,452,499,574,1039,425,1527,13547,11836,528,0,106,0,0
2021-02-14T23:59:59+01:00,195,280,545,858,686,1287,794,1981,907,1455,524,559,678,1178,485,1688,136,228,408,662,520,1048,624,1614,752,1209,452,497,572,1037,425,1527,13541,11711,527,0,32,0,0
2021-02-13T23:59:59+01:00,194,280,544,858,686,1287,794,1981,907,1455,524,559,678,1178,485,1688,136,228,407,661,520,1048,624,1614,752,1209,452,497,572,1037,425,1527,13540,11709,527,0,31,0,0
2021-02-12T23:59:59+01:00,193,279,540,857,685,1285,789,1979,906,1453,523,559,678,1178,485,1688,132,225,404,656,515,1040,612,1602,748,1192,449,496,560,1015,423,1504,13533,11573,526,0,18,0,0
2021-02-11T23:59:59+01:00,191,278,535,850,680,1281,787,1976,899,1451,518,552,672,1173,480,1682,111,181,369,585,470,960,561,1479,708,1110,423,453,519,950,384,1420,13483,10683,514,0,8,0,0
2021-02-10T23:59:59+01:00,187,275,525,832,663,1265,775,1946,885,1433,509,547,664,1160,475,1673,101,168,340,519,442,849,520,1305,631,963,374,404,450,830,344,1270,13360,9510,453,0,1,0,0
2021-02-09T23:59:59+01:00,186,268,514,787,649,1228,755,1878,870,1398,500,538,656,1144,468,1659,93,146,323,455,405,761,473,1191,573,880,343,349,407,744,321,1158,13249,8622,249,0,0,0,0
2021-02-08T23:59:59+01:00,182,262,497,762,625,1191,734,1820,853,1367,494,537,653,1138,465,1644,71,108,283,388,357,621,417,956,498,720,284,292,342,593,267,972,13180,7169,44,0,0,0,0
2021-02-07T23:59:59+01:00,182,261,496,760,623,1191,732,1812,853,1365,493,537,653,1138,465,1643,70,94,263,359,340,573,398,923,482,691,283,285,339,586,266,969,13160,6921,44,0,0,0,0
2021-02-06T23:59:59+01:00,182,261,496,760,623,1191,732,1812,853,1365,493,537,653,1138,465,1643,70,94,263,359,340,573,398,922,480,689,283,284,338,584,265,969,13160,6911,44,0,0,0,0
2021-02-05T23:59:59+01:00,182,261,496,760,623,1191,732,1812,853,1364,493,537,652,1138,465,1643,68,94,261,357,338,569,390,899,473,678,276,282,329,561,251,936,13158,6762,44,0,0,0,0
2021-02-04T23:59:59+01:00,176,255,490,751,618,1183,728,1798,846,1356,487,531,627,1111,459,1628,51,75,225,320,300,473,343,755,382,545,214,210,243,384,186,687,13000,5393,44,0,0,0,0
2021-02-03T23:59:59+01:00,175,255,484,744,610,1175,723,1786,838,1341,479,526,612,1099,454,1623,40,49,166,227,249,356,257,570,306,422,170,169,178,297,141,527,12881,4124,43,0,0,0,0
2021-02-02T23:59:59+01:00,175,254,482,743,610,1175,719,1780,833,1338,478,525,608,1096,453,1619,30,42,142,177,205,286,216,436,253,339,128,134,141,222,107,419,12845,3277,43,0,0,0,0
2021-02-01T23:59:59+01:00,173,254,481,742,605,1169,718,1772,831,1334,476,522,603,1094,453,1614,25,31,102,132,147,194,152,303,160,240,81,94,99,138,56,225,12798,2179,43,0,0,0,0
2021-01-31T23:59:59+01:00,173,254,481,739,602,1168,718,1768,831,1333,475,522,602,1092,453,1613,16,22,70,86,105,128,116,227,133,192,77,88,95,128,54,212,12781,1749,43,0,0,0,0
2021-01-30T23:59:59+01:00,173,254,480,739,600,1166,717,1768,831,1333,475,522,601,1092,453,1613,16,22,70,86,105,126,114,224,130,189,76,86,95,123,48,202,12780,1712,37,0,0,0,0
2021-01-29T23:59:59+01:00,173,254,480,738,599,1164,715,1766,829,1332,475,522,601,1092,453,1613,13,20,59,82,87,121,97,215,109,176,71,79,92,120,48,201,12777,1590,29,0,0,0,0
2021-01-28T23:59:59+01:00,166,248,466,721,583,1139,708,1740,807,1304,469,518,599,1089,450,1610,7,4,13,22,24,44,31,102,46,82,46,52,60,87,36,152,12594,808,23,0,0,0,0
2021-01-27T23:59:59+01:00,158,245,455,711,573,1129,693,1704,802,1284,465,517,596,1083,450,1606,3,2,5,12,9,22,15,42,22,27,13,17,24,35,17,48,12450,313,21,0,0,0,0
2021-01-26T23:59:59+01:00,151,241,442,697,561,1115,685,1680,790,1264,460,511,590,1065,444,1575,3,2,5,11,6,20,12,37,17,26,13,14,23,35,17,47,12259,288,12,0,0,0,0
2021-01-25T23:59:59+01:00,148,239,432,684,546,1096,660,1651,773,1246,459,509,588,1065,444,1575,2,2,4,9,6,16,7,28,12,21,8,5,13,23,9,29,12114,194,1,0,0,0,0
2021-01-24T23:59:59+01:00,140,236,422,674,531,1077,644,1639,761,1234,458,506,587,1065,444,1575,1,0,2,6,6,4,5,7,4,9,1,2,11,15,6,16,11992,95,1,0,0,0,0
2021-01-23T23:59:59+01:00,140,236,422,673,531,1077,644,1639,761,1234,458,506,587,1065,444,1575,1,0,2,6,6,4,5,7,4,9,1,2,11,15,6,16,11991,95,1,0,0,0,0
2021-01-22T23:59:59+01:00,136,233,415,668,527,1069,632,1627,755,1217,457,503,574,1041,441,1552,1,0,2,6,6,4,5,7,4,9,1,2,11,15,6,16,11846,95,1,0,0,0,0
2021-01-21T23:59:59+01:00,123,224,400,648,501,1035,601,1574,736,1178,440,468,540,988,410,1494,1,0,2,6,6,4,5,7,4,9,1,2,11,15,6,16,11359,95,1,0,0,0,0
2021-01-20T23:59:59+01:00,104,174,359,554,458,890,547,1337,646,1005,379,410,455,841,356,1291,1,0,2,5,6,4,5,7,4,9,1,2,11,15,6,16,9805,94,1,0,0,0,0
2021-01-19T23:59:59+01:00,96,154,330,480,417,794,505,1222,596,913,354,372,417,761,333,1203,1,0,2,3,6,4,5,7,4,9,1,0,8,11,5,15,8946,81,1,0,0,0,0
2021-01-18T23:59:59+01:00,73,111,290,394,362,644,428,976,507,738,288,303,349,611,281,1018,1,0,2,3,6,4,5,7,4,9,1,0,8,11,5,15,7373,81,0,0,0,0,0
2021-01-17T23:59:59+01:00,70,96,270,365,342,587,406,932,487,706,285,295,347,604,280,1010,0,0,0,0,0,0,0,0,0,0,0,0,0,0,0,0,7082,0,0,0,0,0,0
2021-01-16T23:59:59+01:00,70,96,270,365,342,587,406,931,485,704,285,294,345,600,279,1010,0,0,0,0,0,0,0,0,0,0,0,0,0,0,0,0,7069,0,0,0,0,0,0
2021-01-15T23:59:59+01:00,68,96,269,362,339,581,396,907,475,688,275,291,329,572,260,975,0,0,0,0,0,0,0,0,0,0,0,0,0,0,0,0,6883,0,0,0,0,0,0
2021-01-14T23:59:59+01:00,53,80,254,337,317,500,355,780,389,557,215,213,242,383,188,700,0,0,0,0,0,0,0,0,0,0,0,0,0,0,0,0,5563,0,0,0,0,0,0
2021-01-13T23:59:59+01:00,46,66,226,275,277,410,289,616,317,451,163,172,180,296,145,535,0,0,0,0,0,0,0,0,0,0,0,0,0,0,0,0,4464,0,0,0,0,0,0
2021-01-12T23:59:59+01:00,42,64,218,257,263,377,270,544,283,407,126,133,143,223,109,413,0,0,0,0,0,0,0,0,0,0,0,0,0,0,0,0,3872,0,0,0,0,0,0
2021-01-11T23:59:59+01:00,36,58,206,236,244,326,220,448,234,343,93,100,110,144,60,254,0,0,0,0,0,0,0,0,0,0,0,0,0,0,0,0,3112,0,0,0,0,0,0
2021-01-10T23:59:59+01:00,31,50,169,167,201,248,182,353,188,277,87,95,107,137,58,241,0,0,0,0,0,0,0,0,0,0,0,0,0,0,0,0,2591,0,0,0,0,0,0
2021-01-09T23:59:59+01:00,30,48,163,163,199,241,179,347,186,272,87,95,107,137,58,241,0,0,0,0,0,0,0,0,0,0,0,0,0,0,0,0,2553,0,0,0,0,0,0
2021-01-08T23:59:59+01:00,25,42,134,140,178,228,156,319,160,252,82,85,104,134,58,240,0,0,0,0,0,0,0,0,0,0,0,0,0,0,0,0,2337,0,0,0,0,0,0
2021-01-07T23:59:59+01:00,8,5,17,24,30,49,37,109,58,98,47,49,62,90,36,158,0,0,0,0,0,0,0,0,0,0,0,0,0,0,0,0,877,0,0,0,0,0,0
2021-01-06T23:59:59+01:00,3,2,6,12,8,21,14,40,20,29,15,13,25,41,18,55,0,0,0,0,0,0,0,0,0,0,0,0,0,0,0,0,322,0,0,0,0,0,0
2021-01-05T23:59:59+01:00,2,1,5,11,7,17,11,32,15,24,11,13,22,34,18,51,0,0,0,0,0,0,0,0,0,0,0,0,0,0,0,0,274,0,0,0,0,0,0
2021-01-04T23:59:59+01:00,1,1,3,7,7,11,5,15,8,15,4,3,11,19,8,26,0,0,0,0,0,0,0,0,0,0,0,0,0,0,0,0,144,0,0,0,0,0,0
2021-01-03T23:59:59+01:00,1,0,2,6,7,4,5,7,4,9,1,2,11,15,7,16,0,0,0,0,0,0,0,0,0,0,0,0,0,0,0,0,97,0,0,0,0,0,0
2021-01-02T23:59:59+01:00,1,0,2,6,7,4,5,7,4,9,1,2,11,15,7,16,0,0,0,0,0,0,0,0,0,0,0,0,0,0,0,0,97,0,0,0,0,0,0
2021-01-01T23:59:59+01:00,1,0,2,6,7,4,5,7,4,9,1,2,11,15,7,16,0,0,0,0,0,0,0,0,0,0,0,0,0,0,0,0,97,0,0,0,0,0,0
2020-12-31T23:59:59+01:00,1,0,2,5,7,4,5,7,4,9,1,2,11,15,7,16,0,0,0,0,0,0,0,0,0,0,0,0,0,0,0,0,96,0,0,0,0,0,0
2020-12-30T23:59:59+01:00,1,0,2,5,7,4,5,7,4,9,1,2,11,15,7,16,0,0,0,0,0,0,0,0,0,0,0,0,0,0,0,0,96,0,0,0,0,0,0
2020-12-29T23:59:59+01:00,1,0,2,3,7,4,5,7,4,9,1,0,8,11,6,15,0,0,0,0,0,0,0,0,0,0,0,0,0,0,0,0,83,0,0,0,0,0,0
2020-12-28T23:59:59+01:00,1,0,2,3,7,4,5,7,4,9,1,0,8,11,6,15,0,0,0,0,0,0,0,0,0,0,0,0,0,0,0,0,83,0,0,0,0,0,0
2020-12-27T23:59:59+01:00,1,0,2,3,7,4,5,7,4,9,1,0,8,11,6,15,0,0,0,0,0,0,0,0,0,0,0,0,0,0,0,0,83,0,0,0,0,0,0
