Datum,<15_m,<15_w,15-24_1_m,15-24_1_w,25-34_1_m,25-34_1_w,35-44_1_m,35-44_1_w,45-54_1_m,45-54_1_w,55-64_1_m,55-64_1_w,65-74_1_m,65-74_1_w,75-84_1_m,75-84_1_w,>84_1_m,>84_1_w,<24_2_m,<24_2_w,25-34_2_m,25-34_2_w,35-44_2_m,35-44_2_w,45-54_2_m,45-54_2_w,55-64_2_m,55-64_2_w,65-74_2_m,65-74_2_w,75-84_2_m,75-84_2_w,>84_2_m,>84_2_w,bp_1,bp_2,mo_1,mo_2,az_1,az_2,ja,unb_1,unb_2
2021-07-15T23:59:59+02:00,730651,12248,11497,18421,17140,21083,20860,25035,25778,28586,29600,20600,23574,14895,18725,4240,7400,7350,7245,12953,12937,15868,16760,20161,21765,24717,26440,19156,21959,14199,17803,4081,7075,207661,174254,30511,26063,54840,42147,8020,31,85
2021-07-14T23:59:59+02:00,701631,12047,11373,18260,17037,20966,20770,24937,25683,28500,29508,20568,23542,14878,18711,4238,7397,6946,6892,12303,12492,15199,16291,19547,21332,24265,26112,18944,21734,14167,17756,4076,7067,206910,171542,30364,25735,54839,40238,7603,31,85
2021-07-13T23:59:59+02:00,660597,11915,11252,18146,16960,20858,20675,24846,25594,28432,29445,20539,23504,14860,18701,4236,7387,6495,6466,11677,12002,14519,15797,18959,20928,23840,25796,18767,21524,14124,17693,4072,7059,205952,168016,30225,25552,54829,38610,7579,22,20
2021-07-12T23:59:59+02:00,627569,11795,11118,18033,16872,20771,20571,24748,25497,28351,29380,20511,23472,14853,18690,4231,7380,6091,6056,11090,11476,13909,15266,18411,20445,23426,25439,18572,21338,14060,17635,4063,7055,204965,164413,30100,24730,54826,37662,7556,22,20
2021-07-11T23:59:59+02:00,594544,11682,11031,17967,16811,20717,20516,24695,25454,28296,29335,20492,23453,14844,18683,4231,7379,5898,5889,10833,11274,13685,15070,18171,20265,23225,25254,18501,21258,14035,17609,4062,7049,204363,163057,29979,24264,54824,37242,7543,15,17
2021-07-10T23:59:59+02:00,593544,11675,11030,17964,16809,20714,20516,24692,25453,28295,29335,20492,23453,14843,18681,4231,7379,5892,5888,10832,11268,13678,15066,18170,20263,23224,25252,18499,21257,14034,17609,4062,7049,204345,163033,29978,24263,54824,37238,7537,15,17
2021-07-09T23:59:59+02:00,565521,11567,10910,17889,16726,20646,20454,24619,25378,28246,29290,20469,23433,14840,18673,4231,7378,5858,5858,10803,11235,13628,15044,18139,20230,23205,25229,18494,21247,14032,17606,4062,7048,203489,162798,29978,24213,54824,37205,7529,15,17
2021-07-08T23:59:59+02:00,534497,11412,10783,17774,16627,20522,20360,24516,25258,28132,29215,20425,23384,14824,18645,4228,7370,5515,5606,10304,10851,13029,14591,17497,19685,22621,24784,18195,20874,13935,17525,4057,7038,202783,160501,29954,23410,54803,35266,6951,15,17
2021-07-07T23:59:59+02:00,475446,11252,10649,17694,16544,20452,20291,24442,25181,28071,29155,20398,23349,14819,18633,4226,7364,5207,5316,9791,10404,12460,14120,16820,19168,22063,24292,17888,20525,13838,17432,4054,7027,201806,158068,29931,21962,54787,33490,6902,15,17
2021-07-06T23:59:59+02:00,439415,11134,10504,17581,16455,20362,20193,24366,25091,27983,29081,20372,23310,14810,18617,4224,7361,4836,4906,9200,9905,11764,13528,16137,18564,21563,23800,17574,20223,13739,17319,4045,7018,200716,154014,29925,21027,54778,32221,6864,15,17
2021-07-05T23:59:59+02:00,417389,11043,10420,17495,16388,20282,20123,24305,25039,27942,29043,20348,23289,14799,18609,4223,7358,4548,4591,8710,9455,11206,12980,15431,17926,20948,23196,17181,19830,13608,17164,4037,7010,199990,150148,29921,20354,54770,30504,6816,15,17
2021-07-04T23:59:59+02:00,404383,10967,10366,17429,16334,20233,20074,24274,25003,27926,29025,20339,23277,14793,18606,4222,7357,4403,4498,8579,9290,11016,12804,15194,17717,20686,22926,16910,19541,13549,17073,4033,7006,199510,148846,29917,20049,54768,29529,6802,15,17
2021-07-03T23:59:59+02:00,403382,10960,10357,17419,16327,20231,20071,24272,25002,27923,29024,20339,23276,14793,18606,4222,7356,4399,4493,8573,9289,11013,12804,15190,17717,20683,22923,16910,19538,13549,17073,4033,7006,199479,148836,29916,20049,54768,29524,6785,15,17
2021-07-02T23:59:59+02:00,359319,10814,10247,17309,16225,20130,19998,24201,24937,27864,28964,20313,23250,14787,18592,4222,7354,4310,4414,8417,9149,10878,12694,15067,17610,20571,22819,16869,19509,13542,17058,4033,7003,198607,147849,29916,20049,54768,29467,6579,15,17
2021-07-01T23:59:59+02:00,313275,10683,10112,17182,16134,20009,19911,24120,24861,27804,28914,20293,23225,14771,18577,4219,7350,4111,4213,8123,8817,10512,12288,14508,17118,20069,22282,16582,19212,13337,16846,4023,6981,197545,144807,29859,19383,54761,28258,6573,15,17
2021-06-30T23:59:59+02:00,231214,10432,9876,17014,15988,19878,19779,24006,24739,27724,28827,20272,23194,14752,18559,4218,7349,3916,4017,7821,8479,10102,11830,14021,16566,19500,21652,16261,18875,13066,16570,4011,6955,195922,141149,29804,19128,54752,26804,6559,15,17
2021-06-29T23:59:59+02:00,186177,10286,9702,16881,15892,19774,19691,23938,24664,27667,28759,20246,23169,14738,18540,4218,7346,3712,3756,7427,8032,9630,11295,13369,15902,18888,20953,15944,18549,12821,16280,4004,6941,194784,136878,29800,18834,54748,25261,6527,15,17
2021-06-28T23:59:59+02:00,137126,10089,9522,16766,15785,19674,19592,23847,24570,27600,28700,20218,23141,14724,18521,4216,7344,3509,3499,7029,7595,9200,10804,12820,15366,18394,20439,15695,18286,12703,16148,3998,6930,193632,133066,29687,18410,54745,24442,6493,15,17
2021-06-27T23:59:59+02:00,119109,9953,9411,16711,15727,19614,19542,23789,24521,27573,28676,20205,23125,14721,18517,4215,7341,3417,3433,6854,7402,9014,10603,12592,15126,18133,20180,15575,18183,12638,16064,3998,6926,193005,131877,29633,18066,54740,23715,6476,15,17
2021-06-26T23:59:59+02:00,119109,9951,9407,16710,15723,19612,19541,23786,24520,27573,28676,20205,23125,14721,18517,4215,7341,3414,3433,6852,7401,9011,10601,12591,15123,18131,20179,15572,18182,12638,16063,3998,6926,192988,131858,29632,18066,54740,23711,6476,15,17
2021-06-25T23:59:59+02:00,115107,9905,9367,16673,15691,19579,19513,23751,24492,27549,28657,20199,23118,14719,18514,4215,7341,3395,3388,6778,7292,8916,10448,12477,14927,17988,19972,15550,18153,12630,16060,3997,6925,192677,131682,29597,17715,54740,23019,6476,15,17
2021-06-24T23:59:59+02:00,10596,9782,9243,16493,15570,19449,19392,23631,24405,27493,28598,20186,23102,14712,18505,4214,7339,3273,3243,6574,6964,8611,9996,11948,14307,17434,19274,15327,17925,12485,15932,3994,6913,191850,129296,29255,16862,54739,21581,6456,15,17
2021-06-23T23:59:59+02:00,10090,9654,9106,16356,15447,19335,19288,23534,24302,27429,28551,20171,23080,14708,18500,4211,7338,3070,3002,6226,6482,8114,9433,11254,13491,16677,18298,15037,17590,12336,15791,3984,6888,190946,124802,29091,15893,54729,20553,6419,15,17
2021-06-22T23:59:59+02:00,7064,9365,8801,16130,15249,19151,19140,23390,24180,27358,28469,20150,23057,14700,18481,4207,7332,2836,2713,5744,5935,7492,8669,10344,12454,15648,17091,14734,17225,12227,15665,3971,6865,189281,118349,28888,15405,54725,19474,6387,13,9
2021-06-21T23:59:59+02:00,6657,9239,8638,15957,15104,18964,18986,23259,24057,27298,28390,20126,23030,14694,18472,4207,7328,2691,2521,5361,5469,7028,8083,9616,11581,14919,16159,14456,16913,12121,15544,3966,6849,188091,113651,28664,14847,54719,18396,6385,13,9
2021-06-20T23:59:59+02:00,6356,9105,8509,15822,14991,18855,18899,23188,23986,27258,28340,20115,23010,14684,18465,4205,7327,2634,2452,5197,5288,6814,7817,9312,11251,14556,15759,14323,16782,12081,15507,3961,6844,187215,111964,28550,14624,54719,17611,6381,13,9
2021-06-19T23:59:59+02:00,6356,9105,8508,15821,14987,18854,18899,23187,23986,27258,28339,20115,23010,14684,18465,4205,7327,2631,2451,5196,5284,6813,7817,9312,11250,14554,15755,14321,16782,12081,15507,3961,6844,187207,111948,28549,14622,54719,17610,6381,13,9
2021-06-18T23:59:59+02:00,6352,9077,8497,15808,14979,18839,18891,23180,23977,27251,28334,20115,23007,14683,18465,4205,7327,2602,2417,5141,5225,6735,7717,9213,11094,14382,15528,14243,16681,12071,15486,3959,6841,187090,111164,28548,14621,54718,17171,6381,13,9
2021-06-17T23:59:59+02:00,5650,8903,8336,15574,14812,18642,18736,23024,23847,27118,28243,20091,22985,14677,18453,4203,7324,2467,2268,4816,4927,6351,7316,8667,10491,13553,14660,14006,16392,11999,15365,3955,6829,185775,108310,28544,13668,54710,16054,6032,13,9
2021-06-16T23:59:59+02:00,4848,8675,8122,15344,14589,18432,18539,22836,23680,27012,28133,20062,22942,14663,18433,4199,7318,2353,2160,4574,4725,6000,6972,8142,10004,12840,13824,13656,16009,11914,15276,3950,6817,184004,104867,28447,12870,54707,15577,5904,13,9
2021-06-15T23:59:59+02:00,3935,8326,7788,14967,14234,18113,18250,22587,23467,26854,27999,20033,22909,14650,18417,4198,7308,2169,1993,4223,4371,5493,6413,7267,9119,11648,12552,13120,15394,11792,15113,3935,6794,181416,98646,28411,12209,54705,14914,5629,13,9
2021-06-14T23:59:59+02:00,3330,8145,7621,14715,14005,17912,18080,22436,23347,26745,27920,20012,22876,14637,18409,4194,7300,2056,1868,3970,4126,5106,5943,6612,8400,10724,11502,12805,15048,11720,15019,3925,6775,179850,93825,28390,11848,54703,14465,5461,13,9
2021-06-13T23:59:59+02:00,3330,8068,7566,14636,13920,17798,17970,22356,23267,26715,27892,19999,22866,14633,18403,4194,7300,2008,1840,3889,4028,4987,5804,6382,8159,10431,11168,12648,14870,11662,14963,3924,6774,179105,92443,28378,11556,54700,14087,5450,13,8
2021-06-12T23:59:59+02:00,3330,8067,7565,14635,13920,17798,17970,22354,23266,26714,27889,19999,22865,14633,18403,4194,7300,2007,1838,3888,4028,4985,5803,6379,8157,10428,11162,12645,14869,11662,14961,3924,6774,179094,92425,28378,11556,54700,14078,5450,13,8
2021-06-11T23:59:59+02:00,3329,8001,7524,14547,13872,17723,17920,22284,23232,26671,27867,19997,22861,14633,18402,4194,7300,1991,1829,3852,3971,4943,5736,6318,8074,10329,11059,12606,14834,11651,14955,3924,6774,178760,92212,28300,11550,54699,13765,5318,13,8
2021-06-10T23:59:59+02:00,2822,7661,7233,14159,13508,17296,17545,21960,22952,26481,27688,19952,22815,14620,18385,4191,7288,1886,1746,3639,3809,4670,5467,6001,7709,9721,10447,12093,14179,11583,14847,3916,6767,176183,89070,27814,11177,54689,13145,5085,13,8
2021-06-09T23:59:59+02:00,2719,7292,6883,13696,13067,16780,17080,21571,22584,26267,27476,19879,22745,14602,18350,4188,7280,1717,1632,3440,3634,4418,5200,5620,7306,8952,9735,11429,13349,11466,14707,3906,6755,172937,84849,27270,10543,54676,12981,4890,13,8
2021-06-08T23:59:59+02:00,2215,6916,6476,13182,12585,16311,16615,21215,22247,26052,27274,19821,22667,14572,18315,4185,7273,1625,1556,3218,3406,4101,4848,5113,6819,8069,8819,10546,12273,11324,14550,3902,6740,169531,79208,26785,10246,54667,12706,4747,13,7
2021-06-07T23:59:59+02:00,1912,6638,6185,12755,12212,15913,16216,20889,21952,25890,27119,19785,22614,14552,18296,4178,7267,1562,1485,3030,3234,3824,4620,4714,6442,7357,8072,9641,11129,11214,14404,3891,6722,166977,74473,26361,9883,54648,12490,4493,13,7
2021-06-06T23:59:59+02:00,1912,6496,6052,12612,12061,15750,16056,20724,21789,25804,27032,19765,22578,14541,18286,4177,7263,1547,1462,2957,3193,3729,4556,4608,6362,7216,7943,9384,10861,11168,14354,3888,6717,165745,73794,26258,9458,54627,12317,4374,13,7
2021-06-05T23:59:59+02:00,1912,6487,6049,12603,12049,15742,16049,20722,21787,25804,27030,19765,22578,14541,18286,4177,7263,1545,1461,2954,3192,3728,4555,4605,6362,7212,7938,9378,10857,11168,14354,3888,6717,165691,73768,26258,9457,54627,12313,4374,13,7
2021-06-04T23:59:59+02:00,1912,6457,6009,12545,11998,15682,16001,20694,21755,25787,27014,19761,22572,14538,18286,4177,7263,1544,1456,2941,3182,3709,4541,4595,6348,7178,7895,9346,10787,11130,14313,3887,6716,165596,73495,26000,9445,54605,12270,4356,13,7
2021-06-03T23:59:59+02:00,1911,6225,5785,12246,11751,15360,15691,20365,21416,25532,26803,19715,22499,14518,18267,4176,7259,1501,1411,2869,3117,3612,4464,4482,6249,6977,7714,8973,10342,11078,14240,3887,6711,163123,72200,25756,9149,54604,12133,4142,13,7
2021-06-02T23:59:59+02:00,1911,6164,5725,12180,11686,15288,15625,20293,21355,25515,26779,19710,22496,14515,18264,4175,7258,1487,1402,2853,3105,3596,4450,4448,6232,6944,7676,8894,10232,11069,14215,3886,6710,162783,71840,25570,9143,54603,12124,4089,13,7
2021-06-01T23:59:59+02:00,1511,5708,5229,11439,10988,14463,14895,19580,20687,25105,26397,19620,22405,14481,18217,4167,7250,1375,1294,2554,2838,3218,4115,3961,5773,6118,6875,7710,8614,10825,13869,3872,6693,157744,66448,24918,8243,54576,11605,3406,13,6
2021-05-31T23:59:59+02:00,1411,5460,4930,10995,10563,13937,14402,19101,20191,24800,26057,19527,22321,14442,18171,4158,7234,1316,1240,2402,2706,3018,3947,3691,5485,5572,6349,6716,7360,10584,13551,3863,6659,154276,62425,24229,7404,54572,11404,3224,13,6
2021-05-30T23:59:59+02:00,1411,5380,4854,10812,10438,13773,14223,18754,19872,24558,25812,19496,22291,14434,18151,4157,7232,1295,1227,2377,2676,2971,3901,3623,5430,5469,6260,6545,7130,10547,13477,3861,6649,152783,61695,23729,7343,54546,11207,3191,13,6
2021-05-29T23:59:59+02:00,1411,5378,4854,10812,10434,13769,14220,18754,19871,24557,25810,19496,22291,14434,18151,4157,7232,1294,1225,2376,2675,2969,3898,3623,5428,5468,6258,6541,7126,10547,13477,3861,6649,152767,61685,23729,7342,54545,11195,3191,13,6
2021-05-28T23:59:59+02:00,1411,5361,4842,10790,10398,13743,14201,18738,19854,24549,25801,19495,22290,14432,18148,4157,7231,1289,1225,2376,2669,2968,3896,3618,5422,5454,6242,6525,7108,10538,13455,3860,6645,152582,61581,23727,7342,54544,11176,3189,13,6
2021-05-27T23:59:59+02:00,1111,5067,4560,10275,9946,13158,13670,18050,19241,23970,25265,19398,22177,14399,18102,4146,7218,1121,1085,2095,2479,2669,3609,3327,5069,5125,5964,6228,6693,10310,13174,3855,6630,149329,59744,22741,7306,54438,10238,2143,13,6
2021-05-26T23:59:59+02:00,1111,4804,4300,9838,9566,12639,13152,17438,18633,23336,24587,19273,22028,14353,18047,4140,7201,1041,1003,1939,2325,2470,3412,3065,4824,4736,5617,5675,6046,9942,12643,3839,6594,145224,56610,21989,7270,54317,9472,1817,10,6
2021-05-25T23:59:59+02:00,1111,4589,4071,9423,9091,12177,12647,16903,18055,22815,23949,19141,21857,14323,17968,4131,7187,990,958,1877,2237,2359,3278,2893,4623,4390,5244,5100,5313,9494,12043,3823,6569,141176,53067,21161,7255,54187,9052,1815,10,6
2021-05-24T23:59:59+02:00,1111,4475,3912,9212,8890,11975,12389,16604,17734,22489,23551,19066,21778,14308,17948,4129,7186,974,910,1818,2195,2286,3217,2807,4542,4270,5128,4957,5154,9404,11916,3821,6561,139674,52364,20213,7203,54010,8630,1761,10,6
2021-05-23T23:59:59+02:00,1111,4465,3911,9206,8886,11963,12379,16593,17727,22473,23530,19060,21773,14307,17946,4129,7186,974,907,1816,2191,2283,3215,2801,4539,4263,5112,4950,5140,9397,11903,3820,6560,139565,52293,20211,7190,54009,8625,1761,10,6
2021-05-22T23:59:59+02:00,1111,4460,3908,9203,8883,11955,12373,16591,17723,22471,23528,19060,21773,14307,17946,4129,7186,974,907,1816,2190,2281,3215,2800,4539,4263,5110,4948,5139,9396,11903,3820,6560,139539,52288,20211,7190,53997,8620,1761,10,6
2021-05-21T23:59:59+02:00,1111,4427,3869,9135,8808,11883,12284,16500,17648,22408,23460,19040,21755,14303,17939,4129,7184,929,897,1783,2178,2250,3206,2769,4514,4215,5082,4923,5116,9384,11896,3819,6559,138884,52223,20211,7190,53978,8394,1711,10,6
2021-05-20T23:59:59+02:00,810,4169,3685,8690,8452,11401,11867,15830,17145,21825,22882,18854,21588,14271,17898,4124,7173,783,832,1527,2020,2007,3050,2526,4296,3968,4851,4767,4957,9271,11753,3812,6534,135479,51493,19837,7095,53559,7377,987,10,6
2021-05-19T23:59:59+02:00,810,3922,3440,8192,7985,10822,11320,15158,16444,21149,22158,18654,21358,14230,17848,4118,7156,731,786,1467,1941,1930,2947,2459,4172,3827,4693,4593,4746,9068,11525,3792,6505,130080,50412,19654,6963,53259,6836,969,10,6
2021-05-18T23:59:59+02:00,79,3635,3174,7643,7445,10090,10619,14195,15509,20201,21100,18395,21075,14175,17788,4112,7134,675,738,1411,1856,1856,2837,2330,4029,3652,4492,4325,4455,8866,11277,3779,6478,123022,49180,19559,6766,52818,6211,897,10,6
2021-05-17T23:59:59+02:00,79,3445,2963,7181,6978,9583,10078,13463,14718,19517,20298,18209,20814,14128,17723,4102,7120,616,684,1330,1793,1782,2755,2221,3954,3515,4380,4078,4225,8723,11065,3767,6449,117773,48384,19320,6553,52352,5517,881,10,6
2021-05-16T23:59:59+02:00,78,3317,2890,6974,6800,9380,9864,13210,14483,19291,20070,18131,20734,14114,17704,4101,7114,604,639,1291,1744,1739,2694,2184,3861,3451,4297,3987,4127,8703,11040,3765,6447,116154,48242,19079,6388,52072,5064,877,10,6
2021-05-15T23:59:59+02:00,78,3316,2887,6968,6793,9378,9858,13207,14481,19288,20061,18129,20733,14114,17704,4101,7114,604,639,1289,1744,1737,2694,2182,3861,3450,4297,3985,4125,8703,11040,3765,6447,116112,48236,19079,6387,52070,5061,876,10,6
2021-05-14T23:59:59+02:00,78,3276,2844,6856,6651,9249,9722,13058,14298,19117,19926,18105,20708,14113,17696,4100,7111,582,627,1268,1725,1709,2674,2148,3835,3406,4261,3935,4071,8696,11033,3765,6446,115709,48198,18332,6242,51990,4934,805,9,6
2021-05-13T23:59:59+02:00,78,3153,2680,6533,6332,8813,9324,12515,13818,18513,19330,17974,20564,14080,17660,4095,7109,546,602,1215,1671,1651,2601,2060,3729,3257,4143,3832,3935,8676,11013,3762,6442,112837,48107,17635,5855,51389,4530,639,8,6
2021-05-12T23:59:59+02:00,78,3126,2648,6500,6294,8766,9271,12378,13705,18328,19125,17941,20530,14072,17650,4095,7109,545,600,1214,1669,1646,2598,2052,3723,3243,4135,3819,3922,8668,11007,3762,6441,112126,48082,17408,5828,51372,4491,639,8,6
2021-05-11T23:59:59+02:00,58,2735,2394,5700,5793,7803,8457,10990,12547,16761,17650,17435,19968,13990,17545,4077,7086,508,540,1083,1561,1483,2442,1863,3543,3019,3870,3712,3808,8599,10915,3758,6436,104732,47853,16787,5634,49302,3533,116,7,6
2021-05-10T23:59:59+02:00,57,2549,2225,5228,5413,7106,7831,9957,11633,15470,16280,17057,19518,13927,17431,4070,7062,481,514,1040,1523,1439,2391,1803,3441,2900,3739,3631,3735,8560,10868,3754,6432,98919,47738,15888,5406,47840,2989,115,7,5
2021-05-09T23:59:59+02:00,57,2465,2195,5091,5330,6920,7712,9551,11295,14925,15753,16939,19380,13907,17403,4067,7057,465,496,1006,1466,1367,2307,1745,3318,2788,3583,3547,3641,8535,10836,3751,6429,97348,47654,15307,5124,47227,2386,113,7,5
2021-05-08T23:59:59+02:00,57,2461,2194,5090,5330,6920,7710,9547,11292,14924,15752,16939,19380,13907,17403,4067,7057,464,495,1006,1466,1367,2306,1745,3318,2787,3582,3545,3641,8535,10836,3751,6429,97334,47650,15306,5124,47225,2383,113,7,5
2021-05-07T23:59:59+02:00,57,2289,2132,4820,5236,6558,7556,9099,11077,14483,15432,16763,19179,13895,17374,4067,7055,452,493,995,1455,1352,2292,1709,3309,2738,3547,3501,3601,8459,10755,3751,6426,96630,47627,14793,4786,45488,2310,109,7,5
2021-05-06T23:59:59+02:00,57,2055,2000,4272,4885,5913,7180,8338,10519,13513,14611,16368,18730,13846,17280,4055,7042,421,445,953,1355,1266,2131,1603,3087,2518,3264,3323,3402,8283,10566,3742,6413,94058,47191,13553,4187,42961,1350,41,6,5
2021-05-05T23:59:59+02:00,57,1930,1887,3987,4662,5482,6810,7648,9935,12397,13556,15692,17895,13743,17178,4046,7018,410,434,940,1328,1236,2088,1567,3011,2458,3181,3273,3362,8205,10472,3736,6403,89648,47060,12230,4045,41968,970,26,6,5
2021-05-04T23:59:59+02:00,57,1844,1802,3720,4427,5074,6452,6988,9361,11181,12317,14774,16768,13633,17041,4042,7004,404,426,921,1308,1210,2044,1549,2976,2413,3127,3228,3315,8116,10361,3730,6389,83841,46927,11592,3847,40989,728,12,6,5
2021-05-03T23:59:59+02:00,47,1791,1750,3570,4305,4843,6241,6606,9030,10454,11581,14052,15791,13547,16925,4033,6987,399,417,918,1295,1196,2010,1530,2936,2380,3081,3176,3275,8003,10259,3725,6383,79421,46803,11388,3629,40693,538,10,5,5
2021-05-02T23:59:59+02:00,47,1781,1732,3496,4281,4762,6188,6536,8972,10340,11467,13866,15597,13515,16898,4032,6982,397,409,912,1280,1193,1993,1527,2923,2364,3064,3161,3258,7967,10227,3724,6379,78867,46784,11112,3532,40466,453,6,5,5
2021-05-01T23:59:59+02:00,47,1779,1732,3495,4280,4762,6187,6533,8971,10335,11463,13863,15597,13514,16897,4032,6979,396,409,912,1280,1193,1992,1527,2923,2364,3064,3161,3258,7967,10227,3724,6378,78841,46781,11112,3532,40466,453,6,5,5
2021-04-30T23:59:59+02:00,47,1777,1726,3489,4271,4756,6174,6512,8956,10297,11425,13811,15523,13488,16866,4031,6978,396,407,911,1278,1193,1992,1527,2923,2362,3063,3161,3256,7966,10225,3724,6378,78512,46774,11112,3531,40457,449,5,5,5
2021-04-29T23:59:59+02:00,47,1650,1684,3249,4156,4481,6025,6201,8706,9885,11036,13232,14820,13385,16712,4025,6970,388,396,902,1257,1172,1956,1503,2886,2332,3015,3146,3244,7953,10207,3722,6374,75736,46653,10726,3530,39756,262,5,5,5
2021-04-28T23:59:59+02:00,47,1522,1637,3073,4056,4244,5847,5844,8435,9299,10547,12359,13639,13230,16503,4016,6956,379,386,886,1245,1156,1927,1469,2842,2262,2946,2993,3112,7841,10091,3715,6363,71249,46240,10539,3119,39421,247,4,5,5
2021-04-27T23:59:59+02:00,47,1482,1592,2964,3939,4042,5705,5537,8176,8678,9876,11320,12334,13001,16148,4005,6934,367,372,877,1224,1141,1892,1443,2770,2216,2885,2954,3068,7815,10061,3709,6359,66447,46032,10351,2947,38937,167,4,5,5
2021-04-26T23:59:59+02:00,47,1455,1558,2853,3862,3869,5561,5226,7964,8190,9435,10564,11409,12857,15944,3994,6916,366,367,867,1214,1125,1881,1413,2750,2189,2855,2905,3018,7771,10012,3703,6354,63037,45936,10162,2701,38460,146,4,5,5
2021-04-25T23:59:59+02:00,47,1444,1552,2786,3832,3774,5501,5091,7917,7995,9328,10368,11174,12820,15890,3993,6911,365,362,858,1207,1107,1867,1398,2731,2167,2828,2864,2985,7722,9964,3702,6349,62534,45857,9959,2492,37885,120,4,5,5
2021-04-24T23:59:59+02:00,47,1443,1552,2786,3831,3774,5500,5089,7915,7991,9324,10362,11172,12820,15890,3993,6911,365,362,858,1207,1107,1866,1397,2730,2166,2828,2864,2985,7722,9964,3702,6349,62512,45853,9959,2492,37884,120,4,5,5
2021-04-23T23:59:59+02:00,47,1427,1543,2719,3797,3692,5470,4971,7867,7860,9265,10277,11063,12796,15849,3991,6907,365,362,857,1205,1107,1866,1396,2730,2166,2828,2864,2985,7721,9964,3702,6349,62382,45849,9683,2492,37431,119,4,5,5
2021-04-22T23:59:59+02:00,47,1384,1514,2613,3730,3534,5366,4740,7715,7509,9029,9712,10371,12530,15551,3985,6884,357,361,848,1194,1095,1854,1376,2703,2132,2802,2814,2932,7629,9858,3691,6333,60772,45445,9026,2423,36371,104,4,5,5
2021-04-21T23:59:59+02:00,47,1350,1478,2533,3652,3417,5264,4523,7534,7101,8704,8828,9340,12118,14972,3972,6843,353,359,843,1178,1086,1834,1358,2674,2103,2774,2756,2875,7517,9694,3675,6305,58052,44974,8158,2299,35421,104,4,5,5
2021-04-20T23:59:59+02:00,47,1327,1452,2464,3578,3315,5168,4349,7353,6715,8374,7937,8215,11656,14381,3958,6829,348,355,832,1165,1077,1812,1334,2651,2070,2731,2696,2818,7369,9511,3645,6252,55202,44267,7393,2294,34479,99,3,5,5
2021-04-19T23:59:59+02:00,47,1311,1437,2426,3540,3254,5101,4244,7251,6475,8142,7306,7444,11404,14026,3948,6811,346,353,828,1156,1071,1800,1311,2638,2037,2706,2644,2775,7254,9347,3622,6213,53259,43718,7023,2281,33841,96,3,5,5
2021-04-18T23:59:59+02:00,46,1302,1425,2393,3513,3214,5080,4190,7193,6339,8014,6952,7057,11310,13921,3945,6799,346,352,826,1152,1070,1793,1309,2625,2031,2701,2638,2762,7228,9315,3620,6210,52745,43597,6557,2279,33347,96,3,5,5
2021-04-17T23:59:59+02:00,46,1301,1423,2393,3512,3213,5076,4185,7190,6332,8004,6938,7047,11308,13919,3945,6799,346,352,825,1151,1070,1793,1308,2624,2030,2699,2635,2760,7227,9315,3620,6210,52723,43585,6555,2278,33309,96,3,5,5
2021-04-16T23:59:59+02:00,46,1298,1422,2383,3507,3205,5069,4165,7172,6281,7971,6862,6962,11297,13905,3943,6797,346,351,822,1149,1068,1793,1306,2623,2027,2699,2634,2753,7224,9313,3619,6210,52667,43562,6319,2273,33255,96,3,5,5
2021-04-15T23:59:59+02:00,24,1261,1401,2328,3460,3108,5009,4006,7045,6023,7739,6319,6406,11050,13618,3929,6766,338,348,804,1128,1029,1734,1261,2551,1953,2604,2557,2683,7136,9226,3609,6193,51583,42972,5932,2087,31951,91,3,5,3
2021-04-14T23:59:59+02:00,24,1239,1388,2293,3432,3038,4947,3899,6939,5832,7531,5679,5704,10662,13133,3897,6715,330,345,792,1119,1012,1709,1231,2510,1902,2554,2480,2614,6988,9031,3590,6167,50183,42313,5725,1967,30419,91,2,5,3
2021-04-13T23:59:59+02:00,24,1225,1379,2261,3402,2983,4884,3789,6857,5584,7310,5148,5158,10321,12720,3874,6687,309,331,774,1091,989,1689,1206,2475,1866,2513,2415,2549,6871,8895,3554,6106,49169,41632,5521,1910,28891,88,2,5,3
2021-04-12T23:59:59+02:00,24,1210,1373,2237,3378,2933,4839,3663,6776,5374,7160,4821,4864,10072,12439,3865,6664,293,327,763,1087,973,1672,1192,2452,1817,2466,2339,2489,6757,8754,3539,6084,48704,41062,5323,1862,27640,77,2,5,3
2021-04-11T23:59:59+02:00,24,1205,1361,2218,3359,2900,4819,3601,6705,5229,7051,4590,4666,9887,12241,3860,6653,287,325,758,1079,963,1658,1181,2424,1795,2436,2285,2430,6674,8646,3525,6064,48623,40647,5088,1804,26633,76,2,5,3
2021-04-10T23:59:59+02:00,24,1205,1360,2216,3355,2898,4815,3596,6702,5219,7040,4585,4657,9879,12228,3860,6652,284,321,743,1072,950,1653,1158,2404,1725,2384,2202,2344,6618,8599,3524,6060,48570,40482,5088,1483,26608,73,2,5,3
2021-04-09T23:59:59+02:00,24,1202,1357,2209,3353,2890,4806,3587,6691,5189,7016,4561,4631,9854,12198,3859,6652,275,318,723,1062,936,1632,1126,2357,1634,2309,1984,2076,6465,8442,3503,6027,48497,39636,5083,1157,26474,73,2,5,3
2021-04-08T23:59:59+02:00,24,1178,1337,2154,3297,2806,4716,3446,6565,4953,6783,4174,4224,9314,11627,3841,6599,250,298,669,1000,878,1558,1052,2258,1498,2189,1708,1741,6005,7886,3416,5884,48042,37086,4561,1146,24410,55,2,5,3
2021-04-07T23:59:59+02:00,24,1168,1323,2123,3281,2764,4678,3357,6503,4792,6649,3882,3924,8753,11077,3824,6568,216,268,609,946,818,1489,993,2198,1393,2090,1568,1567,5411,7193,3326,5732,47836,34618,4089,1143,22741,54,1,5,3
2021-04-06T23:59:59+02:00,24,1147,1306,2080,3257,2725,4646,3292,6456,4665,6557,3632,3671,8263,10567,3808,6538,209,263,581,927,794,1441,949,2141,1310,2004,1426,1381,4837,6404,3217,5529,47641,32224,3553,1136,21416,51,1,5,3
2021-04-05T23:59:59+02:00,24,1145,1302,2076,3254,2715,4644,3278,6442,4643,6539,3600,3645,8236,10530,3804,6536,206,250,574,911,775,1417,933,2105,1270,1964,1379,1318,4624,6134,3169,5474,47555,31316,3549,1134,21285,51,1,5,3
2021-04-04T23:59:59+02:00,24,1145,1302,2076,3253,2715,4643,3278,6442,4642,6538,3596,3643,8234,10528,3804,6536,206,250,573,911,775,1417,933,2105,1270,1963,1379,1318,4623,6134,3169,5474,47549,31313,3549,1134,21277,51,1,5,3
2021-04-03T23:59:59+02:00,24,1145,1302,2075,3253,2715,4643,3278,6442,4642,6538,3595,3641,8234,10526,3804,6536,206,250,573,911,775,1417,933,2105,1270,1963,1379,1318,4623,6134,3169,5474,47547,31313,3548,1134,21274,51,1,5,3
2021-04-02T23:59:59+02:00,24,1145,1302,2075,3251,2715,4642,3278,6439,4642,6536,3593,3637,8232,10525,3804,6536,206,250,573,911,775,1415,933,2105,1270,1962,1379,1316,4621,6133,3168,5474,47531,31305,3548,1133,21273,51,1,5,3
2021-04-01T23:59:59+02:00,14,1132,1265,2010,3129,2608,4445,3131,6192,4485,6299,3549,3601,8135,10420,3794,6520,201,241,569,903,764,1409,923,2091,1247,1946,1358,1289,4383,5815,3050,5309,47170,30323,3543,1129,20001,44,1,5,3
2021-03-31T23:59:59+02:00,14,1114,1233,1971,3028,2532,4302,3041,5979,4357,6069,3468,3520,7985,10222,3775,6486,193,238,562,891,760,1391,911,2071,1206,1912,1303,1226,3898,5221,2923,5076,46573,28610,3416,1129,19092,43,1,5,1
2021-03-30T23:59:59+02:00,13,1092,1199,1922,2847,2430,4077,2890,5621,4155,5682,3375,3426,7821,10018,3749,6435,189,233,554,879,749,1370,889,2051,1158,1867,1220,1143,3376,4513,2701,4744,45940,26473,3254,1129,17543,34,1,5,1
2021-03-29T23:59:59+02:00,13,1076,1155,1861,2712,2345,3916,2751,5367,3993,5408,3279,3328,7661,9790,3720,6388,188,230,548,868,739,1356,872,2027,1123,1838,1146,1058,2799,3836,2522,4450,45301,24451,3027,1125,16420,24,1,5,1
2021-03-28T23:59:59+02:00,13,1056,1122,1789,2547,2262,3710,2630,5068,3841,5131,3214,3263,7596,9725,3716,6382,188,230,545,865,738,1353,870,2021,1120,1835,1137,1046,2744,3769,2509,4423,45194,24255,2816,1122,15040,16,1,5,1
2021-03-27T23:59:59+01:00,13,1056,1122,1789,2546,2261,3709,2627,5068,3838,5131,3210,3263,7595,9725,3716,6382,188,230,544,865,738,1353,869,2021,1118,1835,1137,1046,2744,3769,2509,4423,45185,24251,2816,1122,15035,16,1,5,1
2021-03-26T23:59:59+01:00,13,1053,1100,1746,2431,2197,3551,2567,4857,3752,4908,3189,3246,7592,9720,3715,6381,188,229,543,865,737,1353,869,2021,1118,1832,1133,1045,2741,3761,2508,4420,45159,24227,2815,1122,14029,14,1,5,1
2021-03-25T23:59:59+01:00,13,1027,1069,1695,2328,2114,3383,2461,4630,3641,4711,3088,3156,7465,9589,3708,6367,186,226,538,864,730,1343,863,2004,1103,1808,1088,1001,2516,3415,2311,4129,44900,22989,2483,1122,13048,14,1,4,1
2021-03-24T23:59:59+01:00,13,1005,1051,1675,2286,2083,3332,2427,4563,3597,4642,3001,3087,7337,9418,3691,6348,186,222,532,861,723,1333,852,1989,1084,1787,1048,959,2132,2873,1923,3620,44366,20990,2354,1120,12822,14,1,4,1
2021-03-23T23:59:59+01:00,13,995,1045,1656,2254,2060,3298,2391,4520,3557,4591,2934,3014,7245,9319,3673,6320,184,219,528,856,716,1322,838,1970,1048,1757,967,869,1772,2384,1581,3157,43855,19069,2344,1086,12673,13,1,3,1
2021-03-22T23:59:59+01:00,13,992,1038,1641,2239,2046,3280,2369,4492,3520,4551,2889,2980,7183,9249,3658,6303,181,216,527,846,700,1299,824,1956,1019,1730,921,798,1303,1811,1236,2677,43521,16999,2324,1032,12585,13,1,3,1
2021-03-21T23:59:59+01:00,13,992,1038,1640,2236,2046,3279,2366,4488,3509,4544,2876,2972,7135,9193,3652,6297,181,214,526,844,699,1295,822,1952,1008,1725,898,779,1227,1726,1183,2608,43376,16698,2321,976,12566,13,1,3,1
2021-03-20T23:59:59+01:00,13,991,1037,1639,2236,2046,3279,2366,4488,3507,4542,2876,2971,7135,9192,3652,6297,181,214,526,844,699,1295,822,1952,996,1712,863,751,1196,1703,1175,2606,43376,16696,2317,826,12561,13,1,3,1
2021-03-19T23:59:59+01:00,13,990,1029,1632,2224,2035,3275,2364,4481,3500,4534,2866,2960,7122,9175,3651,6294,181,213,525,844,699,1293,822,1951,989,1707,819,714,1139,1653,1165,2596,43313,16654,2312,643,12507,13,1,3,1
2021-03-18T23:59:59+01:00,13,951,997,1558,2113,1911,3108,2216,4235,3272,4283,2714,2802,6820,8810,3585,6195,180,212,520,839,692,1286,813,1940,967,1691,801,692,1064,1547,1025,2397,41918,16087,2003,566,11649,13,1,3,1
2021-03-17T23:59:59+01:00,13,897,964,1488,2056,1848,3042,2151,4173,3177,4187,2579,2670,6395,8320,3521,6081,179,210,517,834,690,1282,809,1935,962,1684,772,673,930,1394,869,2185,40153,15347,2000,565,11396,13,1,3,1
2021-03-16T23:59:59+01:00,13,872,941,1455,2017,1809,2993,2098,4118,3083,4089,2445,2511,5925,7675,3433,5931,173,207,512,833,686,1275,804,1926,954,1671,767,660,843,1268,727,2022,38171,14748,1941,565,11283,13,1,3,1
2021-03-15T23:59:59+01:00,13,855,934,1437,1995,1771,2938,2060,4046,2983,3980,2313,2341,5443,7133,3361,5818,172,206,512,826,684,1266,800,1916,944,1655,756,650,773,1157,579,1825,36407,14180,1845,527,11157,13,0,3,1
2021-03-14T23:59:59+01:00,13,850,920,1412,1966,1747,2909,2030,3986,2922,3914,2136,2148,5258,6907,3329,5787,172,206,511,823,682,1255,799,1909,941,1645,739,641,757,1138,555,1770,35389,14036,1748,502,11085,4,0,3,1
2021-03-13T23:59:59+01:00,13,842,913,1391,1955,1731,2896,2005,3958,2850,3866,2067,2074,5211,6854,3327,5786,172,206,511,823,682,1255,799,1909,941,1645,737,640,757,1135,554,1770,35139,14029,1509,502,11079,4,0,3,1
2021-03-12T23:59:59+01:00,13,818,898,1347,1898,1669,2797,1908,3806,2693,3700,1870,1837,5028,6632,3297,5743,172,206,510,823,682,1255,798,1909,941,1644,730,637,744,1120,547,1767,33816,13979,1269,501,10857,4,0,3,1
2021-03-11T23:59:59+01:00,13,783,839,1278,1816,1586,2650,1825,3604,2530,3528,1607,1529,4662,6163,3164,5561,163,200,504,814,672,1246,784,1874,920,1604,603,576,676,1079,527,1736,31709,13483,1174,491,10243,3,0,3,1
2021-03-10T23:59:59+01:00,13,767,788,1255,1759,1553,2592,1775,3535,2449,3438,1539,1440,4194,5625,3046,5311,163,198,495,792,654,1233,776,1854,913,1588,534,562,643,1070,520,1730,29905,13333,1169,388,9993,3,0,3,1
2021-03-09T23:59:59+01:00,13,755,766,1235,1729,1525,2546,1735,3484,2376,3386,1448,1344,3634,4877,2862,5006,161,197,490,771,644,1209,762,1822,901,1560,530,560,641,1065,517,1724,27746,13274,1167,276,9796,3,0,3,1
2021-03-08T23:59:59+01:00,03,751,739,1222,1710,1509,2526,1709,3448,2338,3343,1356,1244,2966,4050,2626,4636,157,194,476,747,622,1176,743,1772,877,1523,526,558,641,1064,517,1724,25301,13266,1167,49,9705,1,0,3,1
2021-03-07T23:59:59+01:00,03,748,735,1214,1701,1501,2512,1701,3440,2327,3335,1343,1228,2866,3930,2604,4586,157,194,476,747,622,1176,743,1772,877,1523,526,558,640,1064,517,1724,24952,13266,1165,49,9654,0,0,3,1
2021-03-06T23:59:59+01:00,03,747,735,1213,1698,1498,2509,1697,3437,2324,3334,1340,1228,2866,3930,2604,4586,156,194,476,747,622,1176,743,1772,877,1523,526,558,640,1064,517,1724,24948,13265,1165,49,9633,0,0,3,1
2021-03-05T23:59:59+01:00,03,683,709,1187,1684,1477,2500,1672,3422,2295,3325,1335,1226,2858,3922,2601,4581,156,194,476,746,622,1175,743,1772,877,1521,525,558,640,1064,517,1724,24918,13260,1161,49,9398,0,0,3,1
2021-03-04T23:59:59+01:00,03,617,660,1120,1615,1420,2418,1632,3343,2221,3248,1285,1178,2642,3558,2418,4294,154,189,473,732,610,1163,732,1744,868,1508,515,547,628,1054,512,1715,23701,13095,1154,48,8814,0,0,3,1
2021-03-03T23:59:59+01:00,03,581,621,1052,1551,1323,2336,1532,3257,2096,3164,1241,1133,2275,3038,2065,3850,154,189,471,729,610,1163,731,1742,866,1506,513,546,626,1051,512,1713,21846,13074,1153,47,8118,0,0,1,1
2021-03-02T23:59:59+01:00,03,563,588,1015,1505,1267,2294,1475,3205,2000,3103,1158,1033,1910,2559,1677,3328,152,187,466,723,605,1152,721,1732,861,1486,504,537,615,1030,493,1683,19785,12899,1150,47,7747,0,0,1,1
2021-03-01T23:59:59+01:00,03,556,540,997,1466,1221,2234,1429,3140,1945,3029,1114,959,1418,1964,1302,2792,150,187,466,723,605,1151,721,1729,860,1486,502,537,612,1021,489,1672,17522,12863,1147,47,7439,0,0,1,1
2021-02-28T23:59:59+01:00,03,549,527,980,1427,1195,2173,1401,3082,1890,2956,1093,937,1304,1823,1230,2703,150,187,465,722,605,1151,720,1727,859,1485,500,537,612,1021,489,1672,17044,12854,1145,47,7083,0,0,1,1
2021-02-27T23:59:59+01:00,03,549,525,979,1427,1195,2171,1401,3081,1890,2955,1093,937,1304,1822,1229,2703,150,187,464,721,602,1149,718,1725,857,1484,500,537,612,1021,489,1672,17042,12854,1145,33,7076,0,0,1,1
2021-02-26T23:59:59+01:00,03,400,474,849,1383,1111,2128,1334,3040,1831,2913,1088,930,1301,1821,1229,2702,150,187,464,721,602,1149,718,1724,857,1483,500,537,612,1021,489,1672,17032,12853,1145,32,6359,0,0,1,1
2021-02-25T23:59:59+01:00,03,308,419,754,1290,1027,2039,1235,2866,1693,2751,1050,898,1220,1697,1116,2514,143,177,452,708,586,1124,711,1699,837,1459,488,523,584,990,475,1653,16444,12586,1145,22,5290,0,0,1,1
2021-02-24T23:59:59+01:00,02,259,374,682,1215,953,1951,1181,2749,1628,2634,1023,878,1097,1552,960,2301,141,177,449,705,582,1123,710,1693,836,1455,483,518,576,985,472,1641,15740,12526,1143,19,4555,0,0,1,1
2021-02-23T23:59:59+01:00,02,247,353,660,1157,925,1872,1133,2637,1553,2526,999,850,1020,1424,823,2143,141,176,449,703,582,1123,710,1690,834,1454,482,516,574,984,472,1640,15191,12515,1112,14,4020,0,0,1,1
2021-02-22T23:59:59+01:00,00,233,334,637,1127,893,1789,1083,2545,1469,2403,954,821,902,1281,642,1891,141,176,448,702,580,1122,708,1690,828,1452,481,515,573,982,471,1638,14451,12503,1043,3,3509,0,0,1,1
2021-02-21T23:59:59+01:00,00,227,323,603,1062,843,1683,1040,2444,1390,2296,937,800,871,1230,590,1827,141,175,445,695,579,1118,708,1685,828,1451,480,515,572,982,470,1637,14245,12477,1003,3,2917,0,0,1,1
2021-02-20T23:59:59+01:00,00,227,320,600,1061,841,1679,1037,2439,1377,2279,901,771,840,1207,582,1825,141,175,445,695,579,1118,708,1685,828,1451,480,514,571,982,470,1637,14245,12476,849,3,2891,0,0,1,0
2021-02-19T23:59:59+01:00,00,217,312,590,1053,828,1664,1016,2422,1344,2236,658,669,703,1145,557,1808,141,175,445,694,579,1115,707,1683,825,1448,480,514,571,981,469,1637,13769,12461,669,3,2783,0,0,1,0
2021-02-18T23:59:59+01:00,00,200,262,551,932,744,1437,886,2163,1096,1861,578,601,665,1105,538,1791,136,175,432,682,564,1098,701,1657,809,1420,477,511,570,979,469,1637,13613,12314,573,3,1223,0,0,1,0
2021-02-17T23:59:59+01:00,00,195,224,531,884,708,1340,828,1996,1011,1729,556,581,665,1102,536,1788,129,173,421,672,556,1082,682,1626,796,1398,474,509,568,976,469,1636,13597,12164,573,3,503,0,0,1,0
2021-02-16T23:59:59+01:00,00,189,221,524,869,692,1309,809,1957,978,1689,544,576,659,1100,535,1786,124,168,407,666,545,1066,670,1608,787,1384,467,504,561,963,463,1609,13569,11990,573,2,294,0,0,1,0
2021-02-15T23:59:59+01:00,00,174,212,518,842,686,1275,795,1922,949,1642,543,573,658,1100,535,1786,121,167,400,657,535,1047,641,1581,773,1366,465,502,561,963,463,1609,13567,11849,534,2,108,0,0,1,0
2021-02-14T23:59:59+01:00,00,169,205,515,830,685,1266,792,1913,931,1633,542,572,658,1097,534,1786,114,164,389,646,518,1029,623,1567,766,1354,465,500,559,961,463,1609,13561,11725,533,2,33,0,0,1,0
2021-02-13T23:59:59+01:00,00,168,205,514,830,685,1266,792,1913,931,1633,542,572,658,1097,534,1786,114,164,388,645,518,1029,623,1567,766,1354,465,500,559,961,463,1609,13560,11723,533,2,32,0,0,1,0
2021-02-12T23:59:59+01:00,00,167,204,510,829,684,1263,788,1912,929,1630,541,572,658,1097,534,1786,110,162,386,639,514,1023,609,1553,762,1337,463,499,548,941,460,1584,13553,11588,532,2,18,0,0,1,0
2021-02-11T23:59:59+01:00,00,165,203,506,822,677,1259,786,1908,923,1628,536,566,651,1091,529,1780,90,126,357,568,468,944,558,1436,718,1243,438,454,507,887,419,1491,13501,10703,520,1,8,0,0,1,0
2021-02-10T23:59:59+01:00,00,162,201,496,805,661,1244,774,1881,908,1604,528,560,641,1079,524,1770,80,115,329,509,441,837,516,1261,644,1088,390,404,441,775,373,1336,13378,9538,458,1,1,0,0,1,0
2021-02-09T23:59:59+01:00,00,161,195,488,766,645,1205,754,1820,897,1562,516,549,635,1065,516,1754,75,99,310,443,406,753,476,1157,579,989,360,351,402,690,343,1223,13270,8656,257,0,0,0,0,1,0
2021-02-08T23:59:59+01:00,00,157,191,471,741,622,1170,734,1770,877,1518,510,548,633,1059,512,1741,62,73,265,374,358,617,416,928,506,811,303,296,339,542,288,1032,13203,7210,50,0,0,0,0,1,0
2021-02-07T23:59:59+01:00,00,157,190,470,740,620,1169,733,1762,875,1516,509,548,633,1059,512,1740,61,65,247,339,339,573,400,896,487,778,302,288,337,535,286,1029,13182,6962,50,0,0,0,0,1,0
2021-02-06T23:59:59+01:00,00,157,190,470,740,620,1169,733,1762,875,1516,509,548,633,1059,512,1740,61,65,247,339,339,573,400,895,485,776,302,287,336,533,285,1029,13182,6952,50,0,0,0,0,1,0
2021-02-05T23:59:59+01:00,00,157,190,470,740,620,1169,733,1762,875,1515,509,548,633,1059,512,1740,59,65,245,337,333,569,392,873,476,756,292,282,326,511,270,993,13181,6779,50,0,0,0,0,1,0
2021-02-04T23:59:59+01:00,00,151,185,466,731,613,1161,729,1748,869,1506,502,541,612,1034,503,1722,43,50,211,306,292,473,351,732,384,610,228,215,243,351,201,735,13023,5425,49,0,0,0,0,1,0
2021-02-03T23:59:59+01:00,00,149,185,460,725,605,1152,725,1737,860,1490,493,533,599,1021,495,1714,35,32,155,216,238,348,263,559,309,462,180,169,171,264,153,555,12894,4109,48,0,0,0,0,1,0
2021-02-02T23:59:59+01:00,00,149,183,458,724,605,1152,722,1731,853,1486,492,532,595,1018,494,1710,26,26,136,169,193,279,220,426,258,373,140,130,129,199,119,437,12855,3260,48,0,0,0,0,1,0
2021-02-01T23:59:59+01:00,00,147,183,457,723,600,1149,721,1722,851,1481,491,530,590,1015,493,1705,21,19,99,125,137,188,153,300,169,259,89,93,87,126,65,238,12809,2168,48,0,0,0,0,1,0
2021-01-31T23:59:59+01:00,00,147,183,457,720,597,1148,721,1718,851,1480,489,529,589,1013,493,1704,15,15,66,84,95,123,116,223,142,203,84,87,83,118,63,224,12791,1741,48,0,0,0,0,0,0
2021-01-30T23:59:59+01:00,00,147,183,456,720,595,1146,720,1717,851,1480,489,529,588,1013,493,1704,15,15,66,84,95,121,114,219,139,200,83,86,83,112,57,214,12790,1703,41,0,0,0,0,0,0
2021-01-29T23:59:59+01:00,00,147,183,456,718,594,1143,718,1715,849,1479,489,529,588,1013,493,1704,13,15,55,79,78,117,97,208,116,188,78,79,82,108,56,213,12785,1582,33,0,0,0,0,0,0
2021-01-28T23:59:59+01:00,00,140,179,443,701,577,1118,712,1688,826,1450,482,523,585,1010,490,1701,8,3,12,19,24,45,30,96,48,89,45,50,54,78,41,158,12600,800,25,0,0,0,0,0,0
2021-01-27T23:59:59+01:00,00,133,177,432,691,569,1109,696,1654,819,1427,479,521,581,1005,490,1696,4,1,4,11,10,23,13,40,23,31,12,17,24,31,18,48,12456,310,23,0,0,0,0,0,0
2021-01-26T23:59:59+01:00,00,127,173,418,678,556,1095,687,1631,808,1406,473,516,575,988,484,1662,4,1,4,10,7,21,11,37,17,28,12,15,23,30,18,47,12263,285,14,0,0,0,0,0,0
2021-01-25T23:59:59+01:00,00,124,171,409,666,545,1075,659,1603,790,1389,471,513,573,987,484,1662,3,1,3,9,7,16,6,28,12,22,9,6,13,19,9,29,12118,192,3,0,0,0,0,0,0
2021-01-24T23:59:59+01:00,00,117,168,399,656,531,1057,642,1590,777,1378,470,510,572,987,484,1662,2,0,1,6,7,4,4,7,5,9,1,2,11,12,6,16,11997,93,3,0,0,0,0,0,0
2021-01-23T23:59:59+01:00,00,117,168,399,655,531,1057,642,1590,777,1378,470,510,572,987,484,1662,1,0,1,6,7,4,4,7,5,9,1,2,11,12,6,16,11996,92,3,0,0,0,0,0,0
2021-01-22T23:59:59+01:00,00,113,166,393,649,528,1051,628,1576,771,1361,470,507,561,966,479,1636,1,0,1,6,7,4,4,7,5,9,1,2,11,12,6,16,11852,92,3,0,0,0,0,0,0
2021-01-21T23:59:59+01:00,00,101,158,378,631,505,1018,598,1527,748,1319,454,469,528,922,446,1571,1,0,1,6,7,4,4,7,5,9,1,2,11,12,6,16,11370,92,3,0,0,0,0,0,0
2021-01-20T23:59:59+01:00,00,82,116,344,542,461,878,540,1293,660,1134,396,410,445,787,387,1359,1,0,1,5,7,4,4,7,5,9,1,2,11,12,6,16,9831,91,3,0,0,0,0,0,0
2021-01-19T23:59:59+01:00,00,77,104,315,466,421,789,500,1179,608,1031,373,373,410,709,358,1269,1,0,1,3,7,4,4,7,5,9,1,0,8,8,5,15,8979,78,3,0,0,0,0,0,0
2021-01-18T23:59:59+01:00,00,63,74,270,379,366,639,426,947,515,834,307,306,345,561,305,1081,1,0,1,3,7,4,4,7,5,9,1,0,8,8,5,15,7416,78,2,0,0,0,0,0,0
2021-01-17T23:59:59+01:00,00,61,65,251,344,344,587,407,905,492,796,304,297,344,554,303,1073,0,0,0,0,0,0,0,0,0,0,0,0,0,0,0,0,7125,0,2,0,0,0,0,0,0
2021-01-16T23:59:59+01:00,00,61,65,251,344,344,587,407,904,490,794,304,296,342,550,302,1073,0,0,0,0,0,0,0,0,0,0,0,0,0,0,0,0,7112,0,2,0,0,0,0,0,0
2021-01-15T23:59:59+01:00,00,59,65,250,341,338,581,396,881,479,769,290,290,325,523,281,1035,0,0,0,0,0,0,0,0,0,0,0,0,0,0,0,0,6901,0,2,0,0,0,0,0,0
2021-01-14T23:59:59+01:00,00,45,52,236,320,314,506,362,756,392,624,227,218,242,352,205,752,0,0,0,0,0,0,0,0,0,0,0,0,0,0,0,0,5603,0,0,0,0,0,0,0,0
2021-01-13T23:59:59+01:00,00,39,42,211,264,272,408,298,608,321,500,177,175,174,269,163,588,0,0,0,0,0,0,0,0,0,0,0,0,0,0,0,0,4509,0,0,0,0,0,0,0,0
2021-01-12T23:59:59+01:00,00,35,40,206,249,258,376,276,531,290,456,141,134,135,206,127,458,0,0,0,0,0,0,0,0,0,0,0,0,0,0,0,0,3918,0,0,0,0,0,0,0,0
2021-01-11T23:59:59+01:00,00,29,36,195,229,239,324,228,444,240,382,110,105,101,133,75,291,0,0,0,0,0,0,0,0,0,0,0,0,0,0,0,0,3161,0,0,0,0,0,0,0,0
2021-01-10T23:59:59+01:00,00,27,31,157,167,196,250,190,348,198,305,98,99,98,128,73,277,0,0,0,0,0,0,0,0,0,0,0,0,0,0,0,0,2642,0,0,0,0,0,0,0,0
2021-01-09T23:59:59+01:00,00,27,31,150,163,194,242,186,341,196,300,98,99,98,128,73,277,0,0,0,0,0,0,0,0,0,0,0,0,0,0,0,0,2603,0,0,0,0,0,0,0,0
2021-01-08T23:59:59+01:00,00,24,28,121,140,173,229,162,312,168,279,93,89,97,124,72,276,0,0,0,0,0,0,0,0,0,0,0,0,0,0,0,0,2387,0,0,0,0,0,0,0,0
2021-01-07T23:59:59+01:00,00,9,3,16,24,31,55,37,104,61,112,48,51,60,84,46,187,0,0,0,0,0,0,0,0,0,0,0,0,0,0,0,0,928,0,0,0,0,0,0,0,0
2021-01-06T23:59:59+01:00,00,4,1,5,11,9,22,13,39,20,31,13,14,25,35,20,55,0,0,0,0,0,0,0,0,0,0,0,0,0,0,0,0,317,0,0,0,0,0,0,0,0
2021-01-05T23:59:59+01:00,00,3,1,4,9,8,18,10,31,15,26,10,14,22,30,19,49,0,0,0,0,0,0,0,0,0,0,0,0,0,0,0,0,269,0,0,0,0,0,0,0,0
2021-01-04T23:59:59+01:00,00,2,1,2,7,8,10,4,15,8,16,5,3,11,16,8,26,0,0,0,0,0,0,0,0,0,0,0,0,0,0,0,0,142,0,0,0,0,0,0,0,0
2021-01-03T23:59:59+01:00,00,2,0,1,6,8,4,4,7,5,9,1,2,11,12,7,16,0,0,0,0,0,0,0,0,0,0,0,0,0,0,0,0,95,0,0,0,0,0,0,0,0
2021-01-02T23:59:59+01:00,00,2,0,1,6,8,4,4,7,5,9,1,2,11,12,7,16,0,0,0,0,0,0,0,0,0,0,0,0,0,0,0,0,95,0,0,0,0,0,0,0,0
2021-01-01T23:59:59+01:00,00,1,0,1,6,8,4,4,7,5,9,1,2,11,12,7,16,0,0,0,0,0,0,0,0,0,0,0,0,0,0,0,0,94,0,0,0,0,0,0,0,0
2020-12-31T23:59:59+01:00,00,1,0,1,5,8,4,4,7,5,9,1,2,11,12,7,16,0,0,0,0,0,0,0,0,0,0,0,0,0,0,0,0,93,0,0,0,0,0,0,0,0
2020-12-30T23:59:59+01:00,00,1,0,1,5,8,4,4,7,5,9,1,2,11,12,7,16,0,0,0,0,0,0,0,0,0,0,0,0,0,0,0,0,93,0,0,0,0,0,0,0,0
2020-12-29T23:59:59+01:00,00,1,0,1,3,8,4,4,7,5,9,1,0,8,8,6,15,0,0,0,0,0,0,0,0,0,0,0,0,0,0,0,0,80,0,0,0,0,0,0,0,0
2020-12-28T23:59:59+01:00,00,1,0,1,3,8,4,4,7,5,9,1,0,8,8,6,15,0,0,0,0,0,0,0,0,0,0,0,0,0,0,0,0,80,0,0,0,0,0,0,0,0
2020-12-27T23:59:59+01:00,00,1,0,1,3,8,4,4,7,5,9,1,0,8,8,6,15,0,0,0,0,0,0,0,0,0,0,0,0,0,0,0,0,80,0,0,0,0,0,0,0,0
