Datum,<15_m,<15_w,15-24_1_m,15-24_1_w,25-34_1_m,25-34_1_w,35-44_1_m,35-44_1_w,45-54_1_m,45-54_1_w,55-64_1_m,55-64_1_w,65-74_1_m,65-74_1_w,75-84_1_m,75-84_1_w,>84_1_m,>84_1_w,<24_2_m,<24_2_w,25-34_2_m,25-34_2_w,35-44_2_m,35-44_2_w,45-54_2_m,45-54_2_w,55-64_2_m,55-64_2_w,65-74_2_m,65-74_2_w,75-84_2_m,75-84_2_w,>84_2_m,>84_2_w,bp_1,bp_2,mo_1,mo_2,az_1,az_2,ja,unb_1,unb_2
2021-09-28T23:59:59+02:00,1999,1875,16899,15642,22135,20425,23992,23596,27643,28323,30673,31610,21497,24576,15299,19306,4352,7570,15119,13963,20673,18805,22657,22102,26281,26774,29453,30338,20841,23827,14870,18643,4213,7320,232565,218017,32598,31337,55088,52087,17136,30,40
2021-09-27T23:59:59+02:00,1940,1818,16835,15580,22099,20390,23966,23570,27615,28288,30653,31593,21491,24570,15296,19300,4349,7566,15093,13932,20651,18769,22641,22075,26261,26762,29437,30322,20837,23817,14866,18635,4212,7316,232079,217746,32598,31337,55088,52086,17129,30,40
2021-09-26T23:59:59+02:00,1920,1797,16770,15519,22048,20332,23926,23520,27586,28261,30639,31584,21481,24563,15295,19297,4349,7565,15028,13867,20605,18720,22596,22021,26222,26725,29419,30295,20831,23807,14858,18632,4212,7313,231721,217370,32581,31311,55087,52075,17038,30,40
2021-09-25T23:59:59+02:00,1920,1797,16768,15519,22046,20331,23924,23519,27586,28261,30639,31584,21481,24563,15295,19297,4349,7565,15028,13867,20604,18720,22596,22021,26221,26723,29419,30295,20830,23807,14858,18632,4212,7313,231714,217366,32581,31311,55087,52075,17037,30,40
2021-09-24T23:59:59+02:00,1919,1794,16744,15500,22004,20303,23892,23498,27566,28240,30622,31569,21479,24559,15293,19297,4349,7565,15003,13839,20559,18689,22557,21995,26194,26703,29398,30276,20826,23801,14856,18630,4211,7312,231652,217245,32581,31310,55087,52075,16848,30,40
2021-09-23T23:59:59+02:00,1889,1757,16670,15417,21947,20229,23843,23433,27522,28187,30598,31529,21467,24548,15282,19279,4345,7561,14928,13778,20501,18646,22528,21949,26161,26660,29373,30249,20823,23790,14850,18622,4211,7311,231093,216843,32543,31281,55087,52075,16755,30,40
2021-09-22T23:59:59+02:00,1856,1726,16570,15342,21861,20152,23769,23379,27454,28127,30558,31494,21452,24526,15280,19266,4343,7558,14803,13674,20413,18568,22466,21880,26100,26599,29325,30214,20805,23780,14844,18614,4208,7302,230499,216176,32522,31239,55087,52068,16580,30,40
2021-09-21T23:59:59+02:00,1828,1682,16491,15268,21800,20091,23722,23330,27414,28091,30521,31454,21441,24506,15277,19256,4340,7550,14745,13626,20354,18528,22423,21837,26068,26574,29301,30188,20793,23766,14838,18603,4205,7301,230035,215894,32522,31239,55087,52068,16392,30,40
2021-09-20T23:59:59+02:00,1802,1667,16416,15204,21745,20042,23678,23291,27376,28048,30488,31436,21432,24494,15271,19250,4339,7548,14687,13575,20308,18482,22392,21811,26022,26542,29276,30163,20785,23754,14836,18597,4202,7298,229626,215578,32520,31238,55087,52067,16268,30,40
2021-09-19T23:59:59+02:00,1775,1646,16352,15156,21697,19984,23646,23258,27348,28020,30467,31411,21423,24483,15267,19239,4339,7545,14629,13532,20264,18431,22343,21787,25998,26510,29259,30149,20779,23741,14832,18594,4201,7294,229267,215297,32500,31206,55086,52067,16176,30,40
2021-09-18T23:59:59+02:00,1775,1646,16351,15154,21695,19983,23644,23256,27348,28019,30467,31411,21423,24483,15267,19239,4339,7545,14629,13530,20264,18431,22342,21786,25998,26508,29259,30149,20779,23741,14832,18594,4201,7294,229260,215296,32500,31205,55086,52067,16172,30,40
2021-09-17T23:59:59+02:00,1770,1639,16330,15137,21675,19962,23624,23244,27335,28004,30458,31406,21420,24480,15264,19236,4338,7545,14608,13516,20255,18424,22333,21782,25991,26504,29249,30144,20776,23738,14831,18593,4201,7294,229096,215194,32499,31205,55086,52067,16159,30,40
2021-09-16T23:59:59+02:00,1731,1609,16234,15042,21596,19863,23556,23159,27273,27946,30420,31369,21406,24463,15259,19227,4333,7545,14525,13447,20214,18372,22297,21733,25961,26460,29228,30113,20766,23728,14824,18586,4199,7290,228310,214746,32477,31132,55085,52056,16132,30,40
2021-09-15T23:59:59+02:00,1700,1592,16175,14965,21545,19812,23512,23113,27244,27913,30396,31344,21393,24442,15247,19219,4332,7543,14452,13360,20149,18313,22258,21681,25923,26418,29197,30091,20753,23713,14812,18578,4198,7288,227793,214193,32463,31087,55085,52051,16119,30,40
2021-09-14T23:59:59+02:00,1687,1578,16141,14920,21499,19775,23481,23079,27213,27877,30370,31320,21379,24431,15244,19207,4329,7542,14413,13323,20125,18291,22235,21655,25902,26404,29186,30081,20742,23705,14809,18571,4197,7286,227390,213913,32462,31086,55085,52051,16108,30,40
2021-09-13T23:59:59+02:00,1667,1566,16100,14869,21474,19743,23447,23048,27196,27841,30356,31306,21378,24421,15239,19205,4328,7539,14385,13309,20100,18275,22214,21635,25887,26392,29176,30058,20733,23694,14808,18564,4195,7284,227050,213692,32462,31086,55085,52051,16099,30,40
2021-09-12T23:59:59+02:00,1657,1553,16075,14848,21458,19722,23432,23023,27181,27827,30347,31298,21371,24413,15239,19200,4328,7539,14350,13280,20077,18239,22195,21610,25875,26371,29165,30049,20726,23686,14803,18557,4193,7279,226858,213454,32446,31055,55085,52050,16095,30,40
2021-09-11T23:59:59+02:00,1656,1553,16063,14844,21450,19714,23431,23022,27179,27826,30345,31297,21370,24412,15239,19200,4328,7539,14345,13278,20075,18236,22193,21610,25875,26370,29165,30049,20725,23686,14803,18557,4193,7279,226820,213443,32446,31055,55085,52050,16090,30,40
2021-09-10T23:59:59+02:00,1656,1553,16042,14839,21436,19702,23412,23019,27162,27816,30332,31291,21369,24410,15235,19198,4328,7538,14323,13271,20059,18226,22178,21606,25860,26356,29147,30045,20724,23682,14800,18554,4192,7278,226790,213402,32446,31055,55085,52050,15990,30,40
2021-09-09T23:59:59+02:00,1610,1514,15962,14763,21377,19635,23361,22971,27104,27766,30303,31261,21360,24393,15221,19184,4326,7536,14243,13198,19989,18161,22112,21551,25811,26315,29110,30014,20708,23654,14782,18540,4190,7276,226266,212939,32416,30973,55084,52031,15854,30,40
2021-09-08T23:59:59+02:00,1572,1467,15839,14671,21314,19563,23308,22896,27054,27723,30263,31215,21343,24375,15212,19173,4325,7536,14152,13112,19906,18107,22047,21500,25764,26276,29075,29964,20689,23633,14778,18532,4189,7275,225742,212540,32345,30884,55084,52026,15651,30,40
2021-09-07T23:59:59+02:00,1560,1447,15790,14619,21265,19535,23271,22873,27027,27689,30246,31200,21332,24353,15206,19165,4323,7536,14083,13066,19846,18068,22005,21470,25728,26242,29046,29936,20677,23619,14774,18525,4188,7275,225501,212258,32340,30855,55084,52022,15485,30,40
2021-09-06T23:59:59+02:00,1547,1437,15739,14574,21244,19506,23250,22843,27002,27670,30230,31178,21322,24350,15201,19158,4323,7534,14052,13029,19826,18044,21977,21449,25708,26222,29031,29921,20668,23610,14771,18521,4188,7272,225249,212056,32340,30855,55084,52021,15408,30,40
2021-09-05T23:59:59+02:00,1528,1423,15710,14548,21229,19484,23241,22818,26993,27658,30225,31170,21317,24344,15196,19156,4323,7530,14014,12993,19798,18009,21951,21421,25689,26205,29018,29902,20664,23602,14769,18519,4188,7272,225045,211842,32333,30777,55083,52020,15405,30,40
2021-09-04T23:59:59+02:00,1528,1423,15702,14545,21216,19479,23234,22814,26988,27652,30219,31167,21316,24341,15196,19155,4323,7530,14006,12990,19785,18004,21944,21417,25684,26199,29012,29898,20663,23599,14769,18518,4188,7272,225044,211841,32333,30777,55083,52020,15340,30,40
2021-09-03T23:59:59+02:00,1525,1420,15685,14531,21185,19454,23206,22795,26964,27640,30205,31152,21309,24333,15196,19149,4323,7529,13990,12977,19761,17984,21922,21402,25667,26190,28997,29887,20657,23592,14769,18515,4188,7272,224975,211825,32331,30772,55083,52019,15184,30,40
2021-09-02T23:59:59+02:00,1509,1400,15613,14473,21140,19406,23171,22748,26923,27599,30168,31126,21296,24323,15190,19136,4321,7523,13896,12913,19716,17926,21877,21359,25625,26146,28958,29860,20645,23581,14764,18503,4187,7271,224558,211373,32326,30767,55081,51999,15072,30,40
2021-09-01T23:59:59+02:00,1458,1344,15475,14323,21029,19312,23099,22693,26857,27527,30118,31076,21278,24298,15182,19122,4318,7518,13754,12795,19598,17834,21793,21292,25570,26078,28908,29797,20620,23552,14752,18488,4183,7265,223794,210801,32300,30579,55080,51987,14825,30,40
2021-08-31T23:59:59+02:00,1435,1329,15414,14251,20970,19257,23058,22652,26809,27486,30084,31044,21267,24286,15176,19113,4318,7517,13681,12730,19550,17791,21762,21258,25538,26055,28880,29771,20614,23541,14749,18480,4182,7264,223348,210461,32300,30579,55079,51982,14711,30,40
2021-08-30T23:59:59+02:00,1412,1310,15344,14205,20925,19201,23026,22614,26774,27453,30051,31015,21255,24278,15172,19104,4316,7510,13624,12688,19508,17743,21730,21233,25509,26018,28846,29746,20603,23527,14739,18471,4181,7261,222984,210161,32300,30579,55079,51980,14574,30,40
2021-08-29T23:59:59+02:00,1396,1298,15301,14159,20887,19171,23002,22590,26756,27429,30034,31000,21251,24269,15172,19102,4316,7509,13571,12644,19485,17719,21703,21213,25489,25999,28833,29729,20595,23519,14736,18467,4179,7260,222698,209895,32299,30577,55079,51979,14538,30,40
2021-08-28T23:59:59+02:00,1396,1298,15294,14156,20875,19164,22996,22586,26753,27420,30031,30999,21250,24269,15172,19102,4316,7509,13564,12640,19473,17712,21696,21209,25486,25990,28830,29728,20594,23519,14736,18467,4179,7260,222697,209892,32299,30577,55079,51979,14483,30,40
2021-08-27T23:59:59+02:00,1387,1291,15262,14130,20848,19148,22965,22570,26729,27409,30015,30980,21244,24261,15168,19101,4313,7506,13535,12608,19436,17695,21668,21188,25458,25977,28813,29710,20588,23510,14733,18465,4178,7260,222564,209746,32299,30576,55078,51978,14358,30,40
2021-08-26T23:59:59+02:00,1374,1273,15218,14085,20801,19110,22934,22532,26696,27371,29983,30943,21229,24245,15161,19093,4310,7498,13467,12548,19361,17639,21610,21130,25402,25929,28774,29674,20575,23489,14724,18452,4177,7256,222274,209467,32280,30452,55077,51907,14197,30,40
2021-08-25T23:59:59+02:00,1328,1228,15069,13964,20688,19017,22856,22440,26619,27288,29925,30887,21209,24219,15151,19083,4306,7492,13343,12464,19273,17563,21546,21058,25334,25874,28730,29631,20549,23468,14716,18438,4176,7253,221420,208894,32265,30404,55077,51899,13980,29,37
2021-08-24T23:59:59+02:00,1304,1204,15005,13913,20646,18965,22800,22395,26583,27253,29896,30856,21193,24204,15145,19073,4305,7491,13246,12403,19213,17482,21509,21007,25290,25832,28700,29593,20531,23448,14709,18426,4174,7248,221005,208411,32235,30348,55077,51884,13887,29,33
2021-08-23T23:59:59+02:00,1286,1185,14938,13875,20608,18936,22772,22371,26548,27234,29871,30830,21174,24190,15140,19060,4304,7490,13130,12326,19151,17424,21457,20958,25250,25778,28655,29550,20512,23431,14702,18414,4171,7248,220699,207893,32219,30258,55077,51884,13790,29,33
2021-08-22T23:59:59+02:00,1276,1177,14922,13855,20591,18916,22761,22352,26533,27219,29854,30826,21167,24186,15138,19052,4302,7489,13070,12255,19097,17390,21427,20924,25228,25752,28629,29529,20504,23420,14701,18410,4171,7248,220524,207570,32201,30147,55077,51881,13787,29,33
2021-08-21T23:59:59+02:00,1276,1177,14913,13846,20579,18908,22751,22346,26529,27214,29843,30819,21167,24184,15138,19052,4302,7489,13060,12246,19086,17382,21419,20918,25222,25747,28619,29522,20504,23418,14701,18410,4171,7248,220519,207566,32201,30147,55077,51881,13709,29,33
2021-08-20T23:59:59+02:00,1269,1172,14885,13812,20546,18880,22728,22324,26503,27190,29826,30803,21164,24175,15136,19046,4302,7489,13042,12229,19064,17363,21402,20897,25207,25729,28601,29503,20500,23412,14700,18407,4171,7248,220330,207463,32201,30145,55077,51880,13615,29,33
2021-08-19T23:59:59+02:00,1251,1156,14827,13762,20507,18850,22696,22290,26480,27161,29800,30779,21153,24167,15133,19041,4301,7486,12910,12112,18971,17287,21316,20839,25136,25662,28541,29453,20479,23399,14694,18398,4169,7245,220022,206827,32170,30008,55077,51818,13544,29,33
2021-08-18T23:59:59+02:00,1229,1137,14744,13670,20392,18789,22623,22230,26416,27104,29742,30722,21128,24147,15127,19029,4299,7483,12777,11992,18835,17203,21222,20750,25051,25579,28459,29386,20446,23355,14683,18383,4168,7240,219611,206222,32152,29889,55076,51810,13145,29,33
2021-08-17T23:59:59+02:00,1218,1124,14704,13632,20351,18747,22588,22196,26383,27077,29725,30702,21116,24133,15116,19020,4295,7482,12669,11908,18755,17141,21149,20689,24999,25526,28422,29345,20427,23340,14674,18370,4166,7238,219334,205694,32119,29762,55076,51802,13053,29,32
2021-08-16T23:59:59+02:00,1205,1113,14657,13584,20315,18719,22559,22164,26362,27048,29691,30671,21103,24122,15109,19008,4293,7480,12577,11808,18666,17070,21079,20603,24933,25467,28355,29283,20404,23318,14664,18352,4165,7235,219066,205077,32117,29635,55076,51801,12917,29,31
2021-08-15T23:59:59+02:00,1195,1100,14619,13555,20287,18688,22533,22144,26349,27032,29681,30657,21098,24110,15104,19006,4292,7478,12510,11740,18612,17039,21030,20563,24897,25424,28337,29261,20394,23305,14660,18346,4163,7233,218840,204623,32117,29634,55076,51800,12868,29,31
2021-08-14T23:59:59+02:00,1195,1099,14612,13551,20278,18682,22524,22137,26335,27025,29676,30649,21095,24109,15103,19005,4292,7478,12503,11736,18602,17031,21020,20556,24883,25417,28332,29252,20391,23304,14659,18345,4163,7233,218839,204621,32117,29631,55076,51800,12786,29,31
2021-08-13T23:59:59+02:00,1192,1096,14603,13541,20264,18672,22513,22132,26328,27015,29661,30641,21086,24104,15102,19005,4292,7478,12488,11722,18591,17023,21008,20548,24877,25401,28318,29247,20385,23297,14657,18345,4163,7232,218781,204553,32117,29631,55076,51800,12724,29,31
2021-08-12T23:59:59+02:00,1172,1074,14545,13488,20223,18632,22489,22100,26301,26985,29630,30619,21074,24085,15098,18998,4292,7473,12315,11579,18451,16915,20913,20461,24797,25316,28251,29191,20364,23265,14644,18333,4160,7226,218460,203757,32106,29439,55076,51730,12609,29,31
2021-08-11T23:59:59+02:00,1156,1052,14475,13426,20183,18578,22446,22060,26269,26960,29602,30580,21060,24068,15095,18987,4289,7469,12176,11440,18369,16827,20834,20386,24747,25244,28209,29128,20332,23238,14637,18322,4158,7221,218064,202860,32031,29434,55076,51725,12557,29,31
2021-08-10T23:59:59+02:00,1141,1035,14398,13356,20131,18534,22416,22016,26239,26931,29570,30552,21047,24059,15095,18979,4288,7467,12068,11327,18273,16759,20774,20321,24694,25188,28166,29077,20306,23210,14623,18304,4157,7215,217648,202115,32001,29412,55076,51700,12502,29,31
2021-08-09T23:59:59+02:00,1124,1016,14313,13295,20050,18480,22368,21968,26187,26887,29533,30519,21029,24042,15089,18970,4283,7465,11886,11167,18105,16664,20653,20239,24599,25092,28086,29003,20270,23171,14609,18292,4154,7206,217201,201137,31982,29303,55075,51605,12333,29,30
2021-08-08T23:59:59+02:00,1110,1009,14271,13258,20030,18446,22342,21948,26172,26867,29517,30505,21022,24036,15086,18966,4282,7464,11803,11078,18018,16583,20588,20183,24534,25046,28040,28959,20248,23148,14597,18281,4154,7202,216976,200480,31950,29229,55074,51586,12304,29,30
2021-08-07T23:59:59+02:00,1110,1009,14256,13252,20020,18441,22335,21943,26160,26853,29503,30493,21020,24032,15082,18961,4281,7464,11789,11073,18001,16578,20582,20177,24521,25031,28023,28947,20246,23144,14593,18276,4153,7202,216971,200466,31950,29228,55074,51586,12193,29,30
2021-08-06T23:59:59+02:00,1110,1008,14245,13240,20007,18422,22321,21929,26138,26844,29491,30482,21017,24028,15079,18958,4281,7464,11776,11059,17981,16557,20566,20161,24499,25022,28011,28936,20243,23140,14590,18274,4153,7202,216963,200440,31946,29228,55074,51585,12054,29,30
2021-08-05T23:59:59+02:00,1099,989,14174,13199,19957,18389,22278,21888,26104,26788,29463,30458,21004,24013,15071,18950,4279,7461,11602,10950,17870,16461,20453,20064,24392,24931,27941,28887,20218,23116,14579,18260,4150,7200,216651,199653,31907,29136,55072,51450,11907,29,30
2021-08-04T23:59:59+02:00,1085,973,14110,13130,19857,18308,22214,21831,26068,26747,29414,30411,20981,23995,15061,18937,4279,7458,11414,10777,17641,16325,20280,19935,24276,24807,27833,28791,20190,23083,14566,18248,4147,7198,216391,198610,31751,29076,55071,51206,11620,28,30
2021-08-03T23:59:59+02:00,1061,955,14039,13069,19823,18260,22179,21789,26033,26705,29380,30382,20965,23972,15051,18923,4276,7448,11229,10603,17469,16199,20140,19803,24128,24685,27713,28686,20147,23037,14548,18216,4145,7192,216014,197176,31724,29041,55071,51151,11475,28,30
2021-08-02T23:59:59+02:00,1037,935,13952,13002,19766,18202,22128,21749,25979,26645,29328,30332,20934,23941,15041,18903,4273,7446,11060,10433,17298,16072,19994,19690,24011,24569,27627,28585,20100,22984,14529,18197,4142,7182,215534,195984,31694,28993,55071,51075,11268,28,30
2021-08-01T23:59:59+02:00,1027,920,13892,12955,19731,18185,22109,21728,25955,26625,29309,30316,20925,23929,15037,18896,4273,7445,10917,10288,17137,15963,19845,19582,23867,24462,27520,28505,20086,22960,14521,18183,4142,7178,215300,195098,31647,28900,55071,50726,11212,28,30
2021-07-31T23:59:59+02:00,1027,920,13866,12946,19713,18177,22092,21717,25942,26613,29301,30305,20923,23924,15036,18895,4272,7445,10890,10276,17116,15950,19827,19569,23855,24449,27512,28494,20084,22955,14520,18182,4141,7178,215296,195079,31647,28900,55071,50726,11073,28,30
2021-07-30T23:59:59+02:00,1019,910,13806,12901,19668,18155,22063,21698,25912,26591,29273,30287,20916,23916,15030,18893,4270,7444,10803,10203,17051,15907,19768,19534,23788,24408,27463,28469,20069,22933,14511,18178,4138,7176,215117,194689,31646,28900,55071,50660,10891,28,30
2021-07-29T23:59:59+02:00,995,892,13699,12815,19602,18093,21991,21647,25861,26536,29222,30250,20898,23906,15023,18886,4270,7442,10539,9945,16754,15664,19476,19321,23486,24181,27212,28306,20014,22877,14499,18158,4138,7175,214673,192959,31574,28787,55071,49972,10683,28,30
2021-07-28T23:59:59+02:00,967,862,13567,12686,19479,17988,21906,21564,25780,26455,29146,30181,20875,23870,15010,18874,4268,7440,10247,9741,16493,15478,19216,19133,23257,23991,27056,28161,19965,22804,14480,18135,4135,7170,214023,191623,31540,28701,55067,49459,10261,28,30
2021-07-27T23:59:59+02:00,936,841,13447,12591,19415,17928,21841,21511,25714,26397,29106,30136,20860,23850,15005,18854,4267,7434,9990,9529,16243,15255,18990,18948,23065,23819,26892,28022,19923,22751,14458,18108,4129,7161,213426,189964,31486,28544,55066,49125,10129,27,30
2021-07-26T23:59:59+02:00,911,823,13345,12496,19362,17871,21767,21447,25665,26364,29051,30077,20831,23827,14987,18835,4267,7430,9753,9280,16010,15053,18742,18747,22839,23651,26740,27892,19852,22691,14430,18072,4124,7155,212824,188212,31415,28445,55065,48749,10027,26,30
2021-07-25T23:59:59+02:00,892,812,13268,12425,19282,17825,21710,21396,25625,26316,29014,30031,20814,23810,14980,18829,4264,7429,9567,9136,15808,14904,18541,18606,22670,23540,26591,27772,19802,22643,14414,18059,4121,7152,212521,187306,31355,28292,55065,48331,9756,26,30
2021-07-24T23:59:59+02:00,892,812,13258,12416,19272,17819,21701,21391,25610,26309,29009,30025,20810,23809,14979,18828,4264,7429,9557,9123,15799,14896,18530,18600,22653,23531,26585,27764,19799,22640,14413,18058,4121,7151,212517,187288,31355,28289,55065,48331,9671,26,30
2021-07-23T23:59:59+02:00,884,811,13195,12380,19193,17786,21663,21358,25573,26270,28976,29989,20796,23793,14971,18824,4262,7426,9509,9095,15716,14851,18477,18561,22600,23490,26541,27725,19783,22624,14406,18052,4119,7148,212393,187128,31354,28284,55065,48330,9313,26,30
2021-07-22T23:59:59+02:00,872,798,13098,12300,19135,17718,21616,21328,25524,26223,28952,29967,20784,23775,14969,18818,4259,7424,9190,8822,15313,14605,18112,18304,22266,23243,26336,27590,19726,22568,14393,18030,4116,7143,211927,185297,31269,28030,55062,47414,9277,26,30
2021-07-21T23:59:59+02:00,850,771,12897,12131,18987,17593,21484,21228,25417,26120,28875,29897,20742,23740,14952,18795,4255,7419,8807,8500,14876,14276,17735,18032,21910,22913,26063,27381,19633,22480,14367,17992,4113,7134,211303,183387,31159,27678,55058,46756,8608,26,30
2021-07-20T23:59:59+02:00,820,746,12751,11998,18879,17510,21414,21152,25355,26055,28838,29846,20717,23707,14944,18779,4252,7416,8478,8193,14412,13940,17351,17757,21608,22683,25820,27195,19551,22371,14338,17957,4111,7128,210628,181240,31050,27516,55054,45876,8422,26,29
2021-07-19T23:59:59+02:00,791,718,12629,11879,18787,17437,21356,21092,25300,26001,28788,29809,20692,23679,14934,18765,4248,7410,8146,7933,14044,13684,17002,17508,21284,22482,25593,27053,19482,22295,14316,17935,4105,7122,209908,179194,30944,27352,55054,45164,8384,26,29
2021-07-18T23:59:59+02:00,773,699,12518,11769,18686,17360,21292,21040,25244,25950,28750,29756,20670,23659,14923,18754,4246,7408,7976,7780,13887,13565,16850,17385,21123,22369,25463,26972,19442,22255,14302,17919,4105,7119,209330,178260,30796,27246,55054,44800,8292,26,29
2021-07-17T23:59:59+02:00,773,699,12514,11769,18685,17357,21292,21040,25244,25950,28750,29756,20670,23659,14923,18754,4246,7408,7968,7779,13883,13560,16849,17384,21122,22368,25462,26970,19441,22255,14302,17919,4105,7119,209326,178240,30796,27245,55054,44799,8288,26,29
2021-07-16T23:59:59+02:00,766,694,12440,11713,18646,17325,21255,21013,25211,25927,28724,29737,20668,23656,14923,18752,4246,7408,7818,7677,13730,13486,16706,17326,20984,22309,25355,26922,19423,22236,14301,17913,4105,7116,209115,177791,30796,27173,55053,44407,8115,26,29
2021-07-15T23:59:59+02:00,751,674,12369,11642,18583,17267,21200,20963,25163,25886,28695,29709,20653,23638,14918,18743,4245,7405,7474,7358,13122,13083,16037,16902,20348,21940,24901,26610,19277,22095,14258,17867,4102,7109,208633,175563,30710,26274,55046,42630,8090,26,29
2021-07-14T23:59:59+02:00,722,654,12158,11506,18411,17160,21079,20866,25060,25783,28605,29608,20619,23605,14899,18727,4242,7402,7055,6993,12456,12623,15348,16416,19714,21481,24437,26267,19059,21869,14226,17819,4094,7098,207824,172725,30543,25935,55043,40678,7671,26,29
2021-07-13T23:59:59+02:00,678,620,12019,11375,18289,17078,20966,20769,24964,25687,28535,29543,20590,23566,14879,18717,4240,7392,6588,6559,11821,12123,14653,15905,19112,21065,23998,25941,18880,21654,14182,17756,4090,7089,206808,169046,30405,25761,55032,39008,7637,26,26
2021-07-12T23:59:59+02:00,645,589,11895,11237,18172,16988,20875,20661,24860,25589,28453,29477,20563,23532,14871,18705,4235,7385,6171,6143,11222,11588,14031,15363,18558,20573,23581,25578,18684,21463,14118,17698,4081,7085,205790,165360,30274,24937,55029,38052,7614,26,26
2021-07-11T23:59:59+02:00,609,562,11778,11146,18105,16926,20817,20604,24805,25543,28396,29429,20544,23512,14862,18696,4235,7384,5976,5975,10964,11386,13799,15163,18311,20383,23372,25393,18612,21383,14091,17672,4080,7079,205149,163966,30153,24468,55027,37626,7601,24,26
2021-07-10T23:59:59+02:00,608,562,11771,11145,18102,16924,20814,20604,24802,25542,28395,29429,20544,23512,14861,18694,4235,7384,5969,5974,10962,11380,13790,15159,18310,20381,23370,25391,18610,21382,14090,17672,4080,7079,205131,163940,30152,24467,55027,37619,7595,24,26
2021-07-09T23:59:59+02:00,580,539,11662,11022,18027,16840,20744,20542,24728,25466,28346,29384,20521,23492,14858,18685,4235,7383,5935,5943,10932,11347,13740,15138,18279,20348,23351,25368,18605,21372,14088,17669,4080,7078,204265,163704,30152,24417,55027,37586,7587,24,26
2021-07-08T23:59:59+02:00,545,511,11500,10886,17905,16736,20614,20444,24620,25341,28229,29306,20477,23442,14842,18656,4232,7375,5580,5685,10418,10953,13120,14685,17616,19791,22742,24905,18288,20982,13992,17586,4075,7068,203502,161395,30127,23611,55002,35488,7007,24,26
2021-07-07T23:59:59+02:00,485,458,11334,10742,17825,16651,20545,20375,24547,25263,28167,29242,20449,23406,14837,18644,4230,7367,5269,5390,9891,10502,12541,14207,16935,19270,22177,24406,17975,20618,13890,17489,4068,7045,202497,158934,30104,22148,54985,33643,6958,24,26
2021-07-06T23:59:59+02:00,445,424,11209,10593,17711,16557,20453,20271,24469,25172,28077,29163,20423,23368,14828,18627,4228,7364,4868,4959,9281,9984,11829,13604,16227,18654,21660,23910,17656,20314,13789,17373,4059,7035,201365,154726,30098,21204,54976,32349,6920,24,26
2021-07-05T23:59:59+02:00,423,397,11117,10507,17624,16486,20372,20201,24408,25120,28036,29125,20399,23347,14816,18619,4227,7361,4575,4636,8786,9532,11267,13050,15517,18010,21039,23301,17262,19919,13656,17215,4051,7027,200628,150827,30095,20524,54967,30613,6872,24,26
2021-07-04T23:59:59+02:00,410,391,11041,10451,17556,16432,20322,20152,24377,25084,28020,29107,20390,23336,14810,18616,4226,7360,4429,4543,8655,9366,11075,12874,15276,17800,20773,23029,16989,19627,13596,17123,4047,7023,200145,149511,30089,20217,54966,29632,6858,24,26
2021-07-03T23:59:59+02:00,409,390,11034,10442,17546,16424,20320,20149,24375,25083,28017,29106,20390,23335,14810,18616,4226,7359,4425,4537,8648,9364,11072,12874,15272,17800,20770,23026,16989,19624,13596,17123,4047,7023,200113,149499,30088,20217,54966,29626,6841,24,26
2021-07-02T23:59:59+02:00,365,327,10887,10332,17431,16321,20218,20074,24302,25018,27954,29046,20364,23309,14804,18602,4226,7356,4336,4456,8487,9224,10936,12763,15149,17693,20658,22922,16948,19594,13589,17108,4047,7020,199225,148504,30088,20216,54966,29569,6634,24,26
2021-07-01T23:59:59+02:00,318,283,10750,10195,17304,16228,20095,19984,24218,24943,27891,28995,20344,23285,14788,18587,4223,7352,4132,4254,8188,8885,10565,12350,14580,17195,20148,22380,16660,19295,13381,16894,4037,6998,198149,145440,30029,19531,54960,28340,6622,24,26
2021-06-30T23:59:59+02:00,235,221,10496,9955,17134,16078,19963,19852,24102,24820,27810,28906,20321,23253,14769,18569,4222,7351,3935,4057,7885,8544,10153,11885,14091,16636,19574,21745,16337,18955,13108,16617,4024,6971,196502,141751,29972,19275,54952,26873,6608,24,26
2021-06-29T23:59:59+02:00,190,184,10348,9780,16999,15982,19859,19759,24034,24743,27752,28837,20294,23226,14755,18549,4222,7347,3731,3793,7487,8093,9679,11348,13436,15968,18960,21039,16020,18628,12861,16327,4017,6957,195347,137461,29967,18976,54948,25320,6576,23,26
2021-06-28T23:59:59+02:00,140,132,10150,9598,16878,15875,19754,19658,23941,24649,27684,28775,20264,23196,14741,18530,4220,7345,3527,3535,7087,7649,9245,10853,12885,15430,18463,20523,15769,18362,12742,16194,4011,6946,194168,133624,29853,18550,54945,24492,6542,23,26
2021-06-27T23:59:59+02:00,122,115,10012,9486,16821,15816,19694,19607,23883,24599,27657,28751,20251,23180,14738,18526,4219,7342,3434,3467,6911,7455,9056,10652,12655,15190,18200,20263,15648,18257,12677,16108,4011,6942,193540,132430,29794,18201,54939,23758,6524,23,26
2021-06-26T23:59:59+02:00,122,115,10010,9481,16820,15812,19692,19606,23880,24598,27657,28751,20251,23180,14738,18526,4219,7342,3431,3467,6909,7454,9053,10650,12652,15187,18198,20262,15645,18256,12677,16107,4011,6942,193522,132409,29793,18201,54939,23754,6524,23,26
2021-06-25T23:59:59+02:00,118,112,9963,9440,16783,15779,19659,19577,23844,24570,27633,28733,20245,23173,14736,18523,4219,7342,3411,3421,6835,7343,8957,10495,12538,14991,18053,20054,15622,18227,12669,16104,4010,6941,193205,132229,29759,17847,54939,23058,6524,23,26
2021-06-24T23:59:59+02:00,108,101,9835,9314,16595,15653,19527,19454,23721,24479,27576,28673,20231,23157,14729,18514,4218,7340,3285,3274,6621,7011,8645,10039,12004,14370,17498,19348,15397,17995,12523,15973,4007,6929,192366,129830,29414,16987,54938,21603,6485,23,26
2021-06-23T23:59:59+02:00,102,95,9706,9175,16455,15527,19410,19348,23624,24374,27511,28626,20216,23135,14725,18509,4215,7339,3078,3032,6268,6525,8142,9470,11304,13549,16734,18366,15100,17654,12373,15831,3997,6904,191446,125268,29247,16015,54927,20581,6449,23,26
2021-06-22T23:59:59+02:00,71,69,9415,8869,16226,15325,19224,19200,23480,24248,27440,28541,20192,23110,14717,18490,4211,7333,2844,2743,5782,5975,7518,8708,10395,12509,15709,17163,14805,17295,12266,15707,3984,6881,189761,118827,29039,15525,54923,19506,6417,21,21
2021-06-21T23:59:59+02:00,67,62,9287,8706,16052,15179,19036,19046,23349,24125,27379,28462,20168,23082,14712,18480,4211,7329,2699,2550,5399,5507,7052,8120,9664,11630,14977,16228,14527,16982,12159,15586,3979,6865,188562,114109,28814,14966,54920,18425,6415,21,21
2021-06-20T23:59:59+02:00,64,61,9149,8572,15916,15062,18924,18955,23276,24054,27339,28411,20157,23061,14701,18473,4208,7328,2641,2480,5228,5324,6837,7853,9355,11298,14610,15824,14392,16848,12119,15549,3974,6859,187665,112403,28694,14734,54920,17634,6411,21,21
2021-06-19T23:59:59+02:00,64,61,9148,8568,15914,15053,18922,18955,23274,24053,27339,28410,20157,23061,14701,18473,4208,7328,2638,2479,5227,5320,6836,7853,9355,11297,14608,15820,14390,16848,12119,15549,3974,6859,187646,112387,28692,14732,54919,17633,6411,21,21
2021-06-18T23:59:59+02:00,64,57,9119,8556,15900,15044,18908,18947,23267,24044,27332,28405,20157,23058,14700,18473,4208,7328,2609,2445,5172,5261,6758,7753,9256,11140,14436,15591,14311,16747,12108,15528,3972,6856,187526,111600,28691,14731,54918,17192,6411,21,21
2021-06-17T23:59:59+02:00,57,54,8944,8394,15665,14876,18710,18790,23111,23913,27196,28311,20133,23037,14693,18461,4206,7325,2472,2292,4845,4962,6371,7350,8706,10534,13605,14719,14074,16454,12035,15406,3968,6844,186196,108730,28686,13772,54911,16064,6062,21,21
2021-06-16T23:59:59+02:00,49,52,8714,8178,15429,14651,18498,18590,22920,23746,27090,28201,20104,22994,14679,18441,4202,7319,2358,2184,4603,4760,6017,7004,8180,10048,12886,13880,13724,16071,11950,15317,3963,6832,184408,105280,28586,12971,54908,15583,5934,21,21
2021-06-15T23:59:59+02:00,40,39,8366,7839,15049,14293,18176,18299,22671,23532,26931,28067,20074,22960,14666,18425,4200,7308,2174,2017,4250,4405,5508,6439,7299,9158,11692,12601,13184,15454,11828,15154,3948,6809,181800,99029,28550,12307,54906,14917,5658,21,21
2021-06-14T23:59:59+02:00,34,34,8185,7671,14793,14062,17973,18126,22520,23412,26819,27986,20053,22927,14653,18417,4196,7300,2059,1891,3995,4157,5120,5965,6643,8436,10765,11546,12867,15107,11756,15060,3938,6790,180220,94185,28526,11944,54904,14465,5490,21,21
2021-06-13T23:59:59+02:00,34,34,8108,7616,14712,13976,17856,18015,22439,23332,26789,27956,20040,22916,14649,18411,4196,7300,2011,1862,3912,4059,5000,5825,6411,8193,10471,11211,12710,14929,11698,15004,3937,6789,179462,92792,28517,11652,54900,14086,5479,21,21
2021-06-12T23:59:59+02:00,34,34,8107,7615,14711,13976,17856,18015,22437,23331,26788,27953,20040,22915,14649,18411,4196,7300,2010,1860,3911,4059,4998,5824,6408,8190,10468,11205,12707,14928,11698,15002,3937,6789,179451,92773,28517,11652,54900,14077,5479,21,21
2021-06-11T23:59:59+02:00,34,33,8041,7574,14621,13928,17781,17965,22367,23297,26744,27930,20038,22911,14649,18410,4196,7300,1994,1851,3875,4001,4956,5756,6347,8108,10369,11100,12668,14893,11687,14996,3937,6789,179113,92558,28439,11646,54899,13763,5347,21,21
2021-06-10T23:59:59+02:00,29,26,7699,7275,14225,13563,17352,17589,22038,23015,26549,27749,19994,22866,14636,18392,4193,7288,1889,1768,3658,3839,4683,5485,6027,7740,9752,10489,12152,14231,11618,14888,3929,6782,176513,89395,27943,11264,54886,13142,5115,21,20
2021-06-09T23:59:59+02:00,28,23,7328,6925,13759,13121,16835,17121,21646,22646,26335,27535,19921,22795,14618,18357,4190,7280,1719,1654,3458,3660,4428,5217,5641,7334,8975,9774,11485,13398,11499,14748,3919,6770,173255,85143,27394,10627,54873,12975,4920,21,20
2021-06-08T23:59:59+02:00,23,19,6950,6516,13245,12635,16366,16652,21289,22306,26119,27331,19863,22717,14587,18321,4187,7273,1627,1578,3235,3430,4108,4863,5133,6846,8089,8852,10602,12321,11356,14591,3915,6755,169832,79485,26906,10331,54864,12696,4776,21,19
2021-06-07T23:59:59+02:00,20,16,6670,6223,12815,12259,15966,16253,20962,22009,25957,27175,19826,22664,14566,18301,4180,7267,1565,1506,3045,3257,3831,4635,4733,6470,7375,8101,9694,11175,11245,14445,3904,6737,167264,74747,26479,9959,54844,12478,4521,21,19
2021-06-06T23:59:59+02:00,20,16,6528,6090,12672,12108,15803,16094,20797,21846,25871,27088,19806,22627,14555,18291,4179,7263,1550,1483,2972,3215,3735,4571,4626,6389,7233,7972,9437,10906,11199,14395,3901,6732,166033,74065,26375,9532,54823,12304,4402,21,19
2021-06-05T23:59:59+02:00,20,16,6519,6086,12660,12096,15794,16085,20794,21841,25871,27085,19806,22627,14555,18291,4179,7263,1548,1481,2969,3214,3734,4570,4623,6389,7228,7967,9431,10901,11199,14395,3901,6732,165978,74037,26364,9530,54823,12300,4402,21,19
2021-06-04T23:59:59+02:00,20,16,6488,6046,12602,12045,15734,16037,20766,21809,25852,27068,19802,22621,14552,18291,4179,7263,1547,1475,2956,3204,3715,4556,4613,6375,7192,7924,9399,10831,11161,14354,3900,6731,165883,73762,26104,9517,54799,12257,4384,21,19
2021-06-03T23:59:59+02:00,20,15,6254,5821,12303,11796,15412,15725,20433,21470,25596,26855,19756,22547,14532,18271,4178,7259,1505,1430,2884,3139,3618,4479,4501,6276,6991,7743,9022,10385,11109,14281,3900,6726,163398,72464,25857,9221,54797,12120,4170,21,19
2021-06-02T23:59:59+02:00,20,15,6192,5761,12237,11730,15338,15658,20361,21409,25579,26831,19752,22544,14529,18268,4177,7258,1491,1420,2867,3126,3601,4465,4466,6259,6958,7705,8942,10275,11100,14256,3899,6725,163054,72103,25671,9214,54796,12110,4117,21,16
2021-06-01T23:59:59+02:00,16,15,5733,5263,11494,11031,14512,14926,19643,20740,25168,26447,19662,22455,14495,18222,4169,7250,1378,1312,2567,2858,3223,4128,3977,5797,6130,6903,7754,8652,10856,13909,3885,6708,158005,66698,25016,8308,54768,11591,3431,21,14
2021-05-31T23:59:59+02:00,14,15,5483,4962,11048,10606,13983,14430,19163,20242,24862,26107,19568,22370,14456,18176,4160,7234,1318,1258,2413,2724,3021,3958,3693,5505,5573,6370,6741,7368,10612,13588,3876,6674,154526,62662,24321,7387,54764,11387,3247,21,14
2021-05-30T23:59:59+02:00,14,15,5403,4885,10865,10481,13819,14251,18815,19922,24619,25860,19537,22340,14448,18156,4159,7232,1297,1244,2388,2694,2974,3912,3625,5449,5470,6281,6569,7138,10575,13514,3874,6664,153030,61929,23819,7326,54737,11190,3214,21,14
2021-05-29T23:59:59+02:00,14,15,5401,4885,10865,10477,13815,14248,18815,19921,24618,25858,19537,22340,14448,18156,4159,7232,1296,1241,2387,2693,2972,3909,3625,5447,5469,6279,6564,7134,10575,13514,3874,6664,153014,61919,23819,7323,54736,11178,3214,21,14
2021-05-28T23:59:59+02:00,14,15,5384,4872,10843,10441,13789,14229,18798,19904,24610,25849,19536,22339,14446,18153,4159,7231,1291,1241,2387,2687,2971,3907,3619,5441,5455,6263,6548,7117,10566,13492,3873,6660,152828,61815,23817,7323,54734,11159,3212,21,14
2021-05-27T23:59:59+02:00,11,14,5091,4589,10325,9988,13203,13697,18108,19291,24029,25311,19437,22225,14413,18107,4148,7218,1122,1100,2105,2497,2671,3617,3324,5084,5125,5984,6249,6701,10338,13209,3868,6645,149574,59968,22821,7287,54628,10214,2161,21,13
2021-05-26T23:59:59+02:00,11,14,4826,4328,9886,9606,12682,13176,17495,18681,23395,24633,19313,22076,14366,18052,4142,7201,1041,1018,1945,2344,2471,3420,3062,4839,4736,5632,5692,6051,9968,12677,3852,6609,145457,56822,22065,7250,54506,9442,1834,21,13
2021-05-25T23:59:59+02:00,11,13,4611,4098,9471,9129,12221,12669,16958,18102,22872,23994,19181,21903,14335,17973,4133,7187,990,973,1883,2254,2360,3284,2890,4636,4390,5256,5112,5317,9520,12076,3836,6584,141400,53270,21232,7235,54376,9015,1832,21,13
2021-05-24T23:59:59+02:00,11,13,4497,3939,9259,8925,12016,12409,16656,17780,22543,23594,19105,21824,14320,17953,4131,7186,974,925,1823,2212,2287,3223,2804,4555,4269,5140,4967,5158,9429,11949,3834,6576,139895,52564,20270,7182,54197,8592,1778,21,13
2021-05-23T23:59:59+02:00,11,13,4486,3938,9253,8921,12004,12399,16645,17773,22527,23573,19099,21819,14319,17951,4131,7186,972,920,1821,2208,2284,3221,2798,4551,4262,5124,4959,5144,9422,11936,3833,6575,139786,52487,20267,7169,54196,8587,1778,21,13
2021-05-22T23:59:59+02:00,11,13,4481,3935,9250,8918,11996,12393,16642,17769,22525,23571,19099,21819,14319,17951,4131,7186,972,920,1820,2207,2282,3221,2797,4551,4262,5122,4957,5143,9421,11936,3833,6575,139759,52481,20267,7169,54184,8582,1778,21,13
2021-05-21T23:59:59+02:00,11,13,4448,3896,9182,8843,11923,12304,16551,17694,22461,23503,19079,21801,14315,17944,4131,7184,927,910,1787,2195,2251,3212,2766,4526,4214,5094,4932,5119,9408,11929,3832,6574,139102,52414,20267,7169,54165,8356,1728,21,13
2021-05-20T23:59:59+02:00,8,12,4191,3712,8737,8489,11440,11886,15882,17191,21878,22923,18894,21634,14284,17904,4126,7173,781,845,1530,2035,2007,3056,2524,4307,3963,4861,4775,4956,9293,11786,3824,6550,135699,51685,19892,7070,53749,7326,1003,21,13
2021-05-19T23:59:59+02:00,8,12,3944,3467,8238,8019,10859,11337,15210,16487,21200,22197,18693,21403,14243,17854,4120,7155,729,798,1470,1955,1930,2954,2458,4182,3821,4703,4600,4743,9090,11557,3804,6521,130280,50604,19708,6936,53452,6781,985,21,13
2021-05-18T23:59:59+02:00,7,11,3656,3200,7689,7480,10128,10637,14248,15551,20253,21139,18434,21120,14188,17794,4114,7133,675,750,1415,1869,1855,2844,2330,4042,3645,4501,4331,4451,8888,11308,3791,6494,123224,49376,19614,6736,53010,6155,913,21,13
2021-05-17T23:59:59+02:00,7,11,3465,2989,7227,7011,9620,10097,13517,14760,19566,20336,18248,20858,14141,17728,4104,7119,616,695,1334,1806,1781,2762,2221,3967,3508,4388,4083,4220,8745,11096,3778,6466,117971,48576,19372,6522,52543,5462,897,21,13
2021-05-16T23:59:59+02:00,7,10,3336,2915,7019,6833,9416,9882,13263,14525,19338,20107,18170,20779,14127,17709,4103,7113,603,650,1295,1757,1736,2701,2184,3874,3443,4305,3992,4119,8725,11069,3776,6464,116346,48432,19130,6355,52262,5004,893,21,13
2021-05-15T23:59:59+02:00,7,10,3335,2912,7013,6826,9414,9876,13259,14523,19335,20098,18168,20778,14127,17709,4103,7113,603,650,1293,1757,1733,2701,2182,3874,3442,4305,3990,4117,8725,11069,3776,6464,116303,48425,19130,6354,52260,5001,892,21,13
2021-05-14T23:59:59+02:00,7,10,3294,2868,6900,6683,9285,9739,13110,14341,19163,19963,18144,20753,14126,17701,4102,7110,581,637,1271,1737,1705,2680,2148,3848,3398,4267,3940,4063,8718,11062,3776,6463,115898,48386,18382,6204,52177,4874,821,21,13
2021-05-13T23:59:59+02:00,7,10,3170,2703,6574,6362,8847,9341,12563,13860,18558,19366,18014,20609,14093,17665,4097,7108,545,612,1215,1682,1647,2607,2060,3741,3249,4147,3836,3927,8697,11042,3773,6459,113020,48291,17685,5816,51568,4469,654,20,11
2021-05-12T23:59:59+02:00,7,10,3143,2671,6541,6324,8798,9287,12424,13747,18373,19162,17981,20575,14085,17655,4097,7108,544,610,1214,1680,1642,2604,2052,3735,3235,4139,3823,3913,8689,11036,3773,6458,112306,48265,17458,5789,51550,4430,654,20,11
2021-05-11T23:59:59+02:00,5,10,2751,2415,5738,5822,7830,8474,11032,12584,16803,17687,17475,20013,14003,17550,4079,7085,507,552,1085,1573,1478,2447,1865,3556,3014,3877,3716,3799,8620,10943,3769,6453,104902,48035,16836,5593,49474,3492,125,19,11
2021-05-10T23:59:59+02:00,5,8,2563,2246,5263,5441,7134,7848,9998,11667,15508,16315,17097,19562,13940,17436,4072,7061,480,526,1042,1534,1434,2396,1806,3454,2895,3746,3634,3726,8581,10896,3765,6449,99084,47920,15929,5364,48008,2948,124,19,10
2021-05-09T23:59:59+02:00,5,8,2479,2216,5125,5356,6946,7729,9590,11328,14962,15788,16979,19423,13920,17408,4069,7056,464,508,1009,1477,1363,2312,1748,3332,2783,3592,3549,3634,8558,10864,3762,6446,97508,47835,15344,5095,47394,2341,122,19,10
2021-05-08T23:59:59+02:00,5,8,2475,2215,5124,5356,6946,7727,9586,11325,14961,15787,16979,19423,13920,17408,4069,7056,463,507,1009,1477,1363,2311,1748,3332,2782,3591,3547,3634,8558,10864,3762,6446,97494,47831,15343,5095,47392,2338,122,19,10
2021-05-07T23:59:59+02:00,5,8,2303,2153,4851,5262,6584,7573,9137,11110,14517,15467,16802,19221,13908,17379,4069,7054,451,505,998,1466,1348,2296,1713,3322,2732,3556,3502,3594,8480,10783,3762,6443,96787,47808,14823,4747,45656,2270,118,19,10
2021-05-06T23:59:59+02:00,5,8,2066,2019,4298,4912,5932,7197,8368,10552,13540,14645,16406,18771,13859,17285,4057,7041,421,457,957,1366,1261,2133,1607,3098,2510,3273,3324,3394,8302,10592,3753,6430,94213,47368,13583,4142,43098,1311,49,18,10
2021-05-05T23:59:59+02:00,5,8,1941,1906,4011,4688,5499,6826,7677,9965,12424,13587,15730,17936,13756,17183,4048,7017,413,445,944,1339,1233,2091,1572,3022,2450,3189,3274,3354,8223,10494,3747,6420,89800,47237,12258,3994,42097,937,34,18,10
2021-05-04T23:59:59+02:00,5,8,1855,1821,3743,4452,5089,6467,7015,9391,11205,12343,14812,16809,13646,17046,4044,7003,408,436,925,1320,1214,2048,1554,2984,2406,3134,3231,3307,8134,10383,3741,6406,83988,47099,11620,3795,41109,709,20,17,10
2021-05-03T23:59:59+02:00,4,8,1802,1769,3593,4328,4856,6253,6631,9059,10476,11607,14088,15831,13560,16931,4035,6986,402,426,922,1307,1200,2015,1533,2943,2373,3088,3178,3267,8020,10281,3736,6400,79558,46973,11416,3574,40808,519,18,17,9
2021-05-02T23:59:59+02:00,4,8,1792,1750,3519,4303,4773,6201,6561,8998,10359,11492,13901,15637,13528,16904,4034,6981,400,418,916,1292,1197,1998,1530,2930,2357,3071,3163,3250,7984,10249,3735,6396,79001,46954,11139,3477,40574,434,14,17,9
2021-05-01T23:59:59+02:00,4,8,1789,1750,3518,4302,4773,6200,6558,8997,10354,11488,13898,15637,13527,16903,4034,6978,399,418,916,1292,1197,1997,1530,2930,2357,3071,3163,3250,7984,10249,3735,6395,78975,46951,11139,3477,40573,434,14,17,9
2021-04-30T23:59:59+02:00,4,8,1787,1744,3512,4292,4766,6187,6537,8982,10316,11450,13847,15563,13501,16872,4033,6977,399,416,915,1290,1197,1997,1530,2930,2355,3070,3163,3248,7983,10247,3735,6395,78647,46944,11139,3476,40563,430,13,16,9
2021-04-29T23:59:59+02:00,4,7,1659,1702,3269,4177,4489,6036,6222,8730,9902,11059,13267,14860,13397,16718,4027,6969,390,405,906,1269,1177,1963,1505,2894,2326,3022,3148,3236,7970,10229,3733,6391,75867,46829,10752,3474,39849,242,12,14,9
2021-04-28T23:59:59+02:00,4,7,1531,1654,3093,4077,4252,5858,5862,8458,9315,10569,12390,13679,13241,16509,4018,6955,381,395,890,1257,1161,1934,1469,2850,2256,2953,2996,3103,7858,10113,3726,6380,71372,46415,10565,3062,39511,228,10,14,9
2021-04-27T23:59:59+02:00,4,7,1492,1609,2983,3959,4048,5715,5555,8199,8695,9898,11351,12372,13012,16153,4007,6933,369,380,881,1236,1146,1899,1442,2778,2210,2892,2957,3060,7831,10083,3720,6376,66566,46205,10377,2890,39026,148,10,13,9
2021-04-26T23:59:59+02:00,4,7,1465,1576,2869,3882,3875,5571,5244,7985,8205,9457,10595,11446,12868,15949,3996,6915,368,375,871,1225,1130,1888,1412,2758,2183,2862,2908,3010,7785,10034,3714,6371,63152,46108,10187,2642,38547,127,10,13,9
2021-04-25T23:59:59+02:00,4,7,1454,1570,2802,3852,3780,5511,5109,7938,8009,9351,10399,11211,12831,15895,3995,6910,367,370,862,1218,1112,1874,1397,2739,2160,2835,2866,2977,7736,9986,3713,6366,62648,46028,9984,2432,37973,101,10,13,9
2021-04-24T23:59:59+02:00,4,7,1453,1570,2802,3851,3779,5510,5107,7936,8005,9347,10393,11208,12831,15895,3995,6910,367,370,862,1218,1112,1871,1395,2738,2159,2835,2866,2977,7736,9986,3713,6366,62624,46023,9984,2431,37972,100,10,13,9
2021-04-23T23:59:59+02:00,4,7,1437,1560,2734,3817,3697,5480,4989,7888,7871,9287,10307,11097,12807,15854,3993,6906,366,370,861,1215,1112,1871,1394,2738,2159,2835,2866,2977,7735,9986,3713,6366,62494,46018,9703,2430,37515,99,10,13,9
2021-04-22T23:59:59+02:00,4,7,1394,1530,2627,3750,3538,5376,4757,7734,7519,9052,9738,10405,12541,15555,3987,6883,359,369,853,1206,1101,1859,1383,2712,2132,2814,2830,2945,7646,9879,3702,6350,60877,45613,9043,2421,36454,89,10,13,9
2021-04-21T23:59:59+02:00,4,7,1360,1492,2545,3672,3420,5273,4540,7553,7109,8724,8851,9373,12130,14977,3974,6842,355,367,848,1189,1092,1838,1365,2682,2102,2786,2771,2888,7532,9714,3685,6322,58152,45133,8174,2297,35497,89,10,13,9
2021-04-20T23:59:59+02:00,4,7,1337,1466,2475,3598,3318,5175,4365,7371,6723,8393,7960,8245,11668,14386,3960,6828,350,362,836,1176,1083,1816,1341,2659,2069,2742,2710,2831,7383,9529,3654,6269,55296,44418,7410,2292,34552,84,9,12,9
2021-04-19T23:59:59+02:00,4,7,1321,1451,2437,3560,3257,5108,4259,7269,6483,8161,7327,7471,11416,14031,3950,6810,348,360,832,1166,1077,1804,1318,2646,2035,2717,2656,2787,7268,9364,3631,6230,53352,43863,7038,2279,33911,81,9,12,9
2021-04-18T23:59:59+02:00,4,6,1311,1439,2405,3534,3218,5087,4206,7212,6348,8032,6974,7083,11322,13927,3947,6798,348,359,830,1162,1076,1797,1316,2633,2029,2712,2650,2774,7242,9332,3629,6227,52837,43742,6579,2277,33416,81,9,12,9
2021-04-17T23:59:59+02:00,4,6,1310,1437,2405,3533,3217,5083,4201,7209,6341,8022,6960,7073,11320,13925,3947,6798,348,359,829,1161,1076,1797,1314,2632,2028,2710,2647,2772,7241,9332,3629,6227,52815,43729,6577,2276,33378,81,9,12,9
2021-04-16T23:59:59+02:00,4,6,1307,1436,2395,3526,3209,5075,4180,7191,6290,7989,6884,6988,11308,13911,3945,6796,348,358,826,1159,1074,1797,1312,2631,2025,2710,2646,2765,7238,9330,3628,6227,52757,43706,6341,2271,33321,81,9,12,9
2021-04-15T23:59:59+02:00,2,4,1270,1415,2340,3477,3113,5016,4020,7063,6034,7757,6340,6430,11060,13622,3931,6764,340,356,807,1138,1035,1738,1267,2559,1951,2615,2568,2696,7150,9243,3618,6210,51670,43117,5953,2085,32014,75,9,12,7
2021-04-14T23:59:59+02:00,2,4,1248,1402,2305,3449,3044,4954,3913,6957,5843,7548,5697,5727,10671,13137,3899,6714,332,353,795,1129,1018,1712,1237,2518,1900,2565,2491,2627,7002,9048,3599,6184,50269,42457,5746,1965,30479,75,8,12,7
2021-04-13T23:59:59+02:00,2,4,1234,1392,2273,3419,2988,4891,3803,6875,5594,7326,5164,5181,10330,12724,3876,6686,311,339,777,1101,995,1691,1212,2483,1864,2524,2425,2561,6884,8912,3563,6123,49253,41772,5541,1908,28948,72,8,12,7
2021-04-12T23:59:59+02:00,2,4,1218,1386,2247,3396,2938,4846,3676,6795,5384,7176,4836,4887,10082,12443,3867,6663,295,335,763,1097,978,1675,1198,2460,1814,2477,2348,2502,6770,8771,3548,6101,48791,41196,5343,1860,27695,65,6,11,7
2021-04-11T23:59:59+02:00,2,4,1211,1372,2227,3376,2905,4826,3614,6724,5239,7067,4605,4688,9897,12245,3862,6652,288,333,758,1089,968,1661,1187,2432,1792,2447,2294,2443,6687,8663,3534,6081,48707,40781,5107,1802,26688,64,5,9,7
2021-04-10T23:59:59+02:00,2,4,1211,1371,2224,3372,2903,4822,3608,6721,5229,7055,4599,4679,9889,12232,3862,6651,285,329,743,1082,955,1656,1164,2412,1722,2395,2211,2357,6630,8616,3533,6077,48652,40615,5105,1481,26663,61,5,9,7
2021-04-09T23:59:59+02:00,2,4,1208,1368,2217,3370,2895,4813,3599,6710,5199,7031,4575,4651,9863,12202,3861,6651,276,326,723,1072,940,1635,1131,2365,1631,2320,1991,2088,6476,8456,3511,6044,48577,39759,5100,1155,26528,61,5,9,7
2021-04-08T23:59:59+02:00,2,4,1183,1348,2162,3314,2810,4723,3459,6580,4963,6798,4186,4243,9321,11631,3843,6598,251,306,671,1011,882,1563,1058,2268,1497,2200,1716,1752,6016,7898,3424,5901,48118,37202,4574,1152,24462,50,5,9,7
2021-04-07T23:59:59+02:00,2,4,1173,1334,2130,3297,2767,4685,3370,6518,4799,6663,3893,3943,8760,11081,3826,6569,217,276,611,956,821,1492,999,2207,1392,2101,1576,1577,5419,7203,3334,5747,47914,34724,4101,1147,22787,49,3,9,7
2021-04-06T23:59:59+02:00,2,4,1152,1317,2087,3272,2728,4653,3305,6470,4672,6571,3642,3689,8271,10573,3810,6539,210,270,583,937,796,1444,955,2150,1310,2014,1432,1390,4843,6412,3224,5542,47719,32319,3565,1139,21461,46,3,9,7
2021-04-05T23:59:59+02:00,2,4,1149,1312,2083,3269,2718,4651,3291,6456,4650,6553,3610,3662,8243,10536,3806,6537,207,257,576,921,777,1420,939,2114,1270,1974,1385,1327,4629,6142,3176,5487,47633,31410,3559,1137,21328,46,3,9,7
2021-04-04T23:59:59+02:00,2,4,1149,1312,2083,3268,2718,4650,3291,6456,4649,6552,3606,3660,8241,10534,3806,6537,207,257,575,921,777,1420,939,2114,1270,1973,1385,1327,4628,6142,3176,5487,47627,31407,3559,1137,21320,46,3,9,7
2021-04-03T23:59:59+02:00,2,4,1149,1312,2082,3268,2718,4650,3291,6456,4649,6552,3605,3658,8241,10532,3806,6537,207,257,575,920,777,1420,939,2114,1270,1973,1385,1327,4628,6142,3176,5487,47625,31406,3558,1137,21317,46,3,9,7
2021-04-02T23:59:59+02:00,2,4,1149,1312,2082,3266,2718,4649,3291,6453,4649,6550,3603,3654,8239,10531,3806,6537,207,257,575,920,777,1418,939,2114,1270,1972,1385,1325,4626,6141,3175,5487,47609,31398,3558,1136,21316,46,3,9,7
2021-04-01T23:59:59+02:00,1,4,1136,1275,2017,3144,2610,4450,3143,6204,4491,6311,3559,3618,8141,10426,3796,6521,202,248,571,912,766,1412,929,2100,1247,1956,1364,1298,4387,5822,3057,5322,47243,30414,3553,1132,20039,39,3,9,7
2021-03-31T23:59:59+02:00,1,4,1118,1243,1978,3043,2534,4307,3053,5991,4362,6082,3477,3536,7990,10230,3777,6487,194,245,564,900,762,1394,917,2080,1206,1922,1308,1235,3901,5225,2930,5089,46645,28696,3426,1132,19130,38,3,9,5
2021-03-30T23:59:59+02:00,1,3,1096,1209,1929,2862,2432,4081,2902,5633,4160,5694,3384,3442,7826,10027,3751,6436,190,240,556,889,751,1372,895,2060,1158,1877,1223,1151,3380,4515,2708,4757,46013,26555,3264,1132,17579,29,3,9,5
2021-03-29T23:59:59+02:00,1,3,1079,1165,1868,2727,2348,3922,2764,5379,3998,5421,3287,3343,7666,9799,3722,6389,189,235,550,878,741,1358,878,2036,1123,1849,1149,1064,2802,3838,2529,4463,45372,24531,3036,1127,16462,19,2,9,5
2021-03-28T23:59:59+02:00,1,3,1060,1132,1796,2562,2264,3716,2643,5079,3846,5144,3222,3278,7601,9734,3718,6383,189,235,548,875,740,1356,876,2030,1120,1846,1139,1052,2747,3770,2516,4436,45265,24334,2825,1124,15081,14,2,9,3
2021-03-27T23:59:59+01:00,1,3,1060,1132,1796,2561,2263,3715,2640,5079,3843,5144,3218,3278,7600,9734,3718,6383,189,235,547,875,740,1356,875,2030,1117,1846,1139,1052,2747,3770,2516,4436,45256,24329,2825,1124,15076,14,2,9,3
2021-03-26T23:59:59+01:00,1,3,1056,1110,1753,2446,2199,3557,2578,4868,3757,4920,3197,3261,7597,9729,3717,6382,189,234,546,875,739,1356,875,2030,1117,1843,1135,1051,2744,3762,2515,4433,45230,24305,2822,1124,14068,12,2,9,3
2021-03-25T23:59:59+01:00,1,3,1030,1078,1702,2343,2115,3389,2472,4640,3645,4723,3096,3170,7470,9598,3710,6368,187,231,541,873,732,1346,869,2013,1101,1819,1089,1007,2518,3415,2318,4141,44975,23062,2489,1124,13080,12,1,8,3
2021-03-24T23:59:59+01:00,1,3,1008,1058,1682,2301,2084,3339,2437,4573,3601,4654,3009,3101,7343,9430,3693,6350,187,227,535,869,725,1336,858,1998,1082,1798,1049,965,2134,2872,1929,3630,44444,21058,2361,1122,12853,12,1,8,3
2021-03-23T23:59:59+01:00,1,3,998,1052,1664,2269,2061,3305,2401,4529,3561,4603,2942,3028,7250,9329,3675,6322,185,224,531,864,718,1324,844,1979,1045,1768,968,875,1773,2383,1587,3167,43931,19133,2351,1088,12703,12,1,7,3
2021-03-22T23:59:59+01:00,1,3,995,1044,1649,2253,2047,3287,2379,4501,3524,4562,2898,2994,7188,9259,3660,6305,182,221,530,853,702,1301,830,1965,1016,1741,922,804,1304,1811,1241,2685,43596,17060,2331,1034,12614,12,1,7,3
2021-03-21T23:59:59+01:00,1,3,995,1044,1648,2250,2047,3286,2375,4497,3513,4555,2885,2985,7140,9203,3654,6299,182,218,529,851,701,1297,828,1961,1005,1736,899,785,1228,1726,1188,2616,43451,16759,2328,977,12593,12,1,7,3
2021-03-20T23:59:59+01:00,1,3,994,1043,1647,2249,2047,3286,2375,4497,3511,4553,2885,2984,7140,9202,3654,6299,182,218,529,851,701,1297,828,1961,993,1723,864,757,1198,1703,1179,2614,43450,16756,2324,828,12588,12,1,7,3
2021-03-19T23:59:59+01:00,1,3,993,1035,1640,2237,2036,3282,2373,4491,3504,4546,2875,2973,7127,9184,3653,6296,182,216,528,851,701,1295,828,1960,986,1718,820,720,1141,1653,1169,2604,43387,16713,2319,645,12535,12,1,7,3
2021-03-18T23:59:59+01:00,1,3,954,1003,1566,2126,1913,3115,2225,4245,3277,4295,2723,2815,6825,8819,3588,6197,181,215,523,846,694,1288,819,1949,964,1702,802,698,1066,1546,1028,2404,41995,16143,2010,568,11677,12,1,7,3
2021-03-17T23:59:59+01:00,1,3,900,970,1495,2069,1850,3049,2160,4183,3182,4199,2589,2682,6400,8328,3524,6084,180,213,520,841,692,1284,815,1944,959,1695,773,679,931,1393,872,2192,40231,15402,2007,567,11422,12,1,7,3
2021-03-16T23:59:59+01:00,1,3,875,947,1462,2029,1811,3000,2107,4128,3088,4101,2455,2523,5930,7681,3436,5934,174,210,515,840,688,1277,810,1935,952,1682,768,666,844,1267,730,2028,38246,14803,1948,567,11309,12,1,7,3
2021-03-15T23:59:59+01:00,1,3,858,940,1444,2007,1773,2945,2069,4056,2988,3992,2323,2354,5447,7140,3364,5821,173,209,515,833,686,1268,806,1925,942,1666,757,656,774,1156,582,1831,36484,14235,1852,529,11182,12,0,7,3
2021-03-14T23:59:59+01:00,1,3,853,926,1419,1978,1749,2916,2038,3996,2925,3926,2145,2158,5262,6914,3332,5790,173,209,514,830,684,1257,805,1918,939,1656,739,647,758,1137,558,1776,35461,14090,1754,504,11109,3,0,7,3
2021-03-13T23:59:59+01:00,1,3,845,919,1398,1966,1733,2903,2013,3968,2853,3878,2076,2084,5215,6861,3330,5789,173,209,514,829,684,1257,805,1918,939,1656,739,647,758,1137,558,1776,35210,14089,1515,504,11103,3,0,7,3
2021-03-12T23:59:59+01:00,1,3,821,904,1354,1909,1671,2804,1916,3816,2696,3711,1879,1847,5031,6638,3300,5746,173,209,513,829,684,1257,804,1918,939,1655,731,644,745,1122,550,1773,33884,14037,1276,503,10880,3,0,7,3
2021-03-11T23:59:59+01:00,1,3,786,845,1285,1826,1587,2657,1832,3615,2534,3539,1616,1538,4666,6168,3167,5565,164,203,507,820,674,1248,789,1882,919,1614,603,583,677,1081,530,1742,31777,13539,1181,493,10265,2,0,7,2
2021-03-10T23:59:59+01:00,1,3,770,794,1262,1768,1554,2598,1782,3544,2453,3450,1544,1449,4200,5628,3049,5315,164,201,498,798,655,1235,780,1862,912,1598,534,568,644,1072,523,1736,29970,13387,1174,389,10013,2,0,7,2
2021-03-09T23:59:59+01:00,1,3,758,771,1242,1737,1526,2552,1742,3493,2380,3398,1452,1351,3640,4878,2865,5010,162,199,493,777,645,1211,766,1830,900,1570,530,566,642,1067,520,1730,27807,13327,1171,277,9814,2,0,7,2
2021-03-08T23:59:59+01:00,0,3,754,743,1229,1718,1509,2532,1716,3457,2341,3355,1360,1251,2972,4051,2631,4641,158,196,479,753,623,1178,747,1780,876,1533,526,564,642,1066,520,1730,25362,13319,1171,50,9723,0,0,7,2
2021-03-07T23:59:59+01:00,0,3,751,739,1221,1709,1501,2518,1705,3449,2330,3347,1347,1235,2870,3931,2608,4591,158,196,479,753,623,1178,747,1780,876,1533,526,564,642,1066,520,1730,25010,13319,1169,50,9669,0,0,7,2
2021-03-06T23:59:59+01:00,0,3,750,739,1220,1707,1498,2515,1701,3446,2326,3346,1344,1235,2870,3931,2608,4591,157,196,479,753,623,1178,747,1780,876,1533,526,564,642,1066,520,1730,25005,13318,1169,50,9649,0,0,7,2
2021-03-05T23:59:59+01:00,0,3,685,713,1194,1693,1477,2506,1676,3431,2297,3337,1339,1232,2862,3923,2605,4586,157,196,479,752,623,1177,747,1780,876,1531,525,564,642,1066,520,1730,24975,13313,1165,50,9412,0,0,7,2
2021-03-04T23:59:59+01:00,0,3,619,665,1127,1623,1420,2424,1635,3352,2223,3260,1289,1184,2646,3559,2422,4299,155,190,476,738,612,1165,736,1752,867,1518,515,553,630,1056,515,1721,23758,13148,1158,49,8827,0,0,7,2
2021-03-03T23:59:59+01:00,0,3,583,626,1059,1559,1323,2342,1535,3266,2098,3176,1244,1139,2279,3040,2069,3854,155,190,474,735,612,1165,735,1750,865,1517,513,551,628,1053,515,1719,21902,13127,1157,48,8131,0,0,5,2
2021-03-02T23:59:59+01:00,0,3,565,593,1021,1513,1267,2299,1478,3214,2001,3115,1161,1038,1913,2560,1681,3331,153,188,469,729,607,1154,725,1740,860,1496,504,542,617,1032,496,1689,19837,12951,1154,48,7757,0,0,5,2
2021-03-01T23:59:59+01:00,0,3,558,545,1003,1474,1221,2238,1432,3149,1946,3042,1117,964,1421,1965,1307,2795,151,188,469,729,607,1153,725,1737,859,1496,502,542,614,1023,492,1678,17575,12915,1151,48,7449,0,0,5,2
2021-02-28T23:59:59+01:00,0,3,551,531,986,1435,1195,2176,1404,3091,1891,2969,1096,942,1307,1824,1234,2706,151,188,468,728,607,1153,724,1735,858,1495,500,542,614,1023,492,1678,17096,12906,1148,48,7092,0,0,5,2
2021-02-27T23:59:59+01:00,0,3,551,529,985,1435,1195,2175,1404,3090,1891,2968,1096,942,1307,1823,1232,2706,151,188,467,727,604,1151,722,1733,856,1494,500,542,614,1023,492,1678,17093,12906,1148,34,7086,0,0,5,2
2021-02-26T23:59:59+01:00,0,3,400,477,854,1391,1112,2132,1337,3049,1832,2926,1091,935,1304,1822,1232,2705,151,188,467,727,604,1151,722,1732,856,1493,500,542,614,1023,492,1678,17082,12905,1148,33,6367,0,0,5,2
2021-02-25T23:59:59+01:00,0,3,308,423,759,1297,1028,2043,1238,2876,1693,2764,1053,903,1223,1700,1118,2517,144,178,455,714,588,1126,715,1707,836,1469,488,528,586,992,478,1659,16495,12638,1148,23,5298,0,0,5,2
2021-02-24T23:59:59+01:00,0,2,259,378,687,1222,954,1954,1184,2758,1628,2646,1026,883,1100,1555,962,2303,142,178,452,711,584,1125,714,1702,835,1465,483,523,578,987,475,1647,15788,12579,1146,20,4562,0,0,5,2
2021-02-23T23:59:59+01:00,0,2,247,357,665,1164,926,1875,1137,2646,1553,2537,1000,855,1023,1427,825,2145,142,177,452,709,584,1125,714,1699,833,1464,482,520,576,986,475,1646,15240,12568,1115,15,4024,0,0,5,1
2021-02-22T23:59:59+01:00,0,0,233,338,642,1134,894,1792,1087,2554,1468,2414,955,826,905,1284,644,1893,142,177,451,708,582,1124,712,1699,827,1462,481,519,575,984,474,1644,14499,12556,1046,4,3513,0,0,5,1
2021-02-21T23:59:59+01:00,0,0,227,327,607,1067,844,1686,1044,2453,1389,2307,938,805,874,1233,592,1829,142,176,448,701,581,1120,712,1694,827,1461,480,519,574,984,473,1643,14293,12530,1006,4,2918,0,0,5,1
2021-02-20T23:59:59+01:00,0,0,227,324,604,1066,842,1681,1041,2448,1376,2290,902,776,843,1210,584,1827,142,176,448,701,581,1120,712,1694,827,1461,480,518,573,984,473,1643,14293,12529,852,4,2891,0,0,5,0
2021-02-19T23:59:59+01:00,0,0,217,316,594,1058,829,1666,1020,2431,1343,2247,659,674,706,1148,559,1810,142,176,448,700,581,1117,711,1692,824,1458,480,517,573,983,472,1643,13817,12514,672,3,2783,0,0,5,0
2021-02-18T23:59:59+01:00,0,0,200,266,555,937,745,1439,889,2172,1095,1871,580,606,668,1108,540,1793,137,176,435,688,566,1100,705,1666,808,1430,477,514,572,981,472,1643,13661,12367,576,3,1223,0,0,4,0
2021-02-17T23:59:59+01:00,0,0,195,228,535,888,708,1342,831,2005,1011,1739,558,586,668,1105,538,1790,130,174,424,678,558,1084,686,1635,795,1407,474,512,570,978,472,1642,13644,12216,576,3,503,0,0,4,0
2021-02-16T23:59:59+01:00,0,0,189,225,528,873,692,1311,812,1966,978,1699,546,581,662,1103,537,1788,125,169,410,672,547,1068,674,1617,786,1393,467,507,563,965,466,1612,13616,12039,576,2,294,0,0,4,0
2021-02-15T23:59:59+01:00,0,0,174,216,522,846,686,1277,798,1931,949,1652,545,578,660,1103,537,1788,122,168,403,662,537,1049,645,1590,772,1375,465,504,563,965,466,1612,13613,11896,537,2,108,0,0,4,0
2021-02-14T23:59:59+01:00,0,0,169,208,519,834,685,1268,795,1922,931,1643,544,577,660,1100,536,1788,115,165,392,651,520,1031,627,1576,765,1363,465,502,561,963,466,1612,13607,11772,535,2,33,0,0,4,0
2021-02-13T23:59:59+01:00,0,0,168,208,518,834,685,1268,795,1922,931,1643,544,577,660,1100,536,1788,115,165,391,650,520,1031,627,1576,765,1363,465,502,561,963,466,1612,13606,11770,535,2,32,0,0,4,0
2021-02-12T23:59:59+01:00,0,0,167,207,514,833,684,1265,791,1921,929,1640,543,577,660,1100,536,1788,111,163,388,644,516,1025,613,1561,762,1346,463,501,550,943,463,1587,13599,11634,534,2,18,0,0,4,0
2021-02-11T23:59:59+01:00,0,0,165,206,510,826,677,1261,789,1918,923,1638,538,571,653,1094,531,1782,91,127,359,573,470,946,562,1443,718,1252,438,456,509,889,421,1493,13548,10746,522,1,8,0,0,4,0
2021-02-10T23:59:59+01:00,0,0,162,204,500,809,661,1246,777,1891,908,1614,530,565,643,1082,526,1772,81,115,331,514,443,839,520,1268,644,1096,391,406,443,777,375,1338,13425,9580,460,1,1,0,0,4,0
2021-02-09T23:59:59+01:00,0,0,161,197,492,770,645,1207,757,1830,897,1572,518,553,637,1068,518,1756,76,99,312,448,408,755,480,1164,579,996,361,352,404,692,345,1225,13316,8696,258,0,0,0,0,4,0
2021-02-08T23:59:59+01:00,0,0,157,193,475,745,622,1172,737,1780,877,1528,512,552,635,1062,514,1743,63,73,267,379,359,619,420,935,507,817,304,297,341,544,290,1034,13249,7249,51,0,0,0,0,4,0
2021-02-07T23:59:59+01:00,0,0,157,192,473,744,620,1171,736,1772,875,1526,511,552,635,1062,514,1742,62,65,249,344,340,575,404,903,488,782,303,289,339,537,288,1031,13227,6999,51,0,0,0,0,4,0
2021-02-06T23:59:59+01:00,0,0,157,192,473,744,620,1171,736,1772,875,1526,511,552,635,1062,514,1742,62,65,249,344,340,575,404,902,486,780,303,288,338,535,287,1031,13227,6989,51,0,0,0,0,4,0
2021-02-05T23:59:59+01:00,0,0,157,192,473,744,620,1171,736,1772,875,1525,511,552,635,1062,514,1742,60,65,247,342,333,571,396,880,477,760,293,283,328,513,272,995,13226,6815,51,0,0,0,0,4,0
2021-02-04T23:59:59+01:00,0,0,151,187,469,736,613,1163,732,1758,869,1516,504,545,614,1037,505,1724,44,50,213,309,292,475,354,739,385,614,229,216,245,353,203,737,13069,5458,50,0,0,0,0,4,0
2021-02-03T23:59:59+01:00,0,0,149,186,463,730,605,1154,728,1746,860,1500,495,537,601,1024,498,1716,36,32,157,218,238,348,265,564,310,465,180,170,172,264,155,556,12939,4130,49,0,0,0,0,4,0
2021-02-02T23:59:59+01:00,0,0,149,183,461,729,605,1154,725,1740,853,1496,494,535,597,1021,497,1712,27,26,138,171,193,279,221,428,258,374,140,131,130,199,120,438,12899,3273,49,0,0,0,0,3,0
2021-02-01T23:59:59+01:00,0,0,147,183,460,728,600,1151,724,1732,851,1491,493,533,592,1018,496,1706,22,19,101,126,137,188,154,299,169,259,89,94,88,126,66,239,12853,2176,49,0,0,0,0,3,0
2021-01-31T23:59:59+01:00,0,0,147,183,460,725,597,1150,724,1728,851,1490,491,532,591,1016,496,1705,16,15,67,85,95,123,117,222,142,203,84,87,84,118,64,226,12835,1748,49,0,0,0,0,2,0
2021-01-30T23:59:59+01:00,0,0,147,183,459,725,595,1148,723,1727,851,1490,491,532,590,1016,496,1705,16,15,67,85,95,121,115,218,139,200,83,86,84,112,58,216,12834,1710,42,0,0,0,0,2,0
2021-01-29T23:59:59+01:00,0,0,147,183,459,723,594,1145,721,1725,849,1489,491,532,590,1016,496,1705,14,15,55,80,78,117,97,207,116,188,78,79,83,108,57,215,12829,1587,34,0,0,0,0,2,0
2021-01-28T23:59:59+01:00,0,0,140,179,446,706,577,1119,715,1698,826,1460,484,526,587,1013,493,1702,9,3,12,20,24,45,30,95,48,88,45,50,54,78,41,160,12643,802,26,0,0,0,0,2,0
2021-01-27T23:59:59+01:00,0,0,133,177,435,696,569,1110,699,1664,819,1436,481,524,583,1008,493,1697,5,1,4,12,10,23,13,40,23,30,12,17,24,31,18,49,12498,312,24,0,0,0,0,2,0
2021-01-26T23:59:59+01:00,0,0,127,173,421,683,556,1096,690,1641,808,1415,475,519,577,991,486,1663,5,1,4,11,7,21,11,37,17,27,12,15,23,30,18,48,12304,287,15,0,0,0,0,2,0
2021-01-25T23:59:59+01:00,0,0,124,171,412,671,545,1077,662,1613,790,1398,473,515,575,990,486,1663,4,1,3,9,7,16,6,28,12,21,9,6,13,19,9,30,12159,193,4,0,0,0,0,2,0
2021-01-24T23:59:59+01:00,0,0,117,168,402,661,531,1059,645,1600,777,1387,472,512,574,990,486,1663,3,0,1,6,7,4,4,7,5,8,1,2,11,12,6,17,12038,94,4,0,0,0,0,2,0
2021-01-23T23:59:59+01:00,0,0,117,168,402,660,531,1059,645,1600,777,1387,472,512,574,990,486,1663,2,0,1,6,7,4,4,7,5,8,1,2,11,12,6,17,12037,93,4,0,0,0,0,2,0
2021-01-22T23:59:59+01:00,0,0,113,166,395,654,528,1053,631,1585,771,1369,471,508,563,969,481,1637,2,0,1,6,7,4,4,7,5,8,1,2,11,12,6,17,11891,93,3,0,0,0,0,0,0
2021-01-21T23:59:59+01:00,0,0,101,158,380,636,505,1020,601,1535,749,1327,455,470,530,925,447,1572,2,0,1,6,7,4,4,7,5,8,1,2,11,12,6,17,11408,93,3,0,0,0,0,0,0
2021-01-20T23:59:59+01:00,0,0,82,116,346,547,461,880,543,1301,661,1140,397,411,447,790,388,1360,2,0,1,5,7,4,4,7,5,8,1,2,11,12,6,17,9867,92,3,0,0,0,0,0,0
2021-01-19T23:59:59+01:00,0,0,77,104,317,471,421,791,503,1187,609,1037,374,374,412,712,359,1270,2,0,1,3,7,4,4,7,5,8,1,0,8,8,5,15,9015,78,3,0,0,0,0,0,0
2021-01-18T23:59:59+01:00,0,0,63,74,272,384,366,641,429,955,516,840,308,307,347,564,306,1082,2,0,1,3,7,4,4,7,5,8,1,0,8,8,5,15,7452,78,2,0,0,0,0,0,0
2021-01-17T23:59:59+01:00,0,0,62,65,253,349,344,589,410,913,493,801,305,298,346,557,303,1074,0,0,0,0,0,0,0,0,0,0,0,0,0,0,0,0,7160,0,2,0,0,0,0,0,0
2021-01-16T23:59:59+01:00,0,0,62,65,253,349,344,589,410,912,491,799,305,297,344,553,302,1074,0,0,0,0,0,0,0,0,0,0,0,0,0,0,0,0,7147,0,2,0,0,0,0,0,0
2021-01-15T23:59:59+01:00,0,0,60,65,252,346,338,583,399,889,480,774,291,291,327,526,281,1036,0,0,0,0,0,0,0,0,0,0,0,0,0,0,0,0,6936,0,2,0,0,0,0,0,0
2021-01-14T23:59:59+01:00,0,0,46,52,238,323,314,508,365,764,393,628,228,219,244,355,205,753,0,0,0,0,0,0,0,0,0,0,0,0,0,0,0,0,5635,0,0,0,0,0,0,0,0
2021-01-13T23:59:59+01:00,0,0,40,42,213,267,273,409,300,614,322,502,177,176,175,270,163,589,0,0,0,0,0,0,0,0,0,0,0,0,0,0,0,0,4532,0,0,0,0,0,0,0,0
2021-01-12T23:59:59+01:00,0,0,36,40,208,252,259,377,277,534,290,456,141,135,136,207,126,459,0,0,0,0,0,0,0,0,0,0,0,0,0,0,0,0,3933,0,0,0,0,0,0,0,0
2021-01-11T23:59:59+01:00,0,0,30,36,197,231,240,325,229,445,240,382,110,106,102,134,74,292,0,0,0,0,0,0,0,0,0,0,0,0,0,0,0,0,3173,0,0,0,0,0,0,0,0
2021-01-10T23:59:59+01:00,0,0,28,31,159,169,197,250,191,349,198,305,98,99,99,129,72,278,0,0,0,0,0,0,0,0,0,0,0,0,0,0,0,0,2652,0,0,0,0,0,0,0,0
2021-01-09T23:59:59+01:00,0,0,28,31,152,165,195,242,187,342,196,300,98,99,99,129,72,278,0,0,0,0,0,0,0,0,0,0,0,0,0,0,0,0,2613,0,0,0,0,0,0,0,0
2021-01-08T23:59:59+01:00,0,0,25,28,121,142,174,229,162,313,168,279,93,89,98,125,71,277,0,0,0,0,0,0,0,0,0,0,0,0,0,0,0,0,2394,0,0,0,0,0,0,0,0
2021-01-07T23:59:59+01:00,0,0,10,3,16,25,32,55,37,105,61,112,48,51,61,85,45,188,0,0,0,0,0,0,0,0,0,0,0,0,0,0,0,0,934,0,0,0,0,0,0,0,0
2021-01-06T23:59:59+01:00,0,0,5,1,5,12,10,22,13,39,20,31,13,14,26,35,19,56,0,0,0,0,0,0,0,0,0,0,0,0,0,0,0,0,321,0,0,0,0,0,0,0,0
2021-01-05T23:59:59+01:00,0,0,4,1,4,10,9,18,10,31,15,26,10,14,23,30,18,50,0,0,0,0,0,0,0,0,0,0,0,0,0,0,0,0,273,0,0,0,0,0,0,0,0
2021-01-04T23:59:59+01:00,0,0,3,1,2,7,9,10,4,15,8,16,5,3,12,16,7,27,0,0,0,0,0,0,0,0,0,0,0,0,0,0,0,0,145,0,0,0,0,0,0,0,0
2021-01-03T23:59:59+01:00,0,0,3,0,1,6,8,4,4,7,5,9,1,2,12,12,6,17,0,0,0,0,0,0,0,0,0,0,0,0,0,0,0,0,97,0,0,0,0,0,0,0,0
2021-01-02T23:59:59+01:00,0,0,3,0,1,6,8,4,4,7,5,9,1,2,12,12,6,17,0,0,0,0,0,0,0,0,0,0,0,0,0,0,0,0,97,0,0,0,0,0,0,0,0
2021-01-01T23:59:59+01:00,0,0,2,0,1,6,8,4,4,7,5,9,1,2,12,12,6,17,0,0,0,0,0,0,0,0,0,0,0,0,0,0,0,0,96,0,0,0,0,0,0,0,0
2020-12-31T23:59:59+01:00,0,0,2,0,1,5,8,4,4,7,5,9,1,2,12,12,6,17,0,0,0,0,0,0,0,0,0,0,0,0,0,0,0,0,95,0,0,0,0,0,0,0,0
2020-12-30T23:59:59+01:00,0,0,2,0,1,5,8,4,4,7,5,9,1,2,12,12,6,17,0,0,0,0,0,0,0,0,0,0,0,0,0,0,0,0,95,0,0,0,0,0,0,0,0
2020-12-29T23:59:59+01:00,0,0,2,0,1,3,8,4,4,7,5,9,1,0,9,8,5,15,0,0,0,0,0,0,0,0,0,0,0,0,0,0,0,0,81,0,0,0,0,0,0,0,0
2020-12-28T23:59:59+01:00,0,0,2,0,1,3,8,4,4,7,5,9,1,0,9,8,5,15,0,0,0,0,0,0,0,0,0,0,0,0,0,0,0,0,81,0,0,0,0,0,0,0,0
2020-12-27T23:59:59+01:00,0,0,2,0,1,3,8,4,4,7,5,9,1,0,9,8,5,15,0,0,0,0,0,0,0,0,0,0,0,0,0,0,0,0,81,0,0,0,0,0,0,0,0
