Datum,<15_1_m,<15_1_w,15-24_1_m,15-24_1_w,25-34_1_m,25-34_1_w,35-44_1_m,35-44_1_w,45-54_1_m,45-54_1_w,55-64_1_m,55-64_1_w,65-74_1_m,65-74_1_w,75-84_1_m,75-84_1_w,>84_1_m,>84_1_w,<15_2_m,<15_2_w,15-24_2_m,15-24_2_w,25-34_2_m,25-34_2_w,35-44_2_m,35-44_2_w,45-54_2_m,45-54_2_w,55-64_2_m,55-64_2_w,65-74_2_m,65-74_2_w,75-84_2_m,75-84_2_w,>84_2_m,>84_2_w,bp_1,bp_2,mo_1,mo_2,az_1,az_2,ja,unb_1,unb_2
2021-10-30T23:59:59+01:00,2514,2401,18164,16733,23401,21520,25005,24444,28483,29062,31214,32105,21754,24842,15553,19572,4543,7906,2008,1894,16332,15145,21666,19909,23447,22895,26957,27499,29972,30829,21126,24129,15127,18942,4376,7600,243114,227910,32993,31775,55087,52131,17998,33,39
2021-10-29T23:59:59+02:00,2503,2388,18106,16695,23344,21490,24943,24407,28427,29033,31192,32087,21750,24833,15547,19567,4542,7905,2004,1889,16318,15134,21654,19897,23437,22881,26946,27486,29964,30827,21124,24127,15127,18941,4376,7600,242689,227793,32963,31773,55087,52131,17996,33,39
2021-10-28T23:59:59+02:00,2481,2366,18032,16641,23271,21436,24899,24363,28391,28996,31160,32061,21744,24825,15541,19558,4541,7902,1974,1870,16264,15088,21620,19856,23407,22850,26921,27465,29944,30803,21114,24120,15125,18938,4376,7595,242175,227413,32934,31760,55087,52130,17988,33,39
2021-10-27T23:59:59+02:00,2448,2330,17921,16561,23123,21341,24797,24279,28294,28939,31114,32029,21735,24803,15534,19549,4541,7901,1951,1841,16195,15042,21574,19798,23376,22813,26889,27428,29919,30779,21103,24107,15118,18928,4375,7591,241250,226942,32897,31739,55087,52126,17981,33,39
2021-10-26T23:59:59+02:00,2423,2306,17862,16516,23080,21294,24753,24242,28249,28896,31087,32012,21733,24793,15531,19547,4541,7898,1933,1818,16154,14997,21543,19767,23343,22784,26878,27408,29906,30768,21096,24107,15116,18926,4375,7591,240788,226638,32896,31739,55087,52126,17968,33,39
2021-10-25T23:59:59+02:00,2422,2302,17862,16512,23077,21292,24751,24239,28248,28894,31086,32012,21733,24793,15531,19547,4541,7898,1933,1817,16154,14996,21542,19766,23341,22783,26878,27408,29906,30768,21096,24107,15116,18926,4375,7591,240767,226633,32896,31739,55087,52126,17966,33,39
2021-10-24T23:59:59+02:00,2413,2294,17844,16488,23060,21274,24725,24223,28239,28888,31079,32007,21731,24791,15529,19545,4541,7898,1923,1800,16136,14961,21519,19743,23329,22755,26867,27397,29896,30761,21093,24102,15114,18920,4375,7591,240611,226428,32883,31725,55087,52126,17964,33,39
2021-10-23T23:59:59+02:00,2413,2294,17843,16488,23057,21274,24725,24223,28238,28888,31079,32007,21731,24791,15529,19545,4541,7898,1923,1800,16136,14961,21517,19743,23329,22755,26867,27397,29896,30761,21093,24102,15114,18920,4375,7591,240607,226427,32883,31725,55087,52126,17963,33,39
2021-10-22T23:59:59+02:00,2392,2277,17781,16447,23008,21229,24674,24171,28206,28859,31046,31987,21724,24782,15524,19543,4540,7896,1917,1793,16118,14950,21508,19735,23314,22738,26861,27393,29887,30755,21091,24100,15114,18920,4375,7591,240148,226324,32875,31723,55087,52122,17952,33,39
2021-10-21T23:59:59+02:00,2377,2251,17739,16404,22959,21180,24637,24137,28161,28833,31029,31965,21717,24777,15521,19539,4539,7888,1871,1755,16057,14873,21466,19674,23277,22691,26822,27356,29873,30734,21084,24088,15105,18902,4373,7586,239753,225809,32849,31677,55087,52122,17940,33,39
2021-10-20T23:59:59+02:00,2346,2210,17663,16345,22869,21117,24560,24095,28122,28785,30995,31938,21705,24768,15517,19530,4537,7885,1817,1712,15972,14804,21417,19607,23218,22645,26780,27301,29844,30705,21063,24076,15098,18885,4367,7584,239118,225154,32829,31654,55087,52119,17929,33,39
2021-10-19T23:59:59+02:00,2325,2196,17629,16319,22849,21102,24548,24080,28109,28773,30987,31918,21698,24757,15515,19522,4536,7884,1786,1673,15913,14756,21374,19560,23197,22620,26759,27282,29824,30686,21054,24062,15093,18879,4367,7581,238882,224730,32829,31654,55087,52118,17925,33,39
2021-10-18T23:59:59+02:00,2312,2186,17611,16298,22834,21077,24529,24063,28097,28763,30975,31907,21692,24755,15513,19515,4534,7881,1762,1650,15871,14708,21355,19536,23173,22591,26738,27256,29804,30671,21048,24057,15089,18873,4366,7580,238678,224393,32829,31654,55087,52118,17924,33,39
2021-10-17T23:59:59+02:00,2303,2180,17586,16264,22805,21048,24509,24049,28081,28754,30965,31899,21684,24751,15511,19512,4534,7878,1744,1621,15828,14661,21326,19493,23152,22565,26719,27235,29790,30667,21042,24048,15089,18868,4364,7578,238459,224078,32823,31635,55087,52118,17920,33,39
2021-10-16T23:59:59+02:00,2303,2180,17585,16264,22805,21048,24509,24049,28081,28754,30965,31899,21684,24751,15511,19512,4534,7878,1744,1621,15828,14661,21326,19492,23152,22565,26719,27235,29790,30667,21042,24048,15089,18868,4364,7578,238458,224077,32823,31635,55087,52118,17920,33,39
2021-10-15T23:59:59+02:00,2294,2170,17560,16248,22787,21033,24485,24032,28065,28740,30959,31895,21678,24744,15511,19512,4534,7877,1736,1606,15815,14644,21314,19481,23144,22558,26716,27229,29785,30662,21039,24046,15088,18868,4364,7578,238284,223963,32811,31635,55087,52118,17918,33,39
2021-10-14T23:59:59+02:00,2284,2152,17518,16213,22753,21001,24463,24010,28048,28722,30948,31882,21672,24741,15508,19509,4533,7873,1715,1580,15753,14592,21285,19436,23109,22520,26698,27193,29763,30639,21028,24038,15083,18858,4362,7576,237995,223556,32810,31621,55087,52099,17913,33,39
2021-10-13T23:59:59+02:00,2254,2133,17438,16140,22692,20938,24418,23968,28011,28679,30920,31852,21659,24731,15502,19504,4532,7869,1677,1549,15654,14503,21234,19385,23067,22483,26657,27154,29735,30611,21021,24020,15081,18843,4362,7572,237489,223020,32784,31594,55087,52099,17856,32,39
2021-10-12T23:59:59+02:00,2244,2114,17397,16096,22668,20910,24393,23940,27995,28659,30908,31833,21655,24726,15499,19496,4531,7868,1654,1530,15602,14442,21216,19353,23042,22462,26634,27129,29713,30591,21013,24011,15079,18840,4360,7571,237184,222668,32783,31585,55086,52095,17855,32,39
2021-10-11T23:59:59+02:00,2233,2102,17368,16065,22653,20889,24378,23920,27977,28641,30895,31823,21650,24718,15497,19491,4528,7863,1636,1519,15560,14406,21177,19299,23019,22425,26608,27089,29684,30575,21002,24001,15073,18833,4356,7568,236947,222260,32783,31585,55086,52095,17851,32,39
2021-10-10T23:59:59+02:00,2229,2094,17350,16047,22633,20875,24373,23912,27969,28628,30891,31816,21644,24714,15497,19489,4528,7860,1620,1508,15503,14362,21112,19239,22981,22387,26563,27063,29663,30553,20992,23990,15067,18826,4356,7568,236814,221812,32779,31562,55086,52094,17846,32,39
2021-10-09T23:59:59+02:00,2227,2094,17350,16046,22631,20874,24373,23912,27969,28628,30891,31816,21644,24714,15497,19489,4528,7860,1619,1505,15502,14360,21112,19238,22981,22387,26563,27062,29663,30553,20992,23990,15067,18826,4356,7568,236808,221803,32779,31562,55086,52094,17846,32,39
2021-10-08T23:59:59+02:00,2222,2086,17339,16023,22605,20862,24355,23903,27954,28612,30876,31807,21642,24709,15497,19489,4528,7860,1612,1501,15496,14347,21098,19223,22970,22379,26553,27045,29659,30546,20990,23984,15065,18825,4356,7568,236672,221701,32767,31562,55085,52094,17821,32,39
2021-10-07T23:59:59+02:00,2198,2066,17283,15980,22574,20816,24329,23875,27922,28588,30855,31784,21637,24706,15495,19480,4527,7855,1577,1469,15423,14269,21032,19153,22926,22331,26523,27008,29631,30523,20979,23969,15060,18815,4352,7567,236301,221161,32757,31515,55082,52086,17806,32,39
2021-10-06T23:59:59+02:00,2174,2043,17224,15934,22529,20763,24304,23833,27891,28558,30839,31759,21626,24694,15488,19474,4526,7851,1540,1442,15360,14196,20980,19092,22888,22295,26492,26969,29607,30494,20968,23955,15049,18809,4350,7565,235888,220660,32738,31488,55082,52086,17778,32,39
2021-10-05T23:59:59+02:00,2154,2026,17178,15896,22484,20735,24271,23794,27869,28533,30826,31742,21621,24686,15488,19469,4525,7850,1528,1425,15332,14166,20927,19067,22858,22267,26464,26944,29582,30469,20960,23937,15046,18801,4347,7565,235620,220392,32738,31487,55082,52086,17681,32,39
2021-10-04T23:59:59+02:00,2127,1991,17121,15857,22433,20706,24248,23769,27853,28499,30807,31724,21617,24677,15486,19466,4524,7847,1522,1413,15295,14143,20902,19039,22844,22242,26446,26925,29570,30455,20953,23927,15042,18797,4347,7557,235278,220181,32738,31487,55082,52084,17628,32,39
2021-10-03T23:59:59+02:00,2122,1980,17093,15818,22404,20674,24214,23747,27839,28479,30790,31715,21614,24670,15485,19461,4524,7845,1502,1392,15263,14103,20878,19009,22820,22223,26432,26903,29556,30445,20943,23914,15040,18794,4347,7557,235072,219962,32732,31475,55081,52082,17563,32,39
2021-10-02T23:59:59+02:00,2122,1980,17093,15818,22404,20674,24213,23747,27839,28479,30790,31715,21614,24670,15485,19461,4524,7845,1502,1392,15263,14103,20878,19009,22820,22223,26432,26903,29556,30444,20943,23914,15040,18794,4347,7557,235071,219961,32732,31475,55081,52082,17563,32,39
2021-10-01T23:59:59+02:00,2117,1975,17079,15801,22401,20662,24199,23726,27834,28472,30786,31710,21611,24668,15485,19459,4523,7845,1500,1389,15259,14101,20875,19007,22819,22223,26430,26901,29556,30440,20942,23912,15040,18794,4347,7557,234954,219935,32731,31475,55081,52082,17561,32,39
2021-09-30T23:59:59+02:00,2096,1959,17022,15751,22359,20606,24159,23691,27804,28439,30764,31687,21601,24662,15480,19452,4521,7840,1463,1358,15189,14034,20838,18970,22788,22182,26407,26867,29537,30419,20938,23903,15037,18786,4343,7552,234574,219548,32718,31452,55081,52078,17494,32,39
2021-09-29T23:59:59+02:00,2029,1914,16931,15675,22290,20538,24105,23640,27743,28388,30727,31659,21585,24648,15473,19438,4518,7838,1444,1327,15119,13979,20797,18918,22752,22129,26371,26837,29502,30392,20930,23891,15026,18778,4342,7549,233945,219154,32703,31430,55080,52075,17385,32,39
2021-09-28T23:59:59+02:00,2011,1897,16850,15610,22219,20486,24041,23598,27704,28346,30710,31642,21576,24634,15468,19428,4518,7835,1430,1315,15052,13932,20739,18877,22709,22103,26341,26802,29481,30371,20917,23876,15020,18768,4340,7545,233513,218823,32702,31430,55080,52074,17252,32,39
2021-09-27T23:59:59+02:00,1948,1828,16786,15550,22182,20450,24015,23570,27676,28310,30690,31625,21569,24627,15466,19425,4517,7833,1419,1300,15025,13900,20717,18840,22694,22077,26322,26790,29463,30355,20913,23866,15016,18760,4339,7542,233014,218551,32702,31430,55080,52073,17245,32,39
2021-09-26T23:59:59+02:00,1927,1807,16717,15486,22130,20390,23975,23519,27647,28285,30675,31616,21559,24620,15465,19422,4517,7831,1403,1286,14956,13833,20665,18785,22645,22021,26283,26753,29444,30328,20906,23856,15008,18757,4339,7539,232646,218153,32685,31403,55079,52060,17152,32,39
2021-09-25T23:59:59+02:00,1927,1807,16715,15486,22128,20389,23973,23518,27647,28285,30675,31616,21559,24620,15465,19422,4517,7831,1403,1286,14955,13833,20664,18785,22645,22021,26282,26751,29444,30328,20905,23856,15008,18757,4339,7539,232639,218149,32685,31402,55079,52060,17151,32,39
2021-09-24T23:59:59+02:00,1926,1804,16688,15466,22086,20360,23940,23497,27627,28264,30658,31601,21557,24616,15463,19421,4517,7831,1396,1279,14927,13806,20615,18753,22604,21995,26254,26731,29422,30308,20900,23850,15006,18755,4338,7538,232578,218022,32685,31402,55079,52060,16954,32,39
2021-09-23T23:59:59+02:00,1896,1766,16612,15380,22025,20285,23891,23429,27582,28209,30633,31561,21545,24605,15455,19406,4514,7829,1369,1251,14849,13743,20554,18710,22575,21948,26220,26687,29397,30281,20896,23839,15000,18747,4338,7537,232018,217620,32646,31368,55079,52060,16854,32,39
2021-09-22T23:59:59+02:00,1863,1735,16508,15302,21935,20208,23815,23374,27514,28149,30592,31526,21529,24582,15453,19393,4512,7826,1314,1200,14722,13635,20465,18632,22511,21878,26158,26626,29348,30245,20877,23829,14994,18739,4335,7528,231409,216941,32625,31326,55079,52053,16677,32,39
2021-09-21T23:59:59+02:00,1833,1691,16429,15227,21876,20148,23765,23325,27473,28114,30554,31487,21518,24562,15450,19383,4506,7818,1305,1184,14665,13588,20408,18592,22468,21835,26125,26601,29323,30220,20865,23815,14987,18728,4332,7524,230938,216657,32625,31326,55079,52053,16490,32,39
2021-09-20T23:59:59+02:00,1806,1676,16355,15163,21821,20101,23716,23285,27435,28071,30521,31469,21509,24549,15444,19377,4505,7816,1293,1174,14608,13535,20361,18548,22430,21807,26077,26569,29298,30195,20857,23803,14985,18722,4329,7521,230532,216339,32623,31325,55079,52052,16357,32,39
2021-09-19T23:59:59+02:00,1779,1653,16291,15113,21771,20041,23683,23252,27404,28043,30500,31444,21500,24538,15440,19366,4505,7813,1285,1164,14549,13491,20316,18496,22379,21784,26052,26537,29281,30181,20850,23790,14981,18719,4328,7517,230167,216057,32601,31292,55079,52052,16260,32,39
2021-09-18T23:59:59+02:00,1779,1653,16290,15111,21770,20040,23681,23250,27404,28042,30500,31444,21500,24538,15440,19366,4505,7813,1285,1164,14549,13489,20316,18496,22378,21783,26052,26535,29281,30181,20850,23790,14981,18719,4328,7517,230161,216056,32601,31291,55079,52052,16256,32,39
2021-09-17T23:59:59+02:00,1774,1646,16268,15092,21745,20021,23661,23239,27391,28026,30491,31438,21497,24535,15437,19363,4504,7813,1277,1155,14528,13475,20306,18490,22369,21778,26045,26531,29271,30175,20847,23787,14980,18718,4328,7517,229990,215953,32601,31291,55079,52052,16242,32,39
2021-09-16T23:59:59+02:00,1735,1615,16169,14995,21662,19921,23591,23156,27325,27966,30452,31400,21484,24518,15432,19353,4499,7813,1244,1126,14444,13401,20263,18435,22333,21727,26014,26486,29250,30144,20836,23777,14973,18711,4325,7513,229185,215497,32580,31213,55079,52040,16213,32,39
2021-09-15T23:59:59+02:00,1704,1598,16103,14917,21609,19867,23545,23111,27294,27933,30427,31376,21471,24497,15420,19344,4498,7811,1215,1098,14370,13315,20197,18375,22294,21675,25975,26443,29218,30121,20823,23762,14961,18703,4324,7511,228655,214937,32561,31168,55079,52035,16201,32,39
2021-09-14T23:59:59+02:00,1691,1583,16068,14871,21562,19828,23515,23076,27262,27895,30401,31352,21456,24486,15417,19332,4495,7810,1197,1083,14332,13276,20173,18353,22271,21649,25955,26428,29207,30111,20812,23754,14958,18696,4323,7509,228242,214655,32559,31167,55079,52035,16191,32,39
2021-09-13T23:59:59+02:00,1670,1570,16024,14819,21536,19797,23484,23043,27246,27859,30387,31337,21455,24476,15412,19330,4494,7807,1191,1075,14303,13261,20147,18337,22251,21629,25940,26416,29197,30088,20803,23743,14957,18689,4321,7507,227897,214431,32558,31167,55079,52035,16183,32,39
2021-09-12T23:59:59+02:00,1660,1557,16000,14796,21520,19775,23469,23018,27231,27844,30377,31329,21448,24468,15412,19325,4494,7807,1177,1070,14270,13232,20124,18300,22231,21603,25927,26393,29186,30079,20796,23735,14952,18682,4319,7502,227704,214191,32540,31136,55079,52034,16178,32,39
2021-09-11T23:59:59+02:00,1659,1557,15988,14792,21512,19767,23468,23017,27229,27843,30374,31327,21447,24467,15412,19325,4494,7807,1177,1070,14265,13230,20122,18297,22229,21603,25927,26392,29186,30079,20795,23735,14952,18682,4319,7502,227667,214180,32540,31136,55076,52034,16173,32,39
2021-09-10T23:59:59+02:00,1659,1557,15965,14787,21498,19756,23450,23014,27212,27833,30361,31322,21446,24465,15408,19323,4494,7806,1175,1070,14242,13223,20106,18287,22215,21599,25912,26379,29168,30076,20794,23731,14949,18679,4318,7501,227637,214141,32540,31136,55076,52034,16074,32,39
2021-09-09T23:59:59+02:00,1614,1518,15883,14710,21438,19687,23397,22964,27152,27783,30332,31293,21437,24448,15394,19309,4492,7804,1148,1044,14160,13151,20034,18219,22148,21544,25863,26338,29132,30044,20778,23703,14931,18665,4316,7499,227105,213674,32509,31053,55075,52014,15937,32,39
2021-09-08T23:59:59+02:00,1576,1471,15755,14616,21367,19610,23344,22889,27102,27740,30292,31245,21420,24430,15385,19298,4491,7804,1131,1019,14071,13060,19951,18165,22083,21492,25816,26299,29096,29994,20759,23682,14927,18657,4315,7498,226560,213274,32439,30961,55075,52009,15732,32,39
2021-09-07T23:59:59+02:00,1563,1451,15705,14563,21313,19585,23308,22866,27075,27707,30275,31229,21409,24408,15379,19290,4489,7804,1114,1005,14003,13011,19888,18126,22041,21462,25779,26266,29067,29966,20747,23668,14923,18650,4314,7498,226317,212990,32434,30931,55075,52004,15564,32,39
2021-09-06T23:59:59+02:00,1550,1441,15656,14517,21293,19554,23285,22838,27050,27688,30259,31207,21399,24405,15375,19283,4489,7802,1102,996,13972,12974,19869,18101,22012,21440,25759,26246,29052,29951,20739,23660,14919,18646,4314,7495,226066,212786,32434,30931,55075,52004,15487,32,39
2021-09-05T23:59:59+02:00,1530,1426,15626,14490,21275,19532,23275,22813,27041,27676,30254,31199,21394,24399,15369,19281,4489,7798,1094,982,13934,12938,19838,18065,21987,21412,25740,26228,29039,29932,20735,23652,14917,18644,4314,7495,225853,212569,32427,30851,55074,52003,15484,32,39
2021-09-04T23:59:59+02:00,1530,1426,15618,14487,21261,19527,23268,22808,27035,27670,30248,31196,21393,24396,15369,19280,4489,7798,1094,982,13926,12935,19824,18058,21980,21407,25733,26222,29033,29928,20734,23649,14917,18643,4314,7495,225852,212568,32427,30848,55074,52003,15416,32,39
2021-09-03T23:59:59+02:00,1527,1423,15602,14473,21228,19503,23238,22787,27011,27658,30233,31181,21386,24388,15369,19274,4489,7797,1094,982,13911,12921,19797,18039,21956,21392,25716,26212,29018,29917,20728,23642,14917,18640,4314,7495,225779,212549,32426,30843,55074,52002,15258,32,39
2021-09-02T23:59:59+02:00,1511,1403,15530,14414,21181,19453,23203,22739,26970,27617,30196,31155,21373,24378,15363,19261,4487,7791,1069,961,13818,12857,19752,17978,21911,21349,25674,26166,28979,29890,20716,23631,14912,18628,4313,7494,225357,212094,32421,30838,55072,51982,15145,32,39
2021-09-01T23:59:59+02:00,1460,1346,15389,14260,21061,19357,23133,22684,26903,27545,30145,31105,21355,24353,15355,19247,4484,7786,1037,921,13672,12736,19626,17881,21826,21279,25616,26097,28929,29827,20691,23602,14900,18615,4309,7488,224583,211514,32395,30641,55071,51969,14889,32,39
2021-08-31T23:59:59+02:00,1436,1331,15327,14189,20997,19305,23089,22642,26853,27503,30111,31073,21342,24340,15349,19238,4484,7785,1023,908,13598,12670,19578,17840,21794,21243,25583,26074,28901,29801,20685,23592,14897,18607,4308,7487,224124,211169,32394,30641,55070,51964,14776,32,39
2021-08-30T23:59:59+02:00,1413,1312,15259,14143,20949,19251,23057,22603,26816,27470,30078,31043,21329,24331,15345,19229,4482,7778,1018,893,13541,12628,19532,17790,21761,21218,25553,26037,28867,29776,20674,23577,14887,18598,4307,7483,223760,210867,32394,30638,55070,51962,14634,32,39
2021-08-29T23:59:59+02:00,1397,1300,15215,14097,20911,19220,23033,22579,26798,27446,30060,31028,21325,24322,15345,19227,4482,7777,1007,885,13488,12583,19510,17769,21734,21198,25532,26018,28854,29759,20666,23569,14884,18594,4305,7482,223470,210600,32393,30638,55070,51961,14599,32,39
2021-08-28T23:59:59+02:00,1397,1300,15209,14094,20900,19213,23027,22575,26795,27437,30057,31027,21324,24322,15345,19227,4482,7777,1007,885,13482,12579,19499,17762,21728,21194,25529,26009,28851,29758,20665,23569,14884,18594,4305,7482,223470,210599,32393,30638,55070,51961,14545,32,39
2021-08-27T23:59:59+02:00,1388,1293,15177,14067,20872,19197,22994,22559,26769,27425,30041,31007,21318,24314,15341,19226,4479,7774,1001,880,13453,12548,19462,17745,21700,21173,25501,25996,28834,29740,20659,23560,14881,18593,4304,7482,223332,210457,32393,30637,55067,51960,14419,32,39
2021-08-26T23:59:59+02:00,1375,1275,15132,14022,20825,19158,22965,22521,26736,27386,30009,30970,21303,24298,15334,19218,4476,7766,989,870,13384,12488,19386,17688,21641,21116,25445,25948,28795,29704,20646,23539,14871,18580,4303,7478,223038,210173,32374,30513,55067,51886,14260,32,39
2021-08-25T23:59:59+02:00,1330,1230,14985,13899,20712,19064,22886,22427,26657,27302,29951,30914,21281,24272,15324,19208,4472,7760,961,840,13261,12404,19301,17611,21575,21044,25375,25894,28750,29661,20619,23518,14863,18566,4302,7475,222180,209600,32359,30465,55067,51878,14039,31,38
2021-08-24T23:59:59+02:00,1306,1206,14921,13848,20670,19012,22831,22381,26622,27266,29922,30883,21265,24257,15318,19198,4471,7759,936,819,13165,12345,19240,17528,21538,20992,25331,25851,28720,29623,20601,23498,14856,18554,4300,7470,221764,209116,32329,30407,55067,51863,13947,31,34
2021-08-23T23:59:59+02:00,1288,1187,14853,13810,20630,18983,22803,22356,26587,27246,29897,30856,21246,24243,15313,19185,4470,7758,910,794,13048,12267,19177,17469,21486,20943,25291,25796,28675,29580,20582,23481,14849,18542,4297,7470,221455,208597,32313,30316,55067,51863,13847,31,34
2021-08-22T23:59:59+02:00,1279,1179,14838,13790,20614,18963,22791,22336,26572,27231,29880,30852,21239,24239,15311,19177,4468,7757,887,777,12989,12198,19125,17435,21457,20908,25270,25770,28649,29558,20574,23470,14848,18538,4297,7470,221280,208273,32294,30207,55067,51860,13846,31,34
2021-08-21T23:59:59+02:00,1279,1179,14829,13780,20602,18955,22781,22330,26568,27226,29869,30845,21239,24237,15311,19177,4468,7757,887,777,12979,12188,19114,17427,21449,20902,25264,25765,28639,29551,20574,23468,14848,18538,4297,7470,221275,208269,32294,30207,55067,51860,13767,31,34
2021-08-20T23:59:59+02:00,1272,1174,14800,13745,20567,18925,22758,22307,26542,27203,29852,30829,21236,24228,15309,19171,4468,7757,886,776,12961,12172,19090,17407,21431,20881,25250,25747,28621,29532,20570,23462,14847,18535,4297,7470,221081,208164,32294,30205,55067,51860,13672,31,34
2021-08-19T23:59:59+02:00,1254,1158,14741,13696,20527,18896,22727,22272,26519,27174,29827,30805,21225,24220,15306,19166,4467,7754,857,763,12828,12054,19001,17330,21345,20823,25179,25680,28561,29482,20549,23449,14841,18526,4295,7467,220775,207528,32262,30068,55067,51799,13601,31,34
2021-08-18T23:59:59+02:00,1231,1139,14657,13604,20412,18836,22651,22211,26453,27117,29768,30747,21200,24200,15300,19154,4465,7751,829,742,12690,11935,18863,17248,21248,20733,25092,25597,28478,29414,20516,23404,14830,18511,4294,7462,220362,206919,32244,29946,55065,51791,13196,31,34
2021-08-17T23:59:59+02:00,1220,1126,14617,13567,20369,18792,22616,22177,26419,27089,29751,30727,21188,24186,15289,19145,4461,7750,808,718,12581,11850,18781,17187,21170,20672,25040,25544,28441,29373,20497,23389,14821,18498,4292,7460,220082,206386,32209,29816,55065,51783,13104,31,33
2021-08-16T23:59:59+02:00,1208,1115,14569,13519,20334,18763,22587,22144,26398,27060,29717,30696,21175,24175,15282,19133,4459,7748,780,704,12486,11751,18690,17115,21099,20587,24976,25485,28374,29310,20474,23367,14811,18480,4291,7457,219814,205768,32207,29688,55065,51782,12967,31,32
2021-08-15T23:59:59+02:00,1198,1102,14531,13492,20306,18733,22559,22125,26385,27044,29707,30682,21170,24163,15277,19131,4458,7746,756,688,12420,11684,18637,17085,21048,20549,24940,25442,28355,29288,20464,23354,14807,18474,4289,7455,219592,205319,32207,29687,55065,51781,12916,31,32
2021-08-14T23:59:59+02:00,1198,1101,14524,13488,20297,18727,22550,22118,26371,27037,29702,30674,21167,24162,15276,19130,4458,7746,756,688,12413,11680,18627,17077,21038,20542,24926,25435,28350,29279,20461,23353,14806,18473,4289,7455,219591,205317,32207,29684,55065,51781,12834,31,32
2021-08-13T23:59:59+02:00,1195,1098,14515,13478,20283,18717,22538,22113,26364,27027,29687,30666,21158,24157,15275,19130,4458,7746,753,687,12398,11667,18616,17068,21025,20533,24920,25419,28336,29275,20455,23346,14804,18473,4289,7454,219534,205251,32207,29684,55065,51781,12770,31,32
2021-08-12T23:59:59+02:00,1175,1076,14458,13423,20242,18677,22514,22078,26336,26997,29656,30644,21146,24138,15271,19123,4458,7741,727,661,12231,11524,18478,16956,20932,20449,24840,25334,28269,29219,20434,23314,14791,18461,4286,7448,219208,204458,32195,29496,55065,51712,12656,31,32
2021-08-11T23:59:59+02:00,1159,1054,14388,13360,20200,18623,22470,22039,26303,26972,29628,30604,21133,24121,15268,19112,4455,7737,703,640,12092,11384,18393,16868,20852,20375,24791,25261,28227,29155,20401,23287,14784,18450,4284,7443,218807,203557,32122,29491,55065,51707,12603,31,32
2021-08-10T23:59:59+02:00,1144,1036,14309,13286,20145,18576,22436,21995,26271,26941,29595,30575,21119,24112,15268,19104,4454,7735,684,618,11979,11266,18296,16798,20788,20309,24739,25204,28183,29103,20374,23259,14770,18432,4283,7437,218385,202808,32090,29468,55065,51682,12532,31,32
2021-08-09T23:59:59+02:00,1127,1017,14224,13224,20064,18519,22387,21947,26219,26897,29558,30541,21101,24095,15262,19095,4449,7733,639,577,11797,11104,18124,16701,20664,20227,24643,25108,28103,29027,20338,23219,14756,18420,4280,7428,217937,201819,32070,29359,55064,51587,12359,31,31
2021-08-08T23:59:59+02:00,1113,1010,14181,13184,20043,18484,22361,21927,26204,26877,29542,30527,21094,24089,15259,19091,4448,7732,613,558,11714,11017,18036,16617,20599,20170,24580,25061,28057,28983,20316,23196,14743,18409,4280,7424,217708,201164,32038,29281,55063,51569,12328,31,31
2021-08-07T23:59:59+02:00,1113,1010,14166,13179,20033,18479,22355,21922,26192,26863,29527,30515,21092,24085,15255,19086,4447,7732,613,557,11700,11011,18019,16613,20593,20164,24567,25046,28040,28971,20314,23192,14739,18404,4279,7424,217706,201149,32037,29280,55062,51569,12217,31,31
2021-08-06T23:59:59+02:00,1113,1010,14156,13167,20020,18460,22341,21908,26170,26854,29513,30504,21089,24081,15252,19084,4447,7731,613,557,11688,10997,17997,16592,20577,20148,24546,25037,28027,28960,20311,23188,14736,18402,4279,7424,217698,201122,32033,29280,55062,51568,12078,31,31
2021-08-05T23:59:59+02:00,1101,991,14085,13125,19970,18426,22298,21865,26135,26798,29485,30480,21075,24066,15244,19076,4445,7728,578,527,11514,10888,17885,16492,20464,20049,24441,24947,27958,28911,20285,23164,14725,18388,4276,7422,217385,200336,31989,29188,55059,51428,11931,31,31
2021-08-04T23:59:59+02:00,1085,974,14021,13055,19867,18342,22231,21806,26094,26756,29436,30432,21052,24048,15234,19063,4445,7725,540,493,11328,10713,17654,16352,20289,19922,24323,24823,27850,28813,20257,23131,14712,18376,4273,7420,217119,199290,31826,29128,55058,51185,11635,30,31
2021-08-03T23:59:59+02:00,1061,956,13949,12993,19830,18292,22197,21765,26059,26714,29401,30403,21036,24024,15224,19049,4442,7715,484,451,11142,10539,17481,16224,20150,19790,24175,24701,27730,28706,20214,23084,14695,18344,4271,7414,216742,197856,31798,29093,55057,51130,11485,30,31
2021-08-02T23:59:59+02:00,1037,936,13863,12926,19772,18234,22146,21725,26005,26653,29349,30353,21005,23993,15214,19029,4439,7713,458,421,10973,10370,17309,16099,20003,19677,24058,24586,27643,28605,20168,23031,14676,18325,4268,7404,216260,196665,31767,29044,55057,51054,11280,30,31
2021-08-01T23:59:59+02:00,1027,921,13802,12879,19736,18217,22127,21704,25980,26632,29330,30336,20996,23981,15210,19022,4439,7712,422,390,10828,10222,17148,15990,19853,19568,23914,24480,27535,28525,20154,23007,14667,18311,4268,7400,216023,195772,31718,28952,55057,50703,11224,30,31
2021-07-31T23:59:59+02:00,1027,921,13777,12870,19718,18209,22110,21693,25966,26620,29322,30325,20994,23976,15209,19021,4438,7712,421,390,10802,10210,17127,15977,19835,19555,23901,24468,27527,28514,20152,23002,14666,18310,4267,7400,216019,195753,31718,28952,55057,50703,11085,30,31
2021-07-30T23:59:59+02:00,1019,911,13717,12824,19672,18187,22080,21674,25936,26598,29294,30307,20987,23968,15203,19019,4436,7711,400,372,10716,10137,17063,15934,19776,19520,23834,24427,27479,28489,20137,22980,14657,18306,4264,7398,215840,195366,31714,28952,55057,50637,10903,30,31
2021-07-29T23:59:59+02:00,995,893,13612,12738,19608,18126,22007,21620,25885,26542,29242,30269,20969,23958,15196,19012,4436,7709,355,332,10449,9878,16763,15689,19481,19303,23532,24198,27228,28325,20082,22924,14645,18285,4264,7397,215397,193616,31642,28842,55057,49949,10692,30,31
2021-07-28T23:59:59+02:00,967,863,13481,12610,19482,18017,21921,21537,25805,26463,29166,30202,20946,23922,15183,19000,4434,7707,320,292,10159,9676,16502,15500,19220,19114,23304,24007,27073,28182,20034,22851,14626,18262,4261,7392,214746,192281,31607,28758,55053,49434,10271,30,31
2021-07-27T23:59:59+02:00,936,842,13363,12516,19417,17957,21855,21484,25739,26405,29126,30157,20931,23902,15178,18980,4433,7701,272,237,9903,9464,16250,15272,18993,18928,23111,23834,26910,28045,19992,22798,14604,18235,4255,7383,214151,190619,31552,28599,55052,49098,10139,29,31
2021-07-26T23:59:59+02:00,911,824,13258,12422,19365,17900,21781,21420,25690,26372,29071,30097,20902,23879,15160,18961,4433,7697,224,208,9667,9215,16010,15069,18745,18726,22885,23667,26759,27918,19921,22738,14576,18199,4250,7377,213548,188867,31480,28499,55051,48720,10037,28,31
2021-07-25T23:59:59+02:00,892,813,13182,12350,19286,17850,21724,21368,25650,26324,29034,30051,20885,23863,15153,18955,4430,7696,201,188,9481,9073,15809,14919,18542,18585,22716,23556,26610,27798,19871,22690,14560,18186,4247,7374,213245,187959,31418,28347,55051,48304,9765,28,31
2021-07-24T23:59:59+02:00,892,813,13172,12341,19276,17843,21713,21363,25634,26317,29029,30045,20881,23862,15152,18954,4430,7696,201,188,9471,9059,15799,14912,18529,18579,22699,23547,26604,27790,19868,22687,14559,18185,4247,7374,213242,187942,31416,28344,55051,48304,9677,28,31
2021-07-23T23:59:59+02:00,884,812,13106,12304,19198,17809,21673,21330,25598,26277,28996,30009,20866,23846,15144,18950,4428,7693,201,187,9418,9031,15715,14868,18475,18538,22648,23505,26560,27751,19851,22671,14552,18179,4245,7371,213115,187779,31415,28338,55051,48303,9315,28,31
2021-07-22T23:59:59+02:00,872,798,13011,12222,19139,17742,21628,21300,25549,26230,28972,29987,20853,23828,15142,18944,4425,7691,147,144,9100,8757,15312,14621,18111,18283,22317,23258,26354,27616,19794,22615,14539,18157,4242,7366,212648,185952,31330,28085,55048,47385,9280,28,31
2021-07-21T23:59:59+02:00,850,771,12809,12056,18990,17619,21494,21201,25443,26127,28895,29916,20811,23793,15125,18921,4421,7686,124,123,8722,8441,14879,14292,17732,18008,21960,22926,26080,27405,19701,22527,14513,18119,4239,7357,212022,184044,31221,27734,55045,46726,8613,28,31
2021-07-20T23:59:59+02:00,820,746,12660,11921,18881,17534,21424,21125,25381,26061,28856,29865,20786,23760,15117,18905,4418,7683,94,96,8393,8130,14409,13953,17351,17735,21656,22697,25836,27219,19620,22418,14484,18084,4237,7351,211336,181888,31111,27571,55042,45847,8427,28,30
2021-07-19T23:59:59+02:00,791,719,12539,11803,18790,17461,21362,21066,25327,26007,28806,29828,20761,23731,15107,18891,4414,7677,73,65,8067,7875,14042,13699,17004,17486,21329,22494,25608,27077,19551,22342,14462,18062,4231,7345,210616,179843,31005,27412,55042,45137,8390,28,30
2021-07-18T23:59:59+02:00,773,700,12425,11695,18691,17382,21295,21013,25271,25954,28769,29774,20739,23711,15095,18880,4412,7675,60,54,7896,7722,13886,13576,16853,17364,21167,22381,25478,26995,19511,22302,14448,18046,4231,7342,210031,178905,30856,27308,55042,44771,8298,28,30
2021-07-17T23:59:59+02:00,773,700,12422,11695,18690,17379,21295,21013,25271,25954,28769,29774,20739,23711,15095,18880,4412,7675,60,54,7889,7721,13882,13571,16851,17363,21166,22380,25477,26993,19509,22301,14448,18046,4231,7342,210027,178883,30856,27306,55042,44770,8295,28,30
2021-07-16T23:59:59+02:00,766,695,12350,11641,18649,17347,21260,20986,25238,25931,28743,29755,20737,23708,15095,18878,4412,7675,56,51,7737,7620,13729,13500,16707,17304,21028,22321,25370,26945,19490,22281,14447,18040,4231,7339,209819,178433,30856,27233,55042,44378,8122,28,30
2021-07-15T23:59:59+02:00,751,675,12277,11571,18585,17289,21204,20938,25190,25890,28715,29727,20722,23691,15090,18869,4411,7672,54,48,7393,7305,13121,13094,16040,16881,20391,21951,24912,26633,19344,22141,14404,17994,4228,7332,209339,176199,30770,26335,55035,42606,8096,28,30
2021-07-14T23:59:59+02:00,722,655,12064,11434,18412,17179,21082,20840,25086,25786,28626,29626,20688,23658,15071,18853,4408,7669,46,37,6977,6950,12457,12640,15348,16392,19758,21493,24447,26290,19126,21915,14372,17946,4220,7321,208521,173373,30604,25997,55032,40660,7675,28,30
2021-07-13T23:59:59+02:00,678,620,11926,11302,18291,17096,20971,20745,24989,25690,28556,29560,20659,23619,15051,18843,4406,7659,36,26,6515,6527,11823,12138,14653,15887,19154,21081,24006,25963,18949,21700,14328,17884,4216,7312,207503,169707,30466,25825,55022,38996,7643,28,27
2021-07-12T23:59:59+02:00,644,589,11801,11164,18174,17006,20879,20638,24888,25590,28474,29493,20633,23585,15043,18831,4401,7652,32,20,6099,6111,11219,11602,14027,15349,18599,20589,23587,25601,18751,21510,14263,17826,4207,7308,206482,166016,30337,24998,55019,38039,7620,28,27
2021-07-11T23:59:59+02:00,608,562,11686,11072,18110,16944,20822,20581,24834,25543,28417,29445,20614,23565,15034,18822,4401,7651,29,19,5910,5942,10963,11400,13794,15149,18353,20400,23378,25416,18678,21428,14236,17800,4206,7302,205844,164624,30218,24530,55017,37615,7607,26,27
2021-07-10T23:59:59+02:00,607,561,11679,11071,18106,16942,20818,20580,24831,25542,28416,29445,20614,23565,15033,18820,4401,7651,29,19,5903,5941,10958,11393,13784,15145,18352,20398,23376,25414,18676,21427,14235,17800,4206,7302,205824,164594,30216,24529,55017,37608,7600,26,27
2021-07-09T23:59:59+02:00,579,538,11569,10946,18032,16858,20748,20519,24757,25466,28366,29400,20591,23545,15030,18810,4401,7650,29,18,5869,5908,10929,11359,13733,15124,18321,20366,23357,25392,18671,21417,14233,17797,4206,7301,204956,164359,30215,24479,55017,37573,7592,26,27
2021-07-08T23:59:59+02:00,544,510,11405,10811,17907,16753,20613,20417,24651,25338,28248,29322,20547,23496,15014,18781,4398,7642,26,15,5525,5650,10413,10961,13112,14674,17657,19806,22749,24926,18354,21026,14137,17714,4201,7291,204187,162048,30189,23670,54988,35484,7008,26,27
2021-07-07T23:59:59+02:00,484,457,11236,10665,17824,16666,20543,20349,24578,25260,28187,29258,20519,23460,15009,18769,4396,7634,21,15,5218,5357,9885,10509,12532,14192,16974,19285,22183,24427,18040,20661,14035,17617,4194,7268,203172,159585,30165,22203,54971,33637,6961,26,27
2021-07-06T23:59:59+02:00,443,423,11112,10515,17713,16572,20450,20246,24499,25167,28096,29179,20493,23421,15000,18752,4394,7631,14,9,4819,4928,9285,9994,11819,13590,16265,18670,21668,23932,17721,20356,13935,17501,4185,7258,202037,155393,30158,21262,54962,32343,6924,26,27
2021-07-05T23:59:59+02:00,421,396,11022,10426,17622,16501,20369,20174,24438,25116,28055,29142,20469,23400,14988,18744,4393,7628,11,8,4531,4607,8787,9543,11259,13036,15556,18025,21046,23323,17328,19959,13802,17343,4177,7250,201296,151496,30155,20581,54953,30612,6875,26,27
2021-07-04T23:59:59+02:00,408,390,10946,10371,17557,16447,20319,20124,24407,25080,28039,29124,20460,23389,14983,18741,4392,7627,11,8,4385,4516,8659,9377,11067,12861,15313,17814,20780,23051,17055,19668,13742,17251,4173,7246,200816,150178,30149,20276,54952,29634,6862,26,27
2021-07-03T23:59:59+02:00,406,389,10939,10360,17547,16441,20317,20121,24405,25080,28036,29123,20460,23388,14983,18741,4392,7627,11,8,4381,4509,8652,9373,11064,12861,15309,17814,20777,23048,17055,19665,13742,17251,4173,7246,200788,150165,30147,20276,54952,29628,6843,26,27
2021-07-02T23:59:59+02:00,363,326,10794,10250,17430,16339,20213,20045,24332,25015,27973,29064,20434,23362,14977,18727,4392,7624,11,8,4294,4428,8489,9236,10928,12749,15186,17707,20666,22944,17013,19635,13735,17236,4173,7243,199903,149176,30147,20275,54952,29570,6633,26,27
2021-07-01T23:59:59+02:00,316,283,10660,10115,17303,16245,20090,19956,24248,24940,27909,29012,20414,23338,14961,18712,4389,7620,11,6,4089,4227,8187,8898,10558,12338,14617,17207,20156,22405,16725,19336,13527,17022,4163,7221,198829,146112,30089,19591,54946,28341,6622,26,27
2021-06-30T23:59:59+02:00,233,221,10405,9875,17129,16094,19956,19825,24132,24816,27830,28923,20392,23306,14942,18694,4388,7619,11,5,3892,4030,7885,8561,10150,11876,14128,16651,19583,21771,16402,18993,13254,16744,4150,7194,197176,142432,30034,19340,54938,26874,6607,26,27
2021-06-29T23:59:59+02:00,189,184,10257,9699,16993,15999,19853,19732,24063,24740,27772,28855,20365,23279,14928,18674,4388,7615,10,5,3690,3770,7485,8109,9676,11339,13473,15978,18969,21067,16084,18666,13006,16454,4143,7180,196024,138144,30029,19041,54934,25318,6574,25,27
2021-06-28T23:59:59+02:00,140,132,10064,9516,16866,15893,19750,19628,23969,24646,27704,28793,20335,23249,14914,18656,4386,7613,9,4,3489,3515,7084,7665,9239,10846,12924,15440,18471,20549,15833,18400,12887,16321,4137,7169,194842,134306,29916,18617,54931,24491,6541,25,27
2021-06-27T23:59:59+02:00,122,115,9925,9404,16806,15833,19689,19577,23911,24596,27677,28768,20323,23233,14911,18652,4385,7610,9,4,3398,3448,6907,7470,9049,10647,12695,15200,18209,20290,15710,18295,12822,16234,4137,7165,194208,133113,29856,18269,54926,23757,6523,25,27
2021-06-26T23:59:59+02:00,122,115,9924,9400,16804,15829,19686,19576,23909,24595,27677,28768,20323,23233,14911,18652,4385,7610,9,4,3396,3448,6904,7469,9046,10646,12692,15197,18207,20289,15707,18294,12822,16232,4137,7165,194191,133093,29855,18269,54926,23752,6523,25,27
2021-06-25T23:59:59+02:00,118,112,9877,9360,16766,15796,19652,19545,23873,24567,27653,28750,20317,23226,14909,18649,4385,7610,9,4,3375,3402,6830,7359,8949,10491,12577,15000,18060,20081,15683,18265,12814,16229,4136,7164,193872,132909,29820,17914,54926,23055,6523,25,27
2021-06-24T23:59:59+02:00,108,101,9748,9237,16580,15668,19517,19421,23751,24478,27595,28689,20303,23210,14902,18640,4384,7608,8,4,3248,3257,6611,7029,8637,10037,12043,14376,17506,19374,15458,18033,12667,16097,4133,7152,193032,130506,29475,17053,54925,21600,6484,25,27
2021-06-23T23:59:59+02:00,102,96,9619,9100,16436,15542,19400,19317,23654,24373,27528,28642,20288,23188,14898,18635,4381,7607,8,4,3043,3019,6257,6546,8136,9468,11339,13552,16742,18393,15162,17692,12517,15955,4123,7127,192112,125950,29308,16079,54914,20580,6447,25,27
2021-06-22T23:59:59+02:00,71,70,9330,8795,16203,15340,19214,19165,23510,24248,27456,28558,20263,23162,14890,18616,4377,7601,8,4,2809,2735,5772,5997,7511,8705,10426,12511,15722,17190,14866,17334,12410,15831,4110,7104,190422,119515,29100,15587,54910,19507,6414,23,22
2021-06-21T23:59:59+02:00,67,63,9204,8638,16031,15190,19024,19012,23380,24125,27395,28479,20239,23134,14885,18606,4377,7597,8,4,2663,2546,5391,5532,7048,8120,9695,11632,14992,16256,14587,17021,12303,15710,4105,7087,189226,114809,28878,15027,54907,18430,6412,23,22
2021-06-20T23:59:59+02:00,64,61,9067,8509,15894,15072,18913,18924,23307,24054,27355,28428,20228,23113,14874,18599,4374,7596,8,4,2604,2478,5219,5350,6834,7854,9388,11299,14626,15853,14452,16887,12263,15673,4100,7081,188335,113103,28760,14794,54906,17646,6408,23,22
2021-06-19T23:59:59+02:00,64,61,9066,8503,15891,15063,18911,18924,23305,24053,27355,28427,20228,23113,14874,18599,4374,7596,8,4,2601,2477,5218,5345,6833,7853,9387,11298,14624,15849,14450,16887,12263,15673,4100,7081,188314,113084,28757,14792,54905,17645,6408,23,22
2021-06-18T23:59:59+02:00,64,57,9035,8491,15878,15054,18896,18916,23298,24044,27349,28422,20228,23110,14873,18599,4374,7596,8,4,2572,2444,5163,5286,6755,7753,9288,11142,14453,15621,14371,16786,12252,15651,4098,7078,188193,112299,28756,14791,54904,17205,6408,23,22
2021-06-17T23:59:59+02:00,57,54,8854,8329,15642,14886,18697,18758,23142,23913,27213,28329,20204,23089,14866,18587,4372,7593,8,4,2433,2296,4838,4986,6368,7350,8740,10539,13625,14748,14134,16492,12179,15529,4094,7067,186853,109432,28751,13834,54897,16081,6061,23,22
2021-06-16T23:59:59+02:00,49,52,8628,8113,15410,14659,18486,18558,22951,23744,27107,28219,20175,23046,14852,18567,4368,7587,8,4,2318,2187,4597,4783,6015,7007,8211,10053,12907,13907,13784,16109,12094,15440,4089,7055,185068,105979,28651,13034,54894,15598,5935,23,22
2021-06-15T23:59:59+02:00,40,39,8283,7780,15033,14300,18164,18270,22699,23533,26947,28086,20145,23012,14839,18551,4366,7576,8,4,2136,2018,4246,4435,5509,6444,7329,9162,11713,12630,13243,15491,11973,15277,4074,7032,182470,99737,28615,12369,54892,14933,5663,23,22
2021-06-14T23:59:59+02:00,34,34,8104,7611,14773,14068,17961,18097,22548,23411,26835,28004,20124,22979,14826,18543,4362,7568,6,4,2021,1893,3989,4185,5123,5974,6671,8440,10787,11575,12927,15143,11902,15183,4064,7013,180887,94897,28591,12009,54890,14481,5491,23,22
2021-06-13T23:59:59+02:00,34,34,8030,7555,14689,13979,17845,17986,22467,23332,26806,27974,20111,22968,14822,18537,4362,7568,4,4,1977,1866,3907,4088,5005,5834,6438,8200,10492,11241,12770,14965,11844,15126,4063,7012,180129,93516,28581,11717,54886,14101,5480,23,22
2021-06-12T23:59:59+02:00,34,34,8029,7554,14689,13978,17845,17986,22465,23331,26805,27971,20111,22967,14822,18537,4362,7568,4,4,1976,1864,3905,4088,5003,5833,6435,8196,10489,11235,12767,14964,11844,15124,4063,7012,180118,93495,28581,11717,54886,14092,5480,23,22
2021-06-11T23:59:59+02:00,34,33,7963,7513,14600,13931,17769,17936,22396,23297,26761,27948,20109,22963,14822,18536,4362,7568,4,4,1960,1852,3869,4030,4960,5766,6374,8114,10389,11130,12727,14929,11833,15118,4063,7012,179781,93277,28504,11711,54885,13776,5348,23,22
2021-06-10T23:59:59+02:00,29,26,7624,7217,14205,13566,17336,17561,22065,23017,26565,27767,20065,22918,14809,18518,4359,7556,2,4,1859,1770,3653,3865,4685,5491,6049,7746,9770,10519,12207,14269,11764,15010,4055,7005,177184,90112,28009,11331,54873,13146,5114,23,20
2021-06-09T23:59:59+02:00,28,23,7257,6868,13743,13130,16821,17095,21676,22648,26349,27553,19992,22848,14791,18483,4356,7548,2,4,1693,1655,3458,3685,4430,5223,5661,7337,8993,9800,11542,13433,11645,14870,4045,6993,173941,85856,27466,10696,54860,12978,4919,23,20
2021-06-08T23:59:59+02:00,23,19,6882,6465,13230,12640,16354,16626,21318,22308,26133,27350,19935,22769,14760,18448,4353,7541,2,4,1601,1580,3238,3454,4111,4872,5153,6849,8107,8878,10657,12356,11501,14712,4041,6978,170531,80201,26975,10400,54851,12700,4774,23,19
2021-06-07T23:59:59+02:00,20,16,6605,6180,12796,12266,15956,16227,20991,22011,25970,27194,19898,22715,14739,18428,4346,7535,2,4,1540,1509,3046,3282,3836,4643,4751,6472,7393,8124,9745,11209,11389,14566,4030,6960,167966,75457,26553,10028,54831,12477,4520,23,19
2021-06-06T23:59:59+02:00,20,16,6464,6049,12654,12113,15794,16070,20827,21849,25884,27107,19878,22678,14728,18418,4345,7531,2,4,1525,1487,2973,3241,3742,4577,4645,6393,7251,7994,9488,10940,11343,14516,4027,6955,166741,74775,26449,9604,54810,12303,4402,23,19
2021-06-05T23:59:59+02:00,20,16,6455,6045,12640,12100,15784,16061,20824,21844,25884,27104,19878,22678,14728,18418,4345,7531,2,4,1523,1485,2970,3240,3741,4576,4642,6393,7246,7989,9481,10935,11343,14516,4027,6955,166682,74746,26438,9602,54810,12299,4402,23,19
2021-06-04T23:59:59+02:00,20,16,6423,6005,12581,12051,15723,16012,20796,21812,25864,27087,19874,22672,14725,18418,4345,7531,2,4,1522,1479,2958,3228,3722,4562,4632,6379,7209,7946,9449,10865,11305,14475,4026,6954,166581,74470,26180,9589,54786,12254,4385,23,19
2021-06-03T23:59:59+02:00,20,15,6189,5782,12280,11801,15400,15702,20464,21474,25607,26874,19828,22598,14705,18398,4344,7527,1,4,1480,1436,2884,3162,3625,4484,4523,6280,7009,7763,9071,10417,11253,14401,4026,6949,164098,73172,25933,9292,54784,12115,4170,23,19
2021-06-02T23:59:59+02:00,20,15,6126,5721,12209,11736,15327,15635,20392,21413,25590,26850,19824,22595,14702,18395,4343,7526,1,4,1466,1425,2867,3149,3608,4469,4487,6263,6974,7725,8990,10307,11244,14376,4025,6948,163747,72807,25749,9283,54783,12105,4117,23,16
2021-06-01T23:59:59+02:00,16,15,5672,5226,11474,11037,14501,14902,19673,20748,25179,26467,19734,22505,14668,18348,4335,7518,1,4,1352,1317,2569,2879,3228,4135,3999,5804,6146,6922,7800,8682,11000,14029,4011,6931,158707,67399,25099,8376,54755,11586,3434,23,14
2021-05-31T23:59:59+02:00,14,15,5423,4928,11031,10611,13973,14408,19195,20251,24872,26127,19641,22419,14629,18302,4326,7502,1,4,1292,1262,2415,2744,3025,3965,3714,5511,5588,6389,6784,7396,10756,13709,4002,6897,155244,63360,24402,7453,54750,11379,3248,23,14
2021-05-30T23:59:59+02:00,14,15,5344,4852,10846,10489,13808,14230,18846,19929,24629,25878,19610,22389,14621,18282,4325,7500,1,4,1272,1248,2388,2711,2977,3919,3646,5455,5485,6300,6611,7165,10719,13634,4000,6887,153749,62622,23898,7391,54723,11181,3214,23,14
2021-05-29T23:59:59+02:00,14,15,5341,4852,10846,10485,13803,14227,18846,19928,24628,25876,19610,22389,14621,18282,4325,7500,1,4,1271,1244,2387,2708,2975,3916,3646,5453,5484,6298,6606,7162,10719,13634,4000,6887,153731,62612,23898,7388,54722,11167,3214,23,14
2021-05-28T23:59:59+02:00,14,15,5325,4838,10825,10447,13778,14208,18829,19911,24620,25866,19609,22388,14619,18279,4325,7499,1,4,1266,1244,2386,2701,2974,3914,3639,5447,5470,6282,6590,7145,10710,13612,3999,6883,153546,62508,23896,7388,54718,11145,3212,23,14
2021-05-27T23:59:59+02:00,11,14,5032,4555,10301,9991,13191,13677,18138,19297,24038,25329,19510,22273,14586,18233,4314,7487,1,3,1101,1104,2102,2508,2675,3622,3343,5091,5139,6002,6290,6728,10481,13329,3994,6867,150284,60652,22903,7352,54611,10207,2156,23,13
2021-05-26T23:59:59+02:00,11,14,4769,4299,9863,9610,12673,13157,17524,18687,23404,24652,19385,22124,14539,18178,4308,7470,1,3,1022,1024,1943,2355,2475,3425,3081,4847,4751,5650,5733,6079,10107,12794,3978,6831,146181,57504,22143,7314,54489,9437,1831,23,13
2021-05-25T23:59:59+02:00,11,13,4554,4069,9452,9136,12212,12649,16986,18108,22883,24013,19253,21952,14507,18099,4299,7456,1,3,973,980,1881,2265,2366,3289,2908,4643,4405,5274,5149,5347,9655,12194,3962,6806,142133,53948,21308,7299,54359,9012,1829,23,13
2021-05-24T23:59:59+02:00,11,13,4442,3912,9242,8931,12008,12389,16684,17786,22554,23610,19177,21873,14492,18079,4297,7455,1,3,957,932,1821,2224,2292,3228,2821,4562,4283,5158,5003,5187,9564,12067,3959,6798,140628,53240,20347,7245,54182,8587,1775,23,13
2021-05-23T23:59:59+02:00,11,13,4431,3911,9236,8928,11996,12379,16673,17779,22538,23589,19172,21868,14491,18077,4297,7455,1,3,956,927,1819,2219,2287,3226,2814,4558,4276,5141,4995,5173,9557,12054,3958,6797,140521,53160,20344,7232,54181,8581,1775,23,13
2021-05-22T23:59:59+02:00,11,13,4427,3908,9232,8924,11988,12373,16669,17775,22536,23587,19172,21868,14491,18077,4297,7455,1,3,956,927,1818,2217,2284,3226,2813,4558,4276,5139,4993,5172,9556,12054,3958,6797,140492,53154,20344,7232,54169,8574,1775,23,13
2021-05-21T23:59:59+02:00,11,13,4395,3869,9160,8848,11915,12286,16578,17700,22473,23519,19152,21850,14487,18070,4297,7453,1,3,911,917,1786,2206,2251,3216,2783,4533,4228,5110,4969,5148,9543,12047,3957,6796,139834,53085,20344,7232,54150,8350,1725,23,13
2021-05-20T23:59:59+02:00,8,12,4140,3689,8713,8491,11432,11872,15906,17197,21892,22939,18967,21682,14455,18030,4292,7442,1,3,763,853,1530,2046,2008,3059,2541,4314,3978,4877,4812,4985,9427,11903,3949,6772,136434,52356,19970,7133,53733,7320,999,23,13
2021-05-19T23:59:59+02:00,8,12,3897,3447,8220,8028,10852,11327,15234,16489,21216,22216,18766,21451,14414,17980,4286,7424,1,3,714,807,1470,1966,1931,2959,2475,4188,3837,4718,4637,4772,9224,11673,3929,6743,131040,51278,19787,7000,53436,6775,981,23,13
2021-05-18T23:59:59+02:00,7,11,3608,3185,7673,7490,10123,10628,14273,15551,20273,21159,18505,21167,14359,17920,4280,7402,1,3,659,758,1416,1879,1856,2848,2345,4048,3661,4516,4364,4480,9021,11423,3916,6716,123994,50045,19691,6799,52997,6145,909,23,12
2021-05-17T23:59:59+02:00,7,11,3417,2978,7215,7021,9618,10087,13543,14762,19586,20359,18319,20905,14312,17854,4269,7387,1,3,603,703,1335,1816,1781,2767,2235,3973,3525,4403,4118,4249,8876,11210,3903,6687,118751,49242,19451,6586,52532,5455,893,23,12
2021-05-16T23:59:59+02:00,7,10,3287,2905,7008,6844,9414,9872,13289,14527,19357,20130,18242,20826,14298,17835,4268,7381,1,3,590,657,1296,1767,1737,2706,2198,3880,3460,4320,4027,4148,8855,11182,3901,6685,117127,49096,19211,6418,52250,4998,889,23,12
2021-05-15T23:59:59+02:00,7,10,3286,2902,7002,6836,9412,9866,13286,14525,19354,20120,18240,20825,14298,17835,4268,7381,1,3,590,657,1294,1766,1734,2705,2196,3880,3459,4320,4025,4146,8855,11182,3901,6685,117083,49088,19211,6417,52248,4994,888,23,12
2021-05-14T23:59:59+02:00,7,10,3245,2858,6889,6691,9282,9728,13136,14343,19182,19985,18216,20800,14297,17827,4267,7378,1,3,569,644,1273,1744,1705,2683,2162,3854,3415,4282,3975,4091,8848,11175,3901,6684,116677,49048,18462,6266,52164,4868,815,23,12
2021-05-13T23:59:59+02:00,7,10,3126,2696,6561,6372,8846,9330,12589,13862,18579,19388,18088,20656,14264,17791,4262,7376,0,2,537,619,1219,1688,1648,2609,2075,3748,3267,4162,3871,3954,8825,11155,3898,6680,113797,48952,17765,5876,51559,4459,660,22,10
2021-05-12T23:59:59+02:00,7,10,3099,2665,6528,6334,8797,9277,12449,13749,18395,19184,18055,20622,14256,17781,4262,7376,0,2,536,617,1218,1685,1643,2606,2065,3742,3253,4154,3858,3940,8817,11149,3898,6679,113084,48924,17540,5849,51541,4420,659,22,10
2021-05-11T23:59:59+02:00,5,10,2709,2407,5728,5838,7824,8466,11054,12582,16829,17709,17550,20059,14172,17676,4243,7353,0,2,500,557,1089,1581,1479,2450,1878,3563,3032,3891,3751,3826,8748,11056,3894,6674,105679,48691,16916,5653,49466,3485,132,21,10
2021-05-10T23:59:59+02:00,5,8,2522,2241,5255,5459,7132,7843,10027,11666,15534,16337,17171,19608,14109,17562,4235,7329,0,2,475,531,1046,1542,1436,2399,1819,3460,2912,3760,3669,3753,8709,11008,3890,6670,99876,48575,16006,5423,48009,2942,131,21,10
2021-05-09T23:59:59+02:00,5,8,2439,2210,5118,5375,6945,7724,9616,11329,14988,15810,17052,19468,14089,17534,4232,7324,0,2,459,513,1014,1485,1365,2315,1760,3338,2800,3606,3583,3661,8686,10976,3887,6667,98302,48490,15418,5153,47397,2336,128,21,10
2021-05-08T23:59:59+02:00,5,8,2435,2209,5117,5375,6945,7722,9611,11325,14987,15809,17052,19468,14089,17534,4232,7324,0,2,458,512,1013,1485,1365,2314,1760,3338,2799,3605,3581,3661,8685,10976,3887,6667,98286,48484,15417,5153,47395,2333,128,21,10
2021-05-07T23:59:59+02:00,5,8,2263,2147,4846,5280,6581,7569,9162,11111,14544,15489,16875,19266,14077,17505,4232,7322,0,2,446,510,1002,1473,1350,2299,1725,3328,2750,3570,3535,3621,8606,10895,3887,6664,97580,48461,14899,4803,45659,2266,123,21,10
2021-05-06T23:59:59+02:00,5,8,2029,2015,4296,4933,5928,7194,8394,10553,13569,14667,16477,18815,14028,17411,4220,7309,0,2,417,462,961,1373,1263,2136,1619,3104,2529,3287,3357,3421,8427,10702,3878,6650,95001,48020,13662,4197,43114,1307,54,20,10
2021-05-05T23:59:59+02:00,5,8,1906,1905,4014,4710,5496,6823,7699,9964,12452,13609,15800,17978,13924,17310,4211,7285,0,2,409,450,948,1346,1235,2094,1584,3028,2469,3203,3306,3381,8348,10604,3872,6640,90589,47889,12340,4047,42111,934,39,20,10
2021-05-04T23:59:59+02:00,5,8,1819,1819,3747,4474,5089,6467,7037,9389,11232,12366,14881,16850,13815,17173,4207,7271,0,2,404,440,929,1326,1217,2052,1566,2990,2425,3148,3262,3334,8259,10493,3866,6626,84779,47751,11702,3847,41123,705,26,19,10
2021-05-03T23:59:59+02:00,4,8,1767,1766,3595,4348,4858,6255,6653,9058,10503,11630,14155,15871,13727,17058,4198,7254,0,2,398,430,925,1312,1203,2019,1545,2948,2392,3103,3209,3294,8144,10391,3861,6620,80346,47623,11498,3626,40823,516,22,19,9
2021-05-02T23:59:59+02:00,4,8,1757,1747,3521,4323,4775,6202,6583,8998,10385,11515,13968,15677,13695,17031,4197,7249,0,2,396,422,919,1297,1199,2002,1542,2935,2376,3086,3194,3277,8107,10359,3860,6616,79786,47604,11222,3528,40591,431,17,19,9
2021-05-01T23:59:59+02:00,4,8,1754,1747,3520,4322,4774,6201,6580,8997,10380,11511,13965,15677,13694,17030,4197,7246,0,2,395,422,919,1297,1198,2001,1542,2935,2376,3086,3194,3277,8107,10359,3860,6615,79760,47601,11222,3528,40590,431,16,19,9
2021-04-30T23:59:59+02:00,4,8,1752,1740,3514,4313,4767,6189,6559,8982,10342,11473,13914,15603,13668,16999,4196,7245,0,2,395,420,917,1295,1198,2001,1542,2935,2374,3085,3194,3275,8106,10357,3860,6615,79433,47594,11222,3527,40580,426,15,18,9
2021-04-29T23:59:59+02:00,4,7,1627,1699,3273,4198,4491,6035,6242,8731,9926,11081,13330,14899,13564,16843,4190,7237,0,2,386,409,908,1274,1178,1967,1517,2899,2345,3037,3180,3264,8093,10339,3857,6611,76646,47478,10837,3525,39864,240,14,16,9
2021-04-28T23:59:59+02:00,4,7,1502,1652,3100,4098,4256,5855,5885,8456,9338,10588,12453,13716,13407,16634,4181,7223,0,2,377,399,891,1261,1162,1938,1480,2855,2275,2968,3025,3130,7980,10223,3850,6600,72146,47057,10651,3112,39530,226,12,16,9
2021-04-27T23:59:59+02:00,4,7,1464,1609,2991,3978,4052,5713,5578,8197,8718,9918,11416,12404,13177,16277,4170,7201,0,2,365,384,882,1240,1147,1903,1453,2782,2229,2907,2986,3085,7953,10191,3843,6595,67338,46842,10463,2938,39046,146,12,15,9
2021-04-26T23:59:59+02:00,4,7,1439,1575,2878,3900,3880,5569,5267,7983,8226,9476,10661,11477,13033,16073,4159,7183,0,2,364,379,872,1229,1130,1892,1423,2761,2200,2876,2936,3033,7903,10141,3837,6590,63922,46738,10273,2684,38568,125,12,15,9
2021-04-25T23:59:59+02:00,4,7,1428,1569,2811,3868,3783,5510,5130,7936,8031,9371,10465,11243,12996,16019,4158,7178,0,2,363,374,863,1223,1112,1878,1408,2742,2177,2849,2894,3000,7855,10093,3836,6585,63418,46658,10072,2476,37991,99,12,14,9
2021-04-24T23:59:59+02:00,4,7,1427,1569,2811,3866,3782,5509,5128,7934,8027,9367,10458,11240,12996,16019,4158,7178,0,2,363,374,863,1223,1112,1875,1406,2741,2176,2849,2894,3000,7855,10093,3836,6585,63392,46653,10072,2475,37990,98,12,14,9
2021-04-23T23:59:59+02:00,4,7,1410,1558,2744,3831,3699,5479,5010,7886,7893,9307,10372,11128,12972,15978,4156,7174,0,2,362,374,862,1220,1112,1875,1405,2741,2176,2849,2894,3000,7854,10093,3836,6585,63260,46648,9791,2474,37531,97,12,14,9
2021-04-22T23:59:59+02:00,4,7,1368,1527,2636,3765,3539,5374,4777,7732,7540,9072,9799,10434,12705,15679,4150,7150,0,2,356,373,854,1211,1102,1862,1394,2715,2149,2828,2858,2967,7764,9984,3824,6568,61633,46237,9132,2465,36467,88,12,14,9
2021-04-21T23:59:59+02:00,4,7,1335,1490,2556,3689,3420,5271,4558,7552,7130,8744,8909,9403,12289,15100,4137,7108,0,2,351,371,849,1194,1093,1841,1376,2685,2118,2800,2799,2911,7649,9816,3806,6540,58901,45752,8263,2340,35512,88,12,14,9
2021-04-20T23:59:59+02:00,4,7,1313,1464,2485,3614,3320,5174,4384,7369,6744,8412,8016,8275,11823,14510,4123,7094,0,2,345,366,837,1181,1083,1819,1352,2662,2085,2757,2738,2854,7499,9629,3774,6484,56045,45030,7498,2334,34564,83,11,13,9
2021-04-19T23:59:59+02:00,4,7,1296,1448,2449,3577,3259,5107,4277,7267,6505,8179,7381,7500,11570,14153,4112,7076,0,2,343,364,833,1171,1077,1807,1329,2649,2051,2730,2683,2810,7383,9463,3751,6445,54093,44471,7125,2320,33925,80,11,13,9
2021-04-18T23:59:59+02:00,4,6,1286,1436,2418,3553,3218,5086,4223,7211,6369,8050,7027,7112,11476,14050,4109,7064,0,2,343,363,831,1167,1076,1800,1327,2636,2045,2725,2677,2796,7356,9431,3749,6441,53574,44347,6667,2318,33433,80,11,13,9
2021-04-17T23:59:59+02:00,4,6,1285,1434,2418,3552,3217,5082,4218,7208,6362,8040,7012,7102,11474,14048,4109,7064,0,2,343,363,830,1166,1076,1800,1325,2635,2044,2723,2674,2794,7355,9431,3749,6441,53552,44334,6665,2317,33395,80,11,12,9
2021-04-16T23:59:59+02:00,4,6,1282,1433,2407,3544,3209,5074,4199,7190,6311,8007,6935,7017,11462,14034,4107,7062,0,2,343,362,826,1164,1074,1800,1323,2634,2041,2723,2673,2787,7353,9429,3748,6441,53496,44310,6428,2313,33336,80,11,12,9
2021-04-15T23:59:59+02:00,2,4,1246,1412,2353,3495,3114,5015,4038,7062,6055,7775,6391,6459,11212,13745,4092,7030,0,2,335,360,807,1144,1035,1741,1278,2562,1967,2628,2593,2718,7265,9340,3738,6424,52409,43719,6038,2127,32030,74,11,12,6
2021-04-14T23:59:59+02:00,2,4,1225,1398,2318,3468,3045,4953,3931,6957,5865,7567,5747,5756,10819,13254,4060,6980,0,2,328,357,795,1135,1018,1715,1247,2521,1915,2576,2516,2648,7116,9145,3719,6398,51001,43057,5832,2004,30494,74,10,12,6
2021-04-13T23:59:59+02:00,2,4,1211,1389,2286,3437,2989,4889,3820,6876,5617,7345,5212,5210,10477,12840,4037,6952,0,2,307,343,776,1106,996,1694,1223,2486,1878,2535,2450,2582,6997,9008,3683,6337,49980,42369,5628,1947,28963,71,10,12,6
2021-04-12T23:59:59+02:00,2,4,1196,1383,2260,3414,2939,4844,3692,6795,5407,7195,4884,4916,10225,12559,4028,6928,0,2,291,339,762,1102,979,1678,1209,2463,1828,2488,2372,2521,6882,8867,3669,6315,49514,41791,5429,1898,27709,64,8,11,6
2021-04-11T23:59:59+02:00,2,4,1190,1370,2240,3394,2906,4824,3632,6724,5263,7086,4652,4716,10040,12360,4022,6917,0,2,284,337,757,1094,969,1663,1198,2435,1805,2456,2319,2462,6798,8759,3655,6295,49431,41375,5192,1837,26703,63,7,9,6
2021-04-10T23:59:59+02:00,2,4,1190,1369,2237,3390,2903,4820,3626,6721,5253,7074,4646,4707,10032,12347,4022,6917,0,2,281,333,741,1087,955,1658,1174,2415,1734,2404,2231,2376,6738,8712,3654,6291,49377,41205,5190,1508,26678,61,6,9,6
2021-04-09T23:59:59+02:00,2,4,1187,1366,2230,3388,2894,4810,3617,6710,5224,7050,4621,4679,10006,12317,4021,6917,0,2,272,330,721,1077,939,1637,1140,2368,1642,2328,2011,2107,6583,8551,3632,6258,49301,40350,5185,1175,26542,61,6,9,6
2021-04-08T23:59:59+02:00,2,4,1163,1346,2176,3332,2808,4720,3476,6580,4988,6817,4230,4271,9459,11743,4002,6863,0,2,247,309,670,1017,881,1564,1067,2272,1507,2208,1734,1770,6117,7990,3544,6112,48838,37777,4656,1172,24471,50,6,9,6
2021-04-07T23:59:59+02:00,2,4,1153,1332,2142,3314,2766,4683,3387,6518,4825,6683,3937,3969,8896,11192,3985,6834,0,2,214,280,611,962,821,1494,1008,2211,1401,2109,1594,1595,5517,7289,3455,5955,48629,35291,4181,1168,22799,49,4,9,6
2021-04-06T23:59:59+02:00,2,4,1131,1315,2097,3289,2727,4651,3322,6471,4699,6590,3683,3714,8405,10682,3969,6803,0,2,206,275,582,942,796,1446,962,2154,1318,2022,1447,1406,4932,6495,3340,5749,48434,32859,3644,1160,21464,46,3,9,6
2021-04-05T23:59:59+02:00,2,4,1128,1310,2091,3286,2717,4649,3308,6456,4676,6572,3651,3687,8376,10644,3965,6801,0,2,203,262,575,927,777,1422,946,2118,1278,1982,1400,1343,4718,6226,3292,5692,48344,31950,3638,1158,21329,46,3,9,6
2021-04-04T23:59:59+02:00,2,4,1128,1310,2091,3285,2717,4648,3308,6456,4675,6571,3646,3685,8374,10642,3965,6801,0,2,203,262,574,927,777,1422,946,2118,1278,1981,1400,1343,4717,6226,3292,5692,48338,31947,3638,1158,21320,46,3,9,6
2021-04-03T23:59:59+02:00,2,4,1128,1310,2090,3285,2717,4648,3308,6456,4675,6571,3645,3683,8374,10641,3965,6801,0,2,203,262,574,926,777,1422,946,2118,1278,1981,1400,1343,4717,6226,3292,5692,48337,31946,3637,1158,21317,46,3,9,6
2021-04-02T23:59:59+02:00,2,4,1128,1310,2090,3283,2717,4647,3308,6453,4675,6569,3643,3679,8372,10640,3965,6801,0,2,203,262,574,926,777,1420,946,2118,1278,1980,1400,1341,4715,6225,3291,5692,48321,31938,3637,1157,21316,46,3,9,6
2021-04-01T23:59:59+02:00,1,4,1115,1275,2025,3163,2609,4447,3160,6204,4517,6330,3599,3643,8272,10534,3954,6784,0,2,198,253,570,917,766,1414,936,2104,1255,1964,1379,1314,4476,5906,3171,5527,47950,30951,3631,1153,20043,39,3,9,6
2021-03-31T23:59:59+02:00,1,4,1098,1245,1987,3064,2534,4304,3070,5991,4386,6100,3515,3561,8119,10337,3934,6748,0,2,190,250,563,906,762,1396,924,2084,1213,1931,1323,1251,3982,5302,3043,5291,47343,29215,3504,1153,19139,38,3,9,4
2021-03-30T23:59:59+02:00,1,3,1076,1212,1936,2880,2432,4079,2920,5633,4185,5711,3421,3466,7954,10132,3907,6694,0,2,186,245,554,896,751,1374,902,2064,1165,1886,1237,1166,3457,4583,2816,4955,46703,27050,3338,1153,17589,29,3,9,4
2021-03-29T23:59:59+02:00,1,3,1059,1169,1873,2750,2348,3922,2782,5379,4022,5436,3321,3366,7792,9902,3878,6646,0,2,185,240,548,885,741,1360,884,2040,1128,1858,1163,1077,2873,3901,2637,4660,46057,25010,3103,1147,16478,19,2,9,4
2021-03-28T23:59:59+02:00,1,3,1040,1137,1802,2588,2266,3718,2661,5084,3870,5159,3256,3300,7727,9838,3874,6640,0,2,185,240,546,882,740,1358,882,2034,1125,1855,1154,1065,2818,3833,2624,4633,45949,24813,2894,1144,15110,14,2,9,3
2021-03-27T23:59:59+01:00,1,3,1040,1137,1802,2587,2265,3717,2658,5084,3867,5159,3252,3300,7726,9838,3874,6640,0,2,185,240,545,882,740,1358,881,2034,1122,1855,1154,1065,2818,3833,2624,4633,45940,24808,2894,1144,15105,14,2,9,3
2021-03-26T23:59:59+01:00,1,3,1035,1114,1760,2472,2201,3559,2595,4874,3781,4935,3231,3283,7723,9833,3873,6639,0,2,185,239,545,882,739,1358,881,2034,1122,1852,1150,1064,2815,3825,2623,4630,45913,24785,2891,1144,14097,12,2,9,3
2021-03-25T23:59:59+01:00,1,3,1010,1083,1709,2369,2118,3390,2486,4645,3669,4738,3129,3191,7595,9699,3866,6625,0,2,183,236,540,880,732,1348,875,2016,1105,1828,1104,1020,2586,3476,2423,4337,45654,23531,2554,1144,13110,12,1,7,3
2021-03-24T23:59:59+01:00,1,3,987,1064,1689,2326,2087,3340,2450,4578,3625,4668,3042,3120,7466,9527,3847,6607,0,2,183,232,534,875,725,1338,863,2001,1086,1807,1064,978,2192,2928,2029,3815,45114,21494,2424,1142,12881,12,1,7,3
2021-03-23T23:59:59+01:00,1,3,977,1058,1671,2294,2063,3306,2416,4534,3583,4618,2975,3047,7372,9425,3829,6579,0,2,181,229,530,870,718,1326,849,1982,1049,1775,983,887,1827,2437,1677,3349,44600,19547,2413,1108,12731,12,1,6,3
2021-03-22T23:59:59+01:00,1,3,975,1049,1656,2277,2049,3288,2394,4505,3546,4576,2931,3013,7309,9355,3815,6562,0,2,178,226,529,859,702,1303,835,1968,1020,1748,934,815,1350,1863,1323,2859,44265,17447,2391,1051,12641,12,1,6,3
2021-03-21T23:59:59+01:00,1,3,975,1049,1655,2274,2049,3286,2390,4501,3534,4568,2917,3004,7261,9300,3809,6556,0,2,178,223,528,857,701,1299,833,1964,1009,1743,911,796,1272,1778,1267,2790,44118,17145,2388,990,12619,12,1,6,3
2021-03-20T23:59:59+01:00,1,3,974,1048,1654,2273,2048,3286,2390,4501,3532,4566,2916,3003,7261,9299,3809,6556,0,2,178,223,528,857,701,1299,833,1964,996,1728,876,768,1240,1755,1258,2788,44116,17142,2383,836,12614,12,1,6,3
2021-03-19T23:59:59+01:00,1,3,973,1040,1647,2259,2037,3282,2388,4495,3525,4559,2906,2992,7249,9281,3808,6553,0,2,178,221,527,857,701,1297,833,1963,989,1723,832,729,1177,1703,1248,2778,44053,17099,2379,643,12559,12,1,6,3
2021-03-18T23:59:59+01:00,1,3,935,1008,1572,2145,1913,3114,2239,4247,3295,4307,2753,2834,6947,8916,3742,6452,0,2,177,220,522,852,694,1290,824,1952,966,1707,814,707,1100,1594,1103,2572,42658,16515,2067,565,11691,12,1,6,3
2021-03-17T23:59:59+01:00,1,3,882,976,1501,2085,1850,3048,2174,4186,3200,4211,2618,2701,6519,8421,3677,6337,0,2,176,218,519,847,692,1286,820,1947,961,1699,785,688,965,1441,947,2357,40882,15770,2063,564,11438,12,1,6,3
2021-03-16T23:59:59+01:00,1,3,857,952,1467,2044,1812,2999,2120,4131,3105,4113,2484,2542,6042,7769,3586,6186,0,0,170,215,514,846,688,1279,815,1938,954,1686,780,675,877,1315,803,2191,38882,15166,2002,564,11322,12,1,6,3
2021-03-15T23:59:59+01:00,1,3,840,945,1449,2021,1774,2944,2082,4060,3004,4004,2350,2371,5554,7225,3513,6069,0,0,169,214,514,838,686,1270,811,1928,944,1670,769,665,807,1203,648,1987,37108,14582,1901,526,11194,12,0,6,3
2021-03-14T23:59:59+01:00,1,3,835,931,1425,1994,1750,2915,2051,4001,2941,3936,2171,2174,5368,6997,3482,6036,0,0,169,214,513,835,684,1259,810,1921,941,1661,751,656,791,1184,624,1932,36082,14437,1800,502,11123,3,0,6,3
2021-03-13T23:59:59+01:00,1,3,827,924,1403,1982,1734,2902,2024,3973,2867,3888,2099,2100,5319,6942,3480,6035,0,0,169,214,513,834,684,1259,809,1921,941,1661,751,656,791,1184,624,1932,35827,14435,1553,502,11117,3,0,6,3
2021-03-12T23:59:59+01:00,1,3,803,908,1357,1923,1671,2804,1925,3822,2709,3721,1902,1861,5133,6718,3448,5992,0,0,169,214,512,834,684,1259,808,1921,941,1660,742,653,778,1169,616,1929,34496,14382,1309,501,10890,3,0,6,3
2021-03-11T23:59:59+01:00,1,3,769,849,1289,1838,1587,2656,1841,3621,2546,3548,1637,1551,4765,6246,3311,5810,0,0,160,207,506,825,674,1250,793,1885,921,1619,611,591,709,1126,595,1897,32382,13876,1209,489,10271,2,0,6,2
2021-03-10T23:59:59+01:00,1,3,754,797,1266,1782,1554,2598,1791,3550,2464,3459,1565,1462,4292,5701,3192,5556,0,0,160,205,497,804,656,1237,784,1865,914,1603,542,576,676,1117,588,1892,30560,13725,1203,387,10018,2,0,6,2
2021-03-09T23:59:59+01:00,1,3,740,776,1245,1752,1527,2552,1751,3499,2390,3407,1471,1363,3731,4946,2997,5246,0,0,157,203,492,783,646,1213,770,1833,902,1575,538,574,674,1111,585,1886,28371,13663,1200,275,9820,2,0,6,2
2021-03-08T23:59:59+01:00,0,3,736,748,1231,1732,1509,2532,1723,3461,2350,3364,1378,1261,3057,4115,2758,4875,0,0,153,200,478,760,624,1180,751,1783,878,1538,534,572,674,1110,585,1886,25903,13655,1200,49,9724,0,0,6,2
2021-03-07T23:59:59+01:00,0,3,733,744,1222,1722,1501,2517,1712,3453,2339,3356,1365,1245,2954,3994,2735,4825,0,0,153,200,478,760,624,1180,751,1783,878,1538,534,572,674,1110,585,1886,25549,13655,1198,49,9667,0,0,6,2
2021-03-06T23:59:59+01:00,0,3,732,744,1221,1717,1498,2514,1708,3450,2335,3355,1362,1245,2954,3994,2735,4825,0,0,152,200,478,760,624,1180,751,1783,878,1538,534,572,674,1110,585,1886,25544,13654,1198,49,9644,0,0,6,2
2021-03-05T23:59:59+01:00,0,3,670,718,1195,1702,1477,2504,1683,3435,2306,3345,1357,1242,2946,3986,2732,4820,0,0,152,200,478,759,624,1179,751,1783,878,1536,533,572,674,1110,585,1886,25515,13649,1194,49,9406,0,0,6,2
2021-03-04T23:59:59+01:00,0,3,604,671,1128,1633,1421,2421,1642,3354,2232,3268,1306,1194,2725,3619,2546,4532,0,0,150,194,475,745,613,1167,740,1755,869,1523,523,561,662,1100,580,1877,24283,13484,1186,48,8824,0,0,6,2
2021-03-03T23:59:59+01:00,0,3,567,632,1061,1570,1324,2340,1541,3268,2107,3182,1262,1148,2351,3097,2190,4080,0,0,150,194,473,742,613,1167,739,1753,867,1522,520,558,660,1097,580,1875,22407,13461,1184,47,8128,0,0,4,2
2021-03-02T23:59:59+01:00,0,3,549,599,1023,1524,1268,2297,1483,3216,2010,3120,1178,1046,1982,2617,1793,3556,0,0,148,192,468,736,608,1156,729,1743,862,1501,511,549,649,1076,560,1842,20325,13281,1181,47,7754,0,0,4,2
2021-03-01T23:59:59+01:00,0,3,542,550,1005,1485,1222,2236,1437,3151,1955,3047,1132,972,1483,2022,1405,3011,0,0,146,192,468,736,608,1155,729,1740,861,1501,509,549,645,1067,556,1831,18032,13244,1178,47,7444,0,0,4,2
2021-02-28T23:59:59+01:00,0,3,535,536,988,1445,1196,2174,1409,3093,1900,2974,1111,950,1368,1881,1331,2923,0,0,146,192,467,735,608,1155,728,1738,860,1500,507,549,645,1067,556,1831,17552,13235,1175,47,7086,0,0,4,2
2021-02-27T23:59:59+01:00,0,3,535,534,987,1444,1196,2173,1409,3092,1900,2973,1111,950,1368,1880,1329,2923,0,0,145,192,466,734,605,1153,726,1736,858,1499,507,549,645,1067,556,1831,17549,13234,1175,33,7079,0,0,4,2
2021-02-26T23:59:59+01:00,0,3,392,483,856,1401,1113,2131,1341,3051,1841,2931,1106,944,1365,1879,1329,2922,0,0,145,192,466,734,605,1153,726,1735,858,1498,507,549,645,1067,556,1831,17538,13233,1175,32,6371,0,0,4,2
2021-02-25T23:59:59+01:00,0,3,302,429,760,1307,1029,2041,1242,2878,1702,2769,1068,912,1283,1754,1209,2731,0,0,138,182,454,721,589,1128,719,1710,838,1474,493,535,616,1035,542,1812,16938,12962,1175,22,5302,0,0,4,2
2021-02-24T23:59:59+01:00,0,2,256,384,687,1231,955,1953,1188,2760,1636,2651,1041,892,1160,1608,1051,2513,0,0,136,182,451,717,585,1127,718,1705,837,1470,488,530,608,1030,539,1800,16224,12902,1173,19,4567,0,0,4,2
2021-02-23T23:59:59+01:00,0,2,244,362,666,1173,926,1874,1141,2648,1561,2541,1015,864,1079,1480,908,2348,0,0,136,181,451,715,585,1127,718,1702,835,1469,487,527,606,1029,539,1799,15662,12891,1138,14,4028,0,0,4,1
2021-02-22T23:59:59+01:00,0,0,229,342,643,1143,894,1791,1091,2556,1475,2418,969,834,960,1336,721,2091,0,0,136,181,450,714,583,1126,717,1702,829,1467,486,526,605,1027,538,1797,14907,12879,1065,4,3517,0,0,4,1
2021-02-21T23:59:59+01:00,0,0,223,331,608,1076,844,1687,1048,2455,1395,2311,952,813,927,1284,668,2025,0,0,136,180,447,707,582,1122,717,1697,829,1465,485,526,604,1027,537,1796,14697,12852,1022,4,2924,0,0,4,1
2021-02-20T23:59:59+01:00,0,0,223,328,605,1075,842,1682,1044,2450,1380,2292,916,784,894,1261,660,2023,0,0,136,180,447,707,582,1122,717,1697,829,1465,485,525,603,1027,537,1796,14696,12851,862,4,2897,0,0,4,0
2021-02-19T23:59:59+01:00,0,0,213,320,595,1067,829,1667,1023,2433,1347,2249,672,681,751,1197,635,2006,0,0,136,180,447,706,582,1119,716,1695,826,1462,485,524,603,1026,536,1796,14219,12836,673,3,2789,0,0,4,0
2021-02-18T23:59:59+01:00,0,0,196,271,555,945,744,1440,893,2175,1097,1874,594,613,710,1155,615,1989,0,0,131,180,434,694,567,1102,710,1669,811,1434,482,521,602,1025,536,1796,14060,12691,573,3,1230,0,0,3,0
2021-02-17T23:59:59+01:00,0,0,190,231,535,896,707,1343,834,2007,1012,1742,572,593,710,1152,613,1986,0,0,124,178,423,684,559,1086,691,1638,798,1411,479,519,600,1022,536,1795,14043,12540,573,3,504,0,0,3,0
2021-02-16T23:59:59+01:00,0,0,183,228,527,880,692,1312,815,1968,979,1702,560,588,704,1150,612,1983,0,0,119,173,409,679,548,1070,678,1620,789,1397,473,513,593,1008,528,1764,14013,12359,573,2,294,0,0,3,0
2021-02-15T23:59:59+01:00,0,0,169,219,522,853,686,1278,801,1933,950,1655,559,585,702,1150,612,1983,0,0,116,172,402,669,537,1051,649,1593,775,1379,471,510,593,1008,528,1764,14010,12215,534,2,110,0,0,3,0
2021-02-14T23:59:59+01:00,0,0,164,211,519,840,685,1269,798,1924,932,1646,558,584,702,1147,611,1983,0,0,109,168,391,658,520,1033,630,1578,768,1366,471,508,591,1006,528,1764,14004,12087,532,2,34,0,0,3,0
2021-02-13T23:59:59+01:00,0,0,163,211,518,840,685,1269,798,1924,932,1646,558,584,702,1147,611,1983,0,0,109,168,390,657,520,1033,630,1578,768,1366,471,508,591,1006,528,1764,14003,12085,532,2,33,0,0,3,0
2021-02-12T23:59:59+01:00,0,0,162,210,513,839,684,1266,794,1923,930,1643,557,584,702,1147,611,1983,0,0,106,166,387,651,516,1027,616,1563,765,1349,469,507,580,986,523,1736,13996,11945,531,2,18,0,0,3,0
2021-02-11T23:59:59+01:00,0,0,160,209,509,832,677,1262,792,1920,924,1641,552,578,695,1141,606,1977,0,0,87,130,358,579,469,947,564,1446,721,1255,445,462,537,932,480,1638,13945,11049,519,1,8,0,0,3,0
2021-02-10T23:59:59+01:00,0,0,157,207,499,815,661,1247,780,1893,909,1617,543,572,684,1128,601,1967,0,0,78,118,329,519,442,840,523,1270,648,1098,396,412,470,815,431,1477,13820,9865,456,1,1,0,0,3,0
2021-02-09T23:59:59+01:00,0,0,156,201,491,777,645,1208,760,1832,898,1576,531,560,678,1113,592,1948,0,0,73,101,310,452,407,756,481,1166,583,998,365,357,427,728,397,1356,13707,8957,256,0,0,0,0,3,0
2021-02-08T23:59:59+01:00,0,0,152,197,474,752,623,1173,740,1782,878,1532,525,559,676,1107,588,1932,0,0,59,75,264,383,357,621,421,937,510,819,307,302,361,574,332,1150,13637,7472,50,0,0,0,0,3,0
2021-02-07T23:59:59+01:00,0,0,152,196,472,751,621,1172,739,1774,876,1530,524,559,676,1107,588,1931,0,0,58,67,246,348,338,576,405,905,490,784,307,295,359,567,330,1146,13615,7221,50,0,0,0,0,3,0
2021-02-06T23:59:59+01:00,0,0,152,196,472,751,621,1172,739,1774,876,1530,524,559,676,1107,588,1931,0,0,58,67,246,347,338,576,405,904,488,782,307,294,358,565,329,1146,13615,7210,50,0,0,0,0,3,0
2021-02-05T23:59:59+01:00,0,0,152,196,472,751,621,1172,739,1774,876,1529,524,559,675,1107,588,1931,0,0,56,67,244,345,331,572,397,882,479,762,297,289,347,541,311,1106,13613,7026,50,0,0,0,0,3,0
2021-02-04T23:59:59+01:00,0,0,146,191,468,743,614,1164,735,1760,870,1520,517,552,653,1082,579,1913,0,0,41,51,211,311,289,476,355,741,385,616,233,218,262,375,230,819,13455,5613,49,0,0,0,0,3,0
2021-02-03T23:59:59+01:00,0,0,144,190,462,736,606,1155,731,1748,862,1504,506,544,638,1069,572,1905,0,0,33,32,155,220,236,346,265,566,309,466,182,172,185,282,178,613,13321,4240,48,0,0,0,0,3,0
2021-02-02T23:59:59+01:00,0,0,144,187,460,735,606,1155,728,1742,855,1500,505,542,634,1066,571,1901,0,0,24,26,136,173,191,278,221,430,257,375,142,132,138,210,141,484,13281,3358,48,0,0,0,0,2,0
2021-02-01T23:59:59+01:00,0,0,142,187,459,734,601,1152,727,1734,853,1495,504,540,629,1063,570,1894,0,0,20,19,100,128,137,187,155,299,168,259,90,94,93,133,76,258,13234,2216,48,0,0,0,0,2,0
2021-01-31T23:59:59+01:00,0,0,141,187,459,731,598,1151,727,1730,853,1494,502,539,628,1061,570,1893,0,0,14,15,67,88,95,122,118,222,141,203,85,87,89,125,74,244,13215,1789,48,0,0,0,0,1,0
2021-01-30T23:59:59+01:00,0,0,141,187,458,731,596,1149,726,1729,853,1494,502,539,627,1061,570,1893,0,0,14,15,67,88,95,120,116,218,138,200,84,86,89,119,68,234,13214,1751,41,0,0,0,0,1,0
2021-01-29T23:59:59+01:00,0,0,141,187,458,729,595,1146,724,1727,851,1493,502,539,627,1061,570,1893,0,0,12,15,55,82,78,116,98,207,115,188,79,79,87,115,67,233,13209,1626,33,0,0,0,0,1,0
2021-01-28T23:59:59+01:00,0,0,134,183,445,712,578,1120,718,1700,829,1464,495,533,624,1058,567,1890,0,0,7,3,12,20,24,44,31,95,47,87,46,50,56,85,49,176,13024,832,25,0,0,0,0,1,0
2021-01-27T23:59:59+01:00,0,0,127,181,434,702,570,1111,702,1666,822,1440,492,531,620,1053,567,1885,0,0,3,1,4,12,10,23,13,40,23,30,13,17,24,35,20,55,12879,323,23,0,0,0,0,1,0
2021-01-26T23:59:59+01:00,0,0,121,177,420,690,557,1097,693,1643,811,1419,487,525,614,1036,559,1850,0,0,3,1,4,11,7,21,11,37,17,27,13,15,23,33,20,54,12684,297,14,0,0,0,0,1,0
2021-01-25T23:59:59+01:00,0,0,118,175,411,678,546,1078,666,1615,793,1402,485,521,612,1035,559,1850,0,0,2,1,3,9,7,16,6,28,12,21,9,6,13,22,10,35,12539,200,4,0,0,0,0,1,0
2021-01-24T23:59:59+01:00,0,0,111,172,401,668,531,1060,649,1602,780,1390,484,518,611,1035,559,1850,0,0,2,0,1,6,7,4,4,7,5,8,1,2,11,15,6,21,12416,100,4,0,0,0,0,1,0
2021-01-23T23:59:59+01:00,0,0,111,172,401,667,531,1060,649,1602,780,1390,484,518,611,1035,559,1850,0,0,1,0,1,6,7,4,4,7,5,8,1,2,11,15,6,21,12415,99,4,0,0,0,0,1,0
2021-01-22T23:59:59+01:00,0,0,108,170,394,661,528,1054,635,1587,774,1372,484,513,600,1014,552,1822,0,0,1,0,1,6,7,4,4,7,5,8,1,2,11,15,6,21,12265,99,3,0,0,0,0,0,0
2021-01-21T23:59:59+01:00,0,0,97,162,379,642,505,1020,605,1537,752,1329,467,475,566,970,516,1754,0,0,1,0,1,6,7,4,4,7,5,8,1,2,11,15,6,21,11773,99,3,0,0,0,0,0,0
2021-01-20T23:59:59+01:00,0,0,79,120,344,553,461,880,547,1302,664,1142,405,416,481,827,453,1531,0,0,1,0,1,5,7,4,4,7,5,8,1,2,11,15,6,21,10202,98,3,0,0,0,0,0,0
2021-01-19T23:59:59+01:00,0,0,74,106,316,475,420,792,505,1190,612,1039,381,378,444,748,423,1435,0,0,1,0,1,3,7,4,4,7,5,8,1,0,8,10,5,18,9335,82,3,0,0,0,0,0,0
2021-01-18T23:59:59+01:00,0,0,60,76,269,388,365,643,429,958,519,842,313,311,374,594,357,1227,0,0,1,0,1,3,7,4,4,7,5,8,1,0,8,10,5,18,7723,82,2,0,0,0,0,0,0
2021-01-17T23:59:59+01:00,0,0,59,67,250,353,343,590,410,915,495,803,310,302,372,587,354,1219,0,0,0,0,0,0,0,0,0,0,0,0,0,0,0,0,0,0,7427,0,2,0,0,0,0,0,0
2021-01-16T23:59:59+01:00,0,0,59,67,250,352,343,590,410,914,493,801,310,301,370,583,353,1219,0,0,0,0,0,0,0,0,0,0,0,0,0,0,0,0,0,0,7413,0,2,0,0,0,0,0,0
2021-01-15T23:59:59+01:00,0,0,57,67,249,349,337,584,399,891,482,776,296,295,352,554,330,1177,0,0,0,0,0,0,0,0,0,0,0,0,0,0,0,0,0,0,7193,0,2,0,0,0,0,0,0
2021-01-14T23:59:59+01:00,0,0,43,54,235,325,312,509,365,766,393,630,235,221,262,378,237,846,0,0,0,0,0,0,0,0,0,0,0,0,0,0,0,0,0,0,5811,0,0,0,0,0,0,0,0
2021-01-13T23:59:59+01:00,0,0,37,43,210,269,272,408,299,615,322,503,180,178,190,289,192,655,0,0,0,0,0,0,0,0,0,0,0,0,0,0,0,0,0,0,4662,0,0,0,0,0,0,0,0
2021-01-12T23:59:59+01:00,0,0,32,41,205,254,257,376,276,535,290,457,143,136,144,221,150,514,0,0,0,0,0,0,0,0,0,0,0,0,0,0,0,0,0,0,4031,0,0,0,0,0,0,0,0
2021-01-11T23:59:59+01:00,0,0,27,37,195,233,239,324,229,446,240,382,111,106,108,144,88,319,0,0,0,0,0,0,0,0,0,0,0,0,0,0,0,0,0,0,3228,0,0,0,0,0,0,0,0
2021-01-10T23:59:59+01:00,0,0,26,31,157,172,196,249,191,350,198,305,99,99,105,139,86,304,0,0,0,0,0,0,0,0,0,0,0,0,0,0,0,0,0,0,2707,0,0,0,0,0,0,0,0
2021-01-09T23:59:59+01:00,0,0,26,31,150,168,194,241,187,342,196,300,99,99,105,139,86,304,0,0,0,0,0,0,0,0,0,0,0,0,0,0,0,0,0,0,2667,0,0,0,0,0,0,0,0
2021-01-08T23:59:59+01:00,0,0,23,28,119,144,173,228,162,313,168,279,94,89,103,135,85,303,0,0,0,0,0,0,0,0,0,0,0,0,0,0,0,0,0,0,2446,0,0,0,0,0,0,0,0
2021-01-07T23:59:59+01:00,0,0,8,3,16,26,32,54,37,105,61,111,49,51,64,93,54,211,0,0,0,0,0,0,0,0,0,0,0,0,0,0,0,0,0,0,975,0,0,0,0,0,0,0,0
2021-01-06T23:59:59+01:00,0,0,3,1,5,13,10,22,13,39,21,31,14,14,27,39,23,65,0,0,0,0,0,0,0,0,0,0,0,0,0,0,0,0,0,0,340,0,0,0,0,0,0,0,0
2021-01-05T23:59:59+01:00,0,0,3,1,4,10,9,18,10,31,15,26,11,14,23,34,21,57,0,0,0,0,0,0,0,0,0,0,0,0,0,0,0,0,0,0,287,0,0,0,0,0,0,0,0
2021-01-04T23:59:59+01:00,0,0,2,1,2,7,9,10,4,15,8,16,5,3,12,20,8,31,0,0,0,0,0,0,0,0,0,0,0,0,0,0,0,0,0,0,153,0,0,0,0,0,0,0,0
2021-01-03T23:59:59+01:00,0,0,2,0,1,6,8,4,4,7,5,9,1,2,12,16,7,21,0,0,0,0,0,0,0,0,0,0,0,0,0,0,0,0,0,0,105,0,0,0,0,0,0,0,0
2021-01-02T23:59:59+01:00,0,0,2,0,1,6,8,4,4,7,5,9,1,2,12,16,7,21,0,0,0,0,0,0,0,0,0,0,0,0,0,0,0,0,0,0,105,0,0,0,0,0,0,0,0
2021-01-01T23:59:59+01:00,0,0,1,0,1,6,8,4,4,7,5,9,1,2,12,15,7,21,0,0,0,0,0,0,0,0,0,0,0,0,0,0,0,0,0,0,103,0,0,0,0,0,0,0,0
2020-12-31T23:59:59+01:00,0,0,1,0,1,5,8,4,4,7,5,9,1,2,12,15,7,21,0,0,0,0,0,0,0,0,0,0,0,0,0,0,0,0,0,0,102,0,0,0,0,0,0,0,0
2020-12-30T23:59:59+01:00,0,0,1,0,1,5,8,4,4,7,5,9,1,2,12,15,7,21,0,0,0,0,0,0,0,0,0,0,0,0,0,0,0,0,0,0,102,0,0,0,0,0,0,0,0
2020-12-29T23:59:59+01:00,0,0,1,0,1,3,8,4,4,7,5,9,1,0,9,10,6,18,0,0,0,0,0,0,0,0,0,0,0,0,0,0,0,0,0,0,86,0,0,0,0,0,0,0,0
2020-12-28T23:59:59+01:00,0,0,1,0,1,3,8,4,4,7,5,9,1,0,9,10,6,18,0,0,0,0,0,0,0,0,0,0,0,0,0,0,0,0,0,0,86,0,0,0,0,0,0,0,0
2020-12-27T23:59:59+01:00,0,0,1,0,1,3,8,4,4,7,5,9,1,0,9,10,6,18,0,0,0,0,0,0,0,0,0,0,0,0,0,0,0,0,0,0,86,0,0,0,0,0,0,0,0
