Datum,<24_1_m,<24_1_w,25-34_1_m,25-34_1_w,35-44_1_m,35-44_1_w,45-54_1_m,45-54_1_w,55-64_1_m,55-64_1_w,65-74_1_m,65-74_1_w,75-84_1_m,75-84_1_w,>84_1_m,>84_1_w,<24_2_m,<24_2_w,25-34_2_m,25-34_2_w,35-44_2_m,35-44_2_w,45-54_2_m,45-54_2_w,55-64_2_m,55-64_2_w,65-74_2_m,65-74_2_w,75-84_2_m,75-84_2_w,>84_2_m,>84_2_w,bp_1,bp_2,mo_1,mo_2,az_1,az_2,ja
2021-05-09T23:59:59+02:00,2730,2531,5107,5364,6804,7659,9899,11701,14970,15849,16747,19280,12932,16388,3405,6052,510,579,1001,1484,1343,2260,1771,3396,2780,3372,3607,3725,8581,11118,3134,5532,96365,47313,14741,4634,46202,2136,110
2021-05-08T23:59:59+02:00,2725,2530,5106,5364,6804,7657,9896,11698,14969,15848,16747,19280,12932,16388,3405,6052,510,578,1001,1483,1343,2260,1771,3395,2778,3372,3606,3725,8581,11118,3134,5532,96351,47309,14740,4634,46200,2134,110
2021-05-07T23:59:59+02:00,2529,2458,4834,5274,6433,7492,9447,11487,14536,15505,16602,19128,12925,16365,3405,6052,498,574,994,1474,1328,2249,1736,3383,2728,3339,3554,3682,8521,11050,3134,5529,95666,47287,14253,4306,44446,2073,107
2021-05-06T23:59:59+02:00,2317,2336,4360,4966,5872,7194,8754,10962,13709,14746,16276,18755,12884,16293,3397,6043,468,528,956,1382,1246,2098,1631,3165,2522,3080,3394,3506,8405,10910,3126,5518,93207,46877,13303,3837,42316,1183,38
2021-05-05T23:59:59+02:00,2180,2237,4076,4756,5441,6844,8044,10364,12609,13657,15685,18042,12804,16210,3390,6024,459,517,941,1358,1221,2061,1598,3096,2464,2996,3344,3469,8331,10823,3123,5511,88875,46756,12087,3696,41378,837,23
2021-05-04T23:59:59+02:00,2081,2141,3787,4512,5035,6485,7327,9723,11379,12386,14889,17032,12716,16117,3387,6014,453,509,927,1344,1203,2034,1581,3068,2422,2947,3295,3420,8252,10722,3118,5499,83145,46630,11456,3501,40400,653,10
2021-05-03T23:59:59+02:00,2019,2080,3631,4377,4810,6281,6924,9366,10616,11591,14243,16150,12659,16032,3379,5999,448,501,926,1328,1189,2003,1559,3026,2386,2899,3242,3375,8144,10628,3115,5494,78787,46503,11253,3283,40107,467,10
2021-05-02T23:59:59+02:00,2006,2063,3556,4348,4733,6224,6852,9315,10487,11457,14077,15982,12637,16010,3378,5994,446,497,923,1320,1187,1992,1557,3019,2373,2886,3226,3357,8109,10599,3114,5490,78242,46485,10980,3188,39890,415,7
2021-05-01T23:59:59+02:00,2004,2063,3554,4347,4732,6224,6850,9314,10481,11453,14075,15981,12636,16009,3378,5992,445,497,923,1320,1187,1991,1557,3019,2373,2886,3226,3357,8109,10599,3114,5489,78216,46482,10980,3188,39890,415,7
2021-04-30T23:59:59+02:00,2001,2057,3548,4339,4726,6210,6824,9294,10442,11412,14028,15909,12613,15986,3377,5991,445,496,922,1318,1187,1991,1556,3019,2372,2885,3225,3355,8108,10597,3114,5489,77890,46476,10980,3186,39881,411,6
2021-04-29T23:59:59+02:00,1866,2006,3287,4228,4457,6052,6517,9031,10009,11001,13477,15232,12543,15872,3373,5984,440,484,912,1299,1168,1956,1535,2982,2342,2842,3213,3342,8096,10583,3111,5485,75143,46371,10597,3185,39189,228,6
2021-04-28T23:59:59+02:00,1721,1952,3119,4124,4211,5870,6139,8758,9417,10458,12639,14094,12429,15723,3365,5976,430,478,900,1286,1155,1933,1507,2948,2294,2797,3092,3249,8054,10522,3109,5480,70705,45995,10416,3020,38868,213,6
2021-04-27T23:59:59+02:00,1677,1899,3000,4007,4007,5724,5810,8471,8756,9731,11635,12822,12279,15460,3354,5961,421,464,891,1264,1142,1894,1480,2879,2246,2735,3053,3209,8033,10493,3103,5477,65970,45795,10228,2850,38390,134,5
2021-04-26T23:59:59+02:00,1648,1858,2886,3926,3834,5581,5473,8250,8250,9237,10910,11916,12186,15325,3343,5947,420,458,881,1256,1126,1883,1451,2856,2215,2707,3007,3155,7990,10448,3098,5475,62609,45699,10040,2609,37916,113,5
2021-04-25T23:59:59+02:00,1629,1851,2819,3896,3734,5522,5334,8203,8056,9114,10729,11688,12157,15285,3342,5944,416,451,874,1250,1108,1869,1437,2838,2191,2680,2964,3117,7951,10407,3097,5473,62117,45619,9837,2412,37344,87,5
2021-04-24T23:59:59+02:00,1628,1851,2819,3895,3734,5521,5333,8202,8052,9109,10724,11687,12157,15285,3342,5944,416,451,874,1250,1108,1868,1436,2837,2190,2680,2964,3117,7951,10407,3097,5473,62098,45615,9837,2412,37343,87,5
2021-04-23T23:59:59+02:00,1603,1838,2754,3860,3656,5496,5211,8148,7922,9051,10648,11580,12135,15252,3341,5940,416,451,874,1248,1108,1868,1435,2836,2190,2680,2963,3117,7951,10407,3097,5473,61974,45612,9563,2412,36894,86,4
2021-04-22T23:59:59+02:00,1550,1800,2651,3802,3498,5391,4954,7986,7594,8787,10040,10861,11942,15029,3335,5922,408,451,866,1239,1099,1855,1421,2811,2167,2656,2923,3085,7872,10304,3085,5460,60393,45215,8912,2404,35833,79,4
2021-04-21T23:59:59+02:00,1512,1761,2570,3721,3385,5297,4725,7784,7161,8436,9137,9761,11620,14587,3324,5886,405,449,861,1222,1090,1839,1403,2782,2134,2629,2859,3017,7765,10147,3072,5442,57717,44753,8047,2280,34899,79,4
2021-04-20T23:59:59+02:00,1479,1732,2506,3646,3281,5198,4541,7587,6743,8059,8195,8577,11279,14145,3312,5873,400,446,852,1208,1080,1817,1378,2751,2103,2588,2790,2951,7626,9969,3044,5395,54902,44046,7282,2275,33966,74,3
2021-04-19T23:59:59+02:00,1465,1716,2469,3609,3219,5130,4429,7478,6476,7794,7561,7781,11082,13878,3304,5857,397,444,849,1198,1075,1806,1351,2736,2069,2560,2733,2904,7514,9809,3028,5364,52992,43501,6915,2262,33338,71,3
2021-04-18T23:59:59+02:00,1456,1701,2440,3589,3183,5107,4372,7428,6354,7662,7194,7409,11026,13802,3301,5845,396,441,848,1196,1074,1798,1349,2724,2063,2556,2726,2891,7490,9776,3026,5361,52484,43381,6530,2260,32852,71,3
2021-04-17T23:59:59+02:00,1455,1700,2439,3587,3182,5104,4368,7423,6345,7651,7181,7400,11024,13802,3301,5845,396,441,848,1195,1074,1798,1348,2723,2062,2554,2723,2889,7489,9776,3026,5361,52463,43369,6529,2260,32812,71,3
2021-04-16T23:59:59+02:00,1452,1698,2429,3583,3174,5096,4345,7405,6290,7610,7108,7321,11019,13793,3299,5843,396,440,845,1194,1073,1798,1346,2722,2059,2553,2721,2883,7487,9774,3025,5361,52408,43348,6296,2255,32758,71,3
2021-04-15T23:59:59+02:00,1411,1674,2369,3539,3077,5037,4170,7270,6014,7361,6557,6764,10830,13545,3287,5821,388,438,822,1170,1036,1738,1301,2642,1986,2466,2644,2813,7406,9694,3017,5349,51337,42772,5910,2069,31476,66,3
2021-04-14T23:59:59+02:00,1386,1659,2337,3511,3004,4976,4048,7156,5815,7143,5887,6009,10512,13153,3264,5783,380,433,811,1159,1017,1715,1269,2596,1932,2412,2554,2737,7272,9516,3003,5326,49980,42118,5711,1946,29950,66,2
2021-04-13T23:59:59+02:00,1368,1650,2303,3479,2949,4915,3935,7063,5540,6912,5347,5430,10226,12805,3246,5761,359,418,789,1127,995,1696,1244,2563,1896,2367,2484,2676,7158,9377,2974,5273,48978,41441,5511,1889,28438,64,2
2021-04-12T23:59:59+02:00,1352,1644,2278,3454,2899,4870,3796,6975,5341,6761,4980,5099,10036,12582,3237,5741,344,414,777,1122,979,1679,1227,2539,1845,2325,2408,2609,7049,9243,2962,5256,48523,40878,5318,1841,27202,57,2
2021-04-11T23:59:59+02:00,1347,1631,2258,3431,2870,4851,3728,6904,5178,6643,4734,4877,9894,12425,3233,5732,338,410,772,1115,968,1662,1215,2511,1823,2297,2352,2542,6970,9144,2951,5238,48443,40467,5086,1783,26205,56,2
2021-04-10T23:59:59+02:00,1347,1630,2256,3427,2868,4846,3722,6902,5169,6632,4724,4862,9891,12418,3233,5731,334,406,757,1109,955,1656,1192,2487,1754,2248,2270,2456,6919,9106,2951,5234,48390,40305,5086,1471,26180,56,2
2021-04-09T23:59:59+02:00,1344,1627,2248,3425,2863,4838,3710,6888,5144,6606,4695,4837,9872,12391,3232,5731,320,404,740,1100,936,1630,1159,2443,1658,2166,2039,2172,6793,8976,2934,5206,48322,39466,5081,1152,26046,56,2
2021-04-08T23:59:59+02:00,1317,1604,2188,3364,2784,4750,3558,6753,4907,6367,4275,4365,9400,11917,3221,5686,288,379,687,1040,880,1555,1071,2344,1521,2032,1753,1799,6330,8440,2876,5097,47873,36896,4566,1149,24017,47,0
2021-04-07T23:59:59+02:00,1306,1589,2153,3347,2745,4710,3459,6696,4739,6216,3938,4028,8904,11436,3207,5657,244,348,637,982,815,1489,1010,2276,1416,1935,1592,1613,5747,7749,2808,4966,47666,34435,4097,1146,22367,46,0
2021-04-06T23:59:59+02:00,1283,1569,2113,3324,2711,4679,3387,6652,4605,6115,3650,3743,8484,10989,3193,5631,237,342,610,960,790,1443,961,2215,1326,1849,1439,1405,5177,6956,2717,4800,47486,32045,3559,1139,21083,43,0
2021-04-05T23:59:59+02:00,1281,1566,2110,3321,2699,4678,3373,6635,4585,6099,3619,3711,8459,10958,3190,5630,234,328,601,943,773,1420,945,2178,1286,1810,1385,1327,4963,6692,2679,4754,47402,31137,3555,1138,20957,43,0
2021-04-04T23:59:59+02:00,1281,1566,2110,3320,2699,4678,3373,6634,4584,6099,3615,3709,8457,10957,3190,5630,234,328,600,943,773,1420,945,2178,1286,1810,1385,1327,4962,6692,2679,4754,47398,31135,3555,1138,20949,43,0
2021-04-03T23:59:59+02:00,1281,1566,2110,3320,2699,4678,3373,6634,4584,6099,3614,3707,8457,10956,3190,5630,234,328,600,943,773,1420,945,2178,1286,1810,1385,1327,4962,6692,2679,4754,47396,31135,3555,1138,20947,43,0
2021-04-02T23:59:59+02:00,1281,1566,2110,3318,2699,4677,3373,6630,4584,6097,3611,3704,8456,10955,3190,5630,234,328,600,943,773,1418,945,2178,1286,1809,1385,1325,4960,6691,2678,4754,47380,31127,3555,1137,20946,43,0
2021-04-01T23:59:59+02:00,1263,1521,2038,3191,2594,4475,3223,6376,4438,5887,3567,3668,8362,10851,3181,5619,229,319,594,934,763,1412,934,2165,1262,1791,1365,1297,4699,6347,2582,4618,47021,30142,3550,1133,19683,36,0
2021-03-31T23:59:59+02:00,1245,1483,1994,3085,2523,4333,3129,6147,4308,5676,3479,3573,8223,10677,3164,5591,222,317,586,920,759,1397,918,2144,1220,1758,1309,1235,4218,5719,2472,4421,46430,28447,3423,1133,18777,35,0
2021-03-30T23:59:59+02:00,1224,1438,1941,2903,2416,4095,2973,5770,4118,5327,3377,3477,8074,10480,3140,5545,218,312,578,911,747,1376,898,2121,1165,1714,1225,1148,3676,4965,2286,4147,45794,26327,3264,1133,17240,27,0
2021-03-29T23:59:59+02:00,1204,1382,1887,2776,2343,3937,2845,5496,3959,5087,3285,3376,7918,10262,3118,5509,217,309,572,898,737,1364,882,2093,1124,1683,1142,1051,3074,4241,2147,3918,45156,24305,3042,1130,16186,17,0
2021-03-28T23:59:59+02:00,1181,1332,1817,2612,2255,3723,2717,5215,3815,4819,3224,3314,7862,10202,3114,5506,217,309,571,895,736,1362,880,2086,1121,1683,1132,1038,3017,4169,2138,3898,45049,24112,2834,1127,14825,13,0
2021-03-27T23:59:59+01:00,1181,1332,1817,2611,2254,3723,2716,5215,3812,4819,3221,3314,7861,10202,3114,5506,217,309,570,895,736,1362,879,2086,1119,1683,1132,1038,3017,4169,2138,3898,45041,24108,2834,1127,14823,13,0
2021-03-26T23:59:59+01:00,1177,1299,1773,2499,2184,3559,2657,5001,3730,4611,3204,3304,7858,10197,3113,5505,217,308,570,895,735,1362,879,2085,1118,1681,1129,1037,3014,4161,2137,3895,45017,24085,2832,1127,13822,11,0
2021-03-25T23:59:59+01:00,1151,1259,1720,2394,2096,3394,2556,4778,3627,4434,3084,3203,7758,10080,3107,5497,214,305,566,894,729,1352,873,2064,1102,1656,1083,990,2744,3758,1991,3673,44763,22856,2507,1127,12868,11,0
2021-03-24T23:59:59+01:00,1132,1241,1699,2354,2068,3339,2519,4717,3580,4364,2997,3128,7636,9916,3091,5482,214,300,558,890,723,1344,861,2048,1083,1637,1036,943,2289,3128,1685,3264,44237,20867,2377,1125,12649,11,0
2021-03-23T23:59:59+01:00,1121,1231,1677,2318,2050,3312,2478,4673,3544,4308,2926,3054,7549,9821,3077,5456,212,297,554,885,715,1333,841,2027,1045,1595,948,859,1889,2587,1398,2863,43729,18946,2366,1091,12500,11,0
2021-03-22T23:59:59+01:00,1115,1221,1664,2305,2035,3293,2455,4642,3505,4271,2882,3016,7488,9755,3065,5440,209,293,553,872,700,1314,827,2012,1013,1567,902,785,1369,1952,1113,2464,43394,16899,2347,1035,12411,11,0
2021-03-21T23:59:59+01:00,1115,1220,1663,2304,2035,3291,2451,4639,3495,4264,2868,3009,7439,9700,3062,5436,209,291,552,870,699,1309,823,2008,1002,1560,876,766,1292,1860,1064,2405,43254,16599,2344,976,12393,11,0
2021-03-20T23:59:59+01:00,1114,1220,1663,2304,2035,3291,2451,4639,3493,4262,2868,3008,7439,9699,3062,5436,209,291,552,870,699,1309,823,2008,987,1542,839,734,1262,1845,1057,2403,43254,16597,2341,822,12389,11,0
2021-03-19T23:59:59+01:00,1112,1212,1655,2294,2024,3287,2449,4631,3487,4255,2856,2995,7428,9684,3061,5434,209,290,551,869,699,1308,822,2007,978,1529,795,697,1203,1798,1047,2396,43193,16555,2336,632,12335,11,0
2021-03-18T23:59:59+01:00,1066,1174,1577,2172,1897,3118,2298,4366,3269,4030,2686,2834,7129,9309,3016,5364,208,289,544,862,694,1303,814,1994,956,1513,775,673,1119,1682,916,2210,41800,15986,2024,555,11481,11,0
2021-03-17T23:59:59+01:00,1006,1139,1511,2116,1831,3050,2233,4298,3178,3939,2540,2687,6707,8817,2968,5268,206,288,541,855,693,1300,809,1988,951,1504,746,654,969,1516,779,2014,40035,15248,2021,554,11232,11,0
2021-03-16T23:59:59+01:00,981,1114,1476,2074,1792,3001,2179,4242,3075,3840,2402,2509,6239,8175,2890,5142,199,283,537,854,688,1292,805,1978,942,1491,741,642,865,1372,654,1868,38050,14646,1960,554,11121,11,0
2021-03-15T23:59:59+01:00,965,1105,1458,2050,1755,2945,2133,4163,2973,3734,2259,2329,5762,7637,2833,5042,198,280,536,848,685,1282,801,1970,933,1477,730,632,784,1234,513,1696,36287,14072,1862,516,10994,11,0
2021-03-14T23:59:59+01:00,960,1090,1430,2020,1730,2916,2101,4093,2910,3664,2071,2127,5592,7434,2807,5011,198,280,535,843,683,1273,800,1962,929,1468,713,624,769,1212,490,1644,35270,13929,1762,491,10924,3,0
2021-03-13T23:59:59+01:00,949,1082,1411,2011,1713,2899,2070,4067,2838,3616,2004,2047,5547,7393,2806,5010,198,280,535,843,682,1273,799,1962,929,1468,710,623,769,1209,489,1644,35025,13919,1520,491,10918,3,0
2021-03-12T23:59:59+01:00,921,1065,1366,1954,1649,2793,1966,3912,2672,3456,1807,1796,5380,7193,2782,4972,198,280,535,843,682,1273,798,1962,929,1467,702,619,753,1195,486,1641,33706,13870,1276,490,10702,3,0
2021-03-11T23:59:59+01:00,881,1002,1297,1865,1571,2643,1871,3716,2505,3276,1534,1471,5006,6728,2678,4823,189,274,529,834,673,1259,782,1929,900,1428,577,557,688,1156,471,1613,31592,13377,1177,480,10098,2,0
2021-03-10T23:59:59+01:00,862,947,1274,1807,1539,2591,1811,3637,2423,3195,1465,1373,4531,6155,2579,4620,189,270,519,813,655,1243,775,1912,887,1413,513,543,656,1147,467,1608,29785,13230,1173,378,9851,2,0
2021-03-09T23:59:59+01:00,852,922,1253,1773,1511,2550,1768,3586,2351,3140,1366,1274,3957,5365,2425,4373,187,268,513,788,644,1223,763,1877,875,1388,510,542,655,1139,464,1603,27635,13171,1171,266,9660,2,0
2021-03-08T23:59:59+01:00,846,895,1241,1752,1494,2531,1743,3548,2308,3093,1265,1161,3251,4481,2237,4077,183,263,498,763,626,1190,740,1816,855,1366,504,540,654,1138,464,1603,25183,13162,1171,41,9569,0,0
2021-03-07T23:59:59+01:00,843,892,1234,1743,1485,2517,1736,3539,2297,3087,1252,1141,3147,4354,2222,4037,183,263,498,763,626,1190,740,1816,855,1366,504,540,654,1138,464,1603,24836,13162,1169,41,9521,0,0
2021-03-06T23:59:59+01:00,842,892,1232,1740,1482,2514,1733,3536,2294,3086,1249,1141,3147,4354,2222,4037,182,263,498,763,626,1190,740,1816,855,1366,504,540,654,1138,464,1603,24832,13161,1169,41,9500,0,0
2021-03-05T23:59:59+01:00,775,866,1207,1726,1461,2506,1706,3522,2270,3078,1244,1139,3138,4344,2220,4034,182,263,498,763,626,1189,740,1816,855,1364,503,540,654,1138,464,1603,24803,13157,1165,41,9268,0,0
2021-03-04T23:59:59+01:00,703,817,1143,1655,1407,2423,1666,3439,2198,3006,1190,1089,2881,3922,2083,3814,181,258,494,747,616,1177,729,1786,844,1355,494,530,643,1129,459,1594,23585,12995,1158,41,8693,0,0
2021-03-03T23:59:59+01:00,662,770,1071,1590,1313,2346,1554,3354,2088,2928,1142,1045,2444,3317,1814,3465,181,258,492,744,616,1177,728,1784,842,1355,490,529,643,1125,459,1593,21742,12975,1156,41,8005,0,0
2021-03-02T23:59:59+01:00,642,731,1032,1547,1256,2309,1489,3298,1997,2856,1052,955,2037,2772,1481,3016,179,256,487,737,611,1165,718,1773,835,1335,483,522,629,1102,442,1564,19679,12797,1153,41,7638,0,0
2021-03-01T23:59:59+01:00,634,680,1014,1503,1206,2252,1449,3229,1940,2788,1008,881,1484,2111,1172,2564,177,256,487,737,611,1164,718,1770,834,1335,481,521,625,1089,439,1556,17429,12759,1151,41,7335,0,0
2021-02-28T23:59:59+01:00,626,663,1001,1463,1181,2194,1419,3173,1888,2719,991,860,1362,1958,1109,2490,177,256,486,736,611,1164,717,1768,834,1334,480,521,625,1089,439,1556,16955,12752,1149,41,6993,0,0
2021-02-27T23:59:59+01:00,626,661,1000,1463,1181,2193,1419,3172,1888,2717,991,860,1362,1957,1108,2490,177,256,485,735,608,1162,715,1767,832,1333,480,521,625,1089,439,1556,16952,12752,1149,28,6987,0,0
2021-02-26T23:59:59+01:00,456,604,879,1427,1107,2151,1355,3131,1833,2677,990,857,1359,1956,1108,2489,177,256,485,735,608,1162,715,1766,832,1332,480,521,625,1089,439,1556,16943,12751,1149,27,6287,0,0
2021-02-25T23:59:59+01:00,358,540,783,1337,1023,2059,1254,2952,1697,2527,964,834,1271,1821,1003,2314,170,245,469,721,595,1137,705,1741,817,1311,470,511,591,1061,432,1543,16352,12500,1149,19,5236,0,0
2021-02-24T23:59:59+01:00,302,487,714,1264,950,1965,1200,2830,1630,2423,944,813,1136,1660,861,2122,168,245,467,718,591,1136,705,1735,816,1306,466,508,584,1056,429,1531,15649,12444,1147,17,4505,0,0
2021-02-23T23:59:59+01:00,289,460,690,1205,921,1880,1154,2719,1549,2327,929,789,1042,1521,736,1972,168,245,467,716,591,1135,705,1733,813,1305,466,506,582,1055,429,1530,15091,12434,1113,12,3979,0,0
2021-02-22T23:59:59+01:00,271,438,667,1167,891,1800,1099,2624,1464,2216,887,760,914,1344,569,1753,168,245,465,715,589,1134,703,1733,808,1303,465,505,581,1054,428,1528,14348,12423,1044,1,3472,0,0
2021-02-21T23:59:59+01:00,263,420,631,1101,842,1697,1052,2519,1388,2113,870,745,881,1288,521,1696,168,244,462,707,588,1131,703,1728,808,1302,464,505,580,1054,426,1527,14143,12396,1002,1,2882,0,0
2021-02-20T23:59:59+01:00,263,417,628,1100,840,1693,1050,2515,1371,2091,834,712,851,1273,514,1694,168,244,462,707,588,1131,703,1728,808,1302,464,505,579,1054,426,1527,14143,12395,846,1,2857,0,0
2021-02-19T23:59:59+01:00,252,407,619,1092,828,1678,1028,2496,1324,2043,597,610,717,1220,496,1677,168,244,462,706,588,1130,702,1726,805,1299,464,505,579,1053,425,1527,13675,12382,659,1,2750,0,0
2021-02-18T23:59:59+01:00,229,343,579,970,744,1451,891,2222,1063,1676,547,568,678,1179,481,1666,162,240,449,697,573,1111,696,1700,789,1273,461,503,579,1051,425,1527,13518,12235,563,1,1206,0,0
2021-02-17T23:59:59+01:00,222,304,559,910,709,1356,828,2057,981,1543,532,561,678,1175,479,1664,154,237,439,687,562,1093,678,1669,778,1253,458,502,577,1047,425,1527,13502,12085,563,1,493,0,0
2021-02-16T23:59:59+01:00,217,299,551,897,692,1323,813,2021,945,1503,525,556,672,1173,478,1662,148,232,426,679,551,1079,666,1650,770,1239,452,497,570,1032,419,1504,13473,11914,563,0,291,0,0
2021-02-15T23:59:59+01:00,201,287,545,868,684,1290,798,1985,920,1459,523,555,672,1173,478,1662,145,231,418,669,539,1061,640,1621,756,1221,451,497,570,1032,419,1504,13470,11774,524,0,106,0,0
2021-02-14T23:59:59+01:00,195,280,542,854,684,1283,793,1973,904,1453,522,555,672,1170,477,1662,137,228,407,658,520,1043,624,1607,750,1208,451,495,568,1030,419,1504,13464,11649,523,0,32,0,0
2021-02-13T23:59:59+01:00,194,280,541,854,684,1283,793,1973,904,1453,522,555,672,1170,477,1662,137,228,406,658,520,1043,624,1607,750,1208,451,495,568,1030,419,1504,13463,11648,523,0,31,0,0
2021-02-12T23:59:59+01:00,193,279,537,853,683,1281,788,1971,903,1451,521,555,672,1170,477,1662,133,225,403,653,515,1035,612,1595,746,1191,448,494,556,1008,417,1481,13456,11512,522,0,18,0,0
2021-02-11T23:59:59+01:00,191,278,532,846,678,1277,786,1968,896,1449,516,548,666,1165,472,1656,112,181,368,583,470,955,561,1472,706,1109,422,451,515,943,378,1397,13406,10623,510,0,8,0,0
2021-02-10T23:59:59+01:00,187,275,522,828,661,1261,774,1939,882,1431,507,543,658,1152,467,1647,102,168,339,518,442,844,520,1298,629,962,373,402,446,823,338,1247,13284,9451,449,0,1,0,0
2021-02-09T23:59:59+01:00,186,268,512,783,647,1224,754,1871,867,1396,498,534,650,1136,460,1633,94,146,322,454,405,756,473,1184,571,879,342,347,403,737,315,1135,13173,8563,246,0,0,0,0
2021-02-08T23:59:59+01:00,182,262,495,758,624,1187,733,1813,850,1365,492,533,647,1130,457,1618,72,108,282,387,357,616,417,949,496,719,283,290,338,586,261,949,13104,7110,42,0,0,0,0
2021-02-07T23:59:59+01:00,182,261,494,756,622,1187,731,1805,850,1363,491,533,647,1130,457,1617,71,94,262,358,340,568,398,916,480,690,282,283,335,579,260,946,13084,6862,42,0,0,0,0
2021-02-06T23:59:59+01:00,182,261,494,756,622,1187,731,1805,850,1363,491,533,647,1130,457,1617,71,94,262,358,340,568,398,915,478,688,282,282,334,577,259,946,13084,6852,42,0,0,0,0
2021-02-05T23:59:59+01:00,182,261,494,756,622,1187,731,1805,850,1362,491,533,646,1130,457,1617,69,94,260,356,338,564,390,896,473,678,276,281,329,562,251,936,13082,6753,42,0,0,0,0
2021-02-04T23:59:59+01:00,176,255,488,747,617,1179,727,1791,843,1354,485,527,621,1103,451,1602,52,75,224,319,300,469,343,752,382,545,214,209,243,385,186,687,12924,5385,42,0,0,0,0
2021-02-03T23:59:59+01:00,175,255,482,740,609,1171,722,1779,835,1339,477,522,606,1091,446,1597,41,49,165,226,249,354,257,570,306,422,170,168,178,298,141,527,12804,4121,42,0,0,0,0
2021-02-02T23:59:59+01:00,175,254,480,739,609,1171,718,1773,830,1336,476,521,602,1088,445,1593,31,42,141,177,205,286,216,436,253,339,128,133,141,223,107,419,12768,3277,42,0,0,0,0
2021-02-01T23:59:59+01:00,173,254,479,738,605,1165,717,1765,828,1332,474,519,597,1086,445,1588,26,31,102,132,147,194,152,304,160,240,81,93,99,139,56,225,12723,2181,42,0,0,0,0
2021-01-31T23:59:59+01:00,173,254,479,735,602,1164,717,1761,828,1331,473,519,596,1084,445,1587,17,22,70,86,105,128,116,227,133,192,77,87,95,129,54,212,12706,1750,42,0,0,0,0
2021-01-30T23:59:59+01:00,173,254,478,735,600,1162,716,1761,828,1331,473,519,595,1084,445,1587,17,22,70,86,105,126,114,224,130,189,76,85,95,124,48,202,12705,1713,36,0,0,0,0
2021-01-29T23:59:59+01:00,173,254,478,734,599,1160,714,1759,826,1330,473,519,595,1084,445,1587,14,20,59,82,87,121,97,215,109,176,71,78,92,121,48,201,12702,1591,28,0,0,0,0
2021-01-28T23:59:59+01:00,166,248,464,717,583,1135,707,1733,804,1302,467,515,593,1081,443,1584,8,4,13,22,24,44,31,102,46,82,46,51,60,88,36,151,12520,808,22,0,0,0,0
2021-01-27T23:59:59+01:00,158,245,453,707,573,1125,692,1697,799,1282,463,514,590,1075,443,1580,4,2,5,12,9,22,15,42,22,27,13,16,24,36,17,47,12376,313,20,0,0,0,0
2021-01-26T23:59:59+01:00,151,241,441,693,561,1111,684,1673,787,1262,458,508,584,1057,437,1550,4,2,5,11,6,20,12,37,17,26,13,13,23,36,17,46,12186,288,12,0,0,0,0
2021-01-25T23:59:59+01:00,148,239,431,680,546,1092,660,1644,770,1244,458,507,583,1057,437,1550,3,2,4,9,6,16,7,28,12,21,8,4,13,24,9,28,12045,194,1,0,0,0,0
2021-01-24T23:59:59+01:00,140,236,421,670,531,1073,644,1632,758,1232,457,504,582,1057,437,1550,2,0,2,6,6,4,5,7,4,9,1,1,11,16,6,15,11923,95,1,0,0,0,0
2021-01-23T23:59:59+01:00,140,236,421,670,531,1073,644,1632,758,1232,457,504,582,1057,437,1550,2,0,2,6,6,4,5,7,4,9,1,1,11,16,6,15,11923,95,1,0,0,0,0
2021-01-22T23:59:59+01:00,136,233,414,665,527,1065,632,1620,752,1215,456,501,569,1033,434,1527,2,0,2,6,6,4,5,7,4,9,1,1,11,16,6,15,11778,95,1,0,0,0,0
2021-01-21T23:59:59+01:00,123,224,399,646,501,1031,601,1567,733,1176,439,466,535,980,403,1469,2,0,2,6,6,4,5,7,4,9,1,1,11,16,6,15,11292,95,1,0,0,0,0
2021-01-20T23:59:59+01:00,104,174,358,553,458,886,547,1330,643,1003,378,408,450,833,349,1266,2,0,2,5,6,4,5,7,4,9,1,1,11,16,6,15,9739,94,1,0,0,0,0
2021-01-19T23:59:59+01:00,96,154,329,479,417,790,505,1215,593,911,353,370,412,752,326,1178,2,0,2,3,6,4,5,7,4,9,1,0,8,12,5,15,8879,83,1,0,0,0,0
2021-01-18T23:59:59+01:00,73,111,289,393,362,640,428,969,504,736,287,301,344,602,274,993,2,0,2,3,6,4,5,7,4,9,1,0,8,12,5,15,7306,83,0,0,0,0,0
2021-01-17T23:59:59+01:00,70,96,269,364,342,583,406,925,484,704,284,293,342,595,273,985,0,0,0,0,0,0,0,0,0,0,0,0,0,0,0,0,7015,0,0,0,0,0,0
2021-01-16T23:59:59+01:00,70,96,269,364,342,583,406,924,482,702,284,292,340,591,272,985,0,0,0,0,0,0,0,0,0,0,0,0,0,0,0,0,7002,0,0,0,0,0,0
2021-01-15T23:59:59+01:00,68,96,268,361,339,577,396,904,474,687,275,290,328,571,260,973,0,0,0,0,0,0,0,0,0,0,0,0,0,0,0,0,6867,0,0,0,0,0,0
2021-01-14T23:59:59+01:00,53,80,253,336,317,496,355,777,388,556,215,212,241,382,188,698,0,0,0,0,0,0,0,0,0,0,0,0,0,0,0,0,5547,0,0,0,0,0,0
2021-01-13T23:59:59+01:00,46,66,225,274,277,407,289,615,317,450,163,171,180,295,145,534,0,0,0,0,0,0,0,0,0,0,0,0,0,0,0,0,4454,0,0,0,0,0,0
2021-01-12T23:59:59+01:00,42,64,217,257,263,376,270,543,283,406,126,132,143,222,109,412,0,0,0,0,0,0,0,0,0,0,0,0,0,0,0,0,3865,0,0,0,0,0,0
2021-01-11T23:59:59+01:00,36,58,205,236,244,326,220,448,234,342,93,99,110,143,60,253,0,0,0,0,0,0,0,0,0,0,0,0,0,0,0,0,3107,0,0,0,0,0,0
2021-01-10T23:59:59+01:00,31,50,168,167,201,248,182,353,188,277,87,94,107,136,58,240,0,0,0,0,0,0,0,0,0,0,0,0,0,0,0,0,2587,0,0,0,0,0,0
2021-01-09T23:59:59+01:00,30,48,162,163,199,241,179,347,186,272,87,94,107,136,58,240,0,0,0,0,0,0,0,0,0,0,0,0,0,0,0,0,2549,0,0,0,0,0,0
2021-01-08T23:59:59+01:00,25,42,133,140,178,228,156,319,160,252,82,84,104,133,58,239,0,0,0,0,0,0,0,0,0,0,0,0,0,0,0,0,2333,0,0,0,0,0,0
2021-01-07T23:59:59+01:00,8,5,16,24,30,49,37,109,58,98,47,48,62,89,36,157,0,0,0,0,0,0,0,0,0,0,0,0,0,0,0,0,873,0,0,0,0,0,0
2021-01-06T23:59:59+01:00,3,2,6,12,8,21,14,40,20,29,15,12,25,40,18,54,0,0,0,0,0,0,0,0,0,0,0,0,0,0,0,0,319,0,0,0,0,0,0
2021-01-05T23:59:59+01:00,2,1,5,11,7,17,11,32,15,24,11,12,22,33,18,50,0,0,0,0,0,0,0,0,0,0,0,0,0,0,0,0,271,0,0,0,0,0,0
2021-01-04T23:59:59+01:00,1,1,3,7,7,11,5,15,8,15,4,2,11,18,8,25,0,0,0,0,0,0,0,0,0,0,0,0,0,0,0,0,141,0,0,0,0,0,0
2021-01-03T23:59:59+01:00,1,0,2,6,7,4,5,7,4,9,1,1,11,14,7,15,0,0,0,0,0,0,0,0,0,0,0,0,0,0,0,0,94,0,0,0,0,0,0
2021-01-02T23:59:59+01:00,1,0,2,6,7,4,5,7,4,9,1,1,11,14,7,15,0,0,0,0,0,0,0,0,0,0,0,0,0,0,0,0,94,0,0,0,0,0,0
2021-01-01T23:59:59+01:00,1,0,2,6,7,4,5,7,4,9,1,1,11,14,7,15,0,0,0,0,0,0,0,0,0,0,0,0,0,0,0,0,94,0,0,0,0,0,0
2020-12-31T23:59:59+01:00,1,0,2,5,7,4,5,7,4,9,1,1,11,14,7,15,0,0,0,0,0,0,0,0,0,0,0,0,0,0,0,0,93,0,0,0,0,0,0
2020-12-30T23:59:59+01:00,1,0,2,5,7,4,5,7,4,9,1,1,11,14,7,15,0,0,0,0,0,0,0,0,0,0,0,0,0,0,0,0,93,0,0,0,0,0,0
2020-12-29T23:59:59+01:00,1,0,2,3,7,4,5,7,4,9,1,0,8,11,6,15,0,0,0,0,0,0,0,0,0,0,0,0,0,0,0,0,83,0,0,0,0,0,0
2020-12-28T23:59:59+01:00,1,0,2,3,7,4,5,7,4,9,1,0,8,11,6,15,0,0,0,0,0,0,0,0,0,0,0,0,0,0,0,0,83,0,0,0,0,0,0
2020-12-27T23:59:59+01:00,1,0,2,3,7,4,5,7,4,9,1,0,8,11,6,15,0,0,0,0,0,0,0,0,0,0,0,0,0,0,0,0,83,0,0,0,0,0,0
