Datum,<15_m,<15_w,15-24_1_m,15-24_1_w,25-34_1_m,25-34_1_w,35-44_1_m,35-44_1_w,45-54_1_m,45-54_1_w,55-64_1_m,55-64_1_w,65-74_1_m,65-74_1_w,75-84_1_m,75-84_1_w,>84_1_m,>84_1_w,<24_2_m,<24_2_w,25-34_2_m,25-34_2_w,35-44_2_m,35-44_2_w,45-54_2_m,45-54_2_w,55-64_2_m,55-64_2_w,65-74_2_m,65-74_2_w,75-84_2_m,75-84_2_w,>84_2_m,>84_2_w,bp_1,bp_2,mo_1,mo_2,az_1,az_2,ja,unb_1,unb_2
2021-09-07T23:59:59+02:00,1556,1441,15767,14591,21227,19509,23257,22860,27005,27666,30232,31179,21314,24342,15203,19164,4325,7538,14063,13041,19805,18041,21972,21446,25697,26219,29016,29906,20654,23591,14761,18505,4183,7265,225317,211994,32314,30826,55079,51977,15443,23,32
2021-09-06T23:59:59+02:00,1543,1431,15716,14547,21208,19480,23236,22829,26980,27647,30217,31158,21304,24339,15198,19157,4325,7536,14032,13005,19785,18017,21944,21425,25677,26200,29002,29892,20645,23582,14758,18501,4183,7262,225069,211797,32314,30826,55079,51976,15366,23,32
2021-09-05T23:59:59+02:00,1525,1417,15688,14524,21193,19460,23227,22804,26972,27636,30212,31150,21299,24333,15193,19155,4325,7533,13995,12969,19758,17985,21921,21399,25660,26186,28989,29875,20641,23574,14756,18499,4183,7262,224875,211590,32307,30758,55078,51975,15363,23,32
2021-09-04T23:59:59+02:00,1525,1417,15680,14521,21180,19455,23220,22800,26967,27630,30206,31147,21298,24330,15193,19154,4325,7533,13987,12966,19745,17980,21914,21395,25655,26180,28983,29872,20640,23571,14756,18498,4183,7262,224874,211589,32307,30758,55078,51975,15299,23,32
2021-09-03T23:59:59+02:00,1522,1414,15663,14508,21149,19430,23192,22781,26943,27618,30193,31132,21291,24322,15193,19148,4325,7532,13971,12954,19721,17960,21892,21381,25638,26171,28969,29861,20634,23564,14756,18495,4183,7262,224805,211574,32305,30753,55078,51974,15145,23,32
2021-09-02T23:59:59+02:00,1506,1394,15591,14451,21105,19382,23157,22735,26902,27577,30156,31107,21278,24312,15187,19135,4323,7526,13877,12891,19680,17905,21851,21339,25598,26128,28931,29834,20622,23553,14751,18483,4182,7262,224391,211139,32300,30748,55076,51955,15034,23,32
2021-09-01T23:59:59+02:00,1455,1338,15453,14301,20994,19288,23086,22680,26836,27507,30106,31057,21260,24287,15179,19121,4320,7521,13736,12774,19562,17814,21768,21272,25543,26060,28881,29771,20597,23524,14739,18468,4178,7256,223631,210568,32273,30563,55075,51943,14787,23,32
2021-08-31T23:59:59+02:00,1432,1323,15392,14230,20935,19234,23045,22640,26788,27468,30073,31025,21249,24275,15173,19113,4320,7520,13663,12709,19514,17772,21737,21238,25511,26037,28854,29745,20591,23513,14736,18460,4177,7255,223191,210229,32273,30563,55074,51938,14674,23,32
2021-08-30T23:59:59+02:00,1409,1304,15322,14186,20891,19178,23013,22602,26753,27435,30041,30996,21237,24267,15169,19104,4318,7513,13606,12667,19472,17724,21705,21213,25482,26000,28821,29720,20580,23499,14726,18452,4176,7252,222831,209931,32273,30563,55074,51936,14537,23,32
2021-08-29T23:59:59+02:00,1393,1293,15279,14142,20853,19149,22989,22578,26735,27412,30024,30981,21233,24258,15169,19102,4318,7512,13554,12623,19449,17700,21677,21193,25463,25981,28808,29703,20572,23491,14723,18448,4174,7251,222550,209666,32272,30561,55074,51935,14501,23,32
2021-08-28T23:59:59+02:00,1393,1293,15271,14139,20841,19142,22983,22574,26732,27403,30021,30980,21232,24258,15169,19102,4318,7512,13546,12619,19437,17693,21670,21189,25460,25972,28805,29702,20571,23491,14723,18448,4174,7251,222549,209663,32272,30561,55074,51935,14445,23,32
2021-08-27T23:59:59+02:00,1385,1286,15239,14113,20814,19126,22952,22558,26708,27392,30005,30962,21227,24250,15165,19101,4315,7509,13517,12587,19401,17676,21642,21168,25432,25959,28788,29684,20565,23482,14720,18446,4173,7251,222419,209518,32272,30560,55073,51934,14320,23,32
2021-08-26T23:59:59+02:00,1372,1268,15195,14068,20769,19088,22921,22520,26675,27354,29973,30925,21212,24234,15158,19093,4312,7501,13449,12527,19327,17620,21585,21110,25376,25911,28749,29648,20552,23461,14711,18433,4172,7247,222130,209239,32253,30436,55071,51863,14161,23,32
2021-08-25T23:59:59+02:00,1326,1223,15049,13950,20659,18997,22843,22428,26599,27271,29915,30870,21192,24208,15148,19084,4308,7495,13327,12444,19239,17544,21521,21037,25308,25856,28706,29607,20526,23440,14703,18419,4171,7244,221288,208668,32238,30388,55071,51855,13946,22,30
2021-08-24T23:59:59+02:00,1302,1199,14985,13899,20617,18946,22788,22383,26563,27236,29887,30839,21176,24193,15142,19074,4307,7494,13230,12383,19179,17464,21484,20986,25264,25814,28677,29569,20508,23420,14696,18407,4169,7239,220875,208187,32208,30332,55071,51840,13854,22,25
2021-08-23T23:59:59+02:00,1284,1181,14919,13861,20579,18917,22760,22359,26528,27217,29862,30813,21157,24179,15137,19061,4306,7493,13114,12306,19117,17406,21432,20937,25224,25760,28632,29526,20489,23403,14690,18395,4166,7239,220571,207669,32192,30243,55071,51840,13757,22,25
2021-08-22T23:59:59+02:00,1274,1173,14903,13841,20562,18898,22749,22340,26513,27202,29846,30809,21150,24175,15135,19053,4304,7492,13054,12235,19063,17372,21402,20903,25202,25734,28606,29505,20481,23392,14689,18391,4166,7239,220398,207346,32174,30132,55071,51837,13754,22,25
2021-08-21T23:59:59+02:00,1274,1173,14896,13832,20550,18890,22739,22334,26509,27197,29835,30802,21150,24173,15135,19053,4304,7492,13046,12226,19052,17364,21394,20897,25196,25729,28596,29498,20481,23390,14689,18391,4166,7239,220393,207342,32174,30132,55071,51837,13678,22,25
2021-08-20T23:59:59+02:00,1267,1168,14869,13799,20518,18862,22716,22312,26483,27174,29818,30786,21147,24164,15133,19047,4304,7492,13028,12209,19030,17345,21377,20876,25181,25711,28578,29479,20477,23384,14688,18388,4166,7239,220208,207239,32174,30130,55071,51836,13584,22,25
2021-08-19T23:59:59+02:00,1249,1152,14811,13749,20480,18833,22684,22278,26461,27145,29792,30763,21136,24156,15131,19042,4303,7489,12896,12097,18938,17271,21291,20819,25111,25645,28519,29429,20456,23372,14682,18380,4164,7236,219903,206616,32145,29994,55071,51774,13513,22,25
2021-08-18T23:59:59+02:00,1229,1135,14730,13658,20367,18773,22612,22217,26399,27090,29734,30707,21112,24136,15125,19030,4301,7486,12767,11981,18805,17188,21199,20730,25026,25562,28439,29363,20424,23328,14672,18365,4163,7231,219505,206027,32127,29875,55070,51766,13117,22,25
2021-08-17T23:59:59+02:00,1218,1122,14690,13620,20325,18729,22577,22183,26367,27063,29717,30687,21100,24122,15114,19021,4297,7485,12659,11897,18725,17126,21126,20668,24975,25510,28402,29322,20405,23313,14663,18352,4161,7229,219226,205501,32094,29748,55070,51758,13025,22,24
2021-08-16T23:59:59+02:00,1205,1111,14643,13572,20289,18701,22548,22151,26347,27034,29683,30656,21088,24111,15107,19009,4295,7483,12567,11797,18636,17055,21057,20582,24909,25452,28335,29260,20382,23291,14653,18334,4160,7226,218960,204885,32092,29621,55070,51757,12889,22,24
2021-08-15T23:59:59+02:00,1195,1098,14606,13543,20262,18670,22522,22132,26334,27018,29673,30642,21083,24099,15102,19007,4294,7481,12500,11729,18583,17024,21009,20542,24873,25409,28317,29238,20372,23278,14649,18328,4158,7224,218736,204432,32092,29620,55070,51756,12841,22,24
2021-08-14T23:59:59+02:00,1195,1097,14599,13539,20253,18664,22513,22125,26320,27011,29668,30634,21080,24098,15101,19006,4294,7481,12493,11725,18574,17017,20999,20535,24859,25402,28312,29229,20369,23277,14648,18327,4158,7224,218735,204430,32092,29619,55070,51756,12759,22,24
2021-08-13T23:59:59+02:00,1192,1094,14590,13529,20239,18654,22502,22120,26313,27001,29653,30626,21071,24093,15100,19006,4294,7481,12478,11711,18563,17009,20987,20527,24853,25386,28298,29224,20363,23270,14646,18327,4158,7223,218677,204362,32092,29619,55070,51756,12697,22,24
2021-08-12T23:59:59+02:00,1172,1072,14532,13476,20198,18614,22478,22088,26288,26972,29622,30604,21059,24074,15096,19000,4294,7476,12307,11568,18423,16901,20893,20440,24773,25301,28231,29168,20342,23238,14633,18315,4155,7217,218360,203569,32081,29427,55070,51686,12582,22,24
2021-08-11T23:59:59+02:00,1155,1050,14462,13415,20161,18562,22436,22048,26256,26947,29594,30567,21046,24057,15093,18989,4291,7472,12168,11429,18342,16814,20814,20366,24723,25229,28188,29106,20310,23212,14626,18304,4153,7212,217967,202674,32009,29422,55070,51681,12533,22,24
2021-08-10T23:59:59+02:00,1140,1033,14386,13346,20112,18518,22407,22007,26227,26918,29563,30539,21035,24048,15093,18981,4290,7470,12063,11318,18250,16746,20755,20303,24671,25173,28146,29055,20286,23184,14612,18286,4152,7206,217552,201933,31980,29401,55070,51656,12489,22,24
2021-08-09T23:59:59+02:00,1123,1014,14302,13284,20031,18464,22359,21959,26175,26874,29527,30506,21017,24031,15087,18972,4285,7468,11881,11159,18082,16651,20635,20221,24576,25077,28066,28981,20250,23145,14598,18274,4149,7197,217106,200956,31961,29292,55069,51562,12320,22,23
2021-08-08T23:59:59+02:00,1109,1007,14261,13247,20011,18430,22333,21939,26160,26854,29511,30492,21010,24025,15084,18968,4284,7467,11798,11071,17995,16570,20571,20165,24511,25031,28020,28937,20228,23122,14586,18263,4149,7193,216882,200301,31929,29218,55068,51543,12291,22,23
2021-08-07T23:59:59+02:00,1109,1007,14246,13241,20001,18425,22326,21934,26148,26840,29497,30480,21008,24021,15080,18963,4283,7467,11784,11066,17978,16565,20565,20159,24498,25016,28003,28925,20226,23118,14582,18258,4148,7193,216877,200287,31929,29217,55068,51543,12180,22,23
2021-08-06T23:59:59+02:00,1109,1006,14235,13229,19989,18406,22312,21920,26126,26831,29485,30469,21005,24017,15077,18960,4283,7467,11771,11052,17958,16545,20549,20143,24476,25007,27991,28914,20223,23114,14579,18256,4148,7193,216870,200262,31925,29217,55068,51542,12041,22,23
2021-08-05T23:59:59+02:00,1098,987,14165,13189,19941,18373,22269,21880,26091,26777,29457,30445,20992,24002,15069,18952,4281,7464,11598,10939,17848,16448,20437,20048,24369,24916,27922,28865,20198,23089,14568,18242,4145,7191,216563,199469,31887,29125,55066,51413,11894,22,23
2021-08-04T23:59:59+02:00,1084,971,14101,13120,19841,18291,22205,21824,26055,26736,29408,30398,20969,23984,15059,18940,4281,7461,11410,10766,17620,16313,20264,19920,24253,24792,27814,28769,20170,23056,14555,18230,4142,7189,216304,198427,31732,29066,55064,51170,11607,21,23
2021-08-03T23:59:59+02:00,1060,953,14031,13060,19807,18244,22171,21783,26022,26695,29374,30369,20953,23961,15049,18926,4278,7451,11225,10591,17448,16186,20125,19789,24106,24670,27695,28664,20127,23010,14537,18198,4140,7183,215931,196993,31706,29030,55064,51115,11465,21,23
2021-08-02T23:59:59+02:00,1036,933,13944,12992,19750,18186,22120,21743,25968,26635,29322,30319,20922,23930,15039,18906,4275,7449,11055,10421,17276,16057,19976,19674,23991,24552,27609,28563,20080,22957,14518,18179,4137,7173,215450,195803,31676,28971,55064,51039,11258,21,23
2021-08-01T23:59:59+02:00,1026,918,13884,12945,19715,18169,22101,21722,25944,26616,29303,30303,20913,23918,15035,18899,4275,7448,10912,10276,17115,15948,19827,19566,23847,24446,27503,28483,20066,22933,14510,18165,4137,7169,215216,194917,31629,28878,55064,50690,11204,21,23
2021-07-31T23:59:59+02:00,1026,918,13858,12936,19698,18161,22084,21712,25931,26605,29295,30292,20911,23913,15034,18898,4274,7448,10885,10264,17095,15935,19809,19554,23835,24434,27495,28472,20064,22928,14509,18164,4136,7169,215212,194898,31629,28878,55064,50690,11068,21,23
2021-07-30T23:59:59+02:00,1018,909,13799,12892,19653,18139,22055,21693,25901,26583,29267,30274,20904,23905,15028,18896,4272,7447,10798,10192,17030,15892,19750,19519,23768,24393,27446,28447,20049,22906,14500,18160,4133,7167,215035,194508,31628,28878,55064,50624,10887,21,23
2021-07-29T23:59:59+02:00,994,891,13692,12806,19587,18078,21983,21642,25850,26528,29217,30237,20886,23895,15021,18889,4272,7445,10533,9935,16733,15649,19458,19306,23467,24166,27195,28285,19994,22850,14488,18140,4133,7166,214593,192780,31556,28765,55064,49936,10679,21,23
2021-07-28T23:59:59+02:00,967,862,13561,12677,19465,17973,21898,21559,25769,26446,29141,30168,20864,23859,15008,18877,4270,7443,10242,9731,16472,15463,19198,19118,23238,23977,27039,28140,19945,22777,14469,18118,4130,7161,213948,191445,31523,28679,55058,49425,10257,21,23
2021-07-27T23:59:59+02:00,936,841,13441,12582,19402,17913,21833,21506,25704,26388,29101,30123,20849,23839,15003,18857,4269,7437,9986,9519,16222,15240,18972,18933,23046,23805,26875,28001,19903,22724,14447,18091,4124,7152,213353,189787,31469,28522,55057,49091,10125,20,23
2021-07-26T23:59:59+02:00,911,823,13339,12487,19349,17856,21760,21442,25655,26355,29046,30064,20821,23816,14985,18838,4269,7433,9749,9270,15990,15038,18724,18733,22820,23638,26723,27871,19832,22664,14419,18055,4119,7146,212752,188039,31398,28423,55056,48715,10023,20,23
2021-07-25T23:59:59+02:00,892,812,13262,12416,19269,17810,21703,21391,25615,26307,29010,30018,20804,23800,14979,18832,4266,7432,9562,9128,15789,14889,18523,18592,22651,23527,26574,27751,19782,22616,14403,18042,4116,7143,212452,187135,31338,28270,55056,48297,9752,20,23
2021-07-24T23:59:59+02:00,892,812,13252,12407,19259,17804,21694,21386,25600,26300,29005,30012,20800,23799,14978,18831,4266,7432,9552,9115,15780,14881,18512,18586,22634,23518,26568,27743,19779,22613,14402,18041,4116,7142,212448,187117,31338,28267,55056,48297,9667,20,23
2021-07-23T23:59:59+02:00,884,811,13189,12371,19181,17771,21656,21353,25563,26261,28972,29976,20786,23783,14970,18827,4264,7429,9504,9087,15698,14836,18459,18547,22581,23477,26524,27704,19764,22597,14395,18035,4114,7139,212324,186957,31337,28263,55056,48296,9310,20,23
2021-07-22T23:59:59+02:00,872,798,13092,12291,19124,17704,21608,21323,25514,26214,28948,29954,20774,23765,14968,18821,4261,7427,9185,8814,15296,14589,18094,18291,22247,23230,26319,27570,19707,22541,14382,18013,4111,7134,211858,185128,31253,28008,55053,47381,9274,20,23
2021-07-21T23:59:59+02:00,850,771,12891,12125,18976,17579,21476,21223,25407,26111,28871,29884,20732,23730,14951,18798,4257,7422,8802,8492,14860,14260,17717,18019,21891,22901,26047,27361,19614,22453,14356,17976,4108,7125,211236,183222,31144,27656,55049,46723,8605,20,23
2021-07-20T23:59:59+02:00,820,746,12746,11992,18869,17496,21407,21147,25347,26046,28834,29833,20707,23697,14943,18782,4254,7419,8472,8185,14395,13925,17334,17745,21591,22671,25804,27175,19532,22344,14327,17941,4106,7119,210566,181077,31036,27495,55045,45844,8418,20,22
2021-07-19T23:59:59+02:00,791,718,12624,11874,18777,17424,21349,21087,25292,25992,28784,29796,20682,23669,14933,18768,4250,7413,8141,7926,14028,13668,16987,17496,21267,22470,25577,27033,19463,22269,14305,17919,4100,7113,209848,179036,30930,27331,55045,45132,8380,20,22
2021-07-18T23:59:59+02:00,773,699,12513,11765,18676,17348,21286,21035,25236,25941,28747,29743,20660,23649,14922,18757,4248,7411,7971,7773,13871,13549,16835,17373,21106,22357,25448,26952,19423,22229,14291,17903,4100,7110,209273,178101,30782,27225,55045,44769,8289,20,22
2021-07-17T23:59:59+02:00,773,699,12509,11765,18675,17345,21286,21035,25236,25941,28747,29743,20660,23649,14922,18757,4248,7411,7963,7772,13867,13544,16834,17372,21105,22356,25447,26950,19422,22229,14291,17903,4100,7110,209269,178081,30782,27224,55045,44768,8285,20,22
2021-07-16T23:59:59+02:00,766,694,12435,11709,18636,17314,21249,21008,25203,25918,28721,29724,20658,23646,14922,18755,4248,7411,7813,7670,13714,13470,16691,17314,20967,22298,25340,26902,19404,22210,14290,17897,4100,7107,209059,177633,30782,27152,55044,44376,8112,20,22
2021-07-15T23:59:59+02:00,751,674,12364,11638,18573,17256,21194,20958,25155,25877,28692,29696,20643,23628,14917,18746,4247,7408,7470,7351,13107,13067,16022,16890,20332,21929,24886,26590,19258,22069,14247,17851,4097,7100,208577,175405,30696,26254,55037,42601,8087,20,22
2021-07-14T23:59:59+02:00,722,654,12153,11502,18401,17148,21073,20861,25052,25774,28603,29595,20609,23595,14898,18730,4244,7405,7052,6988,12443,12609,15334,16405,19698,21469,24423,26247,19040,21843,14215,17803,4089,7089,207769,172569,30528,25917,55034,40654,7668,20,22
2021-07-13T23:59:59+02:00,678,620,12013,11371,18280,17066,20960,20764,24956,25679,28533,29530,20580,23556,14878,18720,4242,7395,6585,6554,11808,12110,14641,15894,19096,21053,23984,25921,18861,21628,14171,17740,4085,7080,206753,168893,30391,25743,55023,38984,7634,20,19
2021-07-12T23:59:59+02:00,645,589,11889,11233,18163,16976,20869,20656,24853,25581,28450,29464,20553,23522,14870,18708,4237,7388,6169,6138,11209,11576,14022,15353,18543,20561,23568,25558,18667,21437,14107,17682,4076,7076,205736,165216,30260,24919,55019,38029,7611,20,19
2021-07-11T23:59:59+02:00,609,562,11772,11142,18096,16914,20811,20599,24799,25535,28393,29417,20534,23502,14861,18699,4237,7387,5974,5970,10951,11374,13790,15153,18296,20372,23359,25373,18595,21357,14080,17656,4075,7070,205098,163824,30139,24449,55017,37603,7598,17,19
2021-07-10T23:59:59+02:00,608,562,11765,11141,18093,16912,20808,20599,24796,25534,28392,29417,20534,23502,14860,18697,4237,7387,5967,5969,10949,11368,13781,15149,18295,20370,23357,25371,18593,21356,14079,17656,4075,7070,205080,163798,30138,24448,55017,37596,7592,17,19
2021-07-09T23:59:59+02:00,580,539,11655,11019,18018,16828,20739,20537,24722,25458,28343,29372,20511,23482,14857,18688,4237,7386,5934,5938,10919,11335,13731,15128,18264,20337,23338,25348,18588,21346,14077,17653,4075,7069,204215,163563,30138,24398,55017,37563,7584,17,19
2021-07-08T23:59:59+02:00,545,511,11492,10883,17896,16724,20609,20439,24614,25332,28226,29295,20467,23432,14841,18660,4234,7378,5579,5680,10406,10942,13111,14675,17602,19781,22730,24886,18272,20959,13981,17570,4070,7059,203452,161257,30113,23592,54992,35472,7004,17,19
2021-07-07T23:59:59+02:00,485,458,11327,10739,17814,16639,20540,20370,24541,25254,28164,29231,20439,23397,14836,18648,4232,7370,5268,5385,9881,10492,12532,14198,16922,19262,22165,24387,17960,20595,13879,17473,4063,7036,202448,158801,30091,22129,54973,33630,6955,17,19
2021-07-06T23:59:59+02:00,445,424,11202,10590,17700,16545,20448,20266,24463,25163,28074,29152,20413,23359,14827,18631,4230,7367,4868,4954,9271,9974,11820,13597,16215,18645,21648,23891,17641,20291,13779,17358,4054,7026,201316,154597,30085,21186,54964,32336,6917,17,19
2021-07-05T23:59:59+02:00,423,397,11110,10504,17613,16474,20367,20195,24402,25111,28033,29114,20389,23338,14815,18623,4229,7364,4575,4632,8776,9522,11258,13044,15505,18002,21027,23282,17247,19896,13646,17200,4046,7018,200579,150699,30081,20508,54955,30600,6869,17,19
2021-07-04T23:59:59+02:00,410,391,11034,10449,17546,16421,20317,20146,24370,25075,28017,29096,20380,23327,14809,18620,4228,7363,4430,4539,8645,9356,11067,12868,15265,17792,20762,23010,16975,19604,13587,17108,4042,7014,200096,149386,30077,20201,54954,29622,6855,17,19
2021-07-03T23:59:59+02:00,409,390,11027,10440,17536,16413,20315,20143,24368,25074,28014,29095,20380,23326,14809,18620,4228,7362,4426,4533,8638,9354,11064,12868,15261,17792,20759,23007,16975,19601,13587,17108,4042,7014,200064,149374,30076,20201,54954,29616,6838,17,19
2021-07-02T23:59:59+02:00,365,327,10880,10330,17423,16311,20213,20068,24295,25009,27951,29035,20354,23300,14803,18606,4228,7359,4337,4452,8479,9214,10929,12758,15138,17685,20647,22903,16934,19572,13580,17093,4042,7011,199178,148383,30076,20200,54954,29559,6632,17,19
2021-07-01T23:59:59+02:00,318,283,10743,10193,17294,16218,20090,19978,24211,24934,27888,28984,20334,23276,14787,18591,4225,7355,4133,4250,8181,8875,10558,12346,14570,17187,20139,22361,16646,19273,13372,16880,4032,6989,198100,145322,30017,19515,54948,28333,6620,17,19
2021-06-30T23:59:59+02:00,235,221,10489,9953,17126,16068,19958,19846,24096,24812,27807,28895,20311,23244,14768,18573,4224,7354,3937,4053,7878,8534,10146,11881,14081,16628,19565,21727,16324,18935,13099,16604,4019,6963,196457,141639,29960,19259,54940,26867,6606,17,19
2021-06-29T23:59:59+02:00,190,184,10341,9777,16991,15972,19854,19754,24028,24735,27749,28826,20285,23217,14754,18553,4224,7350,3733,3791,7480,8083,9672,11344,13426,15961,18951,21021,16007,18608,12851,16314,4012,6949,195303,137352,29955,18960,54936,25313,6574,16,19
2021-06-28T23:59:59+02:00,140,132,10143,9594,16870,15865,19751,19653,23935,24641,27681,28764,20255,23187,14740,18534,4222,7348,3529,3533,7080,7640,9239,10850,12875,15423,18454,20506,15757,18343,12732,16181,4006,6938,194125,133520,29841,18535,54933,24485,6540,16,19
2021-06-27T23:59:59+02:00,122,115,10005,9482,16813,15806,19691,19602,23877,24591,27654,28740,20242,23171,14737,18530,4221,7345,3436,3465,6904,7446,9050,10649,12645,15183,18191,20246,15637,18239,12667,16095,4006,6934,193497,132328,29782,18186,54927,23751,6522,16,19
2021-06-26T23:59:59+02:00,122,115,10003,9477,16812,15802,19689,19601,23874,24590,27654,28740,20242,23171,14737,18530,4221,7345,3433,3465,6902,7445,9047,10647,12642,15180,18189,20245,15634,18238,12667,16094,4006,6934,193479,132307,29781,18186,54927,23747,6522,16,19
2021-06-25T23:59:59+02:00,118,112,9956,9436,16775,15769,19656,19572,23838,24562,27630,28722,20236,23164,14735,18527,4221,7345,3413,3419,6828,7334,8951,10492,12528,14984,18044,20037,15612,18209,12659,16091,4005,6933,193162,132128,29747,17832,54927,23051,6522,16,19
2021-06-24T23:59:59+02:00,108,101,9828,9310,16587,15643,19524,19449,23715,24471,27573,28662,20222,23148,14728,18518,4220,7343,3287,3272,6615,7003,8639,10036,11996,14363,17489,19332,15387,17978,12514,15961,4002,6921,192323,129733,29402,16972,54926,21600,6483,16,19
2021-06-23T23:59:59+02:00,102,95,9699,9171,16447,15517,19407,19343,23618,24366,27508,28615,20207,23126,14724,18513,4217,7342,3080,3030,6262,6517,8137,9468,11296,13542,16727,18351,15090,17637,12363,15818,3992,6896,191403,125176,29235,16001,54915,20574,6448,16,19
2021-06-22T23:59:59+02:00,71,69,9408,8865,16218,15315,19221,19195,23474,24240,27437,28530,20184,23101,14716,18494,4213,7336,2846,2741,5777,5970,7514,8706,10388,12502,15701,17149,14795,17278,12256,15694,3979,6873,189718,118742,29028,15511,54911,19499,6416,14,13
2021-06-21T23:59:59+02:00,67,62,9280,8702,16045,15169,19033,19041,23343,24117,27376,28451,20160,23073,14711,18484,4213,7332,2701,2548,5394,5502,7048,8120,9657,11623,14970,16214,14517,16965,12149,15573,3974,6857,188520,114027,28803,14952,54908,18418,6414,14,13
2021-06-20T23:59:59+02:00,64,61,9145,8568,15909,15053,18921,18950,23269,24046,27336,28400,20149,23052,14700,18477,4210,7331,2643,2479,5223,5319,6833,7853,9349,11292,14603,15810,14382,16831,12109,15536,3969,6851,187626,112323,28683,14720,54908,17628,6410,14,13
2021-06-19T23:59:59+02:00,64,61,9145,8566,15907,15044,18919,18950,23267,24045,27336,28399,20149,23052,14700,18477,4210,7331,2639,2476,5221,5314,6831,7853,9349,11291,14601,15806,14380,16831,12109,15536,3969,6851,187610,112301,28681,14718,54907,17627,6410,14,13
2021-06-18T23:59:59+02:00,64,57,9117,8554,15893,15035,18904,18942,23260,24036,27329,28394,20149,23049,14699,18477,4210,7331,2610,2442,5166,5255,6753,7753,9250,11135,14429,15577,14301,16730,12098,15515,3967,6848,187490,111515,28680,14717,54906,17186,6410,14,13
2021-06-17T23:59:59+02:00,57,54,8942,8392,15658,14867,18706,18786,23104,23905,27193,28301,20125,23027,14692,18465,4208,7328,2473,2289,4839,4956,6366,7350,8700,10529,13598,14705,14064,16438,12025,15393,3963,6836,186162,108645,28675,13758,54898,16059,6061,14,13
2021-06-16T23:59:59+02:00,49,52,8712,8176,15422,14642,18495,18586,22914,23738,27087,28191,20096,22984,14678,18445,4204,7322,2359,2181,4597,4754,6013,7004,8175,10043,12880,13866,13714,16055,11940,15304,3958,6824,184375,105198,28576,12957,54895,15578,5933,14,13
2021-06-15T23:59:59+02:00,40,39,8363,7837,15042,14284,18174,18295,22665,23525,26928,28057,20066,22950,14665,18429,4202,7311,2175,2014,4245,4399,5505,6439,7294,9156,11687,12588,13174,15439,11818,15141,3943,6801,181766,98954,28540,12293,54894,14912,5658,14,13
2021-06-14T23:59:59+02:00,34,34,8182,7669,14786,14053,17971,18122,22514,23405,26816,27976,20045,22917,14652,18421,4198,7303,2060,1888,3990,4151,5117,5965,6638,8434,10760,11534,12858,15092,11746,15047,3933,6782,180186,94112,28516,11930,54892,14460,5490,14,13
2021-06-13T23:59:59+02:00,34,34,8105,7614,14705,13967,17854,18011,22433,23325,26786,27946,20032,22906,14648,18415,4198,7303,2012,1860,3907,4053,4997,5825,6407,8191,10467,11199,12701,14914,11688,14991,3932,6781,179428,92721,28507,11638,54888,14082,5479,14,13
2021-06-12T23:59:59+02:00,34,34,8104,7613,14704,13967,17854,18011,22431,23324,26785,27943,20032,22905,14648,18415,4198,7303,2011,1858,3906,4053,4995,5824,6404,8188,10464,11193,12698,14913,11688,14989,3932,6781,179417,92702,28507,11638,54888,14073,5479,14,13
2021-06-11T23:59:59+02:00,34,33,8038,7572,14615,13919,17779,17961,22361,23290,26741,27920,20030,22901,14648,18414,4198,7303,1995,1849,3870,3995,4953,5756,6343,8106,10365,11088,12659,14878,11677,14983,3932,6781,179080,92487,28429,11632,54887,13759,5347,14,13
2021-06-10T23:59:59+02:00,29,26,7696,7273,14219,13555,17350,17585,22031,23008,26546,27739,19986,22856,14635,18396,4195,7291,1890,1766,3655,3833,4680,5485,6023,7738,9750,10477,12143,14217,11608,14875,3924,6774,176480,89329,27934,11251,54874,13138,5114,14,12
2021-06-09T23:59:59+02:00,28,23,7325,6923,13753,13113,16833,17117,21639,22639,26332,27525,19913,22785,14617,18361,4192,7283,1720,1652,3455,3655,4425,5217,5638,7333,8976,9763,11477,13385,11489,14735,3914,6762,173222,85085,27385,10615,54861,12971,4919,14,12
2021-06-08T23:59:59+02:00,23,19,6947,6514,13239,12628,16364,16648,21281,22301,26116,27321,19855,22707,14587,18326,4189,7276,1628,1576,3232,3425,4106,4864,5131,6845,8090,8843,10594,12308,11348,14578,3910,6747,169803,79434,26897,10319,54852,12692,4775,14,11
2021-06-07T23:59:59+02:00,20,16,6667,6221,12809,12252,15963,16249,20954,22004,25954,27165,19819,22654,14566,18307,4182,7270,1566,1504,3042,3252,3829,4636,4731,6469,7377,8092,9686,11163,11238,14431,3899,6729,167236,74695,26470,9948,54832,12476,4520,14,11
2021-06-06T23:59:59+02:00,20,16,6525,6088,12666,12101,15801,16090,20789,21841,25868,27078,19799,22617,14555,18297,4181,7266,1551,1481,2969,3211,3733,4572,4624,6388,7235,7963,9429,10895,11192,14381,3896,6724,166006,74013,26366,9523,54811,12302,4401,14,11
2021-06-05T23:59:59+02:00,20,16,6516,6084,12654,12088,15792,16081,20786,21836,25868,27075,19799,22617,14555,18297,4181,7266,1549,1479,2966,3210,3732,4571,4621,6388,7230,7958,9423,10890,11192,14381,3896,6724,165951,73985,26354,9521,54811,12298,4401,14,11
2021-06-04T23:59:59+02:00,20,16,6485,6044,12596,12037,15732,16033,20758,21804,25849,27058,19795,22611,14552,18297,4181,7266,1548,1473,2953,3200,3713,4557,4611,6374,7195,7915,9391,10820,11154,14340,3895,6723,165856,73711,26094,9508,54787,12255,4383,14,11
2021-06-03T23:59:59+02:00,20,15,6251,5819,12297,11788,15410,15721,20425,21465,25593,26845,19749,22537,14532,18277,4180,7262,1506,1428,2881,3135,3616,4480,4499,6275,6994,7734,9014,10374,11102,14267,3895,6718,163371,72413,25847,9212,54785,12118,4169,14,11
2021-06-02T23:59:59+02:00,20,15,6189,5759,12231,11722,15336,15654,20353,21404,25576,26821,19744,22534,14529,18274,4179,7261,1492,1418,2865,3122,3599,4466,4464,6258,6961,7696,8935,10264,11093,14242,3894,6717,163027,72052,25661,9205,54783,12109,4116,14,9
2021-06-01T23:59:59+02:00,16,15,5731,5261,11488,11023,14510,14922,19635,20736,25165,26436,19653,22445,14495,18227,4171,7253,1379,1310,2565,2854,3221,4129,3976,5796,6134,6894,7748,8643,10849,13895,3880,6700,157977,66652,25006,8299,54755,11590,3430,14,7
2021-05-31T23:59:59+02:00,14,15,5482,4960,11042,10598,13981,14426,19155,20238,24859,26096,19559,22360,14456,18181,4162,7237,1319,1256,2412,2722,3019,3959,3696,5505,5578,6362,6742,7371,10607,13574,3871,6666,154498,62618,24312,7407,54751,11386,3246,14,7
2021-05-30T23:59:59+02:00,14,15,5402,4883,10859,10473,13817,14247,18808,19918,24616,25849,19528,22330,14448,18161,4161,7235,1298,1242,2387,2692,2972,3913,3628,5449,5475,6273,6571,7141,10570,13500,3869,6656,153003,61886,23810,7346,54724,11189,3213,14,7
2021-05-29T23:59:59+02:00,14,15,5400,4883,10859,10469,13813,14244,18808,19917,24615,25847,19528,22330,14448,18161,4161,7235,1297,1239,2386,2691,2970,3910,3628,5447,5474,6271,6566,7137,10570,13500,3869,6656,152987,61876,23810,7343,54723,11177,3213,14,7
2021-05-28T23:59:59+02:00,14,15,5384,4870,10837,10433,13787,14225,18791,19900,24607,25838,19527,22329,14446,18158,4161,7234,1292,1239,2386,2685,2969,3908,3622,5441,5460,6255,6550,7120,10561,13478,3868,6652,152802,61772,23808,7343,54721,11158,3211,14,7
2021-05-27T23:59:59+02:00,11,14,5091,4586,10319,9980,13201,13693,18101,19287,24026,25300,19428,22216,14413,18112,4150,7221,1123,1099,2104,2495,2669,3618,3326,5084,5130,5976,6251,6704,10333,13195,3863,6637,149547,59925,22813,7307,54615,10213,2160,14,6
2021-05-26T23:59:59+02:00,11,14,4826,4325,9881,9598,12680,13172,17488,18678,23392,24622,19304,22067,14367,18057,4144,7204,1043,1017,1944,2342,2469,3421,3064,4839,4741,5626,5695,6055,9964,12664,3847,6601,145432,56784,22058,7270,54493,9443,1833,14,6
2021-05-25T23:59:59+02:00,11,13,4611,4095,9466,9122,12218,12666,16951,18099,22870,23982,19172,21894,14336,17978,4135,7190,992,972,1882,2251,2358,3285,2892,4636,4396,5251,5117,5321,9516,12063,3831,6576,141375,53233,21227,7255,54362,9018,1831,14,6
2021-05-24T23:59:59+02:00,11,13,4497,3936,9254,8918,12013,12406,16650,17777,22541,23584,19096,21815,14321,17958,4133,7189,976,924,1822,2209,2285,3224,2806,4555,4275,5135,4972,5162,9425,11936,3829,6568,139872,52527,20266,7202,54183,8595,1777,14,6
2021-05-23T23:59:59+02:00,11,13,4486,3935,9248,8914,12001,12396,16639,17770,22525,23563,19090,21810,14320,17956,4133,7189,974,920,1820,2205,2282,3222,2800,4551,4268,5119,4964,5148,9418,11923,3828,6567,139763,52451,20263,7189,54182,8590,1777,14,6
2021-05-22T23:59:59+02:00,11,13,4481,3932,9245,8911,11993,12390,16636,17766,22523,23561,19090,21810,14320,17956,4133,7189,974,920,1819,2204,2280,3222,2799,4551,4268,5117,4962,5147,9417,11923,3828,6567,139736,52445,20263,7189,54170,8585,1777,14,6
2021-05-21T23:59:59+02:00,11,13,4448,3893,9177,8836,11920,12301,16545,17691,22459,23493,19070,21792,14316,17949,4133,7187,929,910,1786,2192,2249,3213,2768,4526,4220,5089,4937,5123,9404,11916,3827,6566,139079,52378,20263,7189,54151,8359,1727,14,6
2021-05-20T23:59:59+02:00,8,12,4191,3709,8732,8482,11437,11884,15875,17188,21876,22913,18885,21625,14285,17909,4128,7176,782,845,1529,2032,2005,3057,2527,4307,3969,4857,4780,4959,9289,11772,3819,6541,135675,51646,19888,7091,53736,7329,1002,14,6
2021-05-19T23:59:59+02:00,8,12,3944,3464,8234,8014,10856,11335,15202,16484,21197,22188,18684,21394,14244,17859,4122,7159,730,798,1469,1951,1928,2954,2461,4182,3827,4699,4605,4747,9086,11543,3799,6512,130259,50563,19705,6958,53438,6784,984,14,6
2021-05-18T23:59:59+02:00,7,11,3656,3197,7685,7474,10125,10635,14242,15548,20250,21131,18425,21111,14189,17799,4116,7137,676,750,1414,1865,1853,2844,2333,4042,3651,4496,4336,4454,8884,11294,3786,6485,123205,49333,19611,6758,52996,6158,912,14,6
2021-05-17T23:59:59+02:00,7,11,3465,2986,7223,7006,9617,10095,13511,14757,19563,20329,18239,20849,14142,17734,4106,7123,617,695,1333,1802,1779,2762,2224,3968,3514,4383,4088,4223,8741,11082,3773,6456,117953,48534,19370,6544,52530,5464,896,14,6
2021-05-16T23:59:59+02:00,7,10,3336,2912,7015,6828,9413,9880,13257,14522,19335,20100,18161,20770,14128,17715,4105,7117,604,650,1294,1753,1734,2701,2187,3875,3450,4300,3997,4122,8721,11056,3771,6454,116328,48390,19128,6377,52249,5008,892,14,6
2021-05-15T23:59:59+02:00,7,10,3335,2909,7009,6821,9411,9874,13253,14520,19332,20091,18159,20769,14128,17715,4105,7117,604,650,1292,1753,1732,2701,2185,3875,3449,4300,3995,4120,8721,11056,3771,6454,116285,48384,19128,6376,52247,5005,891,14,6
2021-05-14T23:59:59+02:00,7,10,3294,2865,6896,6679,9282,9737,13104,14338,19160,19956,18135,20744,14127,17707,4104,7114,582,637,1270,1734,1704,2680,2151,3849,3405,4262,3945,4066,8714,11049,3771,6453,115880,48345,18380,6226,52165,4879,820,14,6
2021-05-13T23:59:59+02:00,7,10,3170,2700,6570,6358,8844,9339,12558,13857,18555,19359,18005,20600,14094,17671,4099,7112,546,612,1215,1680,1646,2607,2063,3742,3255,4143,3841,3930,8693,11029,3768,6449,113003,48250,17683,5839,51556,4473,653,13,6
2021-05-12T23:59:59+02:00,7,10,3143,2668,6537,6320,8797,9285,12419,13744,18370,19155,17972,20566,14086,17661,4099,7112,545,610,1214,1678,1641,2604,2055,3736,3241,4135,3828,3917,8685,11023,3768,6448,112291,48225,17456,5812,51538,4434,653,13,6
2021-05-11T23:59:59+02:00,5,10,2751,2412,5735,5819,7828,8472,11027,12582,16800,17680,17466,20005,14004,17556,4081,7089,508,552,1086,1571,1477,2447,1868,3557,3020,3873,3721,3804,8616,10931,3764,6443,104889,47995,16835,5616,49461,3498,125,12,6
2021-05-10T23:59:59+02:00,5,8,2563,2243,5260,5438,7131,7846,9993,11665,15505,16308,17088,19555,13941,17442,4074,7065,481,526,1043,1532,1433,2396,1809,3455,2901,3742,3639,3731,8577,10884,3760,6439,99071,47880,15928,5387,47995,2954,124,12,5
2021-05-09T23:59:59+02:00,5,8,2479,2213,5122,5354,6944,7727,9585,11326,14959,15781,16970,19416,13921,17414,4071,7060,465,508,1010,1475,1362,2312,1751,3333,2790,3588,3554,3639,8554,10852,3757,6436,97496,47795,15344,5118,47381,2348,122,12,5
2021-05-08T23:59:59+02:00,5,8,2475,2212,5121,5354,6944,7725,9581,11323,14958,15780,16970,19416,13921,17414,4071,7060,464,507,1010,1475,1362,2311,1751,3333,2789,3587,3552,3639,8554,10852,3757,6436,97482,47791,15343,5118,47379,2345,122,12,5
2021-05-07T23:59:59+02:00,5,8,2303,2150,4848,5260,6582,7571,9132,11108,14515,15460,16793,19214,13909,17385,4071,7058,452,505,999,1464,1347,2296,1716,3323,2739,3552,3507,3599,8476,10771,3757,6433,96775,47768,14823,4770,45644,2277,118,12,5
2021-05-06T23:59:59+02:00,5,8,2066,2016,4296,4910,5929,7195,8364,10550,13538,14638,16397,18764,13860,17291,4059,7045,422,457,958,1364,1260,2134,1610,3099,2517,3269,3329,3399,8298,10580,3748,6420,94201,47328,13583,4165,43087,1319,49,11,5
2021-05-05T23:59:59+02:00,5,8,1941,1903,4009,4686,5496,6824,7673,9963,12420,13580,15721,17929,13757,17189,4050,7021,413,445,945,1337,1231,2091,1575,3023,2457,3185,3279,3359,8220,10483,3742,6410,89787,47197,12258,4019,42085,942,34,11,5
2021-05-04T23:59:59+02:00,5,8,1855,1818,3741,4450,5086,6465,7012,9389,11202,12336,14803,16802,13647,17052,4046,7007,408,436,926,1318,1212,2048,1557,2986,2412,3130,3236,3312,8131,10372,3736,6396,83976,47060,11620,3821,41098,712,20,10,5
2021-05-03T23:59:59+02:00,4,8,1802,1766,3591,4325,4853,6252,6628,9057,10473,11600,14080,15824,13561,16936,4037,6990,402,426,923,1305,1198,2014,1537,2945,2379,3084,3183,3272,8018,10270,3731,6390,79547,46934,11415,3600,40798,522,18,9,5
2021-05-02T23:59:59+02:00,4,8,1792,1747,3517,4300,4770,6199,6558,8996,10357,11486,13893,15630,13529,16909,4036,6985,400,418,917,1290,1195,1997,1534,2932,2363,3067,3168,3255,7982,10238,3730,6386,78990,46915,11138,3503,40565,437,14,9,5
2021-05-01T23:59:59+02:00,4,8,1789,1747,3516,4299,4770,6198,6555,8995,10352,11482,13890,15630,13528,16908,4036,6982,399,418,917,1290,1195,1996,1534,2932,2363,3067,3168,3255,7982,10238,3730,6385,78964,46912,11138,3503,40564,437,14,9,5
2021-04-30T23:59:59+02:00,4,8,1787,1741,3510,4289,4763,6185,6534,8980,10314,11444,13839,15556,13502,16877,4035,6981,399,416,916,1288,1195,1996,1534,2932,2361,3066,3168,3253,7981,10236,3730,6385,78636,46905,11138,3502,40554,433,13,8,5
2021-04-29T23:59:59+02:00,4,7,1659,1699,3267,4174,4486,6035,6220,8728,9900,11054,13260,14853,13398,16723,4029,6973,390,405,907,1267,1175,1962,1509,2895,2331,3018,3153,3241,7968,10218,3728,6381,75858,46788,10752,3500,39841,245,12,6,5
2021-04-28T23:59:59+02:00,4,7,1531,1651,3091,4074,4249,5857,5860,8456,9312,10564,12384,13671,13242,16514,4020,6959,381,395,891,1255,1159,1933,1473,2851,2261,2949,3001,3109,7856,10102,3721,6370,71363,46374,10564,3089,39503,231,10,6,5
2021-04-27T23:59:59+02:00,4,7,1491,1606,2982,3956,4045,5714,5553,8197,8692,9893,11345,12365,13013,16158,4009,6937,369,380,882,1234,1144,1898,1446,2779,2215,2888,2962,3066,7829,10072,3715,6366,66557,46164,10376,2917,39018,151,10,6,5
2021-04-26T23:59:59+02:00,4,7,1464,1573,2868,3879,3872,5570,5242,7983,8203,9452,10590,11439,12869,15954,3998,6919,368,375,872,1223,1128,1887,1416,2759,2188,2858,2913,3016,7783,10023,3709,6361,63145,46067,10186,2669,38539,130,10,6,5
2021-04-25T23:59:59+02:00,4,7,1453,1567,2801,3849,3777,5510,5107,7936,8007,9346,10394,11204,12832,15900,3997,6914,367,370,863,1216,1110,1873,1401,2740,2165,2831,2871,2983,7734,9975,3708,6356,62641,45987,9983,2459,37965,104,10,6,5
2021-04-24T23:59:59+02:00,4,7,1452,1567,2801,3848,3777,5509,5105,7934,8003,9342,10388,11201,12832,15900,3997,6914,367,370,863,1216,1110,1871,1399,2739,2164,2831,2871,2983,7734,9975,3708,6356,62618,45983,9983,2458,37964,103,10,6,5
2021-04-23T23:59:59+02:00,4,7,1436,1557,2733,3814,3695,5479,4987,7886,7869,9282,10302,11091,12808,15859,3995,6910,366,370,862,1213,1110,1871,1398,2739,2164,2831,2871,2983,7733,9975,3708,6356,62488,45978,9703,2457,37507,102,10,6,5
2021-04-22T23:59:59+02:00,4,7,1393,1528,2626,3747,3536,5375,4756,7732,7517,9046,9733,10399,12542,15560,3989,6887,359,369,853,1202,1099,1859,1383,2712,2136,2809,2829,2940,7642,9868,3697,6340,60871,45573,9044,2422,36446,89,10,6,5
2021-04-21T23:59:59+02:00,4,7,1359,1490,2544,3669,3418,5272,4539,7551,7108,8719,8847,9368,12131,14982,3976,6846,355,367,848,1185,1090,1838,1365,2682,2106,2781,2770,2883,7528,9703,3680,6312,58150,45093,8175,2298,35489,89,10,6,5
2021-04-20T23:59:59+02:00,4,7,1336,1464,2474,3594,3316,5174,4364,7369,6722,8389,7955,8240,11669,14391,3962,6832,350,362,836,1172,1081,1816,1341,2659,2073,2738,2709,2826,7380,9520,3650,6259,55294,44383,7410,2293,34544,84,9,5,5
2021-04-19T23:59:59+02:00,4,7,1320,1449,2436,3556,3255,5107,4258,7267,6482,8157,7323,7466,11417,14036,3952,6814,348,360,832,1162,1075,1804,1318,2646,2039,2713,2655,2782,7265,9356,3627,6220,53351,43829,7038,2280,33903,81,9,5,5
2021-04-18T23:59:59+02:00,4,6,1310,1437,2404,3530,3216,5086,4205,7210,6348,8028,6970,7077,11323,13932,3949,6802,348,359,830,1158,1074,1797,1316,2633,2033,2708,2649,2769,7239,9324,3625,6217,52836,43708,6578,2278,33409,81,9,5,5
2021-04-17T23:59:59+02:00,4,6,1309,1435,2404,3529,3215,5082,4200,7207,6341,8018,6956,7067,11321,13930,3949,6802,348,359,829,1157,1074,1797,1314,2632,2032,2706,2646,2767,7238,9324,3625,6217,52814,43695,6576,2277,33371,81,9,5,5
2021-04-16T23:59:59+02:00,4,6,1306,1434,2394,3522,3207,5074,4179,7189,6290,7985,6880,6982,11309,13916,3947,6800,348,358,826,1155,1072,1797,1311,2631,2029,2706,2645,2760,7235,9322,3624,6217,52756,43672,6340,2272,33314,80,9,5,5
2021-04-15T23:59:59+02:00,2,4,1269,1413,2339,3473,3111,5015,4019,7061,6033,7753,6336,6424,11061,13627,3933,6768,340,356,807,1134,1033,1738,1266,2559,1955,2611,2567,2691,7147,9235,3614,6200,51669,43083,5952,2086,32006,74,9,5,3
2021-04-14T23:59:59+02:00,2,4,1247,1400,2304,3445,3042,4953,3912,6955,5842,7544,5693,5721,10672,13141,3901,6717,332,353,795,1125,1016,1713,1236,2518,1904,2561,2490,2622,6999,9040,3595,6174,50265,42424,5745,1966,30472,74,8,5,3
2021-04-13T23:59:59+02:00,2,4,1233,1390,2272,3415,2986,4890,3802,6873,5593,7322,5160,5175,10331,12728,3878,6689,311,339,777,1097,993,1693,1211,2483,1868,2520,2424,2556,6881,8904,3559,6113,49249,41740,5540,1909,28941,71,8,5,3
2021-04-12T23:59:59+02:00,2,4,1217,1384,2246,3392,2936,4845,3676,6793,5383,7172,4833,4880,10082,12447,3869,6666,295,335,763,1093,976,1677,1197,2460,1818,2473,2347,2498,6767,8763,3544,6091,48786,41165,5342,1861,27688,64,6,5,3
2021-04-11T23:59:59+02:00,2,4,1210,1371,2227,3373,2903,4825,3614,6722,5238,7063,4602,4681,9897,12249,3864,6655,288,333,758,1085,966,1663,1186,2432,1796,2443,2293,2439,6684,8655,3530,6071,48703,40750,5106,1803,26681,63,5,5,3
2021-04-10T23:59:59+02:00,2,4,1210,1370,2224,3369,2901,4821,3608,6719,5228,7051,4597,4672,9889,12236,3864,6654,285,329,743,1078,953,1658,1163,2412,1726,2391,2210,2353,6627,8608,3529,6067,48648,40584,5105,1482,26656,60,5,5,3
2021-04-09T23:59:59+02:00,2,4,1207,1367,2217,3367,2893,4812,3599,6708,5198,7027,4573,4645,9863,12206,3863,6654,276,326,723,1068,938,1637,1130,2365,1635,2316,1992,2084,6473,8451,3507,6034,48573,39733,5100,1156,26522,60,5,5,3
2021-04-08T23:59:59+02:00,2,4,1182,1347,2162,3311,2809,4722,3459,6578,4962,6794,4185,4237,9322,11635,3845,6601,251,306,671,1007,880,1565,1057,2268,1501,2196,1717,1749,6013,7894,3420,5891,48117,37178,4574,1153,24456,49,5,5,3
2021-04-07T23:59:59+02:00,2,4,1172,1333,2130,3294,2766,4684,3370,6516,4798,6659,3892,3937,8761,11085,3828,6570,217,276,611,953,819,1494,998,2207,1396,2097,1577,1574,5416,7199,3330,5739,47911,34703,4101,1148,22781,48,3,5,3
2021-04-06T23:59:59+02:00,2,4,1151,1316,2087,3269,2727,4652,3305,6469,4671,6567,3641,3683,8272,10575,3812,6540,210,270,583,934,794,1445,954,2150,1313,2010,1433,1387,4841,6409,3220,5534,47716,32298,3565,1140,21454,45,3,5,3
2021-04-05T23:59:59+02:00,2,4,1148,1311,2083,3266,2717,4650,3291,6455,4649,6549,3609,3656,8244,10538,3808,6538,207,257,576,918,775,1421,938,2114,1273,1970,1386,1324,4628,6139,3172,5479,47630,31390,3559,1138,21321,45,3,5,3
2021-04-04T23:59:59+02:00,2,4,1148,1311,2083,3265,2717,4649,3291,6455,4648,6548,3605,3654,8242,10536,3808,6538,207,257,575,918,775,1421,938,2114,1273,1969,1386,1324,4627,6139,3172,5479,47624,31387,3559,1138,21313,45,3,5,3
2021-04-03T23:59:59+02:00,2,4,1148,1311,2082,3265,2717,4649,3291,6455,4648,6548,3604,3652,8242,10534,3808,6538,207,257,575,918,775,1421,938,2114,1273,1969,1386,1324,4627,6139,3172,5479,47622,31387,3558,1138,21310,45,3,5,3
2021-04-02T23:59:59+02:00,2,4,1148,1311,2082,3263,2717,4648,3291,6452,4648,6546,3602,3648,8240,10533,3808,6538,207,257,575,918,775,1419,938,2114,1273,1968,1386,1322,4625,6138,3171,5479,47606,31379,3558,1137,21309,45,3,5,3
2021-04-01T23:59:59+02:00,1,4,1135,1274,2017,3141,2609,4449,3143,6203,4490,6307,3558,3612,8142,10428,3798,6522,202,248,571,910,764,1413,928,2100,1250,1952,1365,1295,4386,5819,3053,5314,47240,30395,3553,1133,20032,38,3,5,3
2021-03-31T23:59:59+02:00,1,4,1117,1242,1978,3040,2533,4306,3053,5990,4361,6078,3476,3531,7991,10229,3779,6488,194,245,564,898,760,1395,916,2080,1209,1918,1309,1232,3900,5225,2926,5081,46639,28680,3426,1133,19124,37,3,5,1
2021-03-30T23:59:59+02:00,1,3,1095,1208,1929,2859,2431,4080,2902,5632,4159,5690,3383,3437,7827,10025,3753,6437,190,240,556,887,749,1373,894,2060,1161,1873,1225,1149,3379,4516,2704,4749,46006,26541,3264,1133,17573,29,3,5,1
2021-03-29T23:59:59+02:00,1,3,1078,1164,1868,2724,2347,3921,2764,5378,3997,5417,3286,3338,7667,9797,3724,6390,189,235,550,876,739,1359,877,2036,1126,1845,1151,1063,2801,3839,2525,4455,45365,24518,3036,1128,16456,19,2,5,1
2021-03-28T23:59:59+02:00,1,3,1059,1131,1796,2559,2263,3715,2643,5078,3845,5140,3221,3273,7602,9732,3720,6384,189,235,548,873,738,1357,875,2030,1123,1843,1142,1051,2746,3771,2512,4428,45258,24321,2825,1125,15075,14,2,5,1
2021-03-27T23:59:59+01:00,1,3,1059,1131,1796,2558,2262,3714,2640,5078,3842,5140,3217,3273,7601,9732,3720,6384,189,235,547,873,738,1357,874,2030,1120,1843,1142,1051,2746,3771,2512,4428,45249,24316,2825,1125,15070,14,2,5,1
2021-03-26T23:59:59+01:00,1,3,1055,1109,1753,2443,2198,3556,2578,4867,3756,4916,3196,3256,7598,9727,3719,6383,189,234,546,873,737,1357,874,2030,1120,1840,1138,1050,2743,3763,2511,4425,45223,24292,2822,1125,14062,12,2,5,1
2021-03-25T23:59:59+01:00,1,3,1029,1077,1702,2340,2114,3388,2472,4639,3644,4719,3095,3166,7471,9596,3712,6369,187,231,541,872,730,1347,868,2013,1104,1816,1092,1006,2517,3416,2314,4133,44968,23050,2490,1125,13074,12,1,4,1
2021-03-24T23:59:59+01:00,1,3,1007,1058,1682,2298,2083,3338,2437,4572,3600,4650,3008,3097,7343,9425,3695,6350,187,227,535,868,723,1337,857,1998,1085,1795,1052,964,2133,2873,1925,3623,44433,21047,2361,1123,12848,12,1,4,1
2021-03-23T23:59:59+01:00,1,3,997,1052,1664,2266,2060,3304,2401,4529,3560,4599,2941,3024,7250,9324,3677,6322,185,224,531,863,716,1325,843,1979,1048,1765,971,874,1772,2384,1583,3160,43921,19122,2351,1089,12698,12,1,3,1
2021-03-22T23:59:59+01:00,1,3,994,1044,1649,2250,2046,3286,2379,4501,3523,4558,2896,2990,7188,9254,3662,6305,182,221,530,852,700,1302,829,1965,1019,1738,925,803,1304,1811,1237,2680,43585,17051,2331,1035,12609,12,1,3,1
2021-03-21T23:59:59+01:00,1,3,994,1044,1648,2247,2046,3285,2375,4497,3512,4551,2883,2981,7140,9198,3656,6299,182,218,529,850,699,1298,827,1961,1008,1733,902,784,1228,1726,1184,2611,43440,16750,2328,978,12588,12,1,3,1
2021-03-20T23:59:59+01:00,1,3,993,1043,1647,2246,2046,3285,2375,4497,3510,4549,2883,2980,7140,9197,3656,6299,182,218,529,850,699,1298,827,1961,996,1720,867,756,1197,1703,1176,2609,43439,16748,2324,828,12583,12,1,3,1
2021-03-19T23:59:59+01:00,1,3,992,1035,1640,2234,2035,3281,2373,4491,3503,4542,2873,2969,7127,9179,3655,6296,182,216,528,850,699,1296,827,1960,989,1715,823,719,1140,1653,1166,2599,43376,16705,2319,645,12530,12,1,3,1
2021-03-18T23:59:59+01:00,1,3,953,1003,1566,2123,1912,3114,2225,4245,3276,4291,2721,2811,6825,8814,3589,6197,181,215,523,845,692,1289,818,1949,967,1699,805,697,1065,1547,1026,2400,41983,16138,2010,568,11672,12,1,3,1
2021-03-17T23:59:59+01:00,1,3,899,970,1495,2066,1849,3048,2160,4183,3181,4195,2586,2678,6400,8323,3525,6083,180,213,520,840,690,1285,814,1944,962,1692,776,678,930,1394,870,2188,40217,15397,2007,567,11417,12,1,3,1
2021-03-16T23:59:59+01:00,1,3,874,947,1462,2027,1810,2999,2107,4128,3087,4097,2452,2519,5930,7677,3437,5933,174,210,515,839,686,1278,809,1935,955,1679,771,665,843,1268,728,2024,38234,14798,1948,567,11304,12,1,3,1
2021-03-15T23:59:59+01:00,1,3,857,940,1444,2005,1772,2944,2069,4056,2987,3988,2320,2349,5448,7135,3365,5820,173,209,515,832,684,1269,805,1925,945,1663,760,655,773,1157,580,1827,36470,14230,1852,529,11178,12,0,3,1
2021-03-14T23:59:59+01:00,1,3,852,926,1419,1976,1748,2915,2038,3996,2925,3922,2142,2155,5262,6909,3333,5789,173,209,514,829,682,1258,804,1918,942,1653,742,646,757,1138,556,1772,35448,14085,1754,504,11106,3,0,3,1
2021-03-13T23:59:59+01:00,1,3,844,919,1398,1965,1732,2902,2013,3968,2853,3874,2073,2081,5215,6856,3331,5788,173,209,514,828,682,1258,804,1918,942,1653,740,646,757,1135,556,1772,35198,14079,1515,504,11100,3,0,3,1
2021-03-12T23:59:59+01:00,1,3,820,904,1354,1908,1670,2803,1916,3816,2697,3707,1876,1844,5031,6634,3301,5745,173,209,513,828,682,1258,803,1918,942,1652,732,643,744,1120,549,1769,33874,14028,1276,503,10877,3,0,3,1
2021-03-11T23:59:59+01:00,1,3,785,845,1285,1825,1587,2656,1832,3615,2534,3535,1613,1535,4665,6165,3168,5563,164,203,507,819,672,1249,788,1882,921,1612,604,582,675,1079,529,1738,31765,13528,1181,493,10263,2,0,3,1
2021-03-10T23:59:59+01:00,1,3,769,794,1262,1767,1554,2597,1782,3544,2453,3446,1542,1446,4197,5627,3050,5313,164,201,498,797,654,1236,779,1862,914,1596,535,567,642,1070,522,1732,29958,13377,1174,389,10012,2,0,3,1
2021-03-09T23:59:59+01:00,1,3,757,771,1242,1736,1526,2551,1742,3493,2380,3394,1450,1349,3637,4879,2866,5008,162,199,493,776,644,1212,765,1830,902,1568,531,565,640,1065,519,1726,27798,13317,1171,277,9813,2,0,3,1
2021-03-08T23:59:59+01:00,0,3,753,743,1229,1717,1509,2531,1716,3457,2341,3351,1358,1249,2969,4051,2630,4638,158,196,479,752,622,1179,746,1780,878,1531,527,563,640,1064,519,1726,25349,13309,1171,50,9722,0,0,3,1
2021-03-07T23:59:59+01:00,0,3,750,739,1221,1708,1501,2517,1705,3449,2330,3343,1345,1233,2867,3931,2607,4588,158,196,479,752,622,1179,746,1780,878,1531,527,563,640,1064,519,1726,24997,13309,1169,50,9668,0,0,3,1
2021-03-06T23:59:59+01:00,0,3,749,739,1220,1705,1498,2514,1701,3446,2326,3342,1342,1233,2867,3931,2607,4588,157,196,479,752,622,1179,746,1780,878,1531,527,563,640,1064,519,1726,24992,13308,1169,50,9647,0,0,3,1
2021-03-05T23:59:59+01:00,0,3,684,713,1194,1691,1477,2505,1676,3431,2297,3333,1337,1230,2859,3923,2604,4583,157,196,479,751,622,1178,746,1780,878,1529,526,563,640,1064,519,1726,24962,13303,1165,50,9410,0,0,3,1
2021-03-04T23:59:59+01:00,0,3,618,665,1127,1622,1420,2423,1635,3352,2223,3256,1287,1182,2643,3559,2421,4296,155,190,476,737,611,1166,735,1752,869,1516,516,552,628,1054,514,1717,23746,13138,1158,49,8825,0,0,3,1
2021-03-03T23:59:59+01:00,0,3,582,626,1059,1558,1323,2341,1535,3266,2098,3172,1243,1137,2276,3039,2068,3852,155,190,474,734,611,1166,734,1750,867,1515,514,550,626,1051,514,1715,21891,13117,1157,48,8129,0,0,1,1
2021-03-02T23:59:59+01:00,0,3,564,593,1021,1512,1267,2298,1478,3214,2002,3111,1160,1037,1910,2559,1680,3329,153,188,469,728,606,1155,724,1740,862,1495,505,541,615,1030,495,1685,19826,12942,1154,48,7757,0,0,1,1
2021-03-01T23:59:59+01:00,0,3,557,545,1003,1473,1221,2237,1432,3149,1947,3038,1116,963,1419,1964,1305,2793,151,188,469,728,606,1154,724,1737,861,1495,503,541,612,1021,491,1674,17564,12906,1151,48,7449,0,0,1,1
2021-02-28T23:59:59+01:00,0,3,550,531,986,1434,1195,2175,1404,3091,1892,2965,1095,941,1305,1823,1232,2704,151,188,468,727,606,1154,723,1735,860,1494,501,541,612,1021,491,1674,17085,12897,1148,48,7092,0,0,1,1
2021-02-27T23:59:59+01:00,0,3,550,529,985,1434,1195,2174,1404,3090,1892,2964,1095,941,1305,1822,1231,2704,151,188,467,726,603,1152,721,1733,858,1493,501,541,612,1021,491,1674,17083,12897,1148,34,7086,0,0,1,1
2021-02-26T23:59:59+01:00,0,3,400,477,854,1390,1111,2131,1337,3049,1833,2922,1090,934,1302,1821,1231,2703,151,188,467,726,603,1152,721,1732,858,1492,501,541,612,1021,491,1674,17072,12896,1148,33,6367,0,0,1,1
2021-02-25T23:59:59+01:00,0,3,308,423,759,1296,1027,2042,1238,2875,1694,2760,1052,902,1221,1697,1118,2515,144,178,455,713,587,1127,714,1707,838,1468,489,527,584,990,477,1655,16484,12629,1148,23,5297,0,0,1,1
2021-02-24T23:59:59+01:00,0,2,259,378,687,1221,953,1954,1184,2757,1629,2642,1025,882,1098,1552,962,2302,142,178,452,710,583,1126,713,1702,837,1464,484,522,576,985,474,1643,15779,12570,1146,20,4561,0,0,1,1
2021-02-23T23:59:59+01:00,0,2,247,357,665,1163,925,1875,1137,2645,1554,2534,1000,854,1021,1424,825,2144,142,177,452,708,583,1126,713,1699,835,1463,483,520,574,984,474,1642,15231,12559,1115,15,4025,0,0,1,1
2021-02-22T23:59:59+01:00,0,0,233,338,642,1133,893,1792,1087,2553,1470,2411,955,825,903,1281,644,1892,142,177,451,707,581,1125,711,1699,829,1461,482,519,573,982,473,1640,14490,12547,1046,4,3515,0,0,1,1
2021-02-21T23:59:59+01:00,0,0,227,327,607,1066,843,1686,1044,2452,1391,2304,938,804,872,1230,592,1828,142,176,448,700,580,1121,711,1694,829,1460,481,519,572,982,472,1639,14284,12521,1006,4,2920,0,0,1,1
2021-02-20T23:59:59+01:00,0,0,227,324,604,1065,841,1681,1041,2447,1378,2287,902,775,841,1207,584,1826,142,176,448,700,580,1121,711,1694,829,1460,481,518,571,982,472,1639,14284,12520,852,4,2893,0,0,1,0
2021-02-19T23:59:59+01:00,0,0,217,316,594,1057,828,1666,1020,2430,1345,2244,659,673,704,1145,559,1809,142,176,448,699,580,1118,710,1692,826,1457,481,517,571,981,471,1639,13808,12505,672,3,2785,0,0,1,0
2021-02-18T23:59:59+01:00,0,0,200,266,555,936,744,1439,889,2171,1097,1869,579,605,666,1105,540,1792,137,176,435,687,565,1101,704,1666,810,1429,478,514,570,979,471,1639,13652,12358,576,3,1224,0,0,1,0
2021-02-17T23:59:59+01:00,0,0,195,228,535,887,708,1342,831,2004,1012,1737,557,585,666,1102,538,1789,130,174,424,677,557,1085,685,1635,797,1406,475,512,568,976,471,1638,13636,12207,576,3,503,0,0,1,0
2021-02-16T23:59:59+01:00,0,0,189,225,528,872,692,1311,812,1965,979,1697,545,580,660,1100,537,1787,125,169,410,671,546,1069,673,1617,788,1392,468,507,561,963,465,1611,13608,12033,576,2,294,0,0,1,0
2021-02-15T23:59:59+01:00,0,0,174,216,522,845,686,1277,798,1930,950,1650,544,577,658,1100,537,1787,122,168,403,661,536,1050,644,1590,774,1374,466,504,561,963,465,1611,13605,11890,537,2,108,0,0,1,0
2021-02-14T23:59:59+01:00,0,0,169,208,519,833,685,1268,795,1921,932,1641,543,576,658,1097,536,1787,115,165,392,650,519,1032,626,1576,767,1362,466,502,559,961,465,1611,13599,11766,535,2,33,0,0,1,0
2021-02-13T23:59:59+01:00,0,0,168,208,518,833,685,1268,795,1921,932,1641,543,576,658,1097,536,1787,115,165,391,649,519,1032,626,1576,767,1362,466,502,559,961,465,1611,13598,11764,535,2,32,0,0,1,0
2021-02-12T23:59:59+01:00,0,0,167,207,514,832,684,1265,791,1920,930,1638,542,576,658,1097,536,1787,111,163,388,643,515,1026,612,1561,763,1345,464,501,548,941,462,1586,13591,11627,534,2,18,0,0,1,0
2021-02-11T23:59:59+01:00,0,0,165,206,510,825,677,1261,789,1917,924,1636,537,570,651,1091,531,1781,91,127,359,572,469,947,561,1443,719,1251,439,456,507,887,420,1492,13540,10739,522,1,8,0,0,1,0
2021-02-10T23:59:59+01:00,0,0,162,204,500,808,661,1246,777,1890,909,1612,529,564,641,1079,526,1771,81,115,331,513,442,840,519,1268,645,1095,391,406,441,775,374,1337,13417,9572,460,1,1,0,0,1,0
2021-02-09T23:59:59+01:00,0,0,161,197,492,769,645,1207,757,1829,898,1570,517,552,635,1065,518,1755,76,99,312,447,407,756,479,1164,580,995,361,352,402,691,344,1224,13308,8689,258,0,0,0,0,1,0
2021-02-08T23:59:59+01:00,0,0,157,193,475,744,622,1172,737,1779,878,1526,511,551,633,1059,514,1742,63,73,267,378,359,620,419,935,507,816,304,297,339,543,289,1033,13241,7242,51,0,0,0,0,1,0
2021-02-07T23:59:59+01:00,0,0,157,192,473,743,620,1171,736,1771,876,1524,510,551,633,1059,514,1741,62,65,249,343,340,576,403,903,488,781,303,289,337,536,287,1030,13219,6992,51,0,0,0,0,1,0
2021-02-06T23:59:59+01:00,0,0,157,192,473,743,620,1171,736,1771,876,1524,510,551,633,1059,514,1741,62,65,249,343,340,576,403,902,486,779,303,288,336,534,286,1030,13219,6982,51,0,0,0,0,1,0
2021-02-05T23:59:59+01:00,0,0,157,192,473,743,620,1171,736,1771,876,1523,510,551,633,1059,514,1741,60,65,247,341,333,572,395,880,477,759,293,283,326,512,271,994,13218,6808,51,0,0,0,0,1,0
2021-02-04T23:59:59+01:00,0,0,151,187,469,735,613,1163,732,1757,870,1514,503,544,612,1034,505,1723,44,50,213,308,292,476,354,739,385,613,229,216,243,352,202,736,13061,5452,50,0,0,0,0,1,0
2021-02-03T23:59:59+01:00,0,0,149,186,463,729,605,1154,728,1745,861,1498,494,536,599,1021,498,1715,36,32,157,217,238,348,265,563,310,465,180,170,171,264,154,555,12931,4125,49,0,0,0,0,1,0
2021-02-02T23:59:59+01:00,0,0,149,183,461,728,605,1154,725,1739,854,1494,493,535,595,1018,497,1711,27,26,138,170,193,279,221,428,258,374,140,131,129,199,119,437,12891,3269,49,0,0,0,0,1,0
2021-02-01T23:59:59+01:00,0,0,147,183,460,727,600,1151,724,1731,852,1489,492,533,590,1015,496,1705,22,19,101,125,137,188,154,299,169,259,89,94,87,126,65,238,12845,2172,49,0,0,0,0,1,0
2021-01-31T23:59:59+01:00,0,0,147,183,460,724,597,1150,724,1727,852,1488,490,532,589,1013,496,1704,16,15,67,84,95,123,117,222,142,203,84,87,83,118,63,224,12827,1743,49,0,0,0,0,0,0
2021-01-30T23:59:59+01:00,0,0,147,183,459,724,595,1148,723,1726,852,1488,490,532,588,1013,496,1704,16,15,67,84,95,121,115,218,139,200,83,86,83,112,57,214,12826,1705,42,0,0,0,0,0,0
2021-01-29T23:59:59+01:00,0,0,147,183,459,722,594,1145,721,1724,850,1487,490,532,588,1013,496,1704,14,15,55,79,78,117,97,207,116,188,78,79,82,108,56,213,12821,1582,34,0,0,0,0,0,0
2021-01-28T23:59:59+01:00,0,0,140,179,446,705,577,1119,715,1697,827,1458,483,526,585,1010,493,1701,9,3,12,19,24,45,30,95,48,89,45,50,54,78,41,158,12635,800,26,0,0,0,0,0,0
2021-01-27T23:59:59+01:00,0,0,133,177,435,695,569,1110,699,1663,820,1434,480,524,581,1005,493,1696,5,1,4,11,10,23,13,40,23,31,12,17,24,31,18,48,12490,311,24,0,0,0,0,0,0
2021-01-26T23:59:59+01:00,0,0,127,173,421,682,556,1096,690,1640,809,1413,474,519,575,988,486,1662,5,1,4,10,7,21,11,37,17,28,12,15,23,30,18,47,12296,286,15,0,0,0,0,0,0
2021-01-25T23:59:59+01:00,0,0,124,171,412,670,545,1077,662,1612,791,1396,472,515,573,987,486,1662,4,1,3,9,7,16,6,28,12,22,9,6,13,19,9,29,12151,193,4,0,0,0,0,0,0
2021-01-24T23:59:59+01:00,0,0,117,168,402,660,531,1059,645,1599,778,1385,471,512,572,987,486,1662,3,0,1,6,7,4,4,7,5,9,1,2,11,12,6,16,12030,94,4,0,0,0,0,0,0
2021-01-23T23:59:59+01:00,0,0,117,168,402,659,531,1059,645,1599,778,1385,471,512,572,987,486,1662,2,0,1,6,7,4,4,7,5,9,1,2,11,12,6,16,12029,93,4,0,0,0,0,0,0
2021-01-22T23:59:59+01:00,0,0,113,166,395,653,528,1053,631,1584,772,1368,471,508,561,966,481,1636,2,0,1,6,7,4,4,7,5,9,1,2,11,12,6,16,11883,93,3,0,0,0,0,0,0
2021-01-21T23:59:59+01:00,0,0,101,158,380,635,505,1020,601,1534,749,1326,455,470,528,922,447,1571,2,0,1,6,7,4,4,7,5,9,1,2,11,12,6,16,11399,93,3,0,0,0,0,0,0
2021-01-20T23:59:59+01:00,0,0,82,116,346,546,461,880,543,1300,661,1139,397,411,445,787,388,1359,2,0,1,5,7,4,4,7,5,9,1,2,11,12,6,16,9858,92,3,0,0,0,0,0,0
2021-01-19T23:59:59+01:00,0,0,77,104,317,470,421,791,503,1186,609,1036,374,374,410,710,359,1269,2,0,1,3,7,4,4,7,5,9,1,0,8,8,5,15,9007,79,3,0,0,0,0,0,0
2021-01-18T23:59:59+01:00,0,0,63,74,272,383,366,641,429,954,516,839,308,307,345,562,306,1081,2,0,1,3,7,4,4,7,5,9,1,0,8,8,5,15,7444,79,2,0,0,0,0,0,0
2021-01-17T23:59:59+01:00,0,0,62,65,253,348,344,589,410,912,493,800,305,298,344,555,304,1073,0,0,0,0,0,0,0,0,0,0,0,0,0,0,0,0,7153,0,2,0,0,0,0,0,0
2021-01-16T23:59:59+01:00,0,0,62,65,253,348,344,589,410,911,491,798,305,297,342,551,303,1073,0,0,0,0,0,0,0,0,0,0,0,0,0,0,0,0,7140,0,2,0,0,0,0,0,0
2021-01-15T23:59:59+01:00,0,0,60,65,252,345,338,583,399,888,480,773,291,291,325,524,282,1035,0,0,0,0,0,0,0,0,0,0,0,0,0,0,0,0,6929,0,2,0,0,0,0,0,0
2021-01-14T23:59:59+01:00,0,0,46,52,238,322,314,508,365,763,393,627,228,219,242,353,206,752,0,0,0,0,0,0,0,0,0,0,0,0,0,0,0,0,5628,0,0,0,0,0,0,0,0
2021-01-13T23:59:59+01:00,0,0,40,42,213,266,273,409,300,613,322,502,177,176,174,269,164,588,0,0,0,0,0,0,0,0,0,0,0,0,0,0,0,0,4528,0,0,0,0,0,0,0,0
2021-01-12T23:59:59+01:00,0,0,36,40,208,251,259,377,277,534,290,456,141,135,135,206,127,458,0,0,0,0,0,0,0,0,0,0,0,0,0,0,0,0,3930,0,0,0,0,0,0,0,0
2021-01-11T23:59:59+01:00,0,0,30,36,197,230,240,325,229,445,240,382,110,106,101,133,75,291,0,0,0,0,0,0,0,0,0,0,0,0,0,0,0,0,3170,0,0,0,0,0,0,0,0
2021-01-10T23:59:59+01:00,0,0,28,31,159,168,197,250,191,349,198,305,98,99,98,128,73,277,0,0,0,0,0,0,0,0,0,0,0,0,0,0,0,0,2649,0,0,0,0,0,0,0,0
2021-01-09T23:59:59+01:00,0,0,28,31,152,164,195,242,187,342,196,300,98,99,98,128,73,277,0,0,0,0,0,0,0,0,0,0,0,0,0,0,0,0,2610,0,0,0,0,0,0,0,0
2021-01-08T23:59:59+01:00,0,0,25,28,121,141,174,229,162,313,168,279,93,89,97,124,72,276,0,0,0,0,0,0,0,0,0,0,0,0,0,0,0,0,2391,0,0,0,0,0,0,0,0
2021-01-07T23:59:59+01:00,0,0,10,3,16,24,32,55,37,105,61,112,48,51,60,84,46,187,0,0,0,0,0,0,0,0,0,0,0,0,0,0,0,0,931,0,0,0,0,0,0,0,0
2021-01-06T23:59:59+01:00,0,0,5,1,5,11,10,22,13,39,20,31,13,14,25,35,20,55,0,0,0,0,0,0,0,0,0,0,0,0,0,0,0,0,319,0,0,0,0,0,0,0,0
2021-01-05T23:59:59+01:00,0,0,4,1,4,9,9,18,10,31,15,26,10,14,22,30,19,49,0,0,0,0,0,0,0,0,0,0,0,0,0,0,0,0,271,0,0,0,0,0,0,0,0
2021-01-04T23:59:59+01:00,0,0,3,1,2,7,9,10,4,15,8,16,5,3,11,16,8,26,0,0,0,0,0,0,0,0,0,0,0,0,0,0,0,0,144,0,0,0,0,0,0,0,0
2021-01-03T23:59:59+01:00,0,0,3,0,1,6,8,4,4,7,5,9,1,2,11,12,7,16,0,0,0,0,0,0,0,0,0,0,0,0,0,0,0,0,96,0,0,0,0,0,0,0,0
2021-01-02T23:59:59+01:00,0,0,3,0,1,6,8,4,4,7,5,9,1,2,11,12,7,16,0,0,0,0,0,0,0,0,0,0,0,0,0,0,0,0,96,0,0,0,0,0,0,0,0
2021-01-01T23:59:59+01:00,0,0,2,0,1,6,8,4,4,7,5,9,1,2,11,12,7,16,0,0,0,0,0,0,0,0,0,0,0,0,0,0,0,0,95,0,0,0,0,0,0,0,0
2020-12-31T23:59:59+01:00,0,0,2,0,1,5,8,4,4,7,5,9,1,2,11,12,7,16,0,0,0,0,0,0,0,0,0,0,0,0,0,0,0,0,94,0,0,0,0,0,0,0,0
2020-12-30T23:59:59+01:00,0,0,2,0,1,5,8,4,4,7,5,9,1,2,11,12,7,16,0,0,0,0,0,0,0,0,0,0,0,0,0,0,0,0,94,0,0,0,0,0,0,0,0
2020-12-29T23:59:59+01:00,0,0,2,0,1,3,8,4,4,7,5,9,1,0,8,8,6,15,0,0,0,0,0,0,0,0,0,0,0,0,0,0,0,0,81,0,0,0,0,0,0,0,0
2020-12-28T23:59:59+01:00,0,0,2,0,1,3,8,4,4,7,5,9,1,0,8,8,6,15,0,0,0,0,0,0,0,0,0,0,0,0,0,0,0,0,81,0,0,0,0,0,0,0,0
2020-12-27T23:59:59+01:00,0,0,2,0,1,3,8,4,4,7,5,9,1,0,8,8,6,15,0,0,0,0,0,0,0,0,0,0,0,0,0,0,0,0,81,0,0,0,0,0,0,0,0
