Datum,<15_1_m,<15_1_w,15-24_1_m,15-24_1_w,25-34_1_m,25-34_1_w,35-44_1_m,35-44_1_w,45-54_1_m,45-54_1_w,55-64_1_m,55-64_1_w,65-74_1_m,65-74_1_w,75-84_1_m,75-84_1_w,>84_1_m,>84_1_w,<15_2_m,<15_2_w,15-24_2_m,15-24_2_w,25-34_2_m,25-34_2_w,35-44_2_m,35-44_2_w,45-54_2_m,45-54_2_w,55-64_2_m,55-64_2_w,65-74_2_m,65-74_2_w,75-84_2_m,75-84_2_w,>84_2_m,>84_2_w,bp_1,bp_2,mo_1,mo_2,az_1,az_2,ja,unb_1,unb_2
2021-11-17T23:59:59+01:00,3082,2979,20199,18454,25497,23337,26577,25824,29697,30170,32072,32927,22049,25198,15693,19739,4566,7994,2259,2129,16948,15705,22248,20474,23950,23325,27375,27927,30321,31180,21328,24331,15242,19103,4400,7657,259546,233588,33255,31945,55102,52199,18124,36,46
2021-11-16T23:59:59+01:00,3038,2927,20086,18368,25366,23210,26491,25732,29627,30088,32010,32856,22028,25166,15683,19720,4564,7984,2238,2113,16909,15682,22204,20434,23908,23295,27337,27883,30290,31149,21312,24317,15230,19093,4400,7655,258445,233143,33249,31942,55102,52197,18121,36,46
2021-11-15T23:59:59+01:00,2988,2887,19898,18220,25195,23058,26376,25612,29541,29985,31928,32778,22000,25133,15667,19699,4561,7976,2222,2104,16862,15663,22163,20403,23866,23269,27313,27854,30270,31133,21295,24299,15223,19080,4398,7651,257020,232788,33235,31919,55102,52197,18118,36,46
2021-11-14T23:59:59+01:00,2960,2851,19777,18122,25083,22937,26289,25540,29473,29909,31868,32715,21975,25104,15657,19684,4558,7971,2211,2090,16831,15622,22137,20372,23840,23251,27299,27835,30250,31116,21288,24296,15217,19069,4398,7649,255999,232497,33229,31916,55102,52196,18116,36,46
2021-11-13T23:59:59+01:00,2947,2834,19713,18075,25025,22899,26223,25503,29438,29884,31845,32696,21970,25099,15657,19682,4556,7970,2208,2089,16823,15617,22131,20365,23829,23247,27292,27832,30245,31113,21287,24295,15217,19068,4398,7649,255545,232438,33229,31912,55102,52196,18113,36,46
2021-11-12T23:59:59+01:00,2908,2794,19534,17946,24878,22773,26089,25386,29369,29805,31788,32658,21958,25078,15649,19676,4554,7970,2196,2078,16765,15591,22091,20332,23792,23220,27268,27814,30213,31100,21280,24285,15210,19063,4398,7647,254373,232095,33201,31900,55102,52192,18110,36,46
2021-11-11T23:59:59+01:00,2846,2728,19396,17828,24750,22641,25969,25276,29282,29712,31721,32608,21934,25054,15641,19666,4552,7964,2179,2058,16724,15542,22051,20279,23758,23193,27241,27782,30195,31065,21262,24275,15205,19052,4396,7641,253168,231676,33170,31885,55102,52190,18101,36,46
2021-11-10T23:59:59+01:00,2795,2667,19166,17633,24528,22462,25821,25138,29132,29612,31638,32511,21905,25026,15624,19646,4550,7954,2164,2034,16667,15468,21984,20224,23711,23148,27194,27746,30152,31028,21244,24254,15196,19035,4391,7635,251462,231084,33132,31870,55101,52189,18086,36,46
2021-11-09T23:59:59+01:00,2751,2625,19029,17495,24375,22345,25710,25025,29059,29537,31576,32443,21884,24995,15607,19629,4547,7939,2145,2019,16637,15433,21949,20199,23690,23121,27172,27717,30126,30986,21228,24236,15188,19017,4389,7630,250239,230701,33121,31867,55101,52185,18083,36,46
2021-11-08T23:59:59+01:00,2706,2587,18789,17287,24154,22137,25536,24890,28918,29414,31473,32360,21849,24944,15585,19606,4546,7931,2123,1998,16586,15388,21906,20161,23663,23082,27134,27691,30104,30961,21204,24223,15179,19003,4385,7627,248428,230270,33087,31851,55101,52182,18069,36,46
2021-11-07T23:59:59+01:00,2679,2556,18688,17187,24035,22031,25435,24805,28852,29345,31427,32305,21827,24922,15577,19602,4544,7928,2108,1984,16562,15372,21880,20135,23642,23069,27121,27674,30092,30949,21200,24217,15174,18995,4385,7625,247464,230040,33085,31851,55101,52179,18068,36,46
2021-11-06T23:59:59+01:00,2679,2553,18686,17184,24031,22031,25431,24802,28850,29343,31426,32303,21827,24922,15577,19602,4543,7928,2108,1984,16562,15371,21880,20134,23642,23069,27120,27674,30090,30949,21200,24216,15174,18995,4385,7625,247437,230036,33085,31849,55101,52179,18068,36,46
2021-11-05T23:59:59+01:00,2651,2514,18594,17109,23946,21939,25366,24737,28790,29293,31390,32273,21826,24915,15574,19595,4543,7927,2103,1978,16552,15355,21872,20123,23631,23062,27114,27661,30083,30941,21195,24211,15174,18994,4384,7624,246735,229925,33052,31844,55101,52175,18067,36,46
2021-11-04T23:59:59+01:00,2605,2478,18514,17022,23841,21844,25302,24681,28722,29249,31353,32235,21815,24903,15566,19586,4541,7923,2074,1954,16494,15307,21824,20079,23596,23033,27090,27632,30060,30919,21191,24202,15169,18984,4382,7622,245960,229528,33043,31828,55101,52161,18049,36,46
2021-11-03T23:59:59+01:00,2569,2452,18377,16896,23683,21711,25196,24590,28644,29189,31306,32179,21795,24891,15560,19580,4541,7921,2046,1931,16421,15238,21767,20012,23556,22992,27046,27597,30033,30890,21174,24178,15158,18973,4380,7615,244890,228947,33020,31813,55101,52159,18042,36,46
2021-11-02T23:59:59+01:00,2541,2429,18243,16814,23538,21610,25104,24524,28570,29133,31257,32145,21786,24872,15554,19571,4540,7912,2031,1911,16363,15202,21730,19965,23519,22953,27017,27571,30010,30867,21166,24165,15150,18970,4379,7612,243969,228538,33015,31807,55101,52159,18031,36,46
2021-11-01T23:59:59+01:00,2520,2411,18161,16743,23456,21556,25049,24481,28523,29094,31231,32120,21774,24864,15550,19570,4540,7911,2017,1897,16328,15148,21692,19927,23494,22922,26987,27535,29992,30848,21158,24160,15149,18960,4379,7610,243389,228176,33011,31796,55101,52159,18026,36,46
2021-10-31T23:59:59+01:00,2520,2411,18161,16743,23455,21554,25048,24481,28523,29094,31231,32120,21774,24864,15550,19570,4540,7911,2016,1896,16328,15148,21692,19927,23494,22921,26987,27535,29992,30848,21158,24160,15149,18960,4379,7610,243385,228173,33011,31796,55101,52159,18026,36,46
2021-10-30T23:59:59+02:00,2520,2411,18161,16743,23454,21554,25048,24481,28523,29094,31231,32120,21774,24864,15550,19570,4540,7911,2016,1896,16328,15148,21692,19927,23494,22921,26987,27535,29992,30848,21158,24160,15149,18960,4379,7610,243384,228173,33011,31796,55101,52159,18026,36,46
2021-10-29T23:59:59+02:00,2508,2397,18096,16702,23384,21516,24972,24438,28461,29057,31206,32101,21770,24855,15544,19565,4539,7910,2011,1891,16314,15136,21677,19912,23484,22906,26976,27522,29984,30845,21156,24158,15149,18958,4379,7610,242899,228047,32970,31792,55101,52159,18024,36,46
2021-10-28T23:59:59+02:00,2485,2373,18017,16639,23306,21460,24926,24387,28423,29019,31174,32073,21764,24848,15539,19557,4539,7907,1980,1872,16257,15086,21643,19867,23453,22874,26951,27499,29962,30820,21146,24149,15147,18955,4379,7605,242352,227650,32940,31777,55101,52156,18016,36,46
2021-10-27T23:59:59+02:00,2451,2337,17903,16557,23153,21360,24820,24302,28326,28960,31128,32041,21755,24824,15532,19548,4539,7906,1957,1843,16186,15037,21595,19807,23419,22835,26916,27461,29936,30795,21135,24136,15140,18945,4378,7601,241405,227163,32900,31752,55101,52152,18009,36,46
2021-10-26T23:59:59+02:00,2426,2313,17845,16511,23109,21312,24775,24264,28281,28918,31101,32022,21753,24814,15529,19546,4539,7903,1939,1820,16145,14991,21564,19776,23387,22805,26905,27440,29923,30784,21127,24136,15138,18943,4378,7601,240938,226856,32899,31752,55101,52152,17996,36,46
2021-10-25T23:59:59+02:00,2425,2309,17844,16507,23107,21310,24773,24261,28280,28915,31100,32022,21753,24814,15529,19546,4539,7903,1939,1819,16145,14990,21564,19775,23385,22804,26905,27440,29923,30784,21127,24136,15138,18943,4378,7601,240915,226851,32899,31752,55101,52152,17995,36,46
2021-10-24T23:59:59+02:00,2416,2300,17826,16480,23090,21291,24747,24245,28271,28909,31093,32017,21751,24812,15527,19545,4539,7903,1929,1802,16126,14954,21541,19752,23371,22776,26894,27429,29913,30777,21124,24131,15136,18937,4378,7601,240756,226642,32885,31738,55101,52152,17993,36,46
2021-10-23T23:59:59+02:00,2416,2300,17825,16480,23088,21291,24747,24245,28270,28909,31093,32017,21751,24812,15527,19545,4539,7903,1929,1802,16126,14954,21539,19752,23371,22776,26894,27429,29913,30777,21124,24131,15136,18937,4378,7601,240753,226641,32885,31738,55101,52152,17992,36,46
2021-10-22T23:59:59+02:00,2395,2282,17763,16440,23040,21246,24696,24192,28238,28880,31059,31997,21745,24803,15522,19543,4538,7901,1922,1795,16108,14943,21529,19743,23355,22759,26886,27425,29904,30771,21122,24129,15136,18937,4378,7601,240294,226529,32877,31737,55101,52150,17981,36,46
2021-10-21T23:59:59+02:00,2380,2255,17719,16395,22986,21197,24660,24157,28192,28853,31042,31975,21738,24797,15519,19539,4537,7893,1877,1757,16046,14865,21484,19683,23319,22712,26847,27387,29890,30750,21115,24117,15127,18919,4376,7596,239887,226013,32851,31690,55101,52150,17968,36,46
2021-10-20T23:59:59+02:00,2349,2213,17641,16334,22895,21132,24584,24115,28153,28806,31008,31948,21726,24788,15515,19530,4535,7891,1822,1714,15960,14793,21434,19616,23259,22666,26803,27331,29862,30722,21094,24105,15120,18901,4370,7593,239247,225349,32831,31666,55101,52147,17957,36,46
2021-10-19T23:59:59+02:00,2328,2199,17607,16308,22875,21117,24571,24098,28140,28794,31000,31927,21719,24777,15513,19522,4534,7890,1791,1675,15901,14744,21392,19569,23238,22641,26782,27312,29842,30703,21084,24091,15115,18895,4370,7590,239007,224924,32831,31666,55101,52146,17953,36,46
2021-10-18T23:59:59+02:00,2315,2189,17586,16287,22859,21092,24552,24080,28128,28784,30987,31915,21713,24775,15511,19515,4532,7887,1767,1652,15859,14696,21373,19544,23215,22612,26761,27286,29822,30688,21078,24086,15111,18889,4369,7589,238796,224588,32831,31665,55101,52146,17952,36,46
2021-10-17T23:59:59+02:00,2306,2183,17561,16253,22828,21063,24533,24066,28110,28775,30977,31907,21705,24771,15510,19512,4532,7885,1749,1623,15817,14649,21343,19501,23194,22585,26742,27265,29808,30684,21072,24077,15111,18884,4367,7587,238578,224273,32825,31645,55099,52146,17948,36,46
2021-10-16T23:59:59+02:00,2306,2183,17560,16253,22828,21063,24533,24066,28110,28775,30977,31907,21705,24771,15510,19512,4532,7885,1749,1623,15817,14649,21343,19500,23194,22585,26742,27265,29808,30684,21072,24077,15111,18884,4367,7587,238577,224272,32825,31645,55099,52146,17948,36,46
2021-10-15T23:59:59+02:00,2296,2173,17535,16237,22810,21048,24507,24048,28094,28760,30971,31903,21699,24764,15510,19512,4532,7884,1741,1608,15804,14632,21331,19489,23185,22578,26739,27258,29803,30679,21069,24075,15110,18884,4367,7587,238399,224156,32812,31645,55099,52146,17946,36,46
2021-10-14T23:59:59+02:00,2286,2155,17492,16202,22775,21014,24483,24026,28075,28740,30960,31890,21693,24761,15507,19509,4531,7881,1720,1582,15742,14580,21302,19444,23149,22540,26721,27222,29781,30656,21058,24067,15105,18874,4365,7585,238102,223749,32811,31631,55099,52127,17940,36,46
2021-10-13T23:59:59+02:00,2256,2135,17409,16127,22712,20950,24438,23983,28037,28695,30931,31860,21680,24751,15501,19504,4530,7877,1682,1551,15642,14489,21249,19393,23107,22503,26680,27182,29752,30628,21050,24049,15103,18859,4365,7581,237582,223208,32786,31603,55099,52127,17881,36,46
2021-10-12T23:59:59+02:00,2246,2116,17368,16083,22689,20922,24411,23955,28021,28674,30918,31839,21676,24746,15497,19496,4529,7875,1659,1531,15590,14428,21231,19359,23082,22482,26655,27157,29729,30607,21042,24040,15101,18856,4363,7580,237270,222851,32785,31592,55098,52123,17880,36,46
2021-10-11T23:59:59+02:00,2235,2104,17339,16052,22674,20901,24396,23934,28002,28655,30903,31829,21670,24738,15495,19491,4526,7870,1641,1520,15547,14392,21192,19305,23059,22444,26629,27117,29700,30591,21031,24030,15095,18849,4359,7577,237027,222441,32785,31592,55098,52123,17876,36,46
2021-10-10T23:59:59+02:00,2231,2096,17323,16033,22657,20887,24392,23926,27993,28642,30898,31822,21663,24734,15495,19489,4526,7867,1625,1509,15491,14347,21128,19245,23020,22405,26584,27091,29678,30569,21021,24019,15089,18842,4359,7577,236895,221990,32781,31569,55098,52122,17872,36,46
2021-10-09T23:59:59+02:00,2229,2096,17323,16032,22655,20886,24392,23926,27993,28642,30898,31822,21663,24734,15495,19489,4526,7867,1624,1506,15490,14345,21128,19244,23020,22405,26584,27090,29678,30569,21021,24019,15089,18842,4359,7577,236889,221981,32781,31569,55098,52122,17872,36,46
2021-10-08T23:59:59+02:00,2224,2088,17312,16007,22631,20874,24374,23917,27978,28626,30883,31813,21661,24729,15495,19489,4526,7867,1617,1502,15484,14332,21114,19229,23009,22397,26574,27073,29674,30562,21019,24013,15087,18841,4359,7577,236751,221879,32771,31569,55097,52122,17847,36,46
2021-10-07T23:59:59+02:00,2200,2068,17254,15963,22601,20827,24348,23889,27945,28601,30862,31789,21656,24726,15493,19480,4525,7862,1582,1470,15409,14254,21049,19158,22965,22350,26543,27036,29646,30539,21008,23998,15082,18831,4355,7576,236375,221339,32761,31521,55094,52114,17831,36,46
2021-10-06T23:59:59+02:00,2176,2045,17194,15916,22554,20774,24322,23848,27913,28571,30846,31763,21645,24714,15486,19474,4524,7858,1545,1443,15348,14181,20999,19097,22927,22313,26512,26997,29622,30510,20997,23984,15071,18825,4353,7574,235955,220840,32742,31494,55094,52114,17804,36,46
2021-10-05T23:59:59+02:00,2156,2028,17149,15877,22507,20746,24288,23808,27891,28546,30833,31746,21640,24706,15486,19469,4523,7857,1533,1426,15320,14150,20945,19072,22897,22284,26484,26971,29597,30485,20989,23965,15068,18817,4350,7574,235687,220572,32742,31492,55094,52114,17703,36,46
2021-10-04T23:59:59+02:00,2129,1993,17093,15838,22455,20717,24265,23783,27875,28512,30814,31728,21636,24697,15484,19465,4522,7854,1527,1414,15282,14126,20919,19044,22883,22259,26466,26952,29585,30471,20982,23955,15064,18812,4350,7566,235346,220361,32742,31490,55094,52112,17648,36,46
2021-10-03T23:59:59+02:00,2124,1981,17064,15798,22425,20684,24228,23759,27861,28492,30797,31718,21633,24690,15483,19460,4522,7852,1507,1393,15250,14088,20894,19014,22858,22239,26451,26930,29571,30461,20972,23942,15062,18809,4350,7566,235133,220140,32736,31479,55090,52110,17582,36,46
2021-10-02T23:59:59+02:00,2124,1981,17064,15798,22425,20684,24227,23759,27861,28492,30797,31718,21633,24690,15483,19460,4522,7852,1507,1393,15250,14088,20894,19014,22858,22239,26451,26930,29571,30460,20972,23942,15062,18809,4350,7566,235132,220139,32736,31479,55090,52110,17582,36,46
2021-10-01T23:59:59+02:00,2119,1976,17050,15781,22422,20672,24213,23738,27856,28485,30793,31713,21630,24688,15483,19458,4521,7852,1505,1390,15246,14086,20891,19012,22856,22239,26449,26928,29571,30456,20971,23940,15062,18809,4350,7566,235015,220112,32735,31479,55090,52110,17580,36,46
2021-09-30T23:59:59+02:00,2098,1960,16993,15729,22378,20615,24173,23703,27826,28452,30770,31689,21619,24682,15478,19451,4519,7847,1468,1359,15176,14020,20853,18976,22822,22198,26426,26894,29552,30435,20967,23931,15059,18801,4346,7561,234629,219722,32721,31458,55090,52106,17512,36,46
2021-09-29T23:59:59+02:00,2030,1915,16900,15652,22306,20545,24118,23652,27764,28400,30732,31659,21603,24668,15471,19437,4516,7845,1446,1328,15106,13964,20810,18923,22786,22145,26388,26864,29517,30407,20958,23919,15048,18793,4345,7558,233988,219319,32704,31435,55089,52103,17402,36,46
2021-09-28T23:59:59+02:00,2012,1898,16818,15587,22235,20492,24054,23610,27725,28357,30715,31642,21593,24654,15466,19427,4516,7842,1432,1316,15038,13919,20752,18881,22742,22119,26358,26829,29496,30386,20945,23904,15042,18783,4343,7554,233554,218989,32703,31435,55089,52102,17267,36,46
2021-09-27T23:59:59+02:00,1949,1829,16752,15527,22199,20456,24029,23582,27697,28321,30695,31625,21586,24647,15464,19424,4515,7840,1421,1301,15009,13888,20730,18844,22727,22094,26339,26817,29478,30370,20941,23894,15038,18775,4342,7551,233057,218719,32703,31435,55089,52101,17258,36,46
2021-09-26T23:59:59+02:00,1928,1808,16682,15463,22146,20396,23990,23531,27668,28295,30680,31616,21576,24640,15463,19421,4515,7838,1405,1287,14938,13820,20677,18789,22677,22036,26299,26780,29459,30343,20934,23884,15030,18772,4342,7548,232689,218315,32686,31408,55088,52088,17163,36,46
2021-09-25T23:59:59+02:00,1928,1808,16680,15463,22145,20395,23988,23530,27668,28295,30680,31616,21576,24640,15463,19421,4515,7838,1405,1287,14937,13820,20676,18789,22677,22036,26298,26777,29459,30343,20933,23884,15030,18772,4342,7548,232683,218310,32686,31407,55088,52088,17162,36,46
2021-09-24T23:59:59+02:00,1927,1805,16653,15443,22101,20366,23954,23509,27648,28273,30663,31601,21574,24636,15461,19420,4515,7838,1398,1280,14909,13793,20626,18757,22636,22010,26270,26756,29437,30323,20928,23878,15028,18770,4341,7547,232619,218182,32686,31407,55088,52088,16964,36,46
2021-09-23T23:59:59+02:00,1897,1767,16578,15357,22039,20291,23906,23441,27603,28218,30637,31561,21562,24625,15453,19405,4512,7836,1371,1252,14831,13730,20565,18714,22608,21963,26236,26712,29411,30296,20924,23867,15022,18762,4341,7546,232059,217780,32647,31373,55088,52088,16864,36,46
2021-09-22T23:59:59+02:00,1864,1736,16477,15279,21947,20214,23830,23387,27535,28157,30595,31526,21546,24602,15451,19392,4510,7833,1316,1201,14706,13623,20475,18635,22544,21892,26175,26651,29362,30260,20904,23857,15016,18754,4338,7537,231449,217101,32626,31330,55088,52081,16688,36,46
2021-09-21T23:59:59+02:00,1834,1692,16397,15204,21888,20154,23779,23338,27493,28122,30556,31486,21535,24582,15448,19382,4504,7825,1307,1185,14650,13576,20416,18596,22501,21849,26141,26626,29337,30235,20891,23843,15009,18743,4335,7533,230972,216814,32626,31330,55088,52081,16502,36,46
2021-09-20T23:59:59+02:00,1807,1677,16323,15139,21833,20107,23730,23298,27455,28079,30522,31468,21526,24569,15442,19376,4503,7823,1295,1175,14593,13523,20370,18552,22463,21821,26093,26594,29311,30210,20883,23831,15007,18737,4332,7530,230564,216496,32624,31329,55088,52080,16369,36,46
2021-09-19T23:59:59+02:00,1780,1654,16259,15089,21783,20046,23695,23264,27424,28051,30501,31443,21517,24558,15438,19365,4503,7820,1287,1165,14534,13480,20325,18498,22411,21798,26068,26562,29294,30196,20876,23818,15003,18734,4331,7526,230197,216214,32602,31296,55088,52080,16270,36,46
2021-09-18T23:59:59+02:00,1780,1654,16257,15086,21782,20045,23692,23262,27424,28050,30501,31443,21517,24558,15438,19365,4503,7820,1287,1165,14533,13478,20325,18498,22410,21797,26068,26560,29294,30196,20876,23818,15003,18734,4331,7526,230189,216213,32602,31295,55088,52080,16265,36,46
2021-09-17T23:59:59+02:00,1775,1647,16234,15067,21757,20025,23672,23251,27411,28035,30492,31437,21514,24555,15435,19362,4502,7820,1279,1156,14512,13463,20315,18492,22401,21792,26061,26556,29284,30190,20873,23815,15002,18733,4331,7526,230018,216109,32601,31295,55088,52080,16251,36,46
2021-09-16T23:59:59+02:00,1736,1616,16134,14966,21676,19924,23602,23168,27345,27975,30453,31399,21501,24538,15430,19352,4497,7820,1246,1127,14428,13389,20271,18437,22365,21741,26030,26511,29263,30159,20862,23805,14995,18725,4328,7522,229209,215651,32580,31217,55088,52068,16222,36,46
2021-09-15T23:59:59+02:00,1705,1599,16066,14888,21620,19870,23557,23123,27313,27941,30428,31375,21488,24516,15418,19343,4496,7818,1217,1099,14351,13303,20203,18377,22326,21689,25990,26467,29231,30136,20849,23790,14983,18717,4327,7520,228680,215091,32560,31172,55088,52063,16203,36,46
2021-09-14T23:59:59+02:00,1692,1583,16031,14842,21573,19832,23528,23088,27281,27905,30403,31351,21473,24505,15415,19331,4493,7817,1199,1084,14313,13265,20178,18355,22304,21663,25970,26452,29219,30126,20838,23782,14980,18710,4326,7518,228271,214809,32558,31171,55088,52063,16193,36,46
2021-09-13T23:59:59+02:00,1671,1570,15989,14789,21546,19800,23497,23055,27264,27869,30389,31336,21472,24495,15410,19329,4492,7814,1193,1076,14285,13250,20151,18339,22284,21643,25955,26440,29209,30103,20829,23771,14979,18703,4324,7516,227926,214585,32555,31171,55088,52063,16185,36,46
2021-09-12T23:59:59+02:00,1661,1557,15965,14766,21530,19778,23481,23030,27249,27854,30378,31328,21465,24487,15410,19324,4492,7814,1179,1071,14252,13221,20126,18302,22264,21617,25942,26417,29198,30095,20822,23762,14974,18696,4322,7511,227732,214344,32536,31140,55088,52061,16180,36,46
2021-09-11T23:59:59+02:00,1660,1557,15953,14762,21522,19770,23480,23029,27247,27853,30375,31326,21464,24486,15410,19324,4492,7814,1179,1071,14247,13219,20124,18299,22262,21617,25942,26416,29198,30095,20821,23762,14974,18696,4322,7511,227695,214333,32536,31140,55085,52061,16175,36,46
2021-09-10T23:59:59+02:00,1660,1557,15930,14757,21509,19759,23462,23026,27229,27843,30362,31321,21463,24484,15406,19322,4492,7813,1177,1071,14224,13212,20109,18289,22248,21613,25927,26403,29180,30092,20820,23758,14971,18693,4321,7510,227664,214294,32536,31140,55085,52061,16077,36,46
2021-09-09T23:59:59+02:00,1615,1518,15850,14678,21449,19692,23408,22976,27169,27793,30334,31292,21454,24467,15392,19308,4490,7811,1149,1046,14142,13138,20038,18220,22181,21558,25877,26362,29145,30060,20804,23730,14953,18679,4319,7508,227134,213826,32505,31057,55084,52041,15940,36,45
2021-09-08T23:59:59+02:00,1577,1471,15723,14584,21378,19615,23355,22901,27119,27750,30294,31244,21437,24449,15383,19297,4489,7811,1132,1021,14053,13048,19954,18167,22116,21506,25830,26322,29109,30010,20785,23709,14949,18671,4318,7507,226589,213426,32436,30965,55084,52036,15735,36,45
2021-09-07T23:59:59+02:00,1564,1451,15673,14532,21323,19589,23319,22878,27092,27718,30277,31228,21426,24427,15377,19289,4487,7811,1115,1007,13985,12999,19890,18127,22074,21476,25794,26290,29080,29982,20773,23695,14945,18664,4317,7507,226348,213142,32429,30935,55084,52031,15567,36,45
2021-09-06T23:59:59+02:00,1551,1441,15623,14487,21302,19557,23296,22850,27067,27699,30261,31206,21416,24424,15373,19282,4487,7809,1103,998,13953,12960,19869,18102,22045,21454,25774,26271,29065,29967,20764,23687,14941,18660,4317,7504,226097,212934,32428,30935,55084,52031,15489,36,45
2021-09-05T23:59:59+02:00,1531,1426,15593,14461,21284,19535,23286,22824,27058,27687,30256,31198,21411,24418,15367,19280,4487,7805,1095,984,13916,12924,19838,18066,22020,21426,25756,26254,29052,29948,20760,23679,14939,18658,4317,7504,225884,212719,32420,30855,55083,52030,15487,36,45
2021-09-04T23:59:59+02:00,1531,1426,15584,14458,21270,19529,23279,22819,27052,27681,30250,31195,21410,24415,15367,19279,4487,7805,1095,984,13907,12921,19824,18058,22013,21421,25749,26248,29046,29944,20759,23676,14939,18657,4317,7504,225883,212718,32420,30852,55083,52030,15417,36,45
2021-09-03T23:59:59+02:00,1528,1423,15566,14444,21237,19504,23248,22798,27028,27668,30235,31180,21403,24407,15367,19273,4487,7804,1095,984,13890,12907,19797,18039,21989,21406,25732,26238,29031,29933,20753,23669,14939,18654,4317,7504,225807,212699,32419,30847,55083,52029,15257,36,45
2021-09-02T23:59:59+02:00,1512,1403,15494,14385,21190,19454,23213,22749,26987,27627,30198,31154,21390,24397,15361,19260,4485,7798,1070,963,13797,12843,19752,17978,21944,21363,25690,26192,28992,29906,20741,23658,14934,18642,4316,7503,225384,212244,32414,30842,55081,52009,15144,36,45
2021-09-01T23:59:59+02:00,1461,1346,15356,14232,21070,19358,23144,22693,26920,27556,30146,31104,21372,24372,15353,19246,4482,7793,1038,923,13650,12721,19625,17881,21859,21293,25632,26123,28941,29843,20716,23629,14922,18629,4312,7497,224613,211660,32389,30645,55080,51996,14888,36,45
2021-08-31T23:59:59+02:00,1437,1331,15294,14161,21007,19306,23099,22651,26870,27513,30112,31072,21359,24359,15347,19237,4482,7792,1024,910,13576,12654,19577,17840,21827,21257,25599,26100,28913,29817,20710,23619,14919,18621,4311,7496,224153,211314,32388,30645,55079,51991,14775,36,45
2021-08-30T23:59:59+02:00,1414,1312,15226,14115,20959,19250,23067,22612,26833,27480,30079,31042,21346,24350,15343,19228,4480,7785,1019,895,13519,12612,19531,17789,21794,21232,25569,26063,28879,29792,20699,23604,14909,18612,4310,7492,223788,211012,32388,30642,55079,51989,14632,36,45
2021-08-29T23:59:59+02:00,1398,1300,15182,14071,20920,19219,23043,22588,26815,27456,30061,31027,21342,24341,15343,19226,4480,7784,1008,887,13466,12567,19508,17767,21767,21212,25548,26044,28866,29775,20691,23596,14906,18608,4308,7491,223499,210743,32387,30642,55079,51988,14597,36,45
2021-08-28T23:59:59+02:00,1398,1300,15176,14068,20909,19212,23037,22584,26812,27447,30058,31026,21341,24341,15343,19226,4480,7784,1008,887,13459,12563,19497,17760,21761,21208,25545,26035,28863,29774,20690,23596,14906,18608,4308,7491,223499,210741,32387,30642,55079,51988,14543,36,45
2021-08-27T23:59:59+02:00,1389,1293,15145,14040,20882,19196,23004,22568,26786,27435,30042,31006,21335,24333,15339,19225,4477,7781,1002,882,13430,12531,19461,17743,21733,21187,25517,26022,28846,29756,20684,23587,14903,18607,4307,7491,223362,210599,32387,30641,55076,51987,14417,36,45
2021-08-26T23:59:59+02:00,1376,1276,15100,13995,20835,19157,22974,22530,26753,27396,30010,30969,21320,24317,15332,19217,4474,7773,990,871,13361,12470,19384,17686,21673,21129,25461,25974,28806,29720,20671,23566,14893,18594,4306,7487,223068,210310,32368,30516,55076,51913,14258,36,45
2021-08-25T23:59:59+02:00,1331,1231,14955,13871,20722,19062,22894,22437,26674,27312,29952,30913,21297,24291,15322,19207,4470,7767,962,841,13238,12386,19299,17608,21606,21057,25391,25920,28760,29677,20644,23545,14885,18580,4305,7484,222211,209735,32352,30468,55076,51905,14036,35,44
2021-08-24T23:59:59+02:00,1307,1207,14891,13820,20680,19010,22839,22390,26638,27276,29922,30882,21280,24276,15316,19197,4469,7766,937,820,13142,12324,19238,17527,21569,21005,25347,25877,28730,29639,20626,23525,14878,18568,4303,7479,221791,209250,32322,30410,55076,51890,13944,35,40
2021-08-23T23:59:59+02:00,1289,1188,14823,13782,20640,18981,22810,22364,26603,27256,29897,30855,21261,24262,15311,19184,4468,7765,911,795,13026,12246,19175,17467,21516,20956,25307,25822,28685,29596,20607,23508,14871,18556,4300,7479,221480,208729,32306,30320,55076,51890,13844,35,40
2021-08-22T23:59:59+02:00,1280,1180,14808,13762,20624,18961,22798,22344,26588,27241,29880,30851,21254,24258,15309,19176,4466,7764,888,778,12967,12176,19122,17433,21487,20921,25286,25796,28659,29574,20599,23496,14870,18552,4300,7479,221305,208402,32287,30211,55076,51887,13843,35,40
2021-08-21T23:59:59+02:00,1280,1180,14799,13752,20613,18953,22788,22338,26584,27236,29869,30844,21254,24256,15309,19176,4466,7764,888,778,12957,12166,19112,17425,21479,20915,25280,25791,28649,29567,20599,23494,14870,18552,4300,7479,221300,208398,32287,30211,55076,51887,13765,35,40
2021-08-20T23:59:59+02:00,1273,1175,14769,13718,20578,18923,22765,22315,26558,27214,29852,30828,21251,24247,15307,19170,4466,7764,887,777,12938,12152,19087,17405,21461,20894,25266,25774,28630,29548,20595,23488,14869,18549,4300,7479,221106,208292,32287,30209,55076,51887,13671,35,40
2021-08-19T23:59:59+02:00,1254,1160,14710,13669,20538,18894,22734,22280,26535,27185,29827,30804,21240,24239,15304,19165,4465,7761,858,764,12804,12033,18998,17327,21375,20836,25195,25707,28570,29498,20574,23475,14863,18540,4298,7476,220800,207653,32255,30073,55076,51825,13600,35,40
2021-08-18T23:59:59+02:00,1231,1141,14627,13579,20423,18832,22658,22218,26468,27128,29769,30746,21215,24219,15298,19153,4463,7758,830,743,12664,11914,18860,17244,21277,20746,25108,25624,28487,29429,20542,23430,14852,18525,4297,7471,220387,207042,32237,29949,55074,51817,13195,35,40
2021-08-17T23:59:59+02:00,1220,1128,14587,13541,20381,18786,22622,22184,26433,27100,29753,30726,21203,24205,15287,19144,4459,7757,809,719,12556,11831,18779,17183,21199,20684,25056,25571,28451,29388,20523,23415,14843,18512,4295,7469,220103,206511,32202,29820,55074,51809,13104,35,39
2021-08-16T23:59:59+02:00,1208,1117,14539,13492,20345,18757,22593,22151,26412,27072,29719,30695,21190,24194,15280,19132,4457,7755,781,705,12460,11732,18688,17111,21129,20599,24991,25512,28384,29325,20500,23393,14833,18494,4294,7466,219834,205889,32200,29695,55074,51808,12967,35,38
2021-08-15T23:59:59+02:00,1198,1104,14502,13466,20315,18727,22565,22132,26399,27056,29709,30681,21185,24182,15275,19130,4456,7753,757,689,12397,11664,18637,17081,21078,20560,24955,25468,28365,29303,20490,23380,14829,18488,4292,7464,219610,205440,32200,29694,55074,51807,12918,35,38
2021-08-14T23:59:59+02:00,1198,1103,14495,13462,20306,18721,22556,22125,26385,27049,29704,30673,21182,24180,15274,19129,4456,7753,757,689,12389,11660,18627,17073,21068,20553,24941,25461,28360,29294,20487,23379,14828,18487,4292,7464,219609,205438,32199,29690,55074,51807,12836,35,38
2021-08-13T23:59:59+02:00,1195,1100,14486,13453,20292,18711,22544,22120,26378,27039,29688,30665,21173,24175,15273,19129,4456,7753,754,688,12374,11648,18616,17064,21055,20544,24935,25445,28346,29290,20481,23372,14826,18487,4292,7463,219552,205372,32198,29690,55074,51807,12773,35,38
2021-08-12T23:59:59+02:00,1175,1078,14429,13397,20249,18671,22520,22085,26351,27010,29657,30644,21161,24156,15269,19122,4456,7748,727,662,12208,11504,18479,16953,20962,20461,24854,25360,28279,29234,20460,23340,14813,18475,4289,7457,219227,204577,32186,29505,55074,51738,12659,34,38
2021-08-11T23:59:59+02:00,1159,1056,14359,13333,20206,18617,22476,22046,26318,26985,29629,30604,21147,24139,15266,19111,4453,7744,703,640,12070,11365,18395,16863,20882,20387,24805,25287,28236,29170,20427,23313,14806,18464,4287,7452,218823,203675,32113,29500,55074,51733,12606,34,38
2021-08-10T23:59:59+02:00,1144,1038,14279,13258,20149,18570,22440,22002,26286,26954,29595,30575,21133,24130,15266,19103,4452,7742,684,618,11953,11246,18295,16792,20816,20321,24753,25229,28191,29118,20400,23285,14792,18446,4286,7446,218401,202920,32081,29477,55074,51708,12528,34,38
2021-08-09T23:59:59+02:00,1127,1019,14194,13196,20068,18514,22392,21954,26235,26910,29558,30541,21115,24113,15260,19094,4447,7740,639,577,11771,11084,18125,16696,20691,20239,24658,25133,28112,29042,20364,23245,14778,18434,4283,7437,217955,201932,32060,29369,55073,51613,12357,34,37
2021-08-08T23:59:59+02:00,1113,1012,14151,13157,20047,18478,22366,21934,26220,26890,29542,30527,21108,24107,15257,19090,4446,7739,613,558,11688,10998,18037,16612,20625,20181,24595,25086,28066,28998,20342,23222,14765,18423,4283,7433,217725,201276,32029,29291,55072,51595,12326,34,37
2021-08-07T23:59:59+02:00,1113,1012,14136,13152,20037,18473,22360,21929,26208,26876,29527,30515,21106,24103,15253,19085,4445,7739,613,557,11674,10992,18020,16608,20619,20175,24582,25071,28049,28986,20340,23218,14761,18418,4282,7433,217723,201261,32028,29290,55071,51595,12215,34,37
2021-08-06T23:59:59+02:00,1113,1012,14126,13140,20024,18454,22346,21914,26186,26867,29514,30504,21103,24099,15250,19083,4445,7738,613,557,11663,10978,17997,16586,20603,20158,24561,25062,28037,28974,20337,23214,14758,18416,4282,7433,217715,201232,32024,29290,55071,51594,12076,34,37
2021-08-05T23:59:59+02:00,1101,993,14054,13098,19973,18419,22303,21871,26150,26810,29486,30480,21089,24084,15242,19074,4443,7735,578,527,11489,10869,17883,16486,20492,20060,24455,24972,27968,28925,20311,23189,14747,18402,4279,7431,217397,200445,31980,29199,55068,51454,11928,34,37
2021-08-04T23:59:59+02:00,1085,976,13990,13029,19869,18335,22237,21812,26108,26768,29435,30432,21066,24066,15232,19061,4443,7732,540,493,11303,10694,17653,16344,20317,19934,24336,24848,27858,28827,20283,23156,14734,18390,4276,7429,217131,199399,31817,29139,55067,51211,11629,34,37
2021-08-03T23:59:59+02:00,1061,958,13920,12966,19830,18286,22203,21771,26072,26727,29400,30403,21050,24041,15222,19047,4440,7722,484,451,11118,10521,17477,16216,20176,19801,24187,24725,27738,28720,20240,23108,14717,18358,4274,7423,216754,197959,31789,29104,55066,51156,11478,34,37
2021-08-02T23:59:59+02:00,1037,938,13834,12899,19771,18228,22152,21731,26018,26666,29348,30353,21021,24010,15212,19027,4437,7720,458,421,10951,10351,17304,16092,20028,19688,24070,24611,27651,28618,20195,23055,14698,18339,4271,7413,216274,196770,31758,29055,55066,51080,11272,34,37
2021-08-01T23:59:59+02:00,1027,923,13773,12852,19735,18211,22132,21709,25993,26645,29329,30336,21012,23998,15208,19020,4437,7719,422,390,10806,10204,17145,15984,19878,19580,23926,24506,27543,28538,20181,23031,14689,18325,4271,7409,216035,195881,31709,28964,55066,50730,11216,34,37
2021-07-31T23:59:59+02:00,1027,923,13748,12843,19717,18203,22115,21698,25979,26633,29321,30325,21009,23993,15207,19019,4436,7719,421,390,10780,10191,17124,15970,19860,19567,23913,24494,27535,28527,20178,23026,14688,18324,4270,7409,216031,195860,31709,28964,55066,50730,11076,34,37
2021-07-30T23:59:59+02:00,1019,913,13687,12797,19671,18181,22085,21679,25949,26611,29294,30307,21002,23985,15201,19017,4434,7718,400,372,10693,10117,17059,15927,19801,19532,23846,24453,27488,28502,20163,23004,14679,18320,4267,7407,215852,195471,31705,28964,55066,50664,10894,34,37
2021-07-29T23:59:59+02:00,995,894,13581,12711,19607,18119,22013,21626,25898,26555,29241,30269,20985,23975,15194,19010,4434,7716,355,332,10425,9856,16757,15684,19506,19316,23542,24222,27236,28338,20108,22949,14667,18299,4267,7406,215407,193716,31632,28853,55066,49974,10685,34,37
2021-07-28T23:59:59+02:00,967,864,13450,12583,19481,18010,21927,21543,25817,26476,29164,30201,20962,23939,15181,18998,4432,7714,320,292,10134,9653,16497,15495,19246,19127,23314,24031,27081,28195,20060,22876,14648,18276,4264,7401,214753,192377,31597,28771,55062,49461,10264,34,37
2021-07-27T23:59:59+02:00,936,843,13332,12489,19416,17950,21861,21490,25751,26418,29124,30156,20947,23919,15176,18978,4431,7708,272,237,9879,9439,16244,15268,19018,18942,23120,23858,26918,28059,20018,22823,14626,18249,4258,7392,214158,190713,31542,28614,55061,49124,10132,33,37
2021-07-26T23:59:59+02:00,911,825,13227,12395,19362,17893,21787,21425,25702,26385,29069,30096,20918,23896,15158,18959,4431,7704,224,208,9643,9189,16003,15061,18770,18741,22892,23691,26767,27932,19947,22762,14598,18213,4253,7386,213551,188954,31471,28513,55060,48746,10030,32,37
2021-07-25T23:59:59+02:00,892,814,13152,12324,19282,17843,21729,21373,25662,26337,29032,30050,20901,23879,15151,18953,4428,7703,201,188,9456,9048,15803,14908,18565,18600,22724,23580,26618,27812,19897,22714,14581,18200,4250,7383,213249,188042,31408,28362,55060,48330,9757,32,37
2021-07-24T23:59:59+02:00,892,814,13142,12315,19272,17836,21718,21368,25647,26330,29027,30044,20897,23878,15150,18952,4428,7703,201,188,9446,9034,15793,14901,18551,18594,22708,23570,26612,27804,19894,22711,14580,18199,4250,7383,213246,188023,31406,28359,55060,48330,9670,32,37
2021-07-23T23:59:59+02:00,884,813,13076,12278,19195,17802,21678,21335,25612,26291,28994,30008,20882,23861,15142,18948,4426,7700,201,187,9393,9006,15710,14857,18497,18553,22658,23529,26568,27765,19877,22694,14573,18193,4248,7380,213119,187860,31405,28353,55060,48329,9310,32,37
2021-07-22T23:59:59+02:00,872,799,12980,12196,19139,17734,21633,21306,25564,26244,28970,29985,20869,23843,15140,18942,4423,7698,147,144,9075,8732,15310,14609,18131,18298,22328,23282,26362,27630,19820,22638,14560,18171,4245,7375,212654,186033,31320,28099,55057,47413,9275,32,37
2021-07-21T23:59:59+02:00,850,771,12778,12028,18990,17610,21499,21207,25458,26141,28894,29914,20827,23808,15123,18919,4419,7693,124,124,8697,8418,14877,14284,17752,18025,21971,22950,26088,27419,19727,22550,14534,18133,4242,7366,212024,184131,31210,27750,55054,46753,8610,32,37
2021-07-20T23:59:59+02:00,820,746,12629,11892,18881,17524,21430,21131,25396,26076,28854,29863,20802,23775,15115,18903,4416,7690,94,97,8367,8111,14410,13947,17371,17750,21666,22720,25842,27232,19646,22441,14505,18098,4240,7360,211338,181975,31100,27587,55051,45876,8423,32,36
2021-07-19T23:59:59+02:00,791,719,12508,11775,18792,17453,21368,21072,25341,26022,28804,29826,20777,23746,15105,18889,4412,7684,73,66,8044,7857,14045,13693,17023,17501,21337,22516,25614,27090,19577,22365,14483,18076,4234,7354,210619,179933,30997,27428,55051,45165,8386,32,36
2021-07-18T23:59:59+02:00,773,700,12393,11667,18693,17375,21300,21018,25285,25968,28767,29772,20755,23726,15093,18878,4410,7682,60,55,7873,7704,13891,13570,16871,17377,21173,22404,25484,27008,19537,22325,14469,18060,4234,7351,210031,178997,30849,27322,55051,44798,8293,32,36
2021-07-17T23:59:59+02:00,773,700,12390,11667,18692,17372,21299,21018,25285,25968,28767,29772,20755,23726,15093,18878,4410,7682,60,55,7866,7703,13887,13565,16870,17376,21172,22403,25483,27006,19534,22324,14469,18060,4234,7351,210026,178975,30849,27321,55051,44796,8290,32,36
2021-07-16T23:59:59+02:00,766,695,12318,11613,18651,17341,21264,20991,25252,25945,28742,29753,20753,23723,15093,18876,4410,7682,56,52,7711,7602,13732,13495,16726,17317,21033,22344,25377,26958,19515,22304,14468,18054,4234,7348,209818,178522,30849,27248,55051,44401,8119,32,36
2021-07-15T23:59:59+02:00,751,675,12246,11541,18586,17282,21208,20943,25203,25904,28714,29725,20738,23706,15088,18867,4409,7679,54,49,7369,7285,13121,13088,16057,16893,20396,21973,24919,26646,19369,22163,14426,18008,4231,7341,209333,176285,30763,26345,55044,42628,8094,32,36
2021-07-14T23:59:59+02:00,722,655,12035,11404,18416,17173,21087,20847,25099,25801,28625,29625,20704,23673,15069,18851,4406,7676,46,38,6950,6931,12456,12635,15364,16405,19763,21515,24453,26305,19151,21937,14394,17960,4223,7330,208520,173459,30601,26006,55041,40680,7675,32,36
2021-07-13T23:59:59+02:00,678,620,11897,11271,18293,17088,20976,20752,25002,25706,28555,29559,20675,23634,15049,18841,4404,7666,36,27,6491,6507,11824,12135,14667,15901,19159,21104,24013,25978,18972,21721,14349,17899,4219,7321,207497,169798,30465,25833,55030,39016,7643,32,33
2021-07-12T23:59:59+02:00,644,589,11772,11134,18178,16999,20882,20644,24902,25607,28474,29492,20649,23600,15041,18829,4399,7659,32,21,6077,6094,11215,11600,14043,15365,18603,20612,23594,25616,18775,21531,14284,17841,4210,7317,206479,166112,30337,25007,55027,38058,7620,32,33
2021-07-11T23:59:59+02:00,608,562,11657,11042,18114,16936,20825,20588,24848,25560,28417,29443,20630,23580,15032,18820,4399,7658,29,20,5887,5923,10960,11398,13809,15165,18358,20423,23386,25430,18703,21449,14257,17815,4209,7311,205842,164721,30217,24536,55025,37636,7606,30,33
2021-07-10T23:59:59+02:00,607,561,11649,11041,18110,16934,20821,20587,24845,25559,28416,29443,20630,23580,15031,18818,4399,7658,29,20,5880,5922,10955,11391,13799,15161,18357,20421,23384,25428,18701,21448,14256,17815,4209,7311,205822,164691,30214,24535,55025,37629,7599,30,33
2021-07-09T23:59:59+02:00,579,538,11539,10914,18035,16850,20751,20526,24771,25483,28367,29398,20607,23560,15028,18808,4399,7657,29,19,5845,5888,10927,11357,13749,15140,18326,20390,23365,25406,18696,21438,14254,17812,4209,7310,204953,164459,30213,24485,55025,37593,7590,30,33
2021-07-08T23:59:59+02:00,544,510,11375,10778,17908,16747,20616,20424,24663,25355,28249,29319,20563,23512,15012,18779,4396,7649,26,16,5501,5629,10414,10961,13128,14690,17661,19830,22757,24938,18378,21047,14158,17729,4204,7300,204181,162147,30186,23678,54997,35503,7006,30,33
2021-07-07T23:59:59+02:00,484,458,11206,10631,17824,16660,20546,20356,24590,25277,28188,29255,20535,23476,15007,18767,4394,7641,21,16,5196,5339,9887,10510,12546,14209,16977,19309,22190,24438,18065,20683,14056,17632,4197,7277,203168,159684,30161,22213,54979,33660,6958,30,33
2021-07-06T23:59:59+02:00,443,424,11080,10481,17712,16566,20452,20253,24512,25184,28097,29176,20509,23436,14998,18750,4392,7638,14,10,4797,4912,9285,9993,11835,13607,16268,18694,21675,23945,17746,20377,13956,17516,4188,7267,202028,155494,30155,21270,54970,32367,6921,30,33
2021-07-05T23:59:59+02:00,421,397,10993,10391,17620,16494,20372,20181,24452,25133,28056,29139,20485,23415,14986,18742,4391,7635,11,9,4510,4592,8788,9543,11275,13054,15558,18049,21052,23338,17352,19980,13823,17358,4180,7259,201285,151600,30152,20590,54961,30632,6876,30,33
2021-07-04T23:59:59+02:00,408,391,10920,10336,17554,16439,20322,20131,24421,25097,28040,29121,20476,23404,14981,18739,4390,7634,11,9,4364,4502,8658,9376,11083,12879,15314,17837,20786,23066,17080,19689,13763,17266,4176,7255,200806,150280,30146,20284,54960,29654,6863,30,33
2021-07-03T23:59:59+02:00,406,390,10912,10325,17544,16433,20320,20127,24420,25097,28037,29120,20476,23403,14981,18739,4390,7634,11,9,4359,4494,8651,9372,11080,12879,15310,17837,20783,23063,17080,19686,13763,17266,4176,7255,200779,150267,30144,20284,54960,29648,6842,30,33
2021-07-02T23:59:59+02:00,363,327,10768,10215,17428,16332,20216,20051,24346,25033,27974,29061,20450,23377,14975,18725,4390,7631,11,9,4272,4415,8489,9236,10944,12767,15188,17729,20671,22959,17038,19655,13756,17251,4176,7252,199897,149280,30144,20283,54960,29590,6632,30,33
2021-07-01T23:59:59+02:00,316,284,10635,10080,17301,16239,20092,19961,24262,24958,27910,29009,20430,23353,14959,18710,4387,7627,11,7,4067,4216,8188,8902,10574,12356,14619,17229,20161,22420,16750,19356,13548,17037,4166,7230,198822,146219,30086,19600,54954,28363,6622,30,33
2021-06-30T23:59:59+02:00,233,223,10381,9840,17127,16089,19958,19831,24146,24834,27831,28920,20408,23321,14940,18692,4386,7626,11,6,3872,4023,7886,8566,10166,11893,14129,16673,19587,21786,16427,19012,13275,16759,4153,7203,197172,142541,30031,19350,54946,26895,6608,30,33
2021-06-29T23:59:59+02:00,189,186,10233,9665,16991,15993,19855,19739,24078,24758,27773,28851,20381,23294,14926,18672,4386,7622,10,6,3670,3765,7488,8114,9691,11358,13474,16003,18973,21084,16108,18685,13027,16469,4146,7189,196021,138263,30026,19051,54942,25338,6575,29,33
2021-06-28T23:59:59+02:00,140,134,10039,9481,16865,15888,19751,19636,23983,24663,27705,28789,20351,23264,14912,18653,4384,7620,9,5,3469,3510,7089,7672,9253,10866,12925,15466,18475,20566,15857,18419,12908,16336,4140,7178,194837,134427,29912,18627,54939,24514,6542,29,33
2021-06-27T23:59:59+02:00,122,117,9900,9370,16807,15828,19690,19586,23924,24612,27678,28764,20339,23248,14909,18649,4383,7617,9,5,3379,3445,6912,7476,9063,10667,12696,15226,18213,20307,15734,18314,12843,16249,4140,7174,194204,133237,29853,18280,54935,23779,6523,29,33
2021-06-26T23:59:59+02:00,122,117,9899,9364,16805,15824,19687,19585,23922,24611,27678,28764,20339,23248,14909,18649,4383,7617,9,5,3377,3444,6909,7475,9060,10666,12693,15223,18211,20306,15731,18313,12843,16247,4140,7174,194187,133217,29852,18280,54935,23774,6522,28,33
2021-06-25T23:59:59+02:00,118,114,9852,9324,16764,15790,19653,19554,23886,24583,27654,28745,20333,23241,14907,18646,4383,7617,9,5,3356,3398,6836,7364,8964,10511,12578,15026,18065,20098,15707,18284,12835,16244,4139,7173,193863,133034,29817,17927,54935,23076,6522,28,33
2021-06-24T23:59:59+02:00,108,103,9723,9201,16580,15663,19519,19430,23764,24494,27596,28684,20319,23225,14900,18637,4382,7615,8,5,3230,3256,6618,7032,8651,10057,12044,14401,17511,19389,15483,18052,12687,16112,4136,7161,193023,130629,29476,17069,54934,21619,6483,28,33
2021-06-23T23:59:59+02:00,102,98,9594,9065,16438,15537,19401,19327,23667,24389,27529,28637,20304,23203,14896,18632,4379,7614,8,5,3027,3019,6262,6550,8150,9488,11341,13576,16746,18407,15186,17710,12537,15970,4126,7136,192103,126074,29312,16093,54923,20599,6446,28,32
2021-06-22T23:59:59+02:00,71,72,9305,8761,16206,15338,19215,19176,23521,24264,27458,28553,20279,23177,14888,18613,4375,7608,8,5,2793,2735,5780,6004,7526,8726,10427,12534,15726,17204,14888,17352,12430,15846,4113,7113,190414,119643,29107,15602,54919,19524,6413,27,28
2021-06-21T23:59:59+02:00,67,64,9179,8605,16031,15186,19025,19023,23390,24141,27397,28475,20255,23148,14883,18603,4375,7604,8,5,2646,2543,5399,5543,7063,8143,9697,11658,14997,16272,14609,17039,12322,15726,4108,7096,189213,114950,28885,15044,54916,18442,6410,27,28
2021-06-20T23:59:59+02:00,64,62,9041,8478,15894,15068,18914,18936,23317,24070,27357,28424,20244,23127,14872,18596,4372,7603,8,5,2587,2475,5228,5362,6848,7877,9390,11324,14631,15867,14474,16905,12282,15689,4103,7090,188322,113243,28769,14811,54915,17657,6406,27,28
2021-06-19T23:59:59+02:00,64,62,9040,8472,15890,15059,18911,18936,23315,24069,27357,28423,20244,23127,14872,18596,4372,7603,8,5,2584,2474,5227,5357,6847,7875,9389,11323,14629,15863,14472,16905,12282,15689,4103,7090,188299,113224,28766,14808,54914,17656,6406,27,28
2021-06-18T23:59:59+02:00,64,58,9009,8459,15877,15050,18896,18928,23308,24060,27351,28418,20244,23124,14871,18596,4372,7603,8,5,2556,2441,5172,5298,6769,7775,9290,11166,14459,15634,14393,16804,12271,15667,4101,7087,188177,112438,28765,14807,54913,17217,6406,27,28
2021-06-17T23:59:59+02:00,57,55,8827,8297,15645,14882,18696,18770,23151,23928,27215,28325,20220,23103,14864,18584,4370,7600,8,5,2415,2293,4849,5001,6380,7372,8743,10562,13631,14760,14156,16509,12198,15544,4097,7076,186835,109564,28760,13853,54906,16093,6061,27,28
2021-06-16T23:59:59+02:00,49,53,8600,8084,15412,14654,18485,18569,22959,23759,27109,28215,20191,23060,14850,18564,4366,7594,8,5,2301,2186,4606,4798,6025,7029,8212,10075,12912,13919,13806,16126,12113,15455,4092,7064,185051,106105,28657,13052,54903,15612,5935,27,28
2021-06-15T23:59:59+02:00,40,40,8256,7752,15035,14296,18164,18282,22706,23548,26949,28082,20161,23026,14837,18549,4364,7583,8,5,2121,2017,4258,4448,5520,6466,7329,9184,11719,12639,13265,15508,11992,15292,4077,7041,182457,99864,28621,12386,54901,14947,5664,27,28
2021-06-14T23:59:59+02:00,34,35,8076,7587,14777,14062,17961,18109,22554,23426,26837,28000,20138,22993,14824,18541,4360,7575,6,5,2008,1894,4001,4198,5134,5995,6671,8462,10795,11584,12948,15160,11921,15197,4067,7022,180875,95027,28597,12025,54898,14496,5492,27,28
2021-06-13T23:59:59+02:00,34,35,8002,7532,14693,13972,17845,17998,22471,23348,26808,27970,20125,22982,14820,18535,4360,7575,4,5,1965,1868,3919,4101,5016,5855,6438,8223,10501,11251,12791,14982,11863,15140,4066,7021,180117,93650,28586,11733,54894,14117,5481,27,28
2021-06-12T23:59:59+02:00,34,35,8001,7531,14693,13970,17845,17998,22469,23347,26807,27967,20124,22981,14820,18535,4360,7575,4,5,1964,1866,3917,4101,5014,5854,6435,8218,10498,11245,12788,14981,11863,15138,4066,7021,180105,93628,28586,11733,54893,14108,5481,27,28
2021-06-11T23:59:59+02:00,34,34,7936,7490,14604,13923,17768,17947,22400,23313,26763,27944,20122,22977,14820,18534,4360,7575,4,5,1948,1853,3882,4043,4970,5787,6374,8135,10398,11140,12748,14946,11852,15132,4066,7021,179767,93411,28509,11726,54892,13790,5349,27,28
2021-06-10T23:59:59+02:00,29,27,7596,7194,14209,13559,17334,17572,22070,23033,26567,27763,20078,22932,14807,18516,4357,7563,2,5,1848,1771,3667,3877,4693,5513,6048,7767,9779,10529,12228,14287,11782,15024,4058,7014,177172,90244,28011,11345,54880,13161,5116,27,26
2021-06-09T23:59:59+02:00,28,24,7231,6845,13746,13127,16818,17108,21680,22664,26350,27549,20005,22862,14789,18481,4354,7555,2,5,1685,1656,3473,3697,4438,5245,5660,7359,9002,9812,11563,13450,11663,14884,4048,7002,173934,85993,27468,10712,54867,12993,4920,27,26
2021-06-08T23:59:59+02:00,23,20,6857,6441,13233,12640,16350,16638,21321,22323,26134,27346,19948,22782,14758,18446,4351,7548,2,5,1595,1581,3253,3466,4118,4892,5150,6870,8117,8889,10678,12373,11519,14726,4044,6987,170524,80335,26974,10415,54858,12714,4776,27,25
2021-06-07T23:59:59+02:00,20,17,6582,6159,12797,12264,15952,16239,20995,22026,25971,27190,19911,22728,14737,18426,4344,7542,2,5,1534,1510,3062,3294,3843,4664,4750,6493,7402,8135,9765,11225,11407,14580,4033,6969,167964,75592,26549,10042,54837,12491,4523,27,25
2021-06-06T23:59:59+02:00,20,17,6441,6027,12654,12110,15790,16082,20828,21863,25884,27104,19891,22691,14726,18416,4343,7538,2,5,1519,1487,2989,3253,3750,4599,4642,6413,7260,8004,9507,10957,11361,14531,4030,6964,166738,74909,26443,9620,54816,12318,4401,27,25
2021-06-05T23:59:59+02:00,20,17,6432,6023,12639,12096,15780,16073,20825,21858,25884,27101,19891,22691,14726,18416,4343,7538,2,5,1517,1485,2986,3252,3749,4598,4639,6413,7255,7998,9499,10952,11361,14531,4030,6964,166678,74878,26431,9618,54816,12314,4401,27,25
2021-06-04T23:59:59+02:00,20,17,6399,5983,12577,12047,15720,16024,20797,21826,25864,27084,19887,22685,14723,18416,4343,7538,2,5,1516,1479,2974,3240,3730,4583,4629,6399,7218,7955,9467,10882,11323,14490,4029,6963,166575,74601,26173,9605,54791,12269,4384,27,25
2021-06-03T23:59:59+02:00,20,15,6166,5760,12277,11797,15396,15713,20465,21488,25607,26871,19841,22611,14703,18396,4342,7534,1,4,1474,1436,2899,3174,3633,4503,4519,6299,7018,7772,9090,10433,11272,14416,4029,6958,164094,73302,25926,9306,54789,12131,4166,27,25
2021-06-02T23:59:59+02:00,20,15,6100,5702,12206,11732,15323,15646,20393,21426,25590,26847,19837,22608,14700,18393,4341,7533,1,4,1460,1425,2882,3161,3616,4488,4483,6282,6983,7734,9009,10322,11263,14391,4028,6957,163740,72935,25743,9297,54788,12121,4114,27,22
2021-06-01T23:59:59+02:00,16,15,5646,5209,11473,11034,14499,14912,19675,20761,25179,26464,19747,22518,14666,18346,4333,7525,1,4,1346,1319,2586,2890,3237,4155,3995,5823,6153,6930,7817,8695,11019,14044,4014,6940,158706,67521,25091,8390,54760,11603,3434,27,20
2021-05-31T23:59:59+02:00,14,15,5398,4912,11029,10607,13971,14418,19198,20264,24872,26125,19655,22432,14628,18300,4324,7509,1,4,1286,1264,2431,2755,3034,3985,3710,5531,5595,6397,6800,7409,10775,13724,4005,6906,155246,63480,24396,7468,54754,11396,3248,27,20
2021-05-30T23:59:59+02:00,14,15,5320,4836,10840,10484,13805,14240,18849,19940,24629,25877,19624,22402,14620,18280,4323,7507,1,4,1266,1250,2403,2721,2986,3939,3642,5475,5492,6307,6627,7178,10738,13649,4002,6896,153749,62739,23889,7405,54726,11198,3214,27,20
2021-05-29T23:59:59+02:00,14,15,5317,4836,10840,10480,13800,14237,18849,19939,24628,25875,19624,22402,14620,18280,4323,7507,1,4,1265,1246,2402,2718,2984,3936,3642,5473,5491,6305,6622,7175,10738,13649,4002,6896,153731,62729,23889,7402,54725,11184,3214,27,20
2021-05-28T23:59:59+02:00,14,15,5301,4822,10819,10442,13775,14218,18832,19922,24619,25865,19622,22399,14618,18277,4323,7506,1,4,1260,1246,2401,2711,2983,3934,3635,5467,5477,6289,6605,7158,10729,13627,4001,6892,153542,62625,23887,7402,54721,11161,3212,27,20
2021-05-27T23:59:59+02:00,11,14,5008,4543,10294,9987,13188,13688,18142,19308,24038,25329,19523,22284,14585,18231,4312,7494,1,3,1096,1106,2116,2518,2683,3643,3340,5111,5148,6009,6305,6741,10500,13343,3996,6876,150283,60769,22896,7365,54614,10223,2159,27,19
2021-05-26T23:59:59+02:00,11,14,4747,4290,9862,9609,12670,13167,17528,18698,23403,24653,19398,22134,14538,18176,4306,7477,1,3,1017,1025,1956,2365,2483,3444,3078,4867,4760,5656,5748,6091,10125,12808,3980,6840,146191,57617,22138,7327,54492,9451,1833,27,19
2021-05-25T23:59:59+02:00,11,13,4532,4063,9449,9136,12213,12661,16991,18121,22883,24014,19266,21962,14506,18097,4297,7463,1,3,970,980,1893,2276,2374,3308,2906,4662,4414,5278,5163,5358,9672,12208,3964,6815,142155,54059,21305,7312,54361,9025,1830,27,19
2021-05-24T23:59:59+02:00,11,13,4419,3906,9240,8932,12009,12402,16689,17801,22554,23611,19190,21883,14491,18077,4295,7462,1,3,953,931,1832,2235,2299,3247,2819,4580,4292,5162,5017,5198,9581,12081,3961,6807,140651,53349,20348,7258,54184,8599,1775,27,18
2021-05-23T23:59:59+02:00,11,13,4408,3906,9234,8929,11997,12392,16678,17794,22538,23590,19185,21878,14490,18075,4295,7462,1,3,952,926,1830,2230,2295,3245,2812,4576,4285,5145,5010,5184,9574,12068,3960,6806,140545,53272,20345,7245,54183,8593,1775,27,17
2021-05-22T23:59:59+02:00,11,13,4404,3903,9230,8925,11989,12386,16674,17790,22536,23588,19185,21878,14490,18075,4295,7462,1,3,952,926,1829,2228,2292,3245,2811,4576,4285,5143,5008,5183,9573,12068,3960,6806,140516,53266,20345,7245,54171,8586,1775,27,17
2021-05-21T23:59:59+02:00,11,13,4372,3866,9158,8849,11916,12299,16583,17715,22472,23520,19166,21860,14486,18068,4295,7460,1,3,906,916,1797,2217,2259,3235,2781,4551,4237,5114,4984,5159,9560,12061,3959,6805,139860,53196,20345,7245,54152,8362,1725,27,17
2021-05-20T23:59:59+02:00,8,12,4117,3687,8712,8491,11434,11885,15912,17212,21891,22940,18981,21692,14454,18028,4290,7449,1,3,759,853,1541,2056,2017,3077,2541,4331,3988,4880,4827,4996,9444,11916,3951,6781,136462,52467,19971,7146,53733,7330,1002,27,17
2021-05-19T23:59:59+02:00,8,12,3875,3447,8218,8026,10854,11340,15241,16502,21214,22217,18780,21461,14413,17978,4284,7431,1,3,711,806,1480,1976,1940,2975,2475,4204,3846,4720,4651,4783,9241,11686,3931,6752,131070,51387,19789,7013,53434,6782,982,26,17
2021-05-18T23:59:59+02:00,7,11,3586,3184,7677,7494,10127,10644,14280,15563,20271,21160,18519,21177,14358,17918,4278,7409,1,3,656,758,1426,1888,1864,2864,2345,4063,3670,4518,4380,4492,9039,11436,3918,6725,124039,50157,19692,6812,52996,6151,910,26,16
2021-05-17T23:59:59+02:00,7,11,3396,2976,7220,7028,9623,10104,13551,14775,19585,20361,18333,20915,14311,17852,4267,7394,1,3,600,703,1345,1825,1789,2783,2234,3987,3533,4405,4134,4261,8894,11223,3905,6696,118804,49352,19453,6599,52532,5460,894,26,16
2021-05-16T23:59:59+02:00,7,10,3266,2903,7014,6853,9419,9889,13297,14540,19356,20131,18256,20836,14297,17833,4266,7388,1,3,587,657,1305,1776,1745,2721,2196,3894,3468,4322,4043,4159,8873,11195,3903,6694,117181,49203,19214,6431,52250,5002,890,26,16
2021-05-15T23:59:59+02:00,7,10,3265,2900,7007,6844,9417,9883,13294,14538,19353,20121,18254,20835,14297,17833,4266,7388,1,3,587,657,1302,1774,1741,2720,2194,3894,3467,4322,4041,4157,8873,11195,3903,6693,117136,49194,19214,6430,52248,4996,888,26,16
2021-05-14T23:59:59+02:00,7,10,3225,2855,6892,6700,9286,9745,13143,14355,19182,19986,18230,20810,14296,17825,4265,7385,1,3,567,644,1281,1751,1710,2698,2160,3868,3422,4284,3990,4102,8866,11188,3903,6692,116727,49154,18466,6277,52163,4868,815,26,16
2021-05-13T23:59:59+02:00,7,10,3108,2696,6567,6380,8849,9348,12594,13873,18580,19388,18102,20666,14263,17788,4260,7383,0,2,534,620,1229,1695,1654,2625,2073,3762,3273,4164,3886,3965,8843,11168,3900,6688,113847,49059,17771,5886,51557,4460,662,25,14
2021-05-12T23:59:59+02:00,7,10,3081,2665,6534,6342,8801,9295,12454,13760,18396,19184,18069,20632,14255,17778,4260,7383,0,2,533,618,1228,1691,1648,2622,2063,3756,3259,4156,3873,3951,8835,11162,3900,6687,113135,49030,17547,5859,51539,4421,660,25,14
2021-05-11T23:59:59+02:00,5,10,2693,2407,5740,5846,7830,8484,11059,12593,16831,17709,17565,20069,14171,17673,4242,7360,0,2,496,558,1099,1586,1483,2466,1877,3577,3038,3893,3765,3837,8766,11069,3895,6682,105737,48792,16924,5662,49467,3486,135,24,14
2021-05-10T23:59:59+02:00,5,8,2508,2241,5263,5466,7137,7860,10032,11678,15535,16339,17185,19617,14108,17559,4234,7336,0,2,472,533,1054,1547,1440,2414,1817,3474,2919,3762,3683,3764,8727,11021,3891,6678,99933,48674,16013,5431,48009,2947,132,24,14
2021-05-09T23:59:59+02:00,5,8,2427,2209,5125,5382,6951,7741,9621,11340,14989,15812,17066,19477,14088,17531,4231,7331,0,2,457,515,1021,1490,1369,2330,1758,3352,2807,3608,3597,3671,8704,10989,3888,6675,98357,48588,15425,5161,47399,2341,129,24,14
2021-05-08T23:59:59+02:00,5,8,2423,2208,5124,5382,6951,7738,9616,11336,14988,15811,17066,19477,14088,17531,4231,7331,0,2,456,514,1020,1490,1369,2329,1758,3352,2806,3607,3595,3671,8703,10989,3888,6675,98341,48582,15423,5161,47397,2338,129,24,14
2021-05-07T23:59:59+02:00,5,8,2252,2146,4853,5287,6587,7585,9167,11123,14545,15491,16889,19275,14076,17502,4231,7329,0,2,446,512,1009,1477,1354,2314,1723,3342,2757,3572,3549,3631,8624,10908,3888,6672,97634,48558,14904,4811,45664,2272,125,24,14
2021-05-06T23:59:59+02:00,5,8,2018,2014,4304,4941,5931,7211,8399,10564,13571,14668,16491,18825,14027,17408,4219,7316,0,2,416,464,968,1377,1267,2150,1617,3118,2534,3289,3371,3431,8445,10715,3879,6658,95052,48116,13669,4203,43119,1312,56,24,14
2021-05-05T23:59:59+02:00,5,8,1895,1905,4021,4716,5499,6840,7704,9974,12453,13612,15814,17988,13923,17306,4210,7292,0,2,408,451,955,1350,1239,2109,1582,3042,2474,3205,3320,3391,8366,10616,3873,6648,90639,47984,12348,4053,42114,940,40,24,14
2021-05-04T23:59:59+02:00,5,8,1809,1820,3755,4480,5091,6484,7041,9399,11233,12368,14896,16860,13814,17169,4206,7278,0,2,403,441,936,1330,1221,2066,1564,3003,2430,3150,3274,3343,8278,10505,3867,6634,84830,47844,11710,3853,41126,709,27,23,14
2021-05-03T23:59:59+02:00,4,8,1758,1766,3605,4355,4859,6272,6658,9068,10505,11633,14170,15880,13726,17054,4197,7261,0,2,397,431,931,1316,1206,2033,1543,2961,2397,3105,3221,3303,8163,10403,3862,6628,80403,47715,11505,3632,40826,520,22,23,13
2021-05-02T23:59:59+02:00,4,8,1748,1748,3531,4330,4775,6219,6588,9008,10388,11518,13984,15686,13694,17027,4196,7256,0,2,395,423,925,1301,1202,2016,1540,2948,2381,3088,3205,3285,8126,10371,3861,6624,79845,47694,11230,3534,40593,435,17,23,13
2021-05-01T23:59:59+02:00,4,8,1745,1748,3529,4329,4774,6218,6585,9006,10383,11514,13981,15686,13693,17026,4196,7253,0,2,394,423,925,1301,1201,2015,1540,2948,2381,3088,3205,3285,8126,10371,3861,6623,79817,47691,11230,3534,40592,435,16,23,13
2021-04-30T23:59:59+02:00,4,8,1743,1741,3523,4320,4767,6206,6564,8991,10345,11476,13930,15612,13667,16995,4195,7252,0,2,394,421,923,1299,1201,2015,1540,2948,2379,3086,3205,3283,8125,10369,3861,6623,79490,47684,11230,3533,40582,429,15,22,13
2021-04-29T23:59:59+02:00,4,7,1622,1700,3283,4205,4491,6052,6246,8740,9928,11083,13347,14908,13563,16839,4189,7244,0,2,385,410,914,1277,1181,1981,1516,2912,2350,3038,3191,3272,8112,10351,3858,6619,76705,47568,10844,3531,39868,243,14,20,13
2021-04-28T23:59:59+02:00,4,7,1497,1652,3109,4105,4256,5873,5890,8466,9341,10590,12470,13726,13407,16630,4180,7230,0,2,376,400,897,1264,1165,1952,1479,2868,2280,2968,3035,3136,7998,10235,3851,6608,72209,47143,10658,3117,39535,229,12,19,13
2021-04-27T23:59:59+02:00,4,7,1459,1608,3001,3985,4053,5730,5583,8209,8720,9920,11433,12415,13177,16273,4169,7208,0,2,364,384,887,1243,1150,1917,1452,2795,2233,2907,2996,3091,7971,10203,3844,6603,67401,46926,10471,2943,39052,148,12,18,13
2021-04-26T23:59:59+02:00,4,7,1435,1574,2889,3907,3881,5586,5272,7995,8228,9479,10678,11488,13033,16069,4158,7190,0,2,363,379,877,1232,1133,1906,1422,2774,2204,2876,2946,3039,7921,10153,3838,6598,63987,46822,10282,2689,38574,127,12,18,13
2021-04-25T23:59:59+02:00,4,7,1424,1568,2821,3875,3784,5526,5134,7948,8033,9373,10481,11253,12996,16015,4157,7185,0,2,362,374,868,1226,1115,1892,1407,2755,2180,2849,2904,3006,7873,10105,3837,6593,63478,46741,10080,2481,37997,101,12,17,13
2021-04-24T23:59:59+02:00,4,7,1423,1568,2821,3873,3783,5525,5132,7946,8029,9369,10474,11249,12996,16015,4157,7185,0,2,362,374,868,1225,1115,1889,1405,2754,2179,2849,2904,3006,7873,10105,3837,6593,63451,46735,10080,2480,37996,100,12,17,13
2021-04-23T23:59:59+02:00,4,7,1406,1557,2755,3839,3700,5495,5014,7898,7893,9309,10388,11137,12972,15974,4155,7181,0,2,361,374,867,1222,1115,1889,1404,2754,2179,2849,2903,3006,7872,10105,3837,6593,63318,46729,9800,2479,37537,99,12,17,13
2021-04-22T23:59:59+02:00,4,7,1364,1527,2647,3774,3539,5389,4781,7744,7540,9073,9814,10442,12704,15675,4149,7157,0,2,355,373,859,1213,1105,1876,1392,2728,2152,2828,2867,2973,7782,9996,3825,6576,61688,46317,9141,2470,36472,90,12,17,13
2021-04-21T23:59:59+02:00,4,7,1331,1490,2567,3697,3420,5287,4562,7564,7131,8745,8922,9409,12288,15096,4136,7115,0,2,350,371,854,1196,1096,1855,1374,2698,2121,2800,2807,2916,7666,9828,3807,6548,58952,45829,8272,2345,35518,90,12,17,13
2021-04-20T23:59:59+02:00,4,7,1308,1464,2495,3623,3320,5190,4389,7381,6746,8412,8029,8280,11822,14506,4122,7101,0,2,344,366,842,1183,1086,1833,1350,2675,2087,2757,2746,2859,7516,9640,3775,6493,56095,45107,7507,2339,34570,84,11,16,13
2021-04-19T23:59:59+02:00,4,7,1292,1447,2459,3586,3259,5123,4280,7278,6507,8179,7393,7504,11569,14150,4111,7083,0,2,342,364,837,1173,1080,1821,1327,2662,2053,2730,2691,2815,7399,9473,3752,6454,54142,44546,7133,2325,33929,80,11,16,13
2021-04-18T23:59:59+02:00,4,6,1282,1435,2426,3561,3219,5101,4227,7222,6371,8049,7040,7116,11475,14047,4108,7071,0,2,342,362,835,1169,1079,1813,1325,2649,2047,2725,2685,2801,7372,9440,3750,6450,53620,44420,6675,2322,33438,80,11,16,13
2021-04-17T23:59:59+02:00,4,6,1281,1433,2426,3559,3218,5097,4222,7219,6364,8039,7025,7106,11473,14045,4108,7071,0,2,342,362,834,1168,1079,1813,1323,2648,2046,2723,2682,2798,7371,9440,3750,6450,53598,44407,6673,2321,33399,80,11,15,12
2021-04-16T23:59:59+02:00,4,6,1278,1432,2415,3550,3210,5089,4203,7200,6313,8006,6948,7021,11461,14031,4106,7069,0,2,342,361,830,1166,1077,1813,1321,2647,2043,2723,2681,2791,7369,9438,3749,6450,53540,44383,6436,2317,33340,80,11,15,12
2021-04-15T23:59:59+02:00,2,4,1242,1412,2362,3501,3115,5030,4042,7071,6056,7773,6405,6464,11211,13742,4091,7037,0,2,335,359,811,1146,1038,1753,1276,2575,1969,2628,2601,2720,7281,9349,3739,6433,52452,43790,6045,2131,32037,74,11,15,9
2021-04-14T23:59:59+02:00,2,4,1221,1398,2327,3474,3046,4968,3934,6966,5866,7565,5762,5761,10817,13251,4059,6987,0,2,328,356,799,1137,1020,1726,1245,2534,1918,2576,2524,2650,7132,9154,3720,6407,51045,43127,5839,2008,30499,74,10,15,9
2021-04-13T23:59:59+02:00,2,4,1207,1388,2295,3443,2990,4904,3823,6885,5618,7344,5226,5215,10477,12837,4036,6959,0,2,307,342,780,1108,998,1705,1221,2498,1881,2535,2458,2584,7013,9017,3684,6346,50025,42439,5635,1951,28968,71,10,15,8
2021-04-12T23:59:59+02:00,2,4,1192,1382,2269,3420,2939,4859,3695,6804,5409,7195,4898,4921,10225,12556,4027,6935,0,2,291,338,767,1104,981,1689,1207,2475,1831,2488,2380,2523,6898,8876,3670,6324,49557,41862,5436,1902,27717,64,8,14,8
2021-04-11T23:59:59+02:00,2,4,1186,1369,2249,3400,2906,4839,3635,6733,5265,7086,4666,4721,10040,12357,4021,6924,0,2,284,336,762,1096,972,1674,1196,2447,1808,2456,2326,2464,6814,8768,3656,6304,49474,41447,5199,1840,26711,63,7,12,8
2021-04-10T23:59:59+02:00,2,4,1186,1368,2246,3396,2903,4835,3629,6730,5255,7074,4660,4712,10032,12344,4021,6924,0,2,281,332,746,1089,958,1669,1172,2427,1736,2404,2238,2378,6754,8721,3654,6300,49420,41276,5197,1510,26686,61,6,12,8
2021-04-09T23:59:59+02:00,2,4,1182,1365,2239,3394,2894,4825,3620,6719,5226,7050,4635,4684,10006,12314,4020,6924,0,2,272,329,726,1079,942,1648,1138,2380,1643,2328,2018,2109,6599,8560,3632,6267,49343,40421,5192,1176,26550,61,6,12,8
2021-04-08T23:59:59+02:00,2,4,1158,1345,2186,3338,2808,4735,3479,6589,4990,6817,4243,4276,9458,11740,4001,6870,0,2,247,308,674,1019,884,1575,1065,2284,1508,2208,1740,1772,6133,7998,3544,6121,48879,37845,4662,1173,24480,50,6,12,8
2021-04-07T23:59:59+02:00,2,4,1148,1331,2152,3320,2766,4697,3390,6526,4826,6683,3949,3973,8895,11188,3984,6841,0,2,214,279,614,964,823,1502,1006,2223,1402,2109,1599,1596,5533,7296,3455,5964,48666,35351,4186,1169,22807,49,4,12,8
2021-04-06T23:59:59+02:00,2,4,1126,1313,2108,3294,2727,4664,3325,6479,4700,6590,3693,3718,8404,10678,3968,6810,0,2,206,274,585,944,798,1454,960,2165,1319,2022,1452,1407,4944,6502,3340,5758,48470,32915,3649,1161,21469,46,3,12,7
2021-04-05T23:59:59+02:00,2,4,1123,1308,2102,3291,2717,4662,3310,6464,4677,6572,3661,3691,8374,10640,3964,6808,0,2,203,262,578,928,779,1430,944,2128,1279,1982,1405,1344,4729,6233,3292,5702,48380,32005,3643,1159,21332,46,3,12,7
2021-04-04T23:59:59+02:00,2,4,1123,1308,2102,3290,2717,4661,3310,6464,4675,6571,3656,3688,8372,10638,3964,6808,0,2,203,262,577,928,779,1430,944,2128,1279,1981,1405,1344,4728,6233,3292,5702,48373,32002,3642,1159,21323,46,3,12,7
2021-04-03T23:59:59+02:00,2,4,1123,1308,2101,3290,2717,4661,3310,6464,4675,6571,3655,3686,8372,10637,3964,6808,0,2,203,262,577,927,779,1430,944,2128,1279,1981,1405,1344,4728,6233,3292,5702,48372,32001,3641,1159,21320,46,3,12,7
2021-04-02T23:59:59+02:00,2,4,1123,1308,2101,3288,2717,4660,3309,6461,4675,6569,3652,3682,8370,10636,3964,6808,0,2,203,262,577,927,779,1428,944,2128,1279,1980,1405,1342,4726,6231,3291,5702,48354,31992,3641,1158,21319,46,3,12,7
2021-04-01T23:59:59+02:00,1,4,1110,1273,2036,3168,2609,4459,3160,6212,4517,6330,3608,3646,8270,10530,3953,6791,0,2,198,253,573,918,768,1422,934,2114,1256,1964,1384,1315,4486,5912,3171,5535,47983,31002,3635,1154,20044,39,3,12,7
2021-03-31T23:59:59+02:00,1,4,1093,1244,1997,3070,2533,4316,3070,6000,4386,6100,3523,3563,8117,10334,3933,6755,0,2,190,250,566,907,764,1404,922,2094,1215,1931,1328,1252,3992,5307,3043,5299,47375,29266,3508,1154,19141,38,3,12,5
2021-03-30T23:59:59+02:00,1,3,1071,1211,1945,2887,2431,4092,2920,5641,4185,5711,3429,3468,7953,10129,3906,6701,0,2,186,245,557,897,753,1382,900,2074,1167,1886,1241,1167,3464,4586,2817,4962,46736,27095,3342,1154,17591,29,3,12,5
2021-03-29T23:59:59+02:00,1,3,1054,1168,1882,2757,2347,3935,2782,5387,4022,5436,3329,3368,7791,9899,3877,6653,0,2,185,240,551,886,743,1368,882,2050,1130,1858,1166,1079,2879,3903,2639,4667,46090,25054,3107,1148,16480,19,2,12,5
2021-03-28T23:59:59+02:00,1,3,1035,1136,1811,2594,2265,3731,2661,5092,3870,5159,3264,3302,7726,9836,3873,6648,0,2,185,240,549,883,742,1366,880,2044,1127,1855,1157,1067,2824,3836,2626,4640,45983,24857,2898,1146,15112,14,2,12,4
2021-03-27T23:59:59+01:00,1,3,1035,1136,1811,2593,2264,3730,2658,5092,3867,5159,3260,3301,7725,9836,3873,6648,0,2,185,240,548,883,742,1366,879,2044,1124,1855,1157,1067,2824,3836,2626,4640,45974,24852,2898,1146,15107,14,2,11,4
2021-03-26T23:59:59+01:00,1,3,1030,1112,1769,2478,2200,3572,2595,4882,3781,4935,3239,3284,7722,9831,3872,6647,0,2,185,239,548,883,741,1366,879,2044,1124,1852,1153,1066,2821,3829,2625,4637,45947,24830,2895,1146,14098,12,2,11,4
2021-03-25T23:59:59+01:00,1,3,1005,1081,1718,2376,2117,3403,2486,4653,3669,4737,3137,3192,7594,9697,3865,6633,0,2,183,237,543,881,734,1356,873,2026,1107,1828,1107,1022,2592,3481,2425,4344,45688,23578,2557,1146,13112,12,1,9,4
2021-03-24T23:59:59+01:00,1,3,982,1061,1697,2333,2086,3353,2450,4586,3626,4667,3050,3121,7465,9525,3846,6615,0,2,183,233,537,876,727,1346,861,2011,1088,1807,1067,979,2196,2932,2032,3821,45147,21537,2427,1144,12883,12,1,9,4
2021-03-23T23:59:59+01:00,1,3,972,1055,1679,2301,2062,3319,2416,4542,3585,4617,2983,3048,7371,9423,3828,6587,0,2,181,230,533,871,720,1334,847,1992,1051,1775,985,888,1829,2441,1680,3355,44633,19587,2416,1110,12734,12,1,8,4
2021-03-22T23:59:59+01:00,1,3,970,1046,1665,2284,2048,3301,2394,4513,3548,4575,2939,3014,7308,9353,3814,6570,0,2,178,227,531,860,704,1311,833,1978,1022,1748,936,816,1351,1867,1325,2863,44299,17482,2394,1053,12644,12,1,8,4
2021-03-21T23:59:59+01:00,1,3,970,1045,1664,2281,2048,3298,2390,4509,3536,4567,2925,3005,7261,9298,3807,6564,0,2,178,224,529,858,703,1307,831,1974,1011,1743,913,797,1273,1782,1269,2794,44150,17179,2390,992,12623,12,1,8,4
2021-03-20T23:59:59+01:00,1,3,969,1044,1663,2280,2048,3298,2390,4509,3534,4565,2924,3004,7261,9297,3807,6564,0,2,178,224,529,858,703,1307,831,1974,998,1728,878,769,1241,1759,1260,2792,44148,17176,2386,838,12618,12,1,8,4
2021-03-19T23:59:59+01:00,1,3,968,1036,1656,2266,2037,3294,2388,4503,3527,4558,2914,2993,7249,9280,3806,6561,0,2,178,222,528,858,703,1305,831,1973,991,1723,834,730,1178,1707,1250,2781,44086,17132,2382,645,12563,12,1,8,4
2021-03-18T23:59:59+01:00,1,3,932,1004,1578,2152,1913,3125,2239,4254,3297,4307,2761,2836,6947,8915,3740,6460,0,2,177,221,523,853,696,1298,822,1962,968,1707,816,708,1101,1598,1105,2575,42690,16548,2071,567,11694,12,1,8,4
2021-03-17T23:59:59+01:00,1,3,879,972,1507,2092,1849,3059,2174,4194,3202,4212,2624,2702,6522,8421,3675,6345,0,2,176,219,520,848,694,1294,818,1957,963,1699,787,689,966,1445,949,2359,40915,15802,2067,566,11442,12,1,8,4
2021-03-16T23:59:59+01:00,1,3,854,948,1473,2051,1811,3009,2120,4139,3106,4114,2490,2543,6045,7769,3584,6194,0,0,170,216,515,847,690,1287,813,1948,956,1686,782,676,878,1319,805,2193,38914,15198,2006,566,11326,12,1,7,4
2021-03-15T23:59:59+01:00,1,3,837,942,1455,2027,1773,2953,2082,4068,3005,4005,2356,2372,5558,7226,3511,6077,0,0,169,215,515,839,688,1278,809,1938,946,1670,771,666,808,1207,649,1989,37141,14613,1905,528,11198,12,0,7,4
2021-03-14T23:59:59+01:00,1,3,832,927,1431,2000,1748,2924,2051,4009,2942,3936,2177,2175,5373,6999,3480,6044,0,0,169,215,514,836,686,1267,808,1931,943,1661,753,657,792,1188,625,1934,36116,14468,1804,504,11125,3,0,7,4
2021-03-13T23:59:59+01:00,1,3,824,920,1409,1988,1731,2911,2024,3981,2867,3888,2105,2101,5324,6944,3478,6043,0,0,169,215,514,835,686,1267,807,1931,943,1661,753,657,792,1188,625,1934,35861,14466,1556,504,11118,3,0,7,4
2021-03-12T23:59:59+01:00,1,3,800,904,1363,1930,1668,2813,1925,3830,2709,3721,1908,1862,5139,6719,3446,6000,0,0,169,215,513,835,686,1267,806,1931,943,1660,744,654,779,1173,617,1931,34530,14413,1312,503,10892,3,0,7,4
2021-03-11T23:59:59+01:00,1,3,766,845,1294,1845,1584,2664,1841,3629,2547,3549,1642,1552,4769,6247,3309,5817,0,0,160,208,507,826,676,1258,791,1895,923,1619,613,592,710,1130,597,1899,32412,13908,1211,491,10274,2,0,7,3
2021-03-10T23:59:59+01:00,1,3,751,793,1271,1789,1552,2606,1791,3558,2466,3460,1570,1463,4296,5702,3190,5563,0,0,160,206,498,805,658,1244,782,1875,916,1603,544,577,677,1121,590,1893,30591,13756,1205,388,10022,2,0,7,3
2021-03-09T23:59:59+01:00,1,3,737,772,1250,1759,1525,2560,1751,3507,2392,3408,1476,1365,3733,4946,2996,5253,0,0,157,204,492,784,648,1220,768,1843,904,1575,540,575,675,1116,587,1887,28401,13694,1202,276,9824,2,0,7,3
2021-03-08T23:59:59+01:00,0,3,733,744,1236,1738,1507,2540,1723,3468,2352,3365,1382,1263,3057,4114,2757,4882,0,0,153,201,478,761,626,1188,749,1793,880,1538,536,573,675,1115,587,1887,25929,13686,1202,51,9726,0,0,7,3
2021-03-07T23:59:59+01:00,0,3,730,740,1226,1728,1499,2525,1712,3460,2341,3357,1369,1247,2955,3992,2734,4833,0,0,153,201,478,761,626,1188,749,1793,880,1538,536,573,675,1115,587,1887,25576,13686,1200,51,9668,0,0,7,3
2021-03-06T23:59:59+01:00,0,3,729,740,1224,1723,1496,2522,1708,3457,2337,3356,1366,1247,2955,3992,2734,4833,0,0,152,201,478,761,626,1188,749,1793,880,1538,536,573,675,1115,587,1887,25571,13685,1200,51,9644,0,0,7,3
2021-03-05T23:59:59+01:00,0,3,668,716,1199,1708,1475,2512,1683,3442,2308,3346,1360,1244,2947,3985,2731,4828,0,0,152,201,478,760,626,1187,749,1793,880,1535,535,573,675,1115,587,1887,25543,13679,1195,51,9410,0,0,7,3
2021-03-04T23:59:59+01:00,0,3,602,669,1131,1638,1419,2429,1642,3361,2234,3268,1309,1196,2726,3619,2545,4540,0,0,150,195,475,746,615,1175,738,1765,871,1522,524,562,663,1105,582,1878,24312,13514,1187,49,8825,0,0,7,3
2021-03-03T23:59:59+01:00,0,3,565,630,1064,1575,1323,2348,1541,3275,2108,3181,1265,1149,2351,3097,2189,4087,0,0,150,195,473,743,615,1175,737,1761,868,1521,521,559,661,1102,582,1876,22434,13490,1185,47,8127,0,0,5,2
2021-03-02T23:59:59+01:00,0,3,547,596,1026,1529,1266,2305,1483,3223,2011,3119,1181,1047,1981,2618,1793,3563,0,0,148,193,468,737,610,1164,727,1751,863,1500,512,550,650,1080,562,1843,20353,13309,1182,47,7751,0,0,5,2
2021-03-01T23:59:59+01:00,0,3,540,547,1006,1490,1220,2244,1437,3159,1956,3046,1135,973,1482,2023,1405,3017,0,0,146,193,468,737,610,1163,727,1748,862,1500,510,550,646,1071,558,1832,18058,13272,1179,47,7441,0,0,5,2
2021-02-28T23:59:59+01:00,0,3,532,533,988,1450,1194,2182,1409,3101,1901,2973,1114,951,1367,1883,1331,2929,0,0,146,193,467,736,610,1163,726,1746,861,1499,508,550,646,1071,558,1832,17577,13263,1177,47,7082,0,0,5,2
2021-02-27T23:59:59+01:00,0,3,532,531,987,1447,1194,2181,1409,3100,1901,2972,1114,951,1367,1882,1329,2929,0,0,145,193,466,735,607,1161,724,1744,859,1498,508,550,646,1071,558,1832,17574,13262,1177,33,7073,0,0,5,2
2021-02-26T23:59:59+01:00,0,3,390,481,857,1403,1111,2138,1341,3059,1842,2929,1109,945,1364,1881,1329,2927,0,0,145,193,466,735,607,1161,724,1743,859,1497,508,550,646,1071,558,1832,17562,13261,1177,32,6365,0,0,5,2
2021-02-25T23:59:59+01:00,0,3,301,428,761,1309,1027,2048,1243,2887,1703,2767,1071,913,1282,1756,1209,2735,0,0,138,183,454,722,591,1136,717,1718,839,1473,494,536,618,1039,544,1813,16961,12991,1177,22,5300,0,0,5,2
2021-02-24T23:59:59+01:00,0,2,256,384,687,1233,953,1960,1189,2769,1637,2649,1044,893,1159,1610,1051,2516,0,0,136,183,451,718,587,1135,716,1713,838,1469,489,531,610,1034,541,1801,16246,12931,1175,19,4566,0,0,5,2
2021-02-23T23:59:59+01:00,0,2,244,362,666,1174,924,1881,1142,2657,1562,2539,1018,865,1078,1482,908,2351,0,0,136,181,451,717,587,1135,716,1710,836,1468,488,528,608,1033,541,1800,15684,12919,1140,15,4026,0,0,5,1
2021-02-22T23:59:59+01:00,0,0,230,343,643,1144,892,1798,1092,2565,1476,2416,972,835,959,1338,721,2094,0,0,136,181,450,716,585,1134,715,1710,830,1466,487,527,607,1031,540,1798,14929,12907,1067,5,3517,0,0,5,1
2021-02-21T23:59:59+01:00,0,0,224,332,607,1077,842,1694,1049,2464,1396,2309,955,814,926,1286,668,2028,0,0,136,180,447,709,584,1130,715,1705,830,1464,486,527,606,1031,539,1797,14719,12880,1024,5,2923,0,0,5,1
2021-02-20T23:59:59+01:00,0,0,224,329,604,1076,840,1689,1045,2458,1381,2290,919,785,893,1263,660,2026,0,0,136,180,447,709,584,1130,715,1705,830,1464,486,526,605,1031,539,1797,14717,12879,864,5,2896,0,0,5,0
2021-02-19T23:59:59+01:00,0,0,214,321,595,1068,827,1674,1024,2441,1348,2247,674,682,750,1199,635,2009,0,0,136,180,447,708,584,1127,714,1702,827,1461,486,525,605,1030,538,1797,14239,12863,675,4,2789,0,0,5,0
2021-02-18T23:59:59+01:00,0,0,198,272,556,946,742,1448,894,2183,1098,1872,595,614,709,1157,615,1992,0,0,131,180,434,696,569,1110,708,1676,811,1433,483,522,604,1029,538,1797,14080,12717,575,4,1232,0,0,4,0
2021-02-17T23:59:59+01:00,0,0,192,232,536,897,705,1352,835,2015,1013,1740,573,594,709,1154,613,1989,0,0,124,177,422,685,561,1094,689,1644,798,1410,480,520,602,1026,538,1796,14063,12563,575,3,507,0,0,4,0
2021-02-16T23:59:59+01:00,0,0,185,229,528,881,690,1321,816,1976,980,1700,561,589,703,1152,612,1986,0,0,119,172,408,680,550,1078,676,1626,789,1396,474,514,595,1012,530,1765,14032,12382,575,2,298,0,0,4,0
2021-02-15T23:59:59+01:00,0,0,171,220,523,854,684,1287,802,1941,951,1653,560,586,701,1152,612,1986,0,0,116,171,401,670,539,1059,647,1599,775,1378,472,511,595,1012,530,1765,14029,12238,536,2,114,0,0,4,0
2021-02-14T23:59:59+01:00,0,0,166,212,519,841,683,1278,799,1932,933,1645,559,585,701,1149,611,1986,0,0,109,167,390,659,522,1041,628,1584,768,1365,472,509,593,1010,530,1765,14023,12110,534,2,38,0,0,4,0
2021-02-13T23:59:59+01:00,0,0,165,212,518,841,683,1278,799,1932,933,1645,559,585,701,1149,611,1986,0,0,109,167,389,658,522,1041,628,1584,768,1365,472,509,593,1010,530,1765,14022,12108,534,2,37,0,0,4,0
2021-02-12T23:59:59+01:00,0,0,163,211,513,839,682,1275,795,1931,931,1642,558,585,701,1149,611,1986,0,0,106,165,386,652,517,1034,614,1569,765,1348,470,508,581,990,525,1736,14015,11964,533,2,20,0,0,4,0
2021-02-11T23:59:59+01:00,0,0,160,210,509,832,675,1271,793,1927,925,1640,553,579,694,1143,606,1980,0,0,87,129,357,582,470,954,562,1452,721,1254,446,463,537,936,481,1640,13964,11070,521,1,8,0,0,4,0
2021-02-10T23:59:59+01:00,0,0,157,208,499,815,659,1256,781,1899,910,1616,544,573,683,1130,601,1970,0,0,78,118,329,522,443,846,521,1276,647,1097,397,413,470,819,433,1478,13838,9886,458,1,1,0,0,4,0
2021-02-09T23:59:59+01:00,0,0,156,202,491,777,643,1217,761,1838,898,1575,532,561,677,1115,592,1951,0,0,73,101,310,454,408,761,479,1173,583,998,366,358,427,731,399,1357,13725,8978,258,0,0,0,0,3,0
2021-02-08T23:59:59+01:00,0,0,152,198,474,752,621,1182,741,1788,878,1531,526,560,675,1109,588,1935,0,0,59,75,265,386,358,627,421,943,510,818,308,303,361,577,334,1151,13655,7496,52,0,0,0,0,3,0
2021-02-07T23:59:59+01:00,0,0,152,197,472,751,619,1181,740,1780,876,1529,525,560,675,1109,588,1934,0,0,58,67,247,351,339,582,405,911,490,783,308,296,359,570,332,1147,13633,7245,52,0,0,0,0,3,0
2021-02-06T23:59:59+01:00,0,0,152,197,472,751,619,1181,740,1780,876,1529,525,560,675,1109,588,1934,0,0,58,67,247,350,339,582,405,910,488,781,308,295,358,568,331,1147,13633,7234,52,0,0,0,0,3,0
2021-02-05T23:59:59+01:00,0,0,152,197,472,751,619,1181,740,1780,876,1527,525,560,674,1109,588,1934,0,0,56,67,246,347,332,578,397,887,478,761,298,290,347,544,313,1107,13630,7048,52,0,0,0,0,3,0
2021-02-04T23:59:59+01:00,0,0,146,192,468,743,612,1173,736,1766,870,1518,518,553,653,1084,579,1916,0,0,42,51,213,312,290,482,355,746,384,615,233,219,262,378,232,819,13473,5633,51,0,0,0,0,3,0
2021-02-03T23:59:59+01:00,0,0,144,191,462,736,604,1164,732,1753,862,1502,506,545,638,1071,572,1908,0,0,34,32,157,221,237,352,265,569,309,466,182,172,185,282,179,612,13339,4254,48,0,0,0,0,3,0
2021-02-02T23:59:59+01:00,0,0,144,188,460,735,604,1164,729,1747,855,1498,505,543,634,1068,571,1904,0,0,25,26,138,174,192,281,221,433,257,375,142,132,138,210,142,483,13299,3369,48,0,0,0,0,2,0
2021-02-01T23:59:59+01:00,0,0,142,188,459,734,599,1161,728,1739,853,1493,503,541,629,1065,570,1897,0,0,21,19,102,128,138,190,155,300,168,259,90,94,93,133,76,258,13251,2224,48,0,0,0,0,2,0
2021-01-31T23:59:59+01:00,0,0,141,187,459,731,596,1160,728,1735,853,1492,501,540,628,1063,570,1896,0,0,14,15,69,88,96,125,118,223,141,203,85,87,89,125,74,244,13231,1796,48,0,0,0,0,1,0
2021-01-30T23:59:59+01:00,0,0,141,187,458,731,594,1158,727,1734,853,1492,501,540,627,1063,570,1896,0,0,14,15,69,88,96,123,116,219,138,200,84,86,89,119,68,234,13230,1758,41,0,0,0,0,1,0
2021-01-29T23:59:59+01:00,0,0,141,187,458,729,593,1155,725,1732,851,1491,501,540,627,1063,570,1896,0,0,12,15,57,82,79,119,98,208,115,188,79,79,87,115,67,233,13225,1633,33,0,0,0,0,1,0
2021-01-28T23:59:59+01:00,0,0,134,183,445,712,576,1130,719,1705,828,1462,494,534,624,1060,567,1893,0,0,7,3,14,20,24,46,31,96,47,87,46,50,56,85,49,176,13040,837,25,0,0,0,0,1,0
2021-01-27T23:59:59+01:00,0,0,127,180,433,702,568,1120,703,1670,821,1438,491,532,620,1055,567,1888,0,0,3,1,6,12,10,25,13,41,23,31,13,17,24,35,20,55,12891,329,23,0,0,0,0,1,0
2021-01-26T23:59:59+01:00,0,0,121,176,419,691,555,1106,694,1647,810,1417,486,526,614,1038,559,1853,0,0,3,1,6,11,7,23,11,38,17,28,13,15,23,33,20,54,12696,303,15,0,0,0,0,1,0
2021-01-25T23:59:59+01:00,0,0,118,174,410,679,544,1087,667,1619,792,1400,484,522,612,1037,559,1853,0,0,2,1,5,9,7,18,6,29,12,22,9,6,13,22,10,35,12551,206,5,0,0,0,0,1,0
2021-01-24T23:59:59+01:00,0,0,111,171,400,669,529,1069,650,1606,779,1388,483,519,611,1037,559,1853,0,0,2,0,3,6,7,6,4,8,5,9,1,2,11,15,6,21,12428,106,5,0,0,0,0,1,0
2021-01-23T23:59:59+01:00,0,0,111,171,400,668,529,1069,650,1606,779,1388,483,519,611,1037,559,1853,0,0,1,0,3,6,7,6,4,8,5,9,1,2,11,15,6,21,12427,105,5,0,0,0,0,1,0
2021-01-22T23:59:59+01:00,0,0,108,169,393,662,525,1062,636,1591,773,1370,483,514,600,1016,552,1824,0,0,1,0,3,6,7,6,4,8,5,9,1,2,11,15,6,21,12274,105,4,0,0,0,0,0,0
2021-01-21T23:59:59+01:00,0,0,97,161,378,645,502,1028,606,1541,751,1327,466,476,566,972,516,1756,0,0,1,0,3,6,7,6,4,8,5,9,1,2,11,15,6,21,11784,105,4,0,0,0,0,0,0
2021-01-20T23:59:59+01:00,0,0,79,120,343,556,458,887,549,1307,663,1140,404,417,481,829,454,1533,0,0,1,0,2,5,7,6,4,8,5,9,1,2,11,15,6,21,10216,103,4,0,0,0,0,0,0
2021-01-19T23:59:59+01:00,0,0,74,106,316,478,417,798,506,1195,611,1037,380,379,444,750,424,1437,0,0,1,0,1,3,7,5,4,7,5,9,1,0,8,10,5,18,9348,84,4,0,0,0,0,0,0
2021-01-18T23:59:59+01:00,0,0,60,76,270,391,363,650,430,963,519,840,312,311,374,596,358,1229,0,0,1,0,1,3,7,5,4,7,5,8,1,0,8,10,5,18,7740,83,2,0,0,0,0,0,0
2021-01-17T23:59:59+01:00,0,0,59,67,251,356,342,597,411,920,495,801,309,302,372,589,355,1221,0,0,0,0,0,0,0,1,0,0,0,0,0,0,0,0,0,0,7445,1,2,0,0,0,0,0,0
2021-01-16T23:59:59+01:00,0,0,59,67,251,355,342,597,411,919,493,799,309,301,370,585,354,1221,0,0,0,0,0,0,0,0,0,0,0,0,0,0,0,0,0,0,7431,0,2,0,0,0,0,0,0
2021-01-15T23:59:59+01:00,0,0,57,67,251,351,336,591,400,895,481,774,295,295,351,556,331,1179,0,0,0,0,0,0,0,0,0,0,0,0,0,0,0,0,0,0,7208,0,2,0,0,0,0,0,0
2021-01-14T23:59:59+01:00,0,0,44,54,237,326,311,516,366,770,393,629,233,221,261,380,238,847,0,0,0,0,0,0,0,0,0,0,0,0,0,0,0,0,0,0,5826,0,0,0,0,0,0,0,0
2021-01-13T23:59:59+01:00,0,0,38,43,212,269,271,415,300,616,322,503,178,178,189,289,192,655,0,0,0,0,0,0,0,0,0,0,0,0,0,0,0,0,0,0,4670,0,0,0,0,0,0,0,0
2021-01-12T23:59:59+01:00,0,0,33,41,207,254,256,381,276,535,290,457,141,136,143,221,150,514,0,0,0,0,0,0,0,0,0,0,0,0,0,0,0,0,0,0,4035,0,0,0,0,0,0,0,0
2021-01-11T23:59:59+01:00,0,0,28,37,197,233,238,328,229,447,240,382,110,106,107,144,88,320,0,0,0,0,0,0,0,0,0,0,0,0,0,0,0,0,0,0,3234,0,0,0,0,0,0,0,0
2021-01-10T23:59:59+01:00,0,0,26,31,159,172,195,253,191,351,198,305,98,99,104,139,86,305,0,0,0,0,0,0,0,0,0,0,0,0,0,0,0,0,0,0,2712,0,0,0,0,0,0,0,0
2021-01-09T23:59:59+01:00,0,0,26,31,152,168,193,245,187,343,196,300,98,99,104,139,86,305,0,0,0,0,0,0,0,0,0,0,0,0,0,0,0,0,0,0,2672,0,0,0,0,0,0,0,0
2021-01-08T23:59:59+01:00,0,0,23,28,121,144,172,232,162,314,168,279,93,89,102,135,85,304,0,0,0,0,0,0,0,0,0,0,0,0,0,0,0,0,0,0,2451,0,0,0,0,0,0,0,0
2021-01-07T23:59:59+01:00,0,0,8,3,18,26,31,57,37,106,61,111,48,51,63,93,54,212,0,0,0,0,0,0,0,0,0,0,0,0,0,0,0,0,0,0,979,0,0,0,0,0,0,0,0
2021-01-06T23:59:59+01:00,0,0,3,1,7,13,10,25,14,41,21,32,14,14,27,39,23,65,0,0,0,0,0,0,0,0,0,0,0,0,0,0,0,0,0,0,349,0,0,0,0,0,0,0,0
2021-01-05T23:59:59+01:00,0,0,3,1,6,10,9,21,11,33,15,27,11,14,23,34,21,57,0,0,0,0,0,0,0,0,0,0,0,0,0,0,0,0,0,0,296,0,0,0,0,0,0,0,0
2021-01-04T23:59:59+01:00,0,0,2,1,4,7,9,13,4,17,8,17,5,3,12,20,8,31,0,0,0,0,0,0,0,0,0,0,0,0,0,0,0,0,0,0,161,0,0,0,0,0,0,0,0
2021-01-03T23:59:59+01:00,0,0,2,0,3,6,8,7,4,9,5,10,1,2,12,16,7,21,0,0,0,0,0,0,0,0,0,0,0,0,0,0,0,0,0,0,113,0,0,0,0,0,0,0,0
2021-01-02T23:59:59+01:00,0,0,2,0,3,6,8,7,4,9,5,10,1,2,12,16,7,21,0,0,0,0,0,0,0,0,0,0,0,0,0,0,0,0,0,0,113,0,0,0,0,0,0,0,0
2021-01-01T23:59:59+01:00,0,0,1,0,3,6,8,6,4,9,5,10,1,2,12,15,7,21,0,0,0,0,0,0,0,0,0,0,0,0,0,0,0,0,0,0,110,0,0,0,0,0,0,0,0
2020-12-31T23:59:59+01:00,0,0,1,0,3,5,8,6,4,9,5,10,1,2,12,15,7,21,0,0,0,0,0,0,0,0,0,0,0,0,0,0,0,0,0,0,109,0,0,0,0,0,0,0,0
2020-12-30T23:59:59+01:00,0,0,1,0,2,5,8,6,4,9,5,10,1,2,12,15,7,21,0,0,0,0,0,0,0,0,0,0,0,0,0,0,0,0,0,0,108,0,0,0,0,0,0,0,0
2020-12-29T23:59:59+01:00,0,0,1,0,1,3,8,5,4,8,5,10,1,0,9,10,6,18,0,0,0,0,0,0,0,0,0,0,0,0,0,0,0,0,0,0,89,0,0,0,0,0,0,0,0
2020-12-28T23:59:59+01:00,0,0,1,0,1,3,8,5,4,8,5,9,1,0,9,10,6,18,0,0,0,0,0,0,0,0,0,0,0,0,0,0,0,0,0,0,88,0,0,0,0,0,0,0,0
2020-12-27T23:59:59+01:00,0,0,1,0,1,3,8,4,4,8,5,9,1,0,9,10,6,18,0,0,0,0,0,0,0,0,0,0,0,0,0,0,0,0,0,0,87,0,0,0,0,0,0,0,0
