Datum,<15_1_m,<15_1_w,15-24_1_m,15-24_1_w,25-34_1_m,25-34_1_w,35-44_1_m,35-44_1_w,45-54_1_m,45-54_1_w,55-64_1_m,55-64_1_w,65-74_1_m,65-74_1_w,75-84_1_m,75-84_1_w,>84_1_m,>84_1_w,<15_2_m,<15_2_w,15-24_2_m,15-24_2_w,25-34_2_m,25-34_2_w,35-44_2_m,35-44_2_w,45-54_2_m,45-54_2_w,55-64_2_m,55-64_2_w,65-74_2_m,65-74_2_w,75-84_2_m,75-84_2_w,>84_2_m,>84_2_w,bp_1,bp_2,mo_1,mo_2,az_1,az_2,ja,unb_1,unb_2
2021-12-07T23:59:59+01:00,5598,5285,21461,19701,26805,24895,27698,27034,30624,31150,32797,33794,22397,25712,15861,20066,4620,8149,2729,2627,18510,17105,23965,21922,25285,24546,28555,28944,31186,31973,21698,24772,15446,19367,4435,7760,276831,248021,33477,32296,55136,52284,18167,45,57
2021-12-06T23:59:59+01:00,5466,5149,21410,19648,26742,24832,27658,26998,30601,31118,32777,33762,22382,25689,15850,20049,4617,8140,2685,2581,18347,16971,23829,21773,25185,24440,28469,28846,31125,31915,21668,24726,15424,19348,4432,7748,276074,246727,33475,32277,55136,52284,18167,45,57
2021-12-05T23:59:59+01:00,5363,5051,21388,19610,26718,24790,27629,26969,30578,31090,32761,33738,22375,25674,15843,20037,4616,8131,2656,2557,18255,16884,23731,21693,25114,24377,28407,28787,31076,31864,21639,24695,15414,19333,4428,7742,275548,245870,33474,32274,55136,52284,18167,45,57
2021-12-04T23:59:59+01:00,5229,4965,21371,19596,26709,24777,27620,26961,30566,31082,32756,33732,22373,25672,15841,20036,4615,8131,2650,2552,18215,16856,23687,21669,25091,24364,28386,28780,31064,31850,21637,24692,15412,19331,4428,7740,275220,245623,33474,32274,55136,52284,18166,45,57
2021-12-03T23:59:59+01:00,4986,4777,21336,19567,26679,24745,27605,26942,30547,31059,32746,33712,22368,25666,15841,20029,4613,8130,2628,2527,18127,16782,23607,21612,25008,24297,28333,28734,31031,31825,21628,24684,15407,19325,4425,7740,274546,244963,33464,32251,55136,52283,18166,45,57
2021-12-02T23:59:59+01:00,4724,4525,21297,19529,26627,24680,27561,26896,30520,31032,32718,33682,22356,25651,15824,20015,4605,8123,2575,2452,18000,16685,23496,21515,24914,24214,28238,28659,30969,31772,21605,24657,15398,19308,4421,7731,273572,243868,33455,32235,55136,52283,18166,45,57
2021-12-01T23:59:59+01:00,4525,4325,21255,19474,26590,24607,27513,26846,30483,30971,32683,33641,22340,25621,15814,19994,4602,8113,2529,2403,17837,16524,23344,21368,24786,24102,28131,28570,30891,31687,21578,24634,15382,19290,4421,7725,272611,242491,33448,32206,55136,52282,18166,45,57
2021-11-30T23:59:59+01:00,4341,4145,21216,19433,26542,24539,27480,26797,30452,30940,32652,33601,22328,25606,15801,19973,4600,8104,2498,2379,17756,16443,23264,21270,24714,24029,28065,28511,30834,31640,21558,24602,15371,19276,4421,7722,271769,241648,33443,32201,55136,52281,18166,45,57
2021-11-29T23:59:59+01:00,4117,3969,21155,19388,26492,24459,27429,26742,30407,30889,32617,33552,22297,25562,15792,19947,4597,8093,2467,2352,17640,16333,23113,21135,24611,23956,27982,28431,30767,31579,21528,24563,15363,19248,4420,7713,270732,240531,33435,32166,55135,52281,18166,45,57
2021-11-28T23:59:59+01:00,3952,3817,21115,19358,26450,24404,27398,26701,30380,30862,32598,33517,22287,25541,15785,19931,4594,8086,2451,2334,17580,16273,23037,21089,24546,23909,27941,28385,30732,31539,21508,24541,15354,19242,4418,7711,270014,239921,33425,32165,55135,52281,18166,45,57
2021-11-27T23:59:59+01:00,3925,3797,21095,19345,26437,24391,27380,26687,30371,30851,32590,33511,22285,25535,15784,19929,4594,8086,2450,2334,17567,16269,23026,21080,24533,23899,27933,28380,30724,31531,21507,24541,15352,19240,4418,7711,269833,239828,33425,32165,55135,52281,18164,45,57
2021-11-26T23:59:59+01:00,3821,3708,21052,19318,26401,24347,27349,26658,30349,30827,32566,33493,22278,25522,15781,19925,4594,8084,2437,2312,17507,16238,22972,21050,24493,23853,27891,28359,30703,31517,21502,24535,15349,19236,4418,7711,269319,239429,33419,32153,55135,52280,18164,45,57
2021-11-25T23:59:59+01:00,3673,3566,20995,19240,26356,24258,27300,26590,30298,30773,32530,33440,22269,25496,15776,19909,4592,8079,2400,2277,17429,16177,22860,20982,24433,23798,27833,28306,30664,31480,21492,24517,15340,19225,4414,7709,268403,238712,33402,32124,55135,52279,18164,45,57
2021-11-24T23:59:59+01:00,3585,3473,20919,19173,26285,24165,27227,26511,30253,30710,32487,33389,22249,25464,15769,19888,4583,8066,2370,2250,17354,16088,22745,20886,24352,23734,27750,28245,30608,31420,21471,24493,15328,19216,4411,7706,267464,237834,33397,32097,55135,52275,18164,45,57
2021-11-23T23:59:59+01:00,3496,3388,20845,19106,26213,24096,27164,26448,30191,30652,32441,33338,22228,25435,15750,19855,4577,8040,2351,2232,17269,16034,22656,20806,24287,23665,27700,28198,30567,31393,21460,24470,15311,19198,4408,7694,266545,237117,33386,32089,55135,52275,18161,45,57
2021-11-22T23:59:59+01:00,3412,3306,20756,19030,26091,23981,27082,26342,30126,30568,32370,33270,22203,25399,15742,19826,4568,8029,2331,2214,17215,15969,22577,20751,24226,23608,27650,28140,30521,31351,21436,24444,15298,19184,4404,7690,265393,236447,33379,32073,55135,52274,18158,45,57
2021-11-21T23:59:59+01:00,3373,3256,20686,18975,26020,23903,27022,26277,30067,30504,32318,33212,22183,25371,15735,19807,4564,8022,2325,2207,17191,15955,22548,20733,24202,23590,27633,28130,30505,31336,21428,24437,15293,19177,4404,7684,264593,236226,33375,32065,55135,52274,18156,45,57
2021-11-20T23:59:59+01:00,3361,3244,20656,18941,25976,23873,26982,26254,30043,30480,32303,33194,22173,25364,15732,19803,4564,8020,2320,2204,17176,15950,22539,20724,24185,23579,27626,28119,30501,31333,21426,24436,15293,19175,4404,7684,264264,236124,33373,32064,55135,52274,18155,45,57
2021-11-19T23:59:59+01:00,3282,3169,20571,18859,25885,23793,26918,26196,29983,30428,32264,33153,22160,25339,15730,19797,4563,8017,2309,2196,17139,15917,22484,20690,24135,23552,27585,28089,30479,31322,21414,24430,15289,19171,4402,7683,263423,235751,33358,32053,55135,52270,18155,45,57
2021-11-18T23:59:59+01:00,3168,3072,20481,18737,25774,23662,26828,26082,29907,30341,32217,33084,22123,25294,15719,19778,4563,8008,2289,2161,17064,15840,22420,20623,24085,23493,27534,28057,30429,31285,21402,24414,15280,19153,4399,7668,262161,235103,33351,32016,55135,52265,18155,45,57
2021-11-17T23:59:59+01:00,3105,2999,20355,18614,25657,23516,26726,25972,29821,30276,32160,33014,22101,25252,15708,19757,4560,8001,2268,2133,16977,15780,22321,20551,24016,23414,27455,28002,30385,31248,21386,24396,15271,19137,4397,7663,260930,234330,33340,31998,55135,52262,18153,45,57
2021-11-16T23:59:59+01:00,3058,2942,20233,18520,25526,23382,26641,25874,29748,30192,32097,32942,22079,25220,15697,19738,4558,7989,2247,2117,16932,15755,22274,20509,23971,23382,27415,27954,30353,31215,21370,24382,15258,19127,4397,7660,259781,233856,33333,31994,55135,52260,18151,45,57
2021-11-15T23:59:59+01:00,3007,2901,20031,18367,25343,23222,26509,25743,29655,30083,32012,32863,22047,25187,15681,19716,4555,7981,2231,2108,16882,15734,22226,20476,23927,23350,27390,27926,30330,31196,21353,24363,15251,19113,4395,7656,258271,233471,33313,31971,55135,52260,18148,45,57
2021-11-14T23:59:59+01:00,2979,2865,19906,18268,25228,23098,26420,25669,29587,30006,31951,32798,22021,25157,15671,19701,4552,7975,2220,2094,16852,15693,22200,20445,23899,23332,27374,27905,30311,31179,21346,24360,15245,19102,4395,7654,257228,233176,33307,31968,55135,52259,18146,45,57
2021-11-13T23:59:59+01:00,2966,2848,19840,18220,25167,23058,26352,25632,29552,29981,31928,32779,22016,25152,15671,19699,4550,7974,2217,2093,16844,15688,22194,20438,23888,23328,27367,27902,30306,31176,21345,24359,15245,19101,4395,7654,256764,233117,33307,31964,55135,52259,18143,45,57
2021-11-12T23:59:59+01:00,2925,2808,19642,18081,25006,22927,26207,25504,29478,29900,31868,32740,22004,25129,15663,19693,4548,7974,2204,2082,16784,15661,22148,20403,23849,23298,27341,27884,30274,31162,21338,24348,15238,19096,4395,7652,255509,232755,33278,31951,55135,52255,18139,45,57
2021-11-11T23:59:59+01:00,2862,2741,19503,17960,24876,22789,26085,25391,29388,29805,31800,32690,21980,25105,15655,19683,4546,7968,2187,2062,16743,15607,22106,20350,23815,23271,27313,27849,30255,31126,21320,24338,15233,19085,4393,7646,254280,232322,33246,31936,55134,52253,18131,45,57
2021-11-10T23:59:59+01:00,2808,2676,19248,17751,24646,22590,25923,25234,29230,29689,31711,32587,21950,25075,15638,19663,4544,7958,2172,2038,16681,15530,22028,20293,23763,23222,27264,27812,30208,31088,21300,24317,15224,19068,4388,7640,252439,231691,33198,31921,55133,52252,18115,45,57
2021-11-09T23:59:59+01:00,2764,2634,19104,17606,24486,22467,25812,25119,29156,29613,31645,32517,21927,25044,15622,19646,4541,7942,2153,2023,16648,15493,21990,20268,23740,23194,27239,27782,30182,31046,21281,24299,15217,19051,4386,7635,251179,231293,33185,31917,55133,52248,18112,45,57
2021-11-08T23:59:59+01:00,2715,2593,18842,17385,24252,22239,25633,24974,29004,29482,31537,32427,21892,24990,15600,19622,4540,7934,2130,2002,16597,15445,21944,20226,23711,23152,27201,27754,30158,31020,21257,24285,15208,19037,4382,7631,249250,230842,33146,31900,55133,52245,18096,45,57
2021-11-07T23:59:59+01:00,2687,2561,18733,17276,24122,22124,25523,24881,28932,29408,31486,32367,21870,24968,15592,19618,4538,7931,2115,1988,16573,15429,21921,20199,23689,23137,27186,27736,30145,31008,21253,24279,15203,19029,4382,7629,248209,230605,33144,31900,55133,52244,18095,45,57
2021-11-06T23:59:59+01:00,2687,2558,18731,17273,24118,22124,25519,24878,28930,29405,31485,32365,21870,24968,15592,19618,4537,7931,2115,1987,16569,15427,21921,20197,23688,23137,27183,27733,30143,31008,21253,24278,15203,19029,4382,7629,248181,230588,33144,31898,55133,52244,18095,45,57
2021-11-05T23:59:59+01:00,2658,2519,18631,17190,24026,22027,25444,24809,28864,29349,31445,32333,21869,24961,15589,19611,4537,7930,2110,1981,16557,15410,21912,20184,23677,23129,27176,27719,30135,30999,21248,24273,15203,19028,4381,7628,247424,230467,33106,31893,55133,52240,18093,45,57
2021-11-04T23:59:59+01:00,2612,2482,18550,17098,23915,21930,25375,24752,28792,29302,31406,32294,21858,24949,15581,19601,4535,7925,2081,1957,16496,15360,21862,20138,23642,23099,27152,27689,30112,30977,21243,24264,15198,19018,4379,7627,246617,230059,33096,31877,55133,52226,18075,45,57
2021-11-03T23:59:59+01:00,2576,2456,18400,16967,23745,21789,25261,24654,28709,29240,31358,32237,21837,24936,15575,19595,4535,7923,2053,1934,16422,15291,21805,20071,23602,23058,27107,27653,30086,30947,21225,24240,15187,19007,4377,7621,245487,229475,33069,31862,55133,52224,18068,45,57
2021-11-02T23:59:59+01:00,2548,2433,18264,16883,23594,21682,25166,24588,28632,29184,31309,32202,21828,24916,15568,19586,4534,7914,2038,1914,16364,15254,21767,20024,23564,23018,27078,27628,30063,30924,21217,24227,15179,19004,4376,7618,244542,229063,33063,31856,55133,52224,18057,45,57
2021-11-01T23:59:59+01:00,2527,2413,18177,16810,23506,21622,25103,24544,28582,29143,31281,32175,21815,24906,15565,19585,4534,7913,2024,1900,16327,15199,21730,19985,23537,22985,27048,27590,30045,30904,21209,24222,15178,18994,4376,7616,243922,228692,33058,31844,55133,52224,18052,45,57
2021-10-31T23:59:59+01:00,2527,2413,18177,16810,23505,21620,25102,24544,28582,29143,31281,32175,21815,24906,15565,19585,4534,7913,2023,1899,16327,15199,21730,19985,23537,22984,27048,27590,30045,30903,21209,24222,15178,18994,4376,7616,243918,228688,33058,31844,55133,52224,18052,45,57
2021-10-30T23:59:59+02:00,2527,2413,18177,16810,23504,21620,25102,24544,28582,29143,31281,32175,21815,24906,15565,19585,4534,7913,2023,1899,16327,15199,21730,19985,23537,22984,27048,27590,30045,30903,21209,24222,15178,18994,4376,7616,243917,228688,33058,31844,55133,52224,18052,45,57
2021-10-29T23:59:59+02:00,2514,2399,18110,16765,23426,21580,25026,24500,28517,29104,31255,32154,21811,24897,15558,19580,4533,7912,2018,1894,16312,15187,21715,19970,23527,22969,27037,27577,30037,30900,21207,24220,15178,18992,4376,7616,243410,228561,33012,31840,55133,52224,18050,45,57
2021-10-28T23:59:59+02:00,2489,2375,18026,16697,23341,21514,24975,24444,28477,29066,31220,32126,21805,24890,15554,19572,4533,7909,1987,1875,16252,15136,21678,19925,23495,22937,27010,27555,30014,30873,21197,24211,15174,18989,4376,7611,242820,228150,32982,31825,55133,52221,18042,45,57
2021-10-27T23:59:59+02:00,2455,2338,17907,16614,23186,21411,24865,24355,28380,29006,31172,32094,21796,24866,15547,19563,4533,7908,1961,1846,16181,15088,21629,19864,23461,22898,26975,27516,29987,30848,21186,24198,15167,18979,4375,7607,241851,227658,32942,31800,55133,52217,18034,45,57
2021-10-26T23:59:59+02:00,2430,2314,17849,16567,23140,21362,24818,24316,28333,28964,31145,32075,21794,24856,15544,19561,4533,7905,1943,1822,16141,15042,21597,19832,23429,22867,26964,27495,29974,30837,21178,24196,15165,18977,4375,7607,241375,227346,32941,31800,55133,52217,18021,45,57
2021-10-25T23:59:59+02:00,2429,2310,17848,16561,23138,21360,24816,24313,28331,28959,31144,32075,21794,24856,15544,19561,4533,7905,1943,1821,16141,15041,21597,19831,23427,22866,26964,27495,29974,30837,21178,24196,15165,18977,4375,7607,241351,227341,32937,31800,55133,52217,18020,45,57
2021-10-24T23:59:59+02:00,2420,2301,17831,16534,23121,21340,24790,24297,28322,28953,31137,32070,21792,24854,15542,19560,4533,7905,1933,1804,16120,15003,21574,19808,23413,22837,26953,27484,29964,30829,21175,24191,15163,18971,4375,7607,241192,227126,32923,31786,55133,52217,18018,45,57
2021-10-23T23:59:59+02:00,2420,2301,17830,16534,23120,21340,24790,24297,28321,28953,31137,32070,21792,24854,15542,19560,4533,7905,1933,1804,16120,15003,21573,19808,23413,22837,26953,27484,29964,30829,21175,24191,15163,18971,4375,7607,241189,227125,32923,31786,55133,52217,18018,45,57
2021-10-22T23:59:59+02:00,2399,2283,17765,16494,23069,21294,24740,24240,28289,28924,31103,32047,21785,24845,15537,19558,4532,7903,1926,1797,16101,14991,21562,19799,23397,22820,26945,27480,29955,30823,21173,24189,15163,18971,4375,7607,240717,227010,32914,31785,55133,52215,18007,45,57
2021-10-21T23:59:59+02:00,2384,2256,17722,16449,23012,21245,24702,24206,28243,28896,31085,32025,21778,24839,15534,19554,4531,7895,1881,1759,16038,14913,21517,19739,23360,22772,26906,27442,29941,30802,21166,24177,15154,18952,4373,7602,240307,226492,32888,31738,55133,52215,17992,45,57
2021-10-20T23:59:59+02:00,2353,2215,17641,16385,22919,21177,24625,24162,28204,28849,31050,31998,21766,24830,15530,19545,4529,7893,1826,1714,15951,14841,21469,19672,23299,22726,26861,27386,29913,30774,21145,24165,15147,18934,4367,7599,239653,225826,32868,31713,55133,52212,17981,45,57
2021-10-19T23:59:59+02:00,2332,2201,17606,16359,22898,21162,24611,24145,28191,28837,31042,31976,21759,24819,15528,19537,4528,7892,1796,1675,15892,14791,21427,19625,23278,22702,26841,27367,29893,30755,21134,24151,15142,18928,4367,7596,239410,225403,32868,31712,55132,52211,17977,45,57
2021-10-18T23:59:59+02:00,2319,2191,17585,16338,22883,21136,24592,24127,28179,28827,31029,31964,21753,24817,15526,19530,4526,7889,1772,1652,15850,14744,21408,19600,23255,22673,26820,27340,29873,30740,21128,24146,15138,18922,4366,7595,239199,225068,32868,31711,55132,52210,17976,45,57
2021-10-17T23:59:59+02:00,2310,2185,17559,16303,22854,21106,24573,24113,28159,28818,31018,31956,21745,24813,15525,19527,4526,7887,1754,1623,15807,14697,21375,19557,23234,22647,26801,27319,29859,30736,21122,24137,15138,18917,4364,7593,238977,224752,32862,31690,55131,52210,17971,45,57
2021-10-16T23:59:59+02:00,2310,2185,17558,16303,22854,21106,24573,24113,28159,28818,31018,31956,21745,24813,15525,19527,4526,7887,1754,1623,15807,14697,21375,19556,23234,22647,26801,27319,29859,30736,21122,24137,15138,18917,4364,7593,238976,224751,32862,31690,55131,52210,17971,45,57
2021-10-15T23:59:59+02:00,2300,2175,17533,16287,22835,21091,24547,24095,28143,28803,31012,31952,21739,24806,15525,19527,4526,7886,1746,1608,15794,14680,21363,19545,23225,22640,26798,27312,29854,30731,21119,24135,15137,18917,4364,7593,238797,224635,32849,31690,55131,52210,17969,45,57
2021-10-14T23:59:59+02:00,2290,2157,17489,16252,22799,21057,24523,24070,28124,28783,31001,31938,21733,24803,15522,19524,4525,7883,1725,1582,15732,14628,21334,19500,23190,22601,26780,27276,29832,30708,21108,24127,15132,18907,4362,7591,238495,224229,32848,31676,55131,52191,17962,45,57
2021-10-13T23:59:59+02:00,2260,2137,17401,16175,22737,20993,24478,24027,28086,28737,30972,31908,21718,24793,15516,19519,4524,7879,1687,1551,15630,14535,21282,19448,23147,22564,26738,27236,29803,30680,21100,24109,15130,18892,4362,7587,237965,223681,32824,31649,55131,52191,17903,45,57
2021-10-12T23:59:59+02:00,2250,2118,17358,16131,22714,20965,24451,23999,28070,28717,30959,31887,21714,24788,15512,19511,4523,7877,1663,1531,15578,14474,21263,19414,23121,22543,26713,27211,29779,30659,21092,24100,15128,18889,4360,7586,237652,223321,32823,31637,55130,52187,17902,45,57
2021-10-11T23:59:59+02:00,2239,2106,17329,16100,22699,20944,24436,23978,28051,28698,30944,31877,21708,24780,15510,19506,4520,7872,1645,1520,15535,14439,21225,19360,23098,22503,26687,27171,29750,30643,21081,24090,15122,18882,4356,7583,237409,222911,32823,31637,55130,52187,17898,45,57
2021-10-10T23:59:59+02:00,2235,2097,17312,16080,22681,20930,24430,23970,28042,28683,30939,31870,21701,24776,15510,19504,4520,7869,1629,1509,15478,14394,21161,19301,23059,22464,26642,27145,29728,30621,21071,24079,15116,18875,4356,7583,237269,222460,32819,31614,55130,52186,17894,45,57
2021-10-09T23:59:59+02:00,2233,2097,17312,16079,22679,20929,24430,23970,28042,28683,30939,31870,21701,24776,15510,19504,4520,7869,1628,1506,15477,14392,21161,19300,23059,22464,26642,27144,29728,30621,21071,24079,15116,18875,4356,7583,237263,222451,32819,31614,55130,52186,17894,45,57
2021-10-08T23:59:59+02:00,2228,2089,17301,16054,22657,20918,24412,23961,28027,28667,30924,31861,21699,24771,15510,19504,4520,7869,1621,1502,15470,14379,21148,19285,23048,22456,26632,27127,29723,30614,21069,24073,15114,18874,4356,7583,237126,222347,32809,31613,55129,52186,17871,45,57
2021-10-07T23:59:59+02:00,2204,2069,17247,16009,22631,20871,24387,23933,27995,28642,30903,31834,21694,24768,15508,19495,4519,7863,1586,1470,15400,14301,21088,19215,23005,22408,26602,27090,29695,30590,21058,24058,15109,18864,4352,7582,236744,221808,32799,31564,55126,52178,17866,45,57
2021-10-06T23:59:59+02:00,2180,2046,17187,15962,22584,20818,24361,23892,27963,28612,30887,31808,21683,24756,15501,19489,4518,7859,1549,1443,15341,14228,21038,19154,22967,22371,26571,27049,29671,30560,21047,24044,15098,18857,4350,7580,236324,221308,32780,31536,55126,52178,17839,45,57
2021-10-05T23:59:59+02:00,2160,2029,17142,15923,22535,20790,24326,23851,27941,28587,30874,31791,21678,24748,15501,19484,4517,7858,1537,1426,15313,14197,20982,19129,22937,22342,26543,27023,29646,30535,21039,24025,15095,18849,4347,7580,236055,221041,32780,31534,55126,52178,17735,45,57
2021-10-04T23:59:59+02:00,2133,1994,17088,15884,22483,20760,24302,23825,27925,28552,30854,31773,21674,24739,15499,19480,4516,7855,1531,1414,15275,14172,20956,19100,22923,22317,26525,27004,29634,30521,21032,24015,15091,18844,4347,7572,235711,220828,32780,31532,55126,52176,17680,45,57
2021-10-03T23:59:59+02:00,2128,1982,17058,15843,22453,20727,24264,23801,27911,28532,30837,31763,21671,24732,15498,19475,4516,7853,1511,1392,15243,14133,20931,19070,22897,22297,26510,26981,29620,30511,21022,24002,15089,18841,4347,7572,235496,220606,32774,31519,55122,52174,17613,45,57
2021-10-02T23:59:59+02:00,2128,1982,17058,15843,22453,20727,24263,23801,27911,28532,30837,31763,21671,24732,15498,19475,4516,7853,1511,1392,15243,14133,20931,19070,22897,22297,26510,26981,29620,30510,21022,24002,15089,18841,4347,7572,235495,220605,32774,31519,55122,52174,17613,45,57
2021-10-01T23:59:59+02:00,2123,1977,17045,15826,22450,20715,24249,23780,27906,28525,30833,31758,21668,24730,15498,19473,4515,7853,1509,1389,15239,14131,20928,19068,22895,22297,26508,26979,29620,30506,21021,24000,15089,18841,4347,7572,235379,220578,32773,31519,55122,52174,17611,45,57
2021-09-30T23:59:59+02:00,2102,1961,16988,15774,22406,20658,24208,23745,27876,28492,30810,31734,21656,24724,15493,19466,4513,7847,1472,1358,15170,14066,20889,19032,22861,22256,26485,26945,29601,30484,21017,23991,15086,18833,4343,7567,234990,220187,32759,31499,55122,52170,17543,45,57
2021-09-29T23:59:59+02:00,2034,1916,16895,15697,22335,20588,24151,23694,27813,28440,30772,31704,21640,24710,15486,19452,4510,7845,1450,1326,15100,14009,20846,18978,22825,22203,26447,26915,29566,30456,21008,23979,15075,18825,4342,7564,234348,219781,32742,31477,55121,52167,17432,45,57
2021-09-28T23:59:59+02:00,2017,1899,16813,15632,22263,20535,24086,23652,27775,28397,30755,31686,21630,24696,15481,19442,4510,7842,1436,1314,15034,13963,20787,18937,22780,22177,26416,26880,29545,30435,20995,23963,15069,18815,4340,7560,233915,219451,32741,31477,55121,52166,17295,45,57
2021-09-27T23:59:59+02:00,1954,1830,16746,15571,22227,20499,24061,23625,27746,28361,30735,31669,21623,24689,15479,19439,4509,7840,1425,1299,15005,13932,20765,18900,22765,22152,26397,26868,29527,30419,20991,23953,15065,18807,4339,7557,233417,219181,32740,31477,55121,52165,17286,45,57
2021-09-26T23:59:59+02:00,1933,1809,16675,15507,22174,20438,24022,23574,27717,28335,30720,31660,21613,24682,15478,19436,4509,7838,1409,1285,14934,13863,20712,18845,22715,22094,26355,26831,29508,30392,20984,23943,15057,18804,4339,7554,233047,218774,32723,31450,55120,52152,17191,45,57
2021-09-25T23:59:59+02:00,1933,1809,16673,15507,22172,20437,24019,23573,27717,28335,30720,31660,21613,24682,15478,19436,4509,7838,1409,1285,14933,13863,20710,18845,22714,22093,26354,26828,29508,30392,20983,23943,15057,18804,4339,7554,233041,218769,32723,31449,55120,52151,17188,45,57
2021-09-24T23:59:59+02:00,1932,1806,16647,15487,22128,20408,23986,23552,27697,28313,30703,31645,21611,24678,15476,19435,4509,7838,1402,1278,14906,13836,20660,18813,22674,22067,26326,26807,29486,30372,20978,23937,15055,18802,4338,7553,232977,218641,32723,31449,55120,52151,16992,45,57
2021-09-23T23:59:59+02:00,1902,1768,16571,15401,22068,20333,23937,23483,27652,28259,30677,31605,21599,24667,15468,19420,4506,7836,1375,1250,14827,13772,20597,18770,22644,22021,26292,26764,29460,30345,20974,23926,15049,18794,4338,7552,232419,218236,32684,31416,55120,52151,16890,45,57
2021-09-22T23:59:59+02:00,1868,1737,16468,15322,21976,20256,23860,23429,27584,28198,30635,31569,21583,24644,15466,19407,4504,7833,1320,1199,14701,13665,20507,18692,22579,21950,26230,26703,29411,30309,20953,23916,15043,18786,4335,7543,231804,217555,32663,31373,55120,52144,16713,45,57
2021-09-21T23:59:59+02:00,1838,1693,16388,15245,21917,20196,23808,23379,27541,28163,30595,31529,21572,24624,15463,19397,4498,7825,1311,1183,14645,13617,20447,18653,22536,21906,26195,26677,29386,30284,20940,23902,15036,18775,4332,7539,231324,217265,32663,31373,55119,52144,16525,45,57
2021-09-20T23:59:59+02:00,1811,1678,16314,15180,21859,20149,23760,23338,27504,28120,30561,31511,21563,24611,15458,19392,4497,7823,1299,1173,14588,13565,20401,18609,22499,21878,26148,26645,29360,30259,20932,23890,15034,18769,4329,7536,230914,216948,32661,31372,55119,52143,16394,45,57
2021-09-19T23:59:59+02:00,1784,1655,16251,15130,21810,20088,23725,23304,27473,28092,30540,31486,21554,24600,15455,19381,4497,7820,1291,1163,14531,13522,20356,18556,22447,21855,26123,26613,29343,30245,20925,23877,15030,18766,4328,7532,230548,216667,32639,31339,55119,52143,16297,45,57
2021-09-18T23:59:59+02:00,1784,1655,16249,15128,21808,20087,23722,23302,27473,28091,30540,31486,21554,24600,15455,19381,4497,7820,1291,1163,14530,13521,20355,18556,22446,21854,26123,26611,29343,30245,20925,23877,15030,18766,4328,7532,230540,216666,32639,31338,55119,52143,16292,45,57
2021-09-17T23:59:59+02:00,1778,1648,16226,15110,21786,20067,23702,23290,27459,28076,30531,31480,21550,24597,15452,19378,4496,7820,1283,1154,14509,13506,20345,18550,22436,21849,26116,26607,29333,30239,20922,23874,15029,18765,4328,7532,230369,216561,32638,31338,55119,52143,16278,45,57
2021-09-16T23:59:59+02:00,1739,1617,16125,15010,21705,19968,23632,23206,27393,28016,30492,31442,21537,24580,15447,19368,4491,7820,1250,1125,14424,13432,20300,18496,22401,21797,26085,26563,29312,30208,20911,23864,15022,18757,4325,7528,229561,216102,32616,31260,55119,52131,16250,45,57
2021-09-15T23:59:59+02:00,1708,1600,16056,14931,21649,19913,23588,23161,27361,27982,30468,31418,21524,24558,15435,19358,4490,7818,1221,1097,14346,13346,20232,18436,22362,21745,26045,26519,29281,30184,20898,23849,15010,18749,4324,7526,229030,215542,32597,31215,55119,52126,16230,45,57
2021-09-14T23:59:59+02:00,1694,1584,16022,14885,21602,19875,23558,23126,27329,27946,30443,31394,21508,24547,15432,19346,4487,7817,1203,1082,14308,13308,20207,18413,22340,21719,26025,26504,29269,30173,20887,23841,15007,18742,4323,7524,228621,215258,32593,31214,55119,52126,16220,45,57
2021-09-13T23:59:59+02:00,1673,1571,15980,14831,21575,19843,23527,23093,27312,27909,30429,31378,21507,24537,15427,19344,4486,7814,1197,1074,14280,13293,20180,18397,22320,21699,26010,26492,29260,30150,20878,23830,15006,18735,4321,7522,228273,215035,32590,31214,55119,52126,16212,45,57
2021-09-12T23:59:59+02:00,1663,1558,15956,14807,21559,19821,23510,23068,27297,27894,30418,31370,21500,24529,15427,19339,4486,7814,1183,1069,14247,13264,20155,18359,22299,21673,25997,26468,29249,30142,20871,23821,15001,18728,4319,7517,228079,214793,32571,31183,55119,52124,16205,45,57
2021-09-11T23:59:59+02:00,1662,1558,15944,14802,21551,19813,23509,23067,27295,27893,30415,31368,21499,24528,15427,19339,4486,7814,1183,1069,14242,13261,20153,18356,22297,21673,25997,26467,29249,30142,20870,23821,15001,18728,4319,7517,228042,214782,32571,31183,55116,52124,16199,45,57
2021-09-10T23:59:59+02:00,1662,1558,15921,14797,21538,19802,23491,23064,27277,27883,30402,31363,21498,24526,15423,19337,4486,7813,1181,1069,14219,13254,20138,18346,22283,21669,25982,26454,29231,30139,20869,23817,14998,18725,4318,7516,228011,214743,32571,31183,55116,52124,16101,45,57
2021-09-09T23:59:59+02:00,1617,1519,15841,14718,21478,19736,23437,23014,27217,27833,30374,31334,21489,24509,15409,19323,4484,7811,1153,1044,14137,13178,20068,18277,22215,21614,25932,26414,29196,30107,20853,23789,14981,18711,4316,7514,227482,214275,32540,31100,55115,52104,15964,45,56
2021-09-08T23:59:59+02:00,1579,1471,15714,14624,21408,19660,23384,22938,27166,27790,30334,31286,21472,24491,15400,19312,4483,7811,1136,1019,14048,13087,19985,18226,22150,21561,25885,26375,29160,30057,20834,23768,14977,18703,4315,7513,226936,213872,32469,31011,55115,52099,15761,45,56
2021-09-07T23:59:59+02:00,1566,1451,15662,14573,21353,19633,23348,22915,27139,27758,30317,31270,21461,24469,15394,19304,4481,7811,1119,1005,13978,13038,19921,18186,22106,21530,25849,26343,29131,30029,20823,23754,14973,18696,4314,7513,226695,213585,32462,30981,55115,52095,15591,45,56
2021-09-06T23:59:59+02:00,1553,1441,15611,14527,21330,19601,23325,22887,27113,27739,30301,31248,21451,24466,15390,19297,4481,7809,1107,996,13947,12999,19899,18161,22076,21508,25829,26324,29116,30014,20814,23746,14969,18692,4314,7510,226440,213377,32461,30981,55115,52095,15512,45,56
2021-09-05T23:59:59+02:00,1533,1425,15580,14501,21311,19579,23315,22861,27104,27726,30296,31240,21446,24460,15384,19295,4481,7805,1099,982,13909,12963,19868,18124,22051,21480,25811,26307,29103,29994,20810,23738,14966,18690,4314,7510,226227,213158,32449,30901,55114,52094,15510,45,56
2021-09-04T23:59:59+02:00,1533,1425,15571,14498,21297,19573,23308,22856,27098,27720,30290,31237,21445,24457,15384,19294,4481,7805,1099,982,13900,12960,19854,18116,22044,21475,25804,26301,29097,29990,20809,23735,14966,18689,4314,7510,226226,213157,32449,30898,55114,52094,15440,45,56
2021-09-03T23:59:59+02:00,1530,1422,15554,14484,21265,19548,23277,22836,27075,27707,30275,31222,21438,24449,15384,19288,4481,7804,1099,982,13883,12946,19828,18097,22020,21460,25788,26291,29082,29979,20803,23728,14966,18686,4314,7510,226152,213138,32448,30893,55114,52093,15282,45,56
2021-09-02T23:59:59+02:00,1514,1402,15483,14425,21219,19499,23242,22787,27035,27666,30238,31196,21425,24439,15378,19275,4479,7798,1074,960,13790,12881,19784,18036,21975,21416,25745,26246,29043,29952,20792,23717,14961,18674,4313,7509,225733,212681,32443,30888,55112,52074,15169,45,56
2021-09-01T23:59:59+02:00,1463,1345,15346,14271,21099,19402,23173,22731,26968,27595,30186,31145,21407,24414,15370,19261,4476,7793,1042,920,13644,12758,19655,17939,21891,21347,25687,26176,28993,29889,20767,23687,14949,18661,4309,7504,224959,212096,32419,30691,55111,52062,14913,45,56
2021-08-31T23:59:59+02:00,1439,1330,15284,14200,21035,19350,23128,22689,26917,27552,30152,31113,21394,24401,15364,19252,4476,7792,1028,907,13570,12690,19608,17897,21858,21311,25654,26153,28965,29863,20761,23677,14946,18653,4308,7503,224497,211748,32418,30691,55110,52057,14800,45,56
2021-08-30T23:59:59+02:00,1416,1311,15216,14154,20988,19294,23096,22650,26880,27519,30119,31083,21381,24392,15360,19243,4474,7785,1023,892,13513,12648,19563,17846,21825,21286,25624,26116,28931,29838,20750,23662,14936,18644,4307,7499,224132,211446,32418,30688,55110,52055,14658,45,56
2021-08-29T23:59:59+02:00,1400,1299,15173,14108,20949,19263,23072,22626,26862,27495,30101,31068,21377,24383,15360,19241,4474,7784,1012,884,13460,12602,19540,17824,21798,21266,25603,26096,28918,29821,20742,23654,14933,18640,4305,7498,223843,211176,32417,30688,55110,52054,14622,45,56
2021-08-28T23:59:59+02:00,1400,1299,15167,14105,20938,19256,23066,22622,26859,27486,30098,31067,21376,24383,15360,19241,4474,7784,1012,884,13453,12598,19529,17817,21792,21262,25600,26087,28915,29820,20741,23654,14933,18640,4305,7498,223843,211174,32417,30688,55110,52054,14568,45,56
2021-08-27T23:59:59+02:00,1391,1292,15136,14077,20911,19241,23033,22606,26833,27474,30082,31047,21370,24375,15356,19240,4471,7781,1006,879,13424,12566,19493,17800,21764,21240,25571,26073,28898,29802,20735,23645,14930,18639,4304,7498,223707,211030,32417,30686,55107,52053,14442,45,56
2021-08-26T23:59:59+02:00,1378,1275,15092,14032,20864,19202,23003,22569,26800,27436,30050,31010,21355,24359,15349,19232,4468,7773,994,868,13357,12505,19417,17743,21704,21180,25515,26025,28858,29766,20721,23624,14920,18626,4303,7494,223415,210739,32398,30562,55107,51979,14284,45,56
2021-08-25T23:59:59+02:00,1333,1230,14947,13908,20755,19107,22923,22477,26721,27352,29993,30954,21332,24333,15339,19222,4464,7767,966,838,13235,12419,19336,17666,21637,21109,25445,25971,28813,29722,20693,23603,14912,18612,4302,7491,222559,210163,32382,30515,55107,51970,14067,44,55
2021-08-24T23:59:59+02:00,1309,1206,14884,13857,20712,19055,22868,22430,26685,27316,29963,30922,21314,24318,15333,19212,4463,7766,941,817,13138,12356,19274,17585,21600,21058,25400,25928,28783,29684,20675,23583,14905,18600,4300,7486,222138,209674,32352,30458,55106,51955,13975,44,51
2021-08-23T23:59:59+02:00,1291,1187,14815,13819,20670,19026,22838,22404,26650,27296,29939,30895,21295,24304,15328,19199,4462,7765,915,792,13022,12277,19211,17524,21546,21009,25359,25873,28738,29642,20656,23566,14899,18588,4297,7486,221824,209151,32336,30368,55106,51955,13875,44,51
2021-08-22T23:59:59+02:00,1282,1179,14800,13799,20653,19006,22826,22384,26635,27281,29922,30891,21288,24300,15326,19191,4460,7764,892,775,12963,12206,19158,17490,21517,20973,25338,25847,28712,29621,20649,23553,14898,18584,4297,7486,221648,208824,32317,30258,55106,51952,13874,44,51
2021-08-21T23:59:59+02:00,1282,1179,14791,13789,20642,18998,22816,22378,26631,27276,29911,30885,21288,24298,15326,19191,4460,7764,892,775,12953,12196,19148,17482,21509,20967,25332,25842,28702,29615,20649,23551,14898,18584,4297,7486,221643,208820,32317,30258,55106,51952,13797,44,51
2021-08-20T23:59:59+02:00,1275,1174,14761,13755,20607,18968,22793,22355,26605,27253,29894,30869,21285,24289,15324,19185,4460,7764,891,774,12934,12182,19123,17462,21492,20946,25319,25825,28683,29596,20645,23545,14897,18581,4297,7486,221448,208716,32317,30256,55106,51952,13703,44,51
2021-08-19T23:59:59+02:00,1256,1159,14702,13706,20567,18938,22761,22320,26583,27224,29869,30845,21274,24281,15321,19180,4459,7761,862,761,12800,12064,19033,17385,21405,20888,25249,25759,28624,29547,20624,23532,14891,18572,4295,7483,221140,208080,32285,30120,55106,51890,13633,44,51
2021-08-18T23:59:59+02:00,1233,1140,14620,13617,20451,18877,22685,22258,26516,27167,29811,30787,21249,24260,15315,19168,4457,7758,834,740,12660,11946,18894,17302,21308,20798,25163,25676,28541,29478,20592,23487,14880,18557,4294,7478,220727,207471,32267,29997,55105,51881,13228,44,51
2021-08-17T23:59:59+02:00,1222,1127,14580,13578,20410,18831,22647,22223,26481,27140,29795,30767,21236,24245,15304,19159,4453,7757,813,716,12552,11862,18814,17241,21229,20736,25111,25623,28505,29437,20573,23472,14871,18544,4292,7476,220439,206939,32232,29868,55105,51873,13137,44,50
2021-08-16T23:59:59+02:00,1210,1116,14531,13529,20375,18802,22618,22190,26460,27112,29761,30736,21223,24234,15297,19147,4451,7755,785,702,12455,11762,18723,17168,21159,20651,25044,25564,28439,29373,20550,23450,14861,18526,4291,7473,220171,206313,32230,29743,55105,51872,12999,44,49
2021-08-15T23:59:59+02:00,1200,1103,14492,13503,20346,18773,22589,22171,26447,27096,29751,30722,21218,24222,15292,19145,4450,7753,761,686,12391,11693,18672,17138,21108,20612,25008,25520,28420,29351,20540,23436,14857,18520,4289,7471,219947,205862,32230,29742,55105,51871,12949,44,49
2021-08-14T23:59:59+02:00,1200,1102,14485,13497,20336,18767,22580,22164,26433,27089,29746,30714,21215,24220,15291,19144,4450,7753,761,686,12383,11686,18660,17130,21098,20604,24994,25513,28415,29342,20537,23435,14856,18519,4289,7471,219946,205859,32229,29737,55105,51870,12864,44,49
2021-08-13T23:59:59+02:00,1197,1099,14476,13488,20322,18757,22568,22159,26426,27079,29730,30706,21206,24215,15290,19144,4450,7753,758,685,12368,11675,18649,17121,21085,20595,24988,25497,28401,29338,20531,23428,14854,18519,4289,7470,219889,205794,32228,29737,55105,51870,12801,44,49
2021-08-12T23:59:59+02:00,1177,1077,14419,13432,20279,18717,22544,22124,26398,27049,29699,30685,21194,24196,15286,19137,4450,7748,731,659,12201,11531,18514,17011,20992,20512,24908,25412,28334,29282,20510,23396,14841,18507,4286,7464,219561,205002,32216,29551,55105,51801,12688,43,49
2021-08-11T23:59:59+02:00,1161,1055,14350,13369,20236,18663,22500,22085,26365,27024,29671,30645,21180,24179,15283,19126,4447,7744,707,637,12062,11392,18432,16921,20912,20439,24859,25340,28291,29218,20477,23368,14834,18496,4284,7459,219157,204101,32144,29546,55105,51796,12636,43,49
2021-08-10T23:59:59+02:00,1146,1037,14269,13293,20178,18615,22465,22041,26332,26994,29637,30614,21166,24168,15283,19118,4446,7742,688,615,11945,11272,18332,16849,20846,20373,24807,25282,28247,29164,20450,23339,14820,18478,4283,7453,218735,203348,32112,29524,55105,51771,12551,43,49
2021-08-09T23:59:59+02:00,1129,1018,14183,13231,20097,18559,22416,21993,26281,26950,29599,30581,21147,24151,15277,19109,4441,7740,643,574,11763,11110,18162,16753,20720,20291,24711,25186,28167,29089,20412,23298,14806,18466,4280,7444,218288,202357,32091,29417,55104,51677,12378,43,46
2021-08-08T23:59:59+02:00,1115,1011,14140,13192,20075,18523,22390,21974,26266,26930,29583,30567,21140,24145,15274,19105,4440,7739,617,556,11680,11023,18076,16669,20653,20233,24648,25139,28121,29045,20390,23275,14793,18455,4280,7440,218058,201702,32060,29339,55103,51659,12347,43,46
2021-08-07T23:59:59+02:00,1115,1011,14125,13186,20065,18518,22385,21969,26254,26916,29568,30555,21138,24141,15270,19100,4439,7739,617,555,11665,11017,18060,16664,20648,20227,24635,25124,28104,29033,20388,23271,14789,18450,4279,7440,218055,201686,32059,29338,55102,51659,12237,43,46
2021-08-06T23:59:59+02:00,1115,1011,14115,13174,20052,18499,22371,21954,26232,26907,29555,30544,21135,24137,15267,19098,4439,7738,617,555,11654,11003,18037,16641,20632,20210,24614,25115,28091,29021,20385,23267,14786,18448,4279,7440,218047,201656,32055,29337,55102,51658,12098,43,46
2021-08-05T23:59:59+02:00,1103,992,14044,13132,20001,18465,22328,21911,26196,26850,29527,30520,21121,24122,15260,19089,4437,7735,582,525,11481,10894,17924,16541,20523,20111,24507,25025,28022,28972,20359,23242,14775,18434,4276,7438,217731,200871,32011,29246,55099,51517,11951,43,46
2021-08-04T23:59:59+02:00,1087,975,13980,13064,19896,18380,22263,21852,26155,26807,29476,30472,21098,24104,15250,19076,4437,7732,544,491,11295,10720,17693,16399,20347,19984,24389,24901,27912,28875,20331,23209,14762,18422,4273,7436,217461,199824,31849,29185,55098,51273,11655,43,46
2021-08-03T23:59:59+02:00,1063,957,13908,13000,19856,18329,22228,21810,26118,26765,29441,30441,21081,24079,15239,19062,4434,7722,487,449,11109,10548,17515,16271,20205,19849,24240,24777,27792,28766,20287,23161,14744,18390,4271,7430,217081,198384,31821,29150,55097,51218,11493,43,46
2021-08-02T23:59:59+02:00,1039,937,13823,12932,19797,18271,22176,21769,26062,26703,29389,30391,21052,24048,15229,19042,4431,7721,461,419,10941,10379,17341,16146,20057,19736,24122,24662,27705,28663,20242,23108,14725,18371,4268,7421,216599,197193,31790,29101,55097,51142,11285,43,46
2021-08-01T23:59:59+02:00,1029,922,13762,12885,19762,18254,22155,21747,26037,26682,29370,30375,21043,24036,15225,19035,4431,7720,425,388,10796,10234,17182,16038,19906,19628,23978,24558,27596,28583,20228,23084,14716,18357,4268,7417,216362,196305,31741,29010,55097,50793,11228,43,46
2021-07-31T23:59:59+02:00,1029,922,13737,12876,19744,18246,22139,21735,26023,26670,29362,30364,21040,24031,15224,19034,4430,7720,424,388,10770,10221,17161,16024,19888,19614,23965,24545,27588,28572,20225,23079,14715,18356,4267,7417,216358,196282,31741,29010,55097,50793,11088,43,46
2021-07-30T23:59:59+02:00,1021,912,13676,12829,19698,18224,22108,21716,25993,26648,29335,30346,21033,24023,15218,19032,4428,7719,403,370,10683,10145,17096,15980,19829,19578,23898,24504,27540,28546,20210,23057,14706,18352,4264,7415,216177,195888,31737,29010,55097,50726,10906,43,46
2021-07-29T23:59:59+02:00,997,893,13569,12743,19634,18163,22035,21663,25942,26592,29282,30308,21016,24013,15211,19025,4428,7717,358,330,10415,9884,16793,15738,19534,19359,23594,24273,27288,28382,20155,23002,14694,18331,4264,7414,215732,194131,31664,28898,55097,50037,10696,43,46
2021-07-28T23:59:59+02:00,969,863,13439,12615,19510,18055,21949,21580,25862,26513,29205,30240,20993,23977,15198,19013,4426,7715,323,290,10126,9679,16533,15547,19274,19171,23366,24080,27133,28239,20107,22928,14675,18308,4261,7409,215081,192785,31628,28816,55093,49524,10278,43,46
2021-07-27T23:59:59+02:00,938,842,13320,12522,19445,17994,21882,21527,25796,26456,29165,30195,20978,23957,15193,18993,4425,7709,275,235,9870,9465,16279,15317,19045,18984,23172,23905,26969,28103,20065,22875,14653,18281,4255,7400,214487,191114,31573,28657,55092,49187,10144,42,46
2021-07-26T23:59:59+02:00,914,824,13215,12427,19392,17937,21809,21462,25745,26423,29111,30134,20948,23933,15175,18974,4425,7705,226,206,9637,9214,16038,15109,18797,18784,22942,23738,26819,27975,19994,22814,14624,18245,4251,7394,213877,189353,31503,28556,55090,48809,10043,41,46
2021-07-25T23:59:59+02:00,895,812,13140,12355,19312,17886,21751,21408,25703,26375,29075,30089,20931,23916,15168,18968,4422,7704,203,186,9451,9073,15839,14955,18593,18645,22774,23629,26671,27855,19944,22766,14607,18232,4248,7391,213571,188445,31439,28407,55090,48394,9770,41,46
2021-07-24T23:59:59+02:00,895,812,13130,12345,19301,17879,21740,21404,25689,26368,29070,30083,20927,23915,15167,18967,4422,7704,203,186,9441,9057,15828,14947,18579,18640,22759,23619,26665,27847,19941,22763,14606,18231,4248,7391,213568,188425,31437,28403,55090,48394,9683,41,46
2021-07-23T23:59:59+02:00,887,810,13064,12307,19224,17845,21700,21371,25654,26330,29036,30047,20912,23898,15159,18963,4420,7701,203,185,9388,9028,15744,14904,18525,18599,22709,23579,26621,27808,19924,22746,14599,18225,4246,7388,213439,188262,31436,28397,55090,48393,9323,41,46
2021-07-22T23:59:59+02:00,875,796,12968,12225,19168,17775,21654,21341,25605,26282,29012,30024,20899,23880,15157,18957,4417,7699,149,142,9071,8751,15347,14655,18158,18342,22378,23332,26415,27673,19867,22689,14586,18203,4243,7383,212971,186431,31350,28142,55086,47478,9287,41,46
2021-07-21T23:59:59+02:00,853,768,12768,12057,19021,17651,21521,21242,25499,26178,28936,29952,20857,23845,15140,18934,4413,7694,126,122,8694,8435,14915,14330,17778,18068,22021,22997,26140,27463,19774,22601,14560,18165,4240,7374,212342,184527,31241,27789,55083,46818,8623,41,46
2021-07-20T23:59:59+02:00,823,743,12619,11921,18913,17564,21452,21164,25438,26113,28896,29901,20832,23812,15132,18918,4410,7691,96,95,8363,8129,14451,13995,17395,17792,21716,22767,25893,27276,19693,22492,14531,18130,4238,7368,211656,182370,31131,27626,55080,45944,8435,41,45
2021-07-19T23:59:59+02:00,794,716,12499,11804,18826,17494,21391,21105,25384,26059,28846,29864,20806,23782,15122,18904,4406,7685,75,64,8040,7875,14086,13742,17047,17544,21388,22561,25665,27134,19623,22416,14509,18108,4232,7362,210942,180326,31028,27468,55080,45233,8399,39,45
2021-07-18T23:59:59+02:00,776,698,12384,11695,18728,17416,21323,21052,25328,26005,28809,29810,20784,23761,15110,18893,4404,7683,62,53,7869,7724,13932,13618,16895,17420,21224,22448,25535,27052,19583,22376,14495,18092,4232,7359,210354,179391,30881,27361,55080,44866,8306,39,45
2021-07-17T23:59:59+02:00,776,698,12381,11695,18727,17413,21322,21052,25328,26005,28809,29810,20784,23761,15110,18893,4404,7683,62,53,7862,7723,13928,13613,16894,17419,21223,22447,25534,27050,19580,22375,14495,18092,4232,7359,210349,179369,30881,27360,55080,44864,8303,39,45
2021-07-16T23:59:59+02:00,769,693,12308,11641,18685,17382,21287,21025,25295,25982,28784,29791,20782,23758,15110,18891,4404,7683,58,50,7706,7622,13769,13543,16750,17360,21083,22388,25428,27002,19561,22353,14494,18086,4232,7356,210140,178912,30881,27286,55080,44467,8131,39,45
2021-07-15T23:59:59+02:00,754,673,12236,11569,18623,17323,21231,20977,25246,25941,28756,29763,20767,23741,15105,18882,4403,7680,56,47,7364,7304,13160,13133,16077,16934,20447,22016,24970,26689,19415,22212,14452,18040,4229,7349,209659,176674,30795,26379,55073,42691,8105,39,45
2021-07-14T23:59:59+02:00,725,653,12028,11430,18452,17214,21112,20881,25141,25839,28668,29663,20733,23707,15086,18866,4400,7677,48,36,6947,6946,12496,12680,15387,16445,19814,21558,24504,26346,19197,21987,14420,17992,4221,7338,208844,173843,30634,26040,55070,40745,7689,39,45
2021-07-13T23:59:59+02:00,681,618,11891,11296,18329,17129,20999,20785,25045,25746,28598,29597,20704,23668,15066,18856,4398,7667,38,25,6488,6521,11863,12181,14691,15942,19211,21146,24066,26023,19015,21771,14376,17931,4217,7329,207822,170187,30497,25867,55059,39081,7657,39,42
2021-07-12T23:59:59+02:00,646,587,11766,11159,18213,17040,20905,20677,24945,25647,28517,29530,20678,23634,15058,18844,4393,7660,33,19,6073,6109,11254,11646,14067,15406,18655,20651,23647,25662,18818,21581,14311,17873,4208,7325,206803,166500,30369,25043,55056,38120,7633,39,42
2021-07-11T23:59:59+02:00,610,560,11651,11068,18151,16976,20848,20621,24890,25599,28459,29481,20659,23614,15049,18835,4393,7659,30,18,5883,5941,10998,11440,13835,15206,18409,20462,23439,25475,18745,21499,14284,17847,4207,7319,206164,165109,30251,24573,55054,37695,7618,37,42
2021-07-10T23:59:59+02:00,609,559,11643,11067,18147,16975,20844,20619,24887,25598,28458,29481,20659,23614,15048,18833,4393,7659,30,18,5876,5940,10993,11434,13825,15202,18409,20460,23437,25473,18743,21498,14283,17847,4207,7319,206144,165080,30247,24572,55054,37688,7612,37,42
2021-07-09T23:59:59+02:00,581,536,11533,10940,18072,16892,20774,20557,24812,25522,28408,29435,20636,23594,15045,18823,4393,7658,30,17,5841,5906,10963,11401,13775,15180,18378,20428,23418,25450,18738,21488,14281,17844,4207,7318,205272,164847,30246,24522,55054,37650,7603,37,41
2021-07-08T23:59:59+02:00,546,508,11368,10804,17945,16786,20640,20456,24703,25394,28290,29356,20592,23546,15029,18794,4390,7650,27,14,5495,5649,10448,11003,13155,14729,17713,19868,22810,24981,18419,21090,14184,17761,4202,7308,204497,162528,30218,23714,55026,35553,7020,37,41
2021-07-07T23:59:59+02:00,486,456,11199,10656,17860,16700,20568,20388,24630,25316,28229,29293,20564,23510,15024,18782,4388,7642,22,14,5189,5357,9923,10554,12576,14246,17029,19347,22244,24479,18104,20725,14082,17664,4195,7285,203483,160063,30193,22251,55008,33709,6971,37,41
2021-07-06T23:59:59+02:00,445,422,11073,10504,17745,16605,20474,20285,24552,25223,28138,29214,20538,23470,15015,18765,4386,7639,15,8,4791,4926,9321,10033,11868,13642,16319,18732,21729,23985,17785,20419,13981,17547,4186,7275,202338,155867,30187,21303,54999,32418,6933,37,41
2021-07-05T23:59:59+02:00,423,395,10987,10415,17655,16534,20396,20213,24492,25171,28097,29177,20515,23449,15003,18757,4385,7636,12,7,4507,4607,8827,9584,11309,13087,15610,18087,21105,23378,17391,20021,13846,17389,4178,7267,201597,151973,30184,20623,54990,30682,6893,37,41
2021-07-04T23:59:59+02:00,410,389,10915,10360,17589,16479,20347,20164,24461,25136,28081,29159,20506,23438,14998,18754,4384,7635,12,7,4361,4517,8696,9417,11118,12913,15366,17875,20838,23105,17118,19730,13786,17297,4174,7263,201122,150654,30178,20315,54989,29703,6880,37,41
2021-07-03T23:59:59+02:00,408,388,10907,10348,17577,16473,20345,20161,24460,25135,28078,29158,20506,23437,14998,18754,4384,7635,12,7,4356,4508,8689,9413,11115,12913,15360,17875,20834,23101,17118,19724,13786,17297,4174,7263,201092,150637,30176,20315,54989,29693,6859,37,41
2021-07-02T23:59:59+02:00,365,325,10763,10238,17461,16374,20240,20085,24386,25071,28015,29099,20480,23411,14992,18740,4384,7632,12,7,4270,4429,8527,9276,10977,12801,15238,17767,20722,22997,17076,19693,13779,17282,4174,7260,200211,149648,30176,20314,54989,29635,6649,37,41
2021-07-01T23:59:59+02:00,318,282,10630,10103,17337,16280,20116,19995,24302,24996,27951,29047,20460,23387,14976,18725,4381,7628,12,5,4064,4230,8221,8942,10606,12389,14668,17266,20210,22457,16787,19392,13573,17067,4164,7238,199137,146573,30119,19631,54983,28407,6639,37,41
2021-06-30T23:59:59+02:00,235,221,10377,9863,17162,16131,19982,19863,24186,24872,27872,28958,20438,23355,14957,18707,4380,7627,12,4,3869,4037,7917,8606,10199,11925,14176,16711,19633,21823,16465,19048,13300,16789,4151,7211,197488,142894,30064,19379,54975,26939,6623,37,41
2021-06-29T23:59:59+02:00,191,184,10229,9688,17026,16036,19879,19771,24117,24796,27814,28891,20411,23328,14943,18687,4380,7623,11,4,3667,3779,7520,8157,9723,11389,13521,16039,19016,21121,16146,18720,13050,16499,4144,7197,196339,138616,30059,19081,54971,25375,6590,36,41
2021-06-28T23:59:59+02:00,142,132,10035,9503,16902,15930,19775,19668,24022,24700,27746,28829,20381,23298,14929,18668,4378,7621,10,3,3466,3524,7119,7717,9284,10898,12970,15502,18518,20601,15894,18455,12931,16366,4138,7186,195154,134776,29945,18661,54968,24547,6557,36,41
2021-06-27T23:59:59+02:00,124,115,9895,9392,16845,15869,19714,19618,23963,24650,27719,28804,20369,23282,14926,18664,4377,7618,10,3,3376,3459,6941,7519,9093,10697,12739,15262,18256,20340,15771,18349,12866,16279,4138,7182,194520,133577,29887,18314,54964,23810,6538,36,41
2021-06-26T23:59:59+02:00,124,115,9894,9386,16843,15865,19711,19617,23961,24649,27719,28803,20369,23282,14926,18664,4377,7618,10,3,3374,3458,6938,7517,9090,10695,12736,15259,18254,20338,15768,18348,12866,16276,4138,7182,194502,133555,29886,18314,54964,23804,6536,36,41
2021-06-25T23:59:59+02:00,120,112,9847,9347,16801,15829,19677,19584,23925,24621,27694,28784,20363,23275,14924,18661,4377,7618,10,3,3353,3412,6864,7406,8991,10537,12621,15062,18105,20129,15743,18318,12858,16273,4137,7181,194176,133365,29850,17958,54963,23104,6535,36,41
2021-06-24T23:59:59+02:00,110,101,9719,9223,16617,15703,19543,19459,23803,24532,27635,28723,20349,23259,14917,18652,4376,7616,9,3,3228,3269,6644,7075,8678,10084,12086,14436,17551,19418,15519,18086,12710,16142,4134,7169,193334,130956,29509,17099,54962,21648,6497,36,41
2021-06-23T23:59:59+02:00,104,96,9590,9082,16475,15575,19424,19357,23706,24426,27568,28676,20334,23237,14913,18647,4373,7615,9,3,3025,3032,6287,6593,8174,9512,11382,13611,16786,18433,15222,17743,12559,16000,4124,7144,192407,126392,29345,16121,54951,20627,6459,36,40
2021-06-22T23:59:59+02:00,73,70,9301,8780,16242,15376,19239,19206,23559,24301,27497,28592,20309,23211,14905,18628,4369,7609,9,3,2791,2748,5804,6046,7550,8750,10466,12566,15763,17228,14925,17384,12452,15876,4111,7121,190718,119950,29141,15629,54947,19552,6426,35,36
2021-06-21T23:59:59+02:00,68,62,9174,8625,16067,15223,19049,19053,23427,24178,27436,28514,20285,23182,14900,18618,4369,7605,9,3,2644,2557,5423,5585,7087,8164,9735,11690,15034,16296,14647,17070,12343,15755,4106,7104,189514,115253,28920,15071,54944,18471,6422,35,35
2021-06-20T23:59:59+02:00,65,60,9037,8498,15929,15103,18937,18966,23353,24107,27396,28463,20274,23161,14889,18611,4366,7604,9,3,2584,2489,5253,5403,6872,7898,9427,11351,14667,15891,14510,16934,12303,15718,4101,7098,188619,113539,28805,14835,54943,17685,6417,35,35
2021-06-19T23:59:59+02:00,65,60,9036,8491,15925,15094,18934,18966,23351,24106,27396,28462,20274,23161,14889,18611,4366,7604,9,3,2581,2488,5252,5397,6870,7896,9426,11350,14665,15887,14508,16934,12303,15718,4101,7098,188595,113519,28802,14831,54942,17684,6417,35,35
2021-06-18T23:59:59+02:00,65,56,9004,8479,15912,15085,18918,18958,23344,24097,27390,28457,20274,23158,14888,18611,4366,7604,9,3,2553,2455,5196,5339,6791,7795,9328,11192,14494,15659,14429,16833,12292,15696,4099,7095,188472,112733,28801,14830,54941,17243,6417,35,35
2021-06-17T23:59:59+02:00,58,53,8823,8316,15681,14917,18718,18801,23187,23965,27255,28363,20250,23137,14881,18599,4364,7601,9,3,2413,2306,4872,5038,6401,7390,8783,10588,13664,14785,14191,16538,12219,15573,4095,7084,187133,109848,28796,13879,54934,16119,6071,35,35
2021-06-16T23:59:59+02:00,50,51,8597,8105,15449,14687,18507,18602,22995,23796,27149,28253,20221,23094,14867,18579,4360,7595,9,3,2300,2199,4631,4833,6046,7049,8251,10100,12946,13940,13840,16156,12134,15484,4090,7072,185352,106387,28693,13077,54931,15638,5946,35,35
2021-06-15T23:59:59+02:00,41,38,8254,7771,15073,14329,18186,18313,22744,23584,26989,28121,20191,23060,14854,18564,4358,7584,9,3,2120,2029,4281,4482,5540,6484,7369,9210,11751,12657,13298,15537,12013,15321,4075,7049,182760,100137,28655,12411,54929,14970,5675,35,35
2021-06-14T23:59:59+02:00,35,33,8073,7606,14813,14094,17982,18139,22592,23462,26876,28039,20168,23027,14840,18556,4354,7576,7,3,2007,1906,4024,4231,5152,6013,6710,8487,10824,11599,12980,15187,11942,15224,4065,7030,181172,95285,28629,12049,54926,14519,5503,35,35
2021-06-13T23:59:59+02:00,35,33,7999,7551,14729,14004,17866,18027,22509,23384,26847,28009,20155,23016,14836,18550,4354,7576,5,3,1965,1880,3942,4134,5033,5873,6476,8249,10529,11266,12824,15009,11884,15167,4064,7029,180414,93908,28618,11758,54921,14139,5492,35,35
2021-06-12T23:59:59+02:00,35,33,7998,7549,14729,14001,17866,18027,22507,23383,26846,28006,20154,23015,14836,18550,4354,7576,5,3,1964,1878,3940,4134,5031,5872,6473,8244,10525,11260,12821,15008,11884,15165,4064,7029,180400,93884,28618,11758,54920,14131,5492,35,35
2021-06-11T23:59:59+02:00,35,32,7932,7508,14639,13954,17789,17976,22438,23347,26802,27983,20152,23011,14836,18549,4354,7576,5,3,1946,1864,3905,4076,4987,5805,6412,8161,10425,11154,12781,14972,11873,15159,4064,7029,180060,93665,28540,11750,54919,13812,5359,35,35
2021-06-10T23:59:59+02:00,30,25,7592,7212,14245,13589,17356,17599,22108,23066,26606,27802,20108,22966,14823,18531,4351,7564,3,3,1846,1783,3690,3910,4711,5530,6086,7792,9807,10544,12261,14311,11803,15051,4057,7022,177462,90499,28041,11370,54908,13182,5127,35,32
2021-06-09T23:59:59+02:00,29,22,7227,6863,13783,13158,16839,17134,21718,22696,26389,27588,20034,22896,14805,18496,4348,7556,3,3,1684,1668,3494,3731,4456,5262,5697,7382,9030,9827,11594,13474,11682,14909,4047,7010,174225,86240,27495,10737,54896,13014,4930,35,32
2021-06-08T23:59:59+02:00,24,18,6851,6462,13270,12670,16371,16663,21358,22355,26172,27386,19977,22816,14774,18461,4346,7549,3,3,1593,1594,3276,3499,4133,4909,5186,6893,8146,8905,10708,12395,11538,14750,4043,6994,170814,80577,27000,10439,54887,12734,4787,35,31
2021-06-07T23:59:59+02:00,21,15,6577,6180,12828,12295,15972,16263,21033,22058,26009,27228,19940,22762,14753,18441,4339,7543,3,3,1533,1523,3082,3327,3860,4681,4782,6514,7432,8151,9793,11247,11426,14603,4032,6976,168253,75830,26572,10065,54866,12510,4532,34,31
2021-06-06T23:59:59+02:00,21,15,6436,6048,12685,12140,15810,16107,20867,21895,25922,27141,19920,22725,14742,18431,4338,7539,3,3,1518,1500,3007,3285,3766,4616,4675,6433,7290,8019,9534,10978,11380,14554,4029,6971,167027,75141,26465,9641,54845,12337,4411,34,31
2021-06-05T23:59:59+02:00,21,15,6426,6044,12671,12125,15800,16098,20864,21890,25922,27138,19920,22725,14742,18431,4338,7539,3,3,1516,1498,3004,3283,3765,4615,4672,6433,7285,8013,9526,10973,11380,14554,4029,6971,166967,75109,26452,9639,54845,12333,4411,34,31
2021-06-04T23:59:59+02:00,21,15,6391,6004,12610,12075,15740,16047,20836,21858,25901,27121,19916,22719,14739,18431,4338,7539,3,3,1513,1492,2991,3271,3746,4599,4662,6417,7246,7969,9494,10903,11342,14513,4028,6970,166861,74826,26193,9625,54820,12287,4393,34,31
2021-06-03T23:59:59+02:00,21,14,6158,5780,12311,11825,15417,15736,20503,21519,25644,26909,19869,22644,14719,18410,4337,7535,2,3,1471,1449,2916,3204,3648,4518,4549,6316,7047,7783,9114,10451,11291,14439,4028,6965,164378,73515,25946,9325,54817,12147,4176,34,31
2021-06-02T23:59:59+02:00,21,14,6091,5720,12238,11762,15344,15667,20431,21457,25627,26885,19865,22641,14716,18407,4336,7534,2,3,1458,1438,2896,3187,3631,4503,4513,6298,7012,7744,9033,10340,11282,14414,4027,6964,164019,73143,25765,9316,54816,12136,4122,34,28
2021-06-01T23:59:59+02:00,17,14,5638,5227,11503,11063,14520,14933,19713,20791,25215,26502,19775,22552,14682,18360,4328,7526,2,3,1346,1330,2598,2915,3252,4170,4023,5839,6181,6938,7841,8711,11035,14067,4013,6947,158985,67718,25111,8408,54788,11619,3441,34,25
2021-05-31T23:59:59+02:00,15,14,5390,4928,11062,10638,13992,14440,19234,20291,24909,26164,19683,22466,14644,18314,4319,7510,2,3,1286,1275,2444,2782,3049,3999,3737,5544,5621,6403,6822,7424,10790,13748,4004,6913,155520,63668,24422,7487,54781,11410,3256,34,25
2021-05-30T23:59:59+02:00,15,14,5312,4853,10875,10514,13825,14262,18885,19967,24666,25916,19651,22435,14636,18294,4318,7508,2,3,1267,1261,2415,2747,3000,3953,3669,5488,5516,6312,6646,7192,10752,13673,4001,6903,154021,62919,23917,7424,54753,11211,3221,34,25
2021-05-29T23:59:59+02:00,15,14,5309,4853,10875,10510,13820,14259,18885,19966,24665,25913,19651,22435,14636,18294,4318,7508,2,3,1266,1257,2413,2744,2996,3950,3669,5486,5514,6310,6641,7189,10752,13673,4001,6903,154002,62907,23917,7420,54752,11197,3221,34,24
2021-05-28T23:59:59+02:00,15,14,5293,4839,10854,10473,13793,14239,18868,19948,24656,25903,19649,22432,14634,18291,4318,7507,2,3,1260,1256,2412,2737,2993,3948,3662,5480,5499,6294,6624,7172,10743,13651,4000,6899,153811,62801,23915,7420,54748,11173,3218,34,23
2021-05-27T23:59:59+02:00,12,13,5000,4560,10326,10017,13207,13710,18178,19334,24075,25366,19549,22317,14601,18245,4307,7495,2,3,1097,1116,2126,2542,2691,3659,3365,5124,5170,6013,6323,6755,10515,13367,3995,6883,150544,60944,22928,7383,54640,10230,2166,34,23
2021-05-26T23:59:59+02:00,12,13,4737,4307,9893,9638,12690,13190,17564,18725,23441,24690,19425,22167,14554,18190,4301,7478,2,3,1018,1034,1965,2390,2491,3460,3102,4880,4782,5661,5763,6105,10140,12828,3979,6847,146452,57785,22171,7345,54518,9457,1840,34,23
2021-05-25T23:59:59+02:00,12,12,4523,4080,9481,9166,12233,12682,17027,18147,22921,24051,19293,21995,14522,18111,4292,7464,2,3,971,989,1902,2300,2381,3323,2929,4675,4436,5283,5176,5371,9686,12227,3963,6822,142418,54218,21337,7330,54387,9032,1836,34,23
2021-05-24T23:59:59+02:00,12,12,4411,3923,9270,8962,12029,12422,16725,17828,22591,23648,19217,21916,14507,18091,4290,7463,2,3,954,939,1841,2256,2306,3262,2842,4593,4313,5165,5029,5211,9596,12099,3960,6814,140912,53502,20379,7275,54211,8605,1781,34,22
2021-05-23T23:59:59+02:00,12,12,4399,3923,9264,8959,12016,12412,16714,17821,22575,23627,19212,21911,14506,18089,4290,7463,2,3,952,934,1839,2251,2301,3260,2835,4588,4305,5148,5022,5197,9587,12086,3959,6813,140805,53420,20376,7262,54210,8599,1780,34,21
2021-05-22T23:59:59+02:00,12,12,4395,3920,9260,8956,12008,12406,16709,17817,22572,23625,19212,21911,14506,18089,4290,7463,2,3,952,934,1838,2248,2298,3260,2834,4588,4305,5146,5020,5196,9586,12086,3959,6813,140775,53413,20376,7262,54198,8592,1780,34,21
2021-05-21T23:59:59+02:00,12,12,4363,3884,9189,8880,11934,12319,16619,17742,22507,23557,19193,21892,14502,18082,4290,7461,2,3,906,925,1806,2238,2265,3250,2802,4563,4256,5117,4996,5172,9573,12079,3958,6812,140117,53340,20376,7262,54179,8368,1732,34,21
2021-05-20T23:59:59+02:00,9,11,4109,3705,8737,8520,11453,11903,15950,17238,21924,22977,19008,21723,14470,18043,4285,7450,2,3,760,862,1547,2077,2023,3091,2559,4341,4006,4884,4839,5009,9457,11933,3950,6788,136720,52609,19998,7163,53759,7334,1005,33,20
2021-05-19T23:59:59+02:00,9,11,3867,3466,8238,8055,10876,11357,15277,16529,21246,22252,18808,21492,14429,17993,4279,7432,2,3,713,815,1486,1994,1946,2988,2492,4213,3861,4723,4662,4796,9254,11703,3930,6759,131324,51520,19815,7030,53461,6786,984,32,20
2021-05-18T23:59:59+02:00,8,10,3578,3203,7695,7520,10148,10662,14318,15587,20303,21195,18547,21207,14373,17933,4273,7410,2,3,659,767,1432,1908,1870,2877,2362,4071,3683,4520,4390,4504,9051,11452,3917,6732,124288,50285,19716,6829,53023,6158,911,32,17
2021-05-17T23:59:59+02:00,8,10,3389,2995,7236,7055,9642,10120,13589,14800,19618,20394,18361,20943,14324,17867,4262,7395,2,3,603,711,1351,1845,1795,2796,2249,3995,3546,4406,4143,4273,8907,11238,3904,6703,119050,49477,19476,6615,52555,5466,895,32,17
2021-05-16T23:59:59+02:00,8,9,3261,2921,7032,6881,9439,9905,13335,14565,19389,20163,18284,20863,14310,17848,4261,7389,2,3,590,666,1311,1796,1751,2734,2211,3902,3481,4322,4052,4171,8886,11209,3902,6701,117429,49326,19237,6447,52274,5009,891,32,17
2021-05-15T23:59:59+02:00,8,9,3260,2917,7025,6871,9437,9899,13332,14563,19386,20153,18282,20862,14310,17848,4261,7389,2,3,590,666,1308,1794,1747,2733,2208,3902,3480,4322,4050,4169,8886,11209,3902,6700,117383,49316,19237,6446,52271,5003,889,32,17
2021-05-14T23:59:59+02:00,8,9,3219,2872,6906,6729,9305,9760,13179,14379,19214,20016,18257,20836,14309,17840,4260,7386,2,3,570,653,1286,1771,1717,2711,2174,3875,3434,4285,3998,4110,8878,11202,3902,6699,116964,49272,18487,6290,52185,4875,816,32,17
2021-05-13T23:59:59+02:00,8,9,3103,2714,6580,6405,8867,9362,12629,13897,18612,19419,18128,20692,14276,17803,4255,7384,1,2,537,629,1235,1714,1661,2638,2087,3770,3283,4165,3894,3973,8855,11182,3899,6695,114076,49173,17790,5899,51579,4466,667,31,15
2021-05-12T23:59:59+02:00,8,9,3076,2683,6545,6367,8818,9308,12488,13784,18428,19215,18095,20658,14268,17793,4255,7384,1,2,536,627,1233,1709,1655,2634,2077,3764,3269,4157,3881,3959,8847,11175,3899,6694,113362,49144,17564,5869,51561,4427,664,31,15
2021-05-11T23:59:59+02:00,6,9,2690,2426,5750,5873,7844,8495,11093,12616,16861,17738,17591,20094,14184,17688,4237,7361,0,2,498,568,1104,1602,1489,2478,1891,3586,3048,3894,3772,3845,8779,11082,3894,6689,105956,48902,16941,5672,49490,3493,139,30,15
2021-05-10T23:59:59+02:00,6,7,2505,2260,5274,5493,7151,7869,10062,11701,15562,16365,17211,19642,14121,17574,4229,7337,0,2,474,543,1060,1563,1445,2424,1829,3484,2929,3763,3689,3772,8740,11034,3890,6685,100141,48782,16031,5441,48033,2954,134,30,15
2021-05-09T23:59:59+02:00,6,7,2424,2228,5137,5409,6965,7750,9651,11359,15016,15835,17093,19502,14101,17545,4226,7332,0,2,459,525,1025,1504,1374,2340,1770,3362,2817,3609,3603,3679,8717,11001,3887,6682,98561,48693,15441,5170,47423,2347,131,30,15
2021-05-08T23:59:59+02:00,6,7,2420,2226,5135,5409,6963,7747,9646,11355,15014,15834,17093,19502,14100,17545,4226,7332,0,2,458,524,1024,1503,1374,2339,1770,3362,2816,3608,3601,3679,8716,11001,3887,6682,98540,48686,15438,5170,47421,2344,131,30,15
2021-05-07T23:59:59+02:00,6,7,2250,2163,4864,5314,6599,7594,9196,11142,14571,15513,16916,19300,14088,17516,4226,7330,0,2,448,522,1013,1490,1359,2325,1735,3352,2767,3574,3555,3639,8636,10920,3887,6679,97832,48662,14919,4819,45687,2280,127,30,15
2021-05-06T23:59:59+02:00,6,7,2018,2030,4317,4970,5939,7219,8424,10582,13598,14693,16518,18850,14039,17422,4214,7317,0,2,418,474,972,1390,1272,2161,1627,3128,2544,3292,3377,3439,8457,10727,3878,6665,95244,48220,13684,4211,43148,1319,58,29,15
2021-05-05T23:59:59+02:00,6,7,1895,1921,4036,4746,5509,6848,7731,9989,12479,13636,15840,18014,13935,17320,4205,7293,0,2,410,460,958,1362,1244,2119,1592,3052,2483,3208,3326,3399,8378,10628,3872,6655,90834,48085,12364,4061,42142,945,42,28,15
2021-05-04T23:59:59+02:00,6,7,1810,1836,3771,4510,5099,6492,7065,9413,11261,12392,14922,16886,13826,17183,4201,7279,0,2,405,450,940,1341,1225,2076,1574,3013,2439,3152,3280,3350,8290,10516,3866,6641,85023,47941,11727,3862,41154,713,29,26,15
2021-05-03T23:59:59+02:00,5,7,1760,1782,3619,4385,4867,6280,6682,9081,10532,11656,14195,15905,13738,17068,4192,7262,0,2,399,440,934,1325,1210,2043,1553,2971,2406,3106,3227,3310,8175,10414,3861,6635,80592,47810,11523,3641,40852,523,23,26,14
2021-05-02T23:59:59+02:00,5,7,1750,1764,3544,4358,4782,6227,6611,9020,10413,11541,14008,15711,13706,17041,4191,7257,0,2,397,430,927,1310,1206,2026,1549,2957,2390,3089,3209,3291,8137,10382,3860,6631,80028,47782,11246,3541,40618,438,18,26,14
2021-05-01T23:59:59+02:00,5,7,1747,1764,3542,4357,4781,6225,6608,9018,10408,11537,14005,15711,13705,17040,4191,7254,0,2,396,430,927,1310,1205,2025,1549,2956,2390,3089,3209,3291,8137,10382,3860,6630,79999,47778,11246,3541,40617,438,17,26,14
2021-04-30T23:59:59+02:00,5,7,1744,1756,3536,4348,4774,6213,6587,9003,10369,11498,13954,15637,13679,17009,4190,7253,0,2,396,427,925,1308,1205,2025,1549,2956,2387,3087,3209,3289,8136,10380,3860,6630,79669,47769,11245,3540,40607,432,16,25,14
2021-04-29T23:59:59+02:00,5,7,1624,1715,3296,4233,4499,6058,6268,8752,9952,11104,13371,14932,13575,16852,4184,7245,0,2,387,416,916,1285,1185,1991,1524,2920,2358,3039,3195,3278,8123,10362,3857,6626,76880,47654,10860,3538,39893,243,15,24,14
2021-04-28T23:59:59+02:00,5,7,1499,1667,3120,4132,4266,5879,5910,8478,9364,10612,12491,13750,13419,16642,4175,7231,0,2,377,405,899,1272,1169,1962,1486,2876,2287,2969,3038,3142,8009,10246,3850,6615,72376,47226,10675,3122,39560,229,13,23,14
2021-04-27T23:59:59+02:00,5,7,1461,1622,3011,4014,4063,5737,5604,8220,8741,9942,11453,12438,13189,16285,4164,7209,0,2,365,389,889,1251,1154,1926,1459,2803,2240,2908,2999,3097,7981,10214,3843,6610,67567,47008,10489,2948,39076,147,13,20,14
2021-04-26T23:59:59+02:00,5,7,1436,1587,2900,3936,3891,5594,5291,8006,8249,9500,10695,11510,13044,16080,4153,7191,0,2,364,384,879,1240,1137,1914,1429,2782,2211,2877,2949,3045,7931,10164,3837,6605,64147,46904,10299,2693,38596,126,13,20,14
2021-04-25T23:59:59+02:00,5,7,1425,1580,2830,3903,3793,5534,5153,7959,8053,9391,10497,11273,13007,16026,4152,7186,0,2,363,379,870,1234,1119,1898,1414,2763,2187,2850,2907,3012,7883,10116,3836,6600,63629,46821,10096,2485,38016,100,13,20,14
2021-04-24T23:59:59+02:00,5,7,1424,1580,2830,3900,3792,5533,5151,7957,8049,9387,10490,11269,13007,16026,4152,7186,0,2,363,379,870,1233,1119,1895,1412,2762,2186,2850,2907,3012,7883,10116,3836,6600,63601,46815,10096,2484,38015,99,13,20,14
2021-04-23T23:59:59+02:00,5,7,1407,1569,2761,3866,3709,5503,5033,7909,7912,9327,10403,11155,12983,15985,4150,7182,0,2,362,379,869,1230,1119,1895,1411,2762,2186,2850,2906,3012,7882,10116,3836,6600,63462,46809,9816,2483,37555,98,13,20,14
2021-04-22T23:59:59+02:00,5,7,1364,1539,2653,3802,3548,5396,4800,7754,7559,9089,9828,10458,12716,15686,4144,7158,0,2,356,378,860,1221,1109,1882,1399,2735,2158,2829,2870,2979,7792,10006,3824,6583,61825,46393,9156,2474,36492,89,13,20,14
2021-04-21T23:59:59+02:00,5,7,1332,1502,2572,3720,3429,5294,4581,7574,7147,8762,8935,9425,12300,15107,4131,7116,0,2,351,376,855,1204,1100,1861,1381,2705,2127,2801,2811,2922,7677,9838,3806,6555,59081,45907,8287,2349,35538,89,13,20,14
2021-04-20T23:59:59+02:00,4,7,1309,1475,2501,3645,3329,5197,4407,7391,6762,8428,8041,8295,11835,14517,4117,7102,0,2,345,371,843,1191,1090,1839,1356,2682,2093,2758,2750,2865,7526,9649,3774,6500,56218,45182,7521,2343,34592,83,12,19,14
2021-04-19T23:59:59+02:00,4,7,1292,1458,2466,3608,3268,5130,4297,7288,6523,8192,7404,7519,11582,14161,4106,7084,0,2,343,369,837,1181,1084,1827,1333,2669,2059,2730,2695,2821,7409,9482,3751,6461,54260,44619,7147,2329,33951,79,12,19,14
2021-04-18T23:59:59+02:00,4,6,1282,1446,2432,3581,3228,5108,4244,7232,6386,8061,7050,7131,11488,14057,4103,7072,0,2,343,367,835,1177,1083,1819,1331,2656,2053,2725,2689,2807,7382,9449,3749,6457,53732,44493,6688,2326,33460,79,12,19,14
2021-04-17T23:59:59+02:00,4,6,1281,1444,2432,3579,3227,5104,4239,7229,6379,8051,7035,7121,11486,14055,4103,7072,0,2,343,367,834,1176,1083,1819,1329,2655,2052,2723,2686,2804,7381,9449,3749,6457,53710,44480,6686,2325,33421,79,12,18,13
2021-04-16T23:59:59+02:00,4,6,1278,1442,2421,3570,3219,5096,4220,7210,6328,8018,6958,7036,11473,14041,4101,7070,0,2,343,365,829,1174,1081,1819,1327,2654,2049,2723,2685,2797,7379,9447,3748,6457,53651,44454,6448,2321,33362,79,12,18,13
2021-04-15T23:59:59+02:00,2,4,1242,1422,2366,3521,3124,5037,4059,7082,6070,7785,6416,6479,11223,13753,4086,7038,0,2,336,363,810,1153,1042,1759,1282,2582,1975,2628,2605,2725,7290,9358,3738,6440,52563,43858,6058,2135,32058,73,12,18,10
2021-04-14T23:59:59+02:00,2,4,1221,1408,2330,3493,3054,4974,3951,6978,5880,7575,5772,5776,10830,13261,4054,6988,0,2,328,360,798,1143,1024,1732,1250,2541,1924,2576,2526,2655,7140,9162,3719,6414,51152,43189,5850,2011,30520,73,11,18,10
2021-04-13T23:59:59+02:00,2,4,1206,1397,2297,3462,2997,4910,3840,6898,5631,7354,5233,5224,10489,12848,4031,6960,0,2,307,346,779,1113,1002,1711,1226,2505,1886,2535,2460,2589,7021,9024,3683,6353,50120,42499,5645,1952,28989,70,11,18,10
2021-04-12T23:59:59+02:00,2,4,1191,1390,2270,3439,2946,4865,3711,6816,5422,7204,4904,4931,10237,12567,4022,6936,0,2,291,342,766,1108,985,1695,1212,2482,1835,2489,2382,2528,6906,8882,3669,6330,49649,41919,5445,1903,27737,63,9,17,10
2021-04-11T23:59:59+02:00,2,4,1185,1376,2250,3418,2912,4845,3650,6745,5278,7093,4671,4731,10051,12368,4016,6925,0,2,284,340,761,1100,976,1680,1201,2454,1813,2457,2328,2469,6822,8774,3655,6310,49560,41504,5208,1842,26730,62,8,14,10
2021-04-10T23:59:59+02:00,2,4,1185,1375,2247,3413,2909,4841,3644,6741,5268,7081,4665,4720,10043,12355,4016,6925,0,2,281,336,745,1093,962,1675,1177,2433,1741,2405,2240,2382,6763,8727,3653,6306,49504,41331,5206,1512,26703,61,7,14,10
2021-04-09T23:59:59+02:00,2,4,1181,1371,2240,3411,2900,4831,3635,6730,5239,7057,4640,4692,10016,12324,4015,6925,0,2,272,333,725,1083,946,1654,1143,2386,1649,2329,2020,2113,6608,8567,3631,6273,49425,40476,5200,1180,26567,61,7,14,10
2021-04-08T23:59:59+02:00,2,4,1157,1351,2187,3354,2814,4741,3493,6600,5002,6824,4247,4284,9471,11749,3996,6871,0,2,247,311,675,1024,888,1581,1070,2290,1513,2209,1742,1776,6139,8004,3543,6126,48958,37896,4670,1177,24498,50,7,14,10
2021-04-07T23:59:59+02:00,2,4,1147,1337,2153,3336,2772,4704,3404,6537,4837,6689,3954,3980,8908,11197,3979,6842,0,2,214,282,615,969,827,1508,1010,2230,1407,2110,1601,1600,5539,7301,3454,5969,48743,35401,4194,1173,22826,49,5,14,10
2021-04-06T23:59:59+02:00,2,4,1125,1319,2109,3310,2733,4671,3339,6489,4711,6595,3697,3725,8417,10686,3963,6811,0,2,206,277,586,949,802,1460,964,2172,1324,2023,1454,1411,4949,6507,3339,5763,48544,32964,3658,1165,21486,46,4,14,9
2021-04-05T23:59:59+02:00,2,4,1122,1315,2102,3307,2723,4669,3323,6474,4688,6576,3665,3698,8386,10648,3959,6809,0,2,203,265,579,932,783,1436,948,2135,1284,1984,1407,1348,4734,6238,3291,5706,48451,32053,3652,1163,21349,46,4,14,9
2021-04-04T23:59:59+02:00,2,4,1122,1314,2102,3305,2723,4667,3323,6474,4685,6575,3658,3694,8384,10646,3959,6809,0,2,203,265,578,932,783,1436,948,2135,1283,1983,1407,1348,4733,6238,3291,5706,48440,32050,3650,1163,21339,46,3,14,9
2021-04-03T23:59:59+02:00,2,4,1122,1314,2101,3305,2723,4667,3323,6474,4685,6575,3657,3692,8384,10645,3959,6809,0,2,203,265,578,931,783,1436,948,2135,1283,1983,1407,1348,4733,6238,3291,5706,48439,32049,3649,1163,21336,46,3,14,9
2021-04-02T23:59:59+02:00,2,4,1122,1314,2101,3303,2723,4666,3322,6470,4685,6573,3654,3688,8382,10644,3959,6809,0,2,203,265,578,931,783,1434,948,2134,1283,1982,1407,1346,4730,6236,3290,5706,48420,32038,3649,1162,21335,46,3,14,9
2021-04-01T23:59:59+02:00,1,4,1109,1279,2035,3184,2613,4466,3173,6220,4525,6334,3610,3651,8282,10537,3948,6792,0,2,198,256,574,922,772,1428,938,2120,1260,1967,1386,1319,4490,5916,3170,5539,48044,31048,3643,1158,20059,39,3,14,9
2021-03-31T23:59:59+02:00,1,4,1092,1250,1996,3085,2538,4323,3082,6008,4394,6104,3525,3568,8129,10340,3928,6756,0,2,190,253,567,911,768,1410,926,2100,1219,1934,1330,1256,3995,5310,3042,5303,47434,29310,3514,1158,19158,38,3,14,7
2021-03-30T23:59:59+02:00,1,3,1069,1217,1944,2902,2436,4099,2932,5650,4193,5715,3431,3473,7964,10135,3901,6702,0,2,186,248,558,901,757,1388,904,2080,1170,1889,1243,1171,3466,4589,2818,4966,46793,27139,3348,1158,17609,29,3,14,7
2021-03-29T23:59:59+02:00,1,3,1052,1174,1880,2774,2352,3942,2794,5396,4030,5438,3331,3373,7801,9905,3872,6654,0,2,185,243,552,890,746,1374,886,2056,1133,1861,1166,1083,2881,3905,2641,4671,46145,25095,3112,1152,16499,19,2,14,7
2021-03-28T23:59:59+02:00,1,3,1033,1142,1809,2611,2270,3738,2673,5101,3878,5161,3266,3307,7736,9842,3868,6649,0,2,185,243,550,887,745,1372,884,2050,1130,1858,1157,1071,2826,3838,2628,4644,46038,24898,2903,1150,15131,14,2,14,6
2021-03-27T23:59:59+01:00,1,3,1033,1142,1809,2610,2269,3737,2670,5101,3875,5161,3262,3306,7735,9842,3868,6649,0,2,185,243,549,887,745,1372,883,2050,1127,1858,1157,1071,2826,3838,2628,4644,46029,24893,2903,1150,15126,14,2,13,6
2021-03-26T23:59:59+01:00,1,3,1028,1117,1766,2495,2205,3579,2607,4890,3789,4937,3241,3290,7732,9837,3867,6648,0,2,185,242,549,887,744,1372,883,2050,1127,1855,1153,1070,2823,3832,2627,4641,46001,24872,2900,1150,14116,12,2,13,6
2021-03-25T23:59:59+01:00,1,3,1003,1086,1715,2392,2122,3410,2499,4661,3676,4739,3139,3198,7604,9703,3860,6634,0,2,183,240,544,885,737,1363,877,2032,1110,1831,1107,1026,2594,3484,2428,4348,45741,23622,2562,1150,13130,12,1,11,6
2021-03-24T23:59:59+01:00,1,3,980,1066,1695,2349,2091,3361,2462,4594,3633,4669,3051,3127,7474,9531,3841,6616,0,2,183,235,538,880,729,1352,865,2017,1091,1811,1067,983,2198,2936,2033,3825,45197,21578,2432,1148,12903,12,1,11,6
2021-03-23T23:59:59+01:00,1,3,969,1060,1677,2316,2067,3327,2427,4550,3592,4618,2984,3054,7380,9427,3823,6588,0,2,181,232,534,875,722,1340,851,1998,1054,1779,984,890,1832,2445,1681,3358,44678,19625,2421,1114,12753,12,1,10,6
2021-03-22T23:59:59+01:00,1,3,967,1051,1663,2298,2053,3309,2405,4521,3555,4576,2940,3020,7317,9357,3809,6571,0,2,178,229,532,864,706,1317,837,1984,1025,1752,935,817,1354,1869,1326,2865,44343,17516,2399,1057,12663,12,1,10,6
2021-03-21T23:59:59+01:00,1,3,967,1050,1662,2295,2053,3306,2401,4517,3543,4568,2926,3011,7270,9302,3802,6565,0,2,178,226,530,862,705,1313,835,1980,1014,1747,912,798,1276,1784,1270,2796,44194,17213,2395,996,12642,12,1,10,6
2021-03-20T23:59:59+01:00,1,3,966,1049,1661,2294,2053,3306,2401,4516,3541,4566,2925,3010,7270,9301,3802,6565,0,2,178,226,530,862,705,1313,835,1980,1001,1732,877,770,1244,1761,1261,2794,44190,17210,2391,842,12638,12,1,10,6
2021-03-19T23:59:59+01:00,1,3,965,1041,1654,2280,2042,3302,2398,4510,3534,4559,2915,2999,7258,9284,3801,6562,0,2,178,224,529,862,705,1311,835,1979,994,1727,833,732,1181,1709,1251,2783,44128,17166,2387,650,12582,12,1,10,6
2021-03-18T23:59:59+01:00,1,3,929,1009,1577,2165,1918,3133,2249,4261,3305,4309,2762,2841,6956,8919,3735,6460,0,2,177,223,524,857,698,1303,826,1968,971,1710,815,709,1104,1600,1106,2577,42731,16580,2075,571,11715,12,1,10,6
2021-03-17T23:59:59+01:00,1,3,876,977,1506,2105,1855,3067,2184,4201,3209,4214,2624,2706,6529,8425,3670,6345,0,2,176,221,520,852,696,1299,822,1963,966,1702,786,690,969,1447,951,2361,40953,15834,2070,570,11463,12,1,10,6
2021-03-16T23:59:59+01:00,1,3,851,953,1472,2063,1817,3017,2130,4144,3113,4116,2490,2547,6050,7773,3579,6194,0,0,170,218,516,851,692,1292,817,1954,958,1689,781,677,881,1321,807,2196,38950,15231,2007,570,11346,12,1,9,6
2021-03-15T23:59:59+01:00,1,3,834,947,1454,2038,1779,2961,2092,4073,3012,4007,2356,2376,5562,7228,3506,6077,0,0,169,217,516,843,690,1283,813,1944,948,1673,770,667,811,1210,651,1991,37173,14646,1906,532,11218,12,0,9,6
2021-03-14T23:59:59+01:00,1,3,829,932,1430,2011,1754,2932,2061,4013,2949,3938,2177,2179,5377,7001,3475,6044,0,0,169,217,515,840,688,1272,812,1937,945,1664,752,658,795,1191,627,1936,36148,14501,1805,508,11144,3,0,9,6
2021-03-13T23:59:59+01:00,1,3,821,924,1409,1999,1737,2919,2033,3985,2874,3890,2105,2104,5328,6946,3473,6043,0,0,169,217,515,839,688,1272,811,1937,945,1664,752,658,795,1191,627,1936,35893,14499,1557,508,11135,3,0,9,6
2021-03-12T23:59:59+01:00,1,3,797,908,1363,1940,1673,2821,1934,3834,2716,3723,1908,1865,5141,6722,3441,6000,0,0,169,217,514,839,688,1272,810,1937,945,1663,743,655,782,1175,619,1933,34559,14445,1314,507,10908,3,0,9,6
2021-03-11T23:59:59+01:00,1,3,763,847,1294,1855,1589,2672,1849,3634,2554,3551,1641,1555,4772,6249,3305,5817,0,0,160,210,508,830,677,1263,795,1901,925,1621,612,593,712,1132,599,1901,32440,13938,1214,494,10288,2,0,9,5
2021-03-10T23:59:59+01:00,1,3,748,795,1271,1797,1557,2615,1798,3563,2472,3462,1569,1466,4299,5704,3186,5563,0,0,160,208,499,809,659,1249,785,1881,918,1605,543,577,679,1123,592,1895,30618,13785,1208,390,10034,2,0,9,5
2021-03-09T23:59:59+01:00,1,3,734,774,1249,1767,1530,2569,1758,3512,2398,3410,1474,1368,3736,4949,2993,5253,0,0,157,206,493,788,649,1225,771,1849,906,1577,539,575,677,1118,589,1889,28429,13723,1205,278,9835,2,0,9,5
2021-03-08T23:59:59+01:00,0,3,730,746,1236,1747,1512,2548,1730,3473,2358,3367,1380,1266,3058,4117,2756,4883,0,0,153,203,479,765,627,1193,752,1799,882,1540,536,573,677,1117,589,1889,25959,13715,1205,54,9737,0,0,9,5
2021-03-07T23:59:59+01:00,0,3,727,742,1226,1737,1504,2532,1719,3465,2346,3359,1367,1250,2956,3994,2733,4834,0,0,153,203,479,765,627,1193,752,1799,882,1540,536,573,677,1117,589,1889,25605,13715,1203,54,9677,0,0,9,5
2021-03-06T23:59:59+01:00,0,3,726,742,1224,1732,1501,2529,1715,3462,2341,3358,1364,1250,2956,3994,2733,4834,0,0,152,203,479,765,627,1193,752,1799,882,1540,536,573,677,1117,589,1889,25600,13714,1203,54,9652,0,0,9,5
2021-03-05T23:59:59+01:00,0,3,665,718,1199,1717,1480,2519,1690,3447,2312,3348,1358,1247,2948,3988,2730,4829,0,0,152,203,479,764,627,1192,752,1799,882,1537,535,573,677,1117,589,1889,25573,13708,1198,54,9418,0,0,9,5
2021-03-04T23:59:59+01:00,0,3,599,672,1131,1647,1424,2436,1649,3366,2238,3270,1307,1199,2727,3622,2544,4541,0,0,150,197,476,750,616,1180,741,1771,873,1524,524,562,664,1107,584,1880,24342,13543,1190,52,8834,0,0,9,4
2021-03-03T23:59:59+01:00,0,3,562,632,1064,1584,1328,2355,1548,3280,2112,3184,1264,1152,2352,3099,2188,4089,0,0,150,197,474,747,616,1180,740,1767,870,1523,520,559,662,1104,584,1877,22465,13517,1188,50,8136,0,0,7,3
2021-03-02T23:59:59+01:00,0,3,544,598,1026,1538,1270,2311,1490,3228,2015,3122,1179,1048,1983,2620,1793,3566,0,0,148,195,469,741,611,1169,730,1757,865,1502,511,550,651,1081,564,1844,20382,13335,1185,50,7760,0,0,7,3
2021-03-01T23:59:59+01:00,0,3,537,549,1005,1499,1224,2250,1444,3164,1960,3049,1134,973,1484,2024,1405,3020,0,0,146,195,469,740,611,1168,730,1754,864,1502,509,550,647,1072,560,1833,18086,13297,1182,50,7449,0,0,7,3
2021-02-28T23:59:59+01:00,0,3,529,535,987,1459,1198,2188,1416,3106,1905,2976,1113,951,1369,1884,1331,2932,0,0,146,195,468,739,611,1168,729,1752,863,1501,507,550,647,1072,560,1833,17605,13288,1180,50,7090,0,0,7,3
2021-02-27T23:59:59+01:00,0,3,529,533,986,1456,1198,2187,1416,3105,1905,2975,1113,951,1369,1883,1329,2932,0,0,145,195,467,738,608,1166,727,1750,861,1500,507,550,647,1072,560,1833,17602,13287,1180,36,7081,0,0,7,3
2021-02-26T23:59:59+01:00,0,3,389,483,857,1412,1115,2144,1348,3064,1846,2933,1108,945,1366,1882,1329,2930,0,0,145,195,467,738,608,1166,727,1749,861,1499,507,550,647,1072,560,1833,17590,13286,1180,35,6377,0,0,7,3
2021-02-25T23:59:59+01:00,0,3,301,429,762,1317,1031,2053,1248,2891,1707,2770,1070,913,1284,1757,1209,2738,0,0,138,185,455,725,592,1140,720,1723,841,1475,493,536,619,1040,546,1814,16987,13016,1180,24,5309,0,0,7,2
2021-02-24T23:59:59+01:00,0,2,256,385,689,1241,957,1966,1194,2773,1641,2653,1043,893,1161,1611,1053,2519,0,0,135,185,451,721,588,1139,719,1718,840,1471,488,531,611,1035,543,1802,16275,12955,1178,20,4577,0,0,7,2
2021-02-23T23:59:59+01:00,0,2,244,364,669,1182,928,1887,1147,2661,1565,2542,1017,865,1080,1483,910,2354,0,0,135,183,451,720,588,1139,719,1715,838,1470,487,528,609,1034,543,1801,15712,12943,1143,16,4038,0,0,7,1
2021-02-22T23:59:59+01:00,0,0,230,345,646,1152,896,1804,1097,2569,1479,2419,971,835,961,1340,723,2097,0,0,135,183,450,719,586,1138,718,1715,832,1467,486,527,608,1032,542,1799,14958,12931,1070,5,3529,0,0,7,1
2021-02-21T23:59:59+01:00,0,0,224,334,610,1084,846,1698,1054,2468,1399,2311,954,814,928,1288,670,2031,0,0,135,182,447,711,585,1134,718,1710,832,1465,485,527,607,1032,541,1798,14748,12903,1027,5,2931,0,0,7,1
2021-02-20T23:59:59+01:00,0,0,224,331,607,1083,844,1693,1050,2462,1384,2292,918,785,895,1265,662,2029,0,0,135,182,447,711,585,1134,718,1710,832,1465,485,526,606,1032,541,1798,14746,12902,867,5,2904,0,0,7,0
2021-02-19T23:59:59+01:00,0,0,214,323,598,1075,831,1678,1029,2445,1351,2249,673,683,752,1201,637,2012,0,0,135,182,447,709,585,1131,717,1707,829,1462,485,525,606,1031,540,1798,14268,12885,679,4,2797,0,0,7,0
2021-02-18T23:59:59+01:00,0,0,198,274,559,953,746,1451,899,2187,1100,1874,594,615,711,1159,617,1994,0,0,130,182,434,697,570,1113,711,1681,813,1434,482,522,605,1030,540,1798,14108,12738,579,4,1238,0,0,6,0
2021-02-17T23:59:59+01:00,0,0,192,233,537,903,709,1355,840,2019,1015,1742,572,594,711,1156,615,1991,0,0,124,179,422,686,562,1097,692,1649,800,1411,479,520,603,1027,540,1797,14088,12585,579,3,511,0,0,6,0
2021-02-16T23:59:59+01:00,0,0,185,230,529,887,694,1324,820,1980,982,1702,560,589,705,1154,614,1988,0,0,119,174,408,681,551,1081,679,1631,790,1397,473,514,596,1013,532,1766,14057,12403,579,2,301,0,0,6,0
2021-02-15T23:59:59+01:00,0,0,171,221,524,860,688,1290,805,1946,953,1655,559,586,703,1154,614,1988,0,0,116,173,401,671,540,1062,650,1604,776,1379,471,511,596,1013,532,1766,14054,12259,540,2,117,0,0,6,0
2021-02-14T23:59:59+01:00,0,0,166,213,520,847,687,1281,802,1937,935,1647,558,585,703,1151,613,1988,0,0,109,169,390,660,523,1044,631,1589,769,1366,471,509,594,1011,532,1766,14048,12131,538,2,41,0,0,6,0
2021-02-13T23:59:59+01:00,0,0,165,213,519,847,687,1281,802,1937,935,1647,558,585,703,1151,613,1988,0,0,109,169,389,659,523,1044,631,1589,769,1366,471,509,594,1011,532,1766,14047,12129,538,2,40,0,0,6,0
2021-02-12T23:59:59+01:00,0,0,163,212,514,845,686,1278,798,1936,933,1644,557,585,703,1151,613,1988,0,0,106,167,386,653,518,1037,617,1574,766,1349,469,508,582,991,527,1737,14040,11985,537,2,23,0,0,6,0
2021-02-11T23:59:59+01:00,0,0,160,211,510,837,678,1274,795,1932,927,1642,552,579,695,1145,608,1982,0,0,87,131,357,584,471,957,565,1457,722,1255,445,463,538,937,483,1641,13989,11092,524,1,9,0,0,5,0
2021-02-10T23:59:59+01:00,0,0,157,209,500,819,661,1259,783,1904,912,1618,543,573,684,1132,603,1972,0,0,78,120,329,524,445,849,524,1280,647,1097,396,413,471,820,433,1478,13863,9903,460,1,1,0,0,5,0
2021-02-09T23:59:59+01:00,0,0,156,203,492,781,645,1220,763,1843,900,1577,532,561,678,1116,594,1953,0,0,73,103,310,454,410,763,481,1177,583,998,365,358,428,732,399,1357,13749,8991,261,0,0,0,0,4,0
2021-02-08T23:59:59+01:00,0,0,152,199,475,755,623,1185,743,1793,880,1533,526,560,676,1110,590,1937,0,0,59,77,265,386,360,630,422,947,510,818,307,303,362,578,334,1151,13678,7509,55,0,0,0,0,4,0
2021-02-07T23:59:59+01:00,0,0,152,198,473,754,621,1184,742,1785,878,1531,525,560,676,1110,590,1936,0,0,58,69,246,351,341,586,406,915,490,783,307,296,360,571,332,1147,13656,7258,55,0,0,0,0,4,0
2021-02-06T23:59:59+01:00,0,0,152,198,473,754,621,1184,742,1785,878,1531,525,560,676,1110,590,1936,0,0,58,69,246,350,341,586,406,914,488,781,307,295,359,569,331,1147,13656,7247,55,0,0,0,0,4,0
2021-02-05T23:59:59+01:00,0,0,152,198,473,754,621,1184,742,1785,878,1529,525,560,675,1110,590,1936,0,0,56,69,245,347,334,582,398,891,478,761,297,290,348,545,313,1107,13653,7061,55,0,0,0,0,4,0
2021-02-04T23:59:59+01:00,0,0,146,193,469,746,614,1176,738,1771,872,1520,518,553,654,1085,581,1918,0,0,42,52,212,313,292,486,356,750,384,615,232,219,263,379,232,820,13496,5647,54,0,0,0,0,4,0
2021-02-03T23:59:59+01:00,0,0,144,192,462,739,606,1167,734,1757,864,1504,506,545,639,1072,574,1910,0,0,34,33,157,220,238,354,265,573,309,465,182,172,186,283,179,613,13361,4263,51,0,0,0,0,3,0
2021-02-02T23:59:59+01:00,0,0,144,189,460,738,606,1167,731,1751,857,1500,505,543,635,1069,573,1906,0,0,25,27,138,174,193,283,221,437,257,375,142,132,139,211,142,484,13321,3380,51,0,0,0,0,2,0
2021-02-01T23:59:59+01:00,0,0,142,189,459,737,601,1164,730,1743,855,1495,503,541,630,1066,572,1899,0,0,21,19,102,128,139,192,155,304,168,259,90,94,94,134,76,258,13273,2233,51,0,0,0,0,2,0
2021-01-31T23:59:59+01:00,0,0,141,188,459,734,598,1163,730,1739,855,1494,501,540,629,1064,572,1898,0,0,14,15,69,88,97,127,118,227,141,203,85,87,90,126,74,244,13253,1805,51,0,0,0,0,1,0
2021-01-30T23:59:59+01:00,0,0,141,188,458,734,596,1161,729,1738,855,1494,501,540,628,1064,572,1898,0,0,14,15,69,88,97,125,116,223,138,200,84,86,90,120,68,234,13252,1767,44,0,0,0,0,1,0
2021-01-29T23:59:59+01:00,0,0,141,188,458,731,595,1158,727,1736,853,1493,501,540,628,1064,572,1898,0,0,12,15,57,82,80,121,98,212,115,188,79,79,88,116,67,233,13246,1642,36,0,0,0,0,1,0
2021-01-28T23:59:59+01:00,0,0,134,184,445,714,578,1131,721,1709,830,1464,494,534,625,1061,569,1895,0,0,7,3,14,20,25,47,31,98,47,87,46,50,57,86,49,176,13060,843,27,0,0,0,0,1,0
2021-01-27T23:59:59+01:00,0,0,127,181,433,703,570,1121,705,1674,823,1440,491,532,621,1056,569,1890,0,0,3,1,6,12,11,26,13,42,23,31,13,17,25,35,20,55,12910,333,25,0,0,0,0,1,0
2021-01-26T23:59:59+01:00,0,0,120,177,419,692,557,1107,696,1651,811,1419,486,526,615,1039,561,1855,0,0,3,1,6,11,8,24,11,39,17,28,13,15,24,33,20,54,12714,307,16,0,0,0,0,1,0
2021-01-25T23:59:59+01:00,0,0,117,175,410,680,546,1088,669,1623,793,1401,484,522,613,1038,561,1855,0,0,2,1,5,9,8,19,6,30,12,22,9,6,14,22,10,35,12569,210,5,0,0,0,0,1,0
2021-01-24T23:59:59+01:00,0,0,111,172,400,670,531,1070,652,1610,780,1389,483,519,612,1038,561,1855,0,0,2,0,3,6,8,7,4,8,5,9,1,2,12,15,6,21,12447,109,5,0,0,0,0,1,0
2021-01-23T23:59:59+01:00,0,0,111,172,400,669,531,1070,652,1610,780,1389,483,519,612,1038,561,1855,0,0,1,0,3,6,8,7,4,8,5,9,1,2,12,15,6,21,12446,108,5,0,0,0,0,1,0
2021-01-22T23:59:59+01:00,0,0,108,170,393,663,527,1063,638,1595,774,1371,483,514,601,1017,554,1826,0,0,1,0,3,6,8,7,4,8,5,9,1,2,12,15,6,21,12293,108,4,0,0,0,0,0,0
2021-01-21T23:59:59+01:00,0,0,97,162,378,647,504,1029,608,1545,752,1328,466,476,567,973,518,1758,0,0,1,0,3,6,8,6,4,8,5,9,1,2,12,15,6,21,11804,107,4,0,0,0,0,0,0
2021-01-20T23:59:59+01:00,0,0,79,121,343,557,461,888,551,1311,663,1140,404,417,482,830,454,1534,0,0,1,0,2,5,8,6,4,8,5,9,1,2,12,15,6,21,10231,105,4,0,0,0,0,0,0
2021-01-19T23:59:59+01:00,0,0,74,107,316,478,420,799,508,1199,611,1037,380,379,445,751,424,1438,0,0,1,0,1,3,7,5,4,7,5,9,1,0,9,10,5,18,9362,85,4,0,0,0,0,0,0
2021-01-18T23:59:59+01:00,0,0,60,77,270,391,365,651,431,967,519,840,312,311,375,597,358,1230,0,0,1,0,1,3,7,5,4,7,5,8,1,0,9,10,5,18,7752,84,2,0,0,0,0,0,0
2021-01-17T23:59:59+01:00,0,0,59,68,251,356,344,599,412,924,495,801,309,302,373,590,355,1222,0,0,0,0,0,0,0,1,0,0,0,0,0,0,0,0,0,0,7458,1,2,0,0,0,0,0,0
2021-01-16T23:59:59+01:00,0,0,59,68,251,355,344,599,412,923,493,799,309,301,371,586,354,1222,0,0,0,0,0,0,0,0,0,0,0,0,0,0,0,0,0,0,7444,0,2,0,0,0,0,0,0
2021-01-15T23:59:59+01:00,0,0,57,68,251,351,338,593,401,899,481,774,295,295,352,557,331,1180,0,0,0,0,0,0,0,0,0,0,0,0,0,0,0,0,0,0,7221,0,2,0,0,0,0,0,0
2021-01-14T23:59:59+01:00,0,0,44,55,237,327,313,518,367,774,393,629,232,221,262,381,238,848,0,0,0,0,0,0,0,0,0,0,0,0,0,0,0,0,0,0,5839,0,0,0,0,0,0,0,0
2021-01-13T23:59:59+01:00,0,0,38,44,213,268,272,417,300,620,322,503,177,178,190,290,192,656,0,0,0,0,0,0,0,0,0,0,0,0,0,0,0,0,0,0,4680,0,0,0,0,0,0,0,0
2021-01-12T23:59:59+01:00,0,0,33,41,208,253,257,382,276,539,290,457,140,136,144,222,150,515,0,0,0,0,0,0,0,0,0,0,0,0,0,0,0,0,0,0,4043,0,0,0,0,0,0,0,0
2021-01-11T23:59:59+01:00,0,0,28,37,198,232,239,329,229,451,240,382,109,106,108,145,88,320,0,0,0,0,0,0,0,0,0,0,0,0,0,0,0,0,0,0,3241,0,0,0,0,0,0,0,0
2021-01-10T23:59:59+01:00,0,0,26,31,159,172,196,254,191,355,198,305,98,99,105,140,86,305,0,0,0,0,0,0,0,0,0,0,0,0,0,0,0,0,0,0,2720,0,0,0,0,0,0,0,0
2021-01-09T23:59:59+01:00,0,0,26,31,152,168,194,246,187,347,196,300,98,99,105,140,86,305,0,0,0,0,0,0,0,0,0,0,0,0,0,0,0,0,0,0,2680,0,0,0,0,0,0,0,0
2021-01-08T23:59:59+01:00,0,0,23,28,121,144,173,233,162,318,168,279,93,89,103,136,85,304,0,0,0,0,0,0,0,0,0,0,0,0,0,0,0,0,0,0,2459,0,0,0,0,0,0,0,0
2021-01-07T23:59:59+01:00,0,0,8,3,18,26,32,57,37,109,61,111,48,51,64,94,54,212,0,0,0,0,0,0,0,0,0,0,0,0,0,0,0,0,0,0,985,0,0,0,0,0,0,0,0
2021-01-06T23:59:59+01:00,0,0,3,1,7,13,11,25,14,42,21,32,14,14,28,40,23,65,0,0,0,0,0,0,0,0,0,0,0,0,0,0,0,0,0,0,353,0,0,0,0,0,0,0,0
2021-01-05T23:59:59+01:00,0,0,3,1,6,10,10,21,11,34,15,27,11,14,24,35,21,57,0,0,0,0,0,0,0,0,0,0,0,0,0,0,0,0,0,0,300,0,0,0,0,0,0,0,0
2021-01-04T23:59:59+01:00,0,0,2,1,4,7,9,13,4,18,8,17,5,3,13,21,8,31,0,0,0,0,0,0,0,0,0,0,0,0,0,0,0,0,0,0,164,0,0,0,0,0,0,0,0
2021-01-03T23:59:59+01:00,0,0,2,0,3,6,8,7,4,10,5,10,1,2,13,17,7,21,0,0,0,0,0,0,0,0,0,0,0,0,0,0,0,0,0,0,116,0,0,0,0,0,0,0,0
2021-01-02T23:59:59+01:00,0,0,2,0,3,6,8,7,4,10,5,10,1,2,13,17,7,21,0,0,0,0,0,0,0,0,0,0,0,0,0,0,0,0,0,0,116,0,0,0,0,0,0,0,0
2021-01-01T23:59:59+01:00,0,0,1,0,3,6,8,6,4,10,5,10,1,2,13,16,7,21,0,0,0,0,0,0,0,0,0,0,0,0,0,0,0,0,0,0,113,0,0,0,0,0,0,0,0
2020-12-31T23:59:59+01:00,0,0,1,0,3,5,8,6,4,10,5,10,1,2,13,16,7,21,0,0,0,0,0,0,0,0,0,0,0,0,0,0,0,0,0,0,112,0,0,0,0,0,0,0,0
2020-12-30T23:59:59+01:00,0,0,1,0,2,5,8,6,4,10,5,10,1,2,13,16,7,21,0,0,0,0,0,0,0,0,0,0,0,0,0,0,0,0,0,0,111,0,0,0,0,0,0,0,0
2020-12-29T23:59:59+01:00,0,0,1,0,1,3,8,5,4,8,5,10,1,0,10,11,6,18,0,0,0,0,0,0,0,0,0,0,0,0,0,0,0,0,0,0,91,0,0,0,0,0,0,0,0
2020-12-28T23:59:59+01:00,0,0,1,0,1,3,8,5,4,8,5,9,1,0,10,11,6,18,0,0,0,0,0,0,0,0,0,0,0,0,0,0,0,0,0,0,90,0,0,0,0,0,0,0,0
2020-12-27T23:59:59+01:00,0,0,1,0,1,3,8,4,4,8,5,9,1,0,9,10,6,18,0,0,0,0,0,0,0,0,0,0,0,0,0,0,0,0,0,0,87,0,0,0,0,0,0,0,0
