Datum,<15_m,<15_w,15-24_1_m,15-24_1_w,25-34_1_m,25-34_1_w,35-44_1_m,35-44_1_w,45-54_1_m,45-54_1_w,55-64_1_m,55-64_1_w,65-74_1_m,65-74_1_w,75-84_1_m,75-84_1_w,>84_1_m,>84_1_w,<24_2_m,<24_2_w,25-34_2_m,25-34_2_w,35-44_2_m,35-44_2_w,45-54_2_m,45-54_2_w,55-64_2_m,55-64_2_w,65-74_2_m,65-74_2_w,75-84_2_m,75-84_2_w,>84_2_m,>84_2_w,bp_1,bp_2,mo_1,mo_2,az_1,az_2,ja,unb_1,unb_2
2021-07-20T23:59:59+02:00,802,721,12630,11857,18734,17377,21303,21069,25243,25954,28745,29757,20673,23658,14929,18762,4250,7413,8378,8096,14262,13820,17214,17645,21462,22556,25676,27065,19449,22265,14287,17907,4100,7110,209737,180147,30885,27321,54873,45572,8352,30,85
2021-07-19T23:59:59+02:00,774,694,12514,11743,18646,17308,21245,21009,25190,25900,28695,29721,20648,23630,14919,18749,4246,7407,8051,7841,13900,13571,16877,17401,21142,22360,25453,26925,19381,22191,14265,17885,4094,7104,209039,178150,30781,27159,54873,44868,8315,30,85
2021-07-18T23:59:59+02:00,756,675,12406,11643,18543,17236,21183,20957,25136,25850,28658,29667,20626,23610,14908,18739,4244,7405,7884,7691,13747,13453,16727,17281,20985,22249,25326,26846,19342,22152,14250,17869,4094,7101,208484,177233,30631,27056,54873,44511,8224,30,85
2021-07-17T23:59:59+02:00,756,675,12402,11643,18542,17233,21183,20957,25136,25850,28658,29667,20626,23610,14908,18739,4244,7405,7876,7690,13743,13448,16726,17280,20984,22249,25325,26844,19341,22152,14250,17869,4094,7101,208480,177214,30631,27055,54873,44510,8220,30,85
2021-07-16T23:59:59+02:00,749,670,12329,11587,18505,17202,21146,20930,25103,25827,28633,29648,20624,23607,14908,18737,4244,7405,7727,7588,13592,13376,16583,17222,20846,22191,25222,26796,19324,22133,14249,17864,4094,7098,208273,176770,30631,26984,54872,44123,8048,30,85
2021-07-15T23:59:59+02:00,734,652,12263,11522,18444,17152,21093,20881,25058,25789,28605,29621,20610,23591,14903,18728,4243,7402,7388,7273,12994,12976,15917,16802,20215,21828,24776,26486,19178,21993,14206,17818,4091,7091,207827,174558,30545,26100,54866,42366,8023,30,85
2021-07-14T23:59:59+02:00,705,632,12056,11389,18280,17047,20975,20788,24959,25689,28518,29523,20577,23558,14884,18713,4240,7399,6974,6913,12337,12519,15240,16321,19589,21373,24316,26147,18963,21767,14174,17770,4084,7080,207033,171740,30398,25771,54865,40445,7606,30,85
2021-07-13T23:59:59+02:00,662,598,11923,11267,18164,16970,20867,20693,24868,25599,28450,29460,20548,23519,14865,18703,4238,7389,6517,6483,11706,12025,14556,15821,18991,20965,23883,25827,18785,21554,14131,17707,4080,7072,206067,168178,30259,25587,54854,38795,7582,21,20
2021-07-12T23:59:59+02:00,629,570,11802,11133,18051,16882,20779,20589,24769,25502,28369,29395,20520,23487,14857,18692,4233,7382,6104,6068,11111,11492,13938,15284,18441,20477,23467,25465,18591,21365,14067,17649,4071,7068,205077,164521,30133,24763,54851,37844,7559,21,20
2021-07-11T23:59:59+02:00,596,545,11689,11046,17985,16821,20725,20534,24716,25459,28314,29350,20501,23468,14848,18685,4233,7381,5912,5901,10854,11290,13714,15087,18201,20296,23265,25280,18520,21285,14041,17623,4070,7062,204475,163163,30012,24295,54849,37425,7546,14,17
2021-07-10T23:59:59+02:00,595,545,11682,11045,17981,16819,20722,20534,24713,25458,28313,29350,20501,23468,14847,18683,4233,7381,5906,5900,10853,11284,13706,15083,18200,20294,23264,25278,18518,21284,14040,17623,4070,7062,204456,163138,30011,24294,54849,37421,7540,14,17
2021-07-09T23:59:59+02:00,567,522,11574,10925,17906,16736,20654,20472,24640,25383,28264,29305,20478,23448,14844,18675,4233,7380,5872,5870,10824,11251,13656,15061,18169,20261,23245,25255,18513,21274,14038,17620,4070,7061,203600,162903,30011,24244,54849,37388,7532,14,17
2021-07-08T23:59:59+02:00,536,498,11419,10798,17790,16636,20530,20378,24537,25263,28149,29230,20434,23399,14828,18647,4230,7372,5524,5615,10319,10861,13039,14607,17513,19703,22645,24797,18210,20897,13941,17538,4065,7051,202892,160604,29987,23440,54828,35349,6953,14,17
2021-07-07T23:59:59+02:00,476,447,11259,10663,17710,16553,20460,20309,24463,25186,28088,29169,20407,23364,14823,18635,4228,7364,5214,5324,9801,10413,12469,14135,16835,19186,22082,24303,17901,20538,13839,17440,4058,7028,201912,158169,29964,21991,54810,33519,6904,14,17
2021-07-06T23:59:59+02:00,439,416,11141,10518,17597,16464,20370,20211,24387,25096,27999,29094,20381,23325,14814,18619,4226,7361,4842,4913,9210,9912,11771,13543,16150,18581,21581,23811,17585,20236,13740,17327,4049,7019,200819,154105,29958,21055,54801,32249,6866,14,17
2021-07-05T23:59:59+02:00,417,390,11050,10433,17511,16396,20290,20141,24326,25044,27958,29056,20357,23304,14803,18611,4225,7358,4552,4597,8718,9462,11210,12992,15443,17941,20962,23205,17192,19843,13609,17172,4041,7011,200091,150229,29954,20381,54793,30523,6818,14,17
2021-07-04T23:59:59+02:00,404,384,10974,10379,17445,16342,20241,20092,24295,25008,27942,29038,20348,23292,14797,18608,4224,7357,4407,4504,8588,9297,11020,12816,15205,17731,20699,22935,16921,19554,13550,17081,4037,7007,199611,148927,29950,20075,54791,29547,6804,14,17
2021-07-03T23:59:59+02:00,403,383,10967,10370,17435,16335,20239,20089,24293,25007,27939,29037,20348,23291,14797,18608,4224,7356,4403,4499,8582,9296,11017,12816,15201,17731,20696,22932,16921,19551,13550,17081,4037,7007,199580,148917,29949,20075,54791,29542,6787,14,17
2021-07-02T23:59:59+02:00,359,320,10821,10260,17325,16233,20138,20015,24222,24942,27880,28977,20322,23265,14791,18594,4224,7354,4314,4420,8424,9156,10882,12706,15078,17624,20584,22828,16880,19522,13543,17066,4037,7004,198707,147928,29949,20075,54791,29485,6581,14,17
2021-07-01T23:59:59+02:00,313,276,10690,10125,17198,16142,20017,19928,24141,24866,27819,28927,20302,23240,14775,18579,4221,7350,4114,4219,8130,8821,10516,12297,14519,17129,20080,22289,16593,19225,13338,16854,4027,6982,197644,144886,29892,19408,54784,28263,6575,14,17
2021-06-30T23:59:59+02:00,231,215,10439,9889,17030,15996,19886,19796,24027,24744,27739,28840,20281,23209,14756,18561,4220,7349,3919,4023,7828,8483,10106,11838,14032,16577,19510,21659,16272,18888,13067,16578,4015,6956,196021,141226,29837,19153,54775,26809,6561,14,17
2021-06-29T23:59:59+02:00,186,178,10293,9715,16897,15900,19782,19708,23959,24669,27682,28772,20255,23184,14742,18542,4220,7346,3715,3762,7433,8036,9633,11303,13380,15913,18898,20960,15955,18562,12822,16288,4008,6942,194883,136953,29833,18859,54771,25266,6529,14,17
2021-06-28T23:59:59+02:00,137,127,10096,9534,16780,15793,19681,19609,23867,24575,27615,28713,20225,23155,14728,18523,4218,7344,3512,3505,7035,7599,9202,10812,12831,15377,18404,20446,15706,18299,12704,16156,4002,6931,193723,133140,29720,18435,54768,24447,6495,14,17
2021-06-27T23:59:59+02:00,119,110,9960,9423,16725,15735,19621,19559,23809,24526,27588,28689,20212,23139,14725,18519,4217,7341,3420,3439,6860,7406,9016,10611,12602,15137,18143,20187,15586,18196,12639,16071,4002,6927,193096,131951,29666,18090,54763,23719,6478,14,17
2021-06-26T23:59:59+02:00,119,110,9958,9419,16724,15731,19619,19558,23806,24525,27588,28689,20212,23139,14725,18519,4217,7341,3417,3439,6858,7405,9013,10609,12601,15134,18141,20186,15583,18195,12639,16070,4002,6927,193079,131932,29665,18090,54763,23715,6478,14,17
2021-06-25T23:59:59+02:00,115,107,9912,9378,16687,15699,19586,19530,23770,24497,27564,28670,20206,23132,14723,18516,4217,7341,3398,3394,6784,7295,8917,10455,12487,14938,17998,19979,15561,18166,12631,16067,4001,6926,192765,131756,29630,17738,54763,23021,6478,14,17
2021-06-24T23:59:59+02:00,105,96,9789,9254,16507,15578,19456,19409,23650,24410,27508,28611,20193,23116,14716,18507,4216,7339,3276,3249,6580,6967,8611,10002,11958,14318,17444,19281,15337,17938,12486,15938,3998,6914,191938,129369,29288,16884,54762,21581,6458,14,17
2021-06-23T23:59:59+02:00,100,90,9661,9117,16370,15455,19342,19304,23553,24307,27444,28564,20178,23094,14712,18502,4213,7338,3073,3007,6232,6485,8113,9439,11264,13501,16685,18305,15048,17602,12337,15797,3988,6889,191033,124872,29124,15914,54752,20552,6421,14,17
2021-06-22T23:59:59+02:00,70,64,9372,8812,16144,15256,19157,19155,23409,24185,27373,28482,20157,23071,14704,18483,4209,7332,2839,2718,5749,5938,7490,8674,10354,12463,15658,17097,14745,17237,12228,15671,3975,6866,189367,118417,28919,15426,54748,19472,6389,12,9
2021-06-21T23:59:59+02:00,66,57,9246,8649,15971,15111,18969,19001,23278,24062,27313,28403,20133,23044,14698,18474,4209,7328,2694,2526,5366,5472,7026,8089,9625,11588,14928,16165,14467,16925,12122,15550,3970,6850,188176,113716,28695,14868,54742,18394,6387,12,9
2021-06-20T23:59:59+02:00,63,56,9111,8519,15836,14998,18860,18913,23205,23991,27273,28352,20122,23024,14687,18467,4207,7327,2637,2457,5202,5291,6812,7823,9320,11258,14566,15765,14334,16793,12082,15513,3965,6845,187298,112029,28576,14645,54742,17608,6383,12,9
2021-06-19T23:59:59+02:00,63,56,9111,8518,15835,14993,18859,18913,23204,23991,27273,28351,20122,23024,14687,18467,4207,7327,2634,2456,5201,5287,6811,7823,9320,11257,14564,15761,14332,16793,12082,15513,3965,6845,187289,112013,28575,14643,54742,17607,6383,12,9
2021-06-18T23:59:59+02:00,63,52,9083,8507,15822,14985,18844,18905,23197,23982,27266,28346,20122,23021,14686,18467,4207,7327,2605,2422,5146,5228,6733,7723,9221,11101,14392,15534,14254,16692,12072,15492,3963,6842,187172,111229,28574,14642,54741,17168,6383,12,9
2021-06-17T23:59:59+02:00,56,50,8909,8346,15588,14818,18646,18749,23040,23852,27131,28255,20098,22999,14680,18455,4205,7324,2470,2272,4819,4929,6348,7321,8674,10497,13563,14664,14017,16403,12000,15371,3959,6830,185853,108372,28569,13688,54733,16045,6034,12,9
2021-06-16T23:59:59+02:00,48,48,8681,8132,15357,14595,18436,18551,22852,23685,27025,28145,20069,22956,14666,18435,4201,7318,2356,2164,4577,4727,5997,6977,8149,10010,12849,13827,13667,16020,11915,15282,3954,6818,184080,104928,28472,12889,54730,15568,5906,12,9
2021-06-15T23:59:59+02:00,39,35,8332,7797,14980,14240,18117,18262,22603,23472,26867,28011,20040,22923,14653,18419,4199,7308,2172,1997,4226,4373,5490,6418,7270,9124,11657,12554,13131,15405,11793,15119,3939,6795,181490,98701,28436,12228,54728,14905,5631,12,9
2021-06-14T23:59:59+02:00,33,30,8151,7630,14725,14010,17914,18091,22452,23352,26757,27931,20019,22890,14640,18411,4195,7300,2058,1872,3972,4128,5103,5948,6614,8404,10733,11504,12816,15058,11721,15025,3929,6776,179915,93877,28415,11867,54726,14454,5463,12,9
2021-06-13T23:59:59+02:00,33,30,8074,7575,14645,13925,17800,17980,22372,23272,26727,27903,20006,22880,14636,18405,4195,7300,2010,1844,3891,4030,4984,5809,6384,8163,10439,11170,12659,14880,11663,14969,3928,6775,179168,92494,28403,11575,54723,14076,5452,12,8
2021-06-12T23:59:59+02:00,33,30,8073,7574,14644,13925,17800,17980,22370,23271,26726,27900,20006,22879,14636,18405,4195,7300,2009,1842,3890,4030,4982,5808,6381,8161,10436,11164,12656,14879,11663,14967,3928,6775,179157,92476,28403,11575,54723,14067,5452,12,8
2021-06-11T23:59:59+02:00,33,29,8007,7533,14556,13877,17725,17930,22300,23237,26683,27878,20004,22875,14636,18404,4195,7300,1993,1833,3854,3973,4940,5741,6320,8078,10337,11061,12617,14844,11652,14961,3928,6775,178823,92263,28325,11569,54722,13754,5320,12,8
2021-06-10T23:59:59+02:00,28,22,7666,7239,14166,13513,17297,17554,21970,22956,26491,27699,19960,22830,14623,18387,4192,7288,1888,1750,3640,3811,4667,5472,6003,7713,9727,10449,12103,14187,11584,14853,3920,6768,176236,89117,27834,11194,54712,13134,5087,12,8
2021-06-09T23:59:59+02:00,27,19,7297,6889,13701,13072,16781,17088,21580,22588,26277,27487,19887,22760,14605,18352,4189,7280,1719,1636,3441,3636,4414,5204,5622,7310,8958,9737,11439,13357,11467,14713,3910,6756,172987,84895,27289,10560,54699,12969,4892,12,8
2021-06-08T23:59:59+02:00,22,15,6920,6481,13187,12590,16312,16622,21223,22251,26062,27285,19829,22682,14575,18317,4186,7273,1627,1560,3219,3407,4097,4852,5115,6822,8074,8821,10556,12281,11325,14556,3906,6741,169577,79252,26804,10263,54690,12693,4749,12,7
2021-06-07T23:59:59+02:00,19,12,6642,6190,12760,12217,15914,16223,20896,21956,25900,27130,19793,22629,14554,18298,4179,7267,1564,1489,3031,3235,3820,4624,4716,6445,7362,8074,9651,11137,11215,14410,3895,6723,167023,74517,26378,9900,54671,12477,4495,12,7
2021-06-06T23:59:59+02:00,19,12,6500,6057,12617,12066,15751,16063,20731,21793,25814,27043,19773,22592,14543,18288,4178,7263,1549,1466,2958,3194,3725,4560,4610,6365,7220,7945,9394,10869,11169,14360,3892,6718,165790,73837,26275,9475,54650,12304,4376,12,7
2021-06-05T23:59:59+02:00,19,12,6491,6054,12608,12054,15743,16056,20729,21791,25814,27041,19773,22592,14543,18288,4178,7263,1547,1464,2955,3193,3724,4559,4607,6365,7216,7940,9388,10865,11169,14360,3892,6718,165736,73810,26275,9474,54650,12300,4376,12,7
2021-06-04T23:59:59+02:00,19,12,6461,6014,12550,12003,15683,16008,20701,21759,25797,27024,19769,22586,14540,18288,4178,7263,1546,1459,2942,3183,3705,4545,4597,6351,7181,7897,9356,10795,11131,14319,3891,6717,165641,73536,26016,9462,54628,12257,4358,12,7
2021-06-03T23:59:59+02:00,19,11,6228,5790,12251,11755,15361,15697,20371,21420,25542,26812,19723,22513,14520,18269,4177,7259,1503,1414,2870,3118,3608,4468,4484,6252,6980,7716,8981,10349,11079,14246,3891,6712,163166,72239,25769,9165,54627,12120,4144,12,7
2021-06-02T23:59:59+02:00,19,11,6167,5730,12185,11690,15288,15630,20299,21359,25525,26788,19718,22510,14517,18266,4176,7258,1489,1405,2854,3106,3592,4454,4450,6235,6947,7678,8902,10239,11070,14221,3890,6711,162824,71879,25583,9159,54626,12111,4091,12,7
2021-06-01T23:59:59+02:00,15,11,5711,5234,11444,10992,14463,14900,19586,20691,25115,26404,19628,22419,14483,18219,4168,7250,1377,1297,2555,2839,3214,4118,3963,5776,6121,6876,7716,8621,10826,13875,3876,6694,157785,66485,24929,8257,54599,11592,3408,12,6
2021-05-31T23:59:59+02:00,14,11,5462,4934,11000,10567,13937,14406,19107,20195,24809,26064,19534,22334,14444,18173,4159,7234,1318,1243,2403,2707,3013,3949,3693,5487,5571,6350,6720,7363,10585,13556,3867,6660,154313,62461,24240,7409,54595,11389,3224,12,6
2021-05-30T23:59:59+02:00,14,11,5382,4858,10817,10442,13773,14227,18760,19876,24567,25819,19503,22304,14436,18153,4158,7232,1297,1230,2378,2677,2966,3903,3625,5432,5468,6261,6549,7133,10548,13482,3865,6650,152820,61731,23740,7348,54569,11192,3191,12,6
2021-05-29T23:59:59+02:00,14,11,5380,4858,10817,10438,13769,14224,18760,19875,24566,25817,19503,22304,14436,18153,4158,7232,1296,1228,2377,2676,2964,3900,3625,5430,5467,6259,6545,7129,10548,13482,3865,6650,152804,61721,23740,7347,54568,11180,3191,12,6
2021-05-28T23:59:59+02:00,14,11,5363,4846,10795,10402,13743,14205,18744,19858,24558,25808,19502,22303,14434,18150,4158,7231,1291,1228,2377,2670,2963,3898,3619,5424,5453,6243,6529,7111,10539,13460,3864,6646,152619,61616,23738,7347,54567,11161,3189,12,6
2021-05-27T23:59:59+02:00,11,11,5069,4564,10280,9950,13158,13674,18056,19245,23979,25272,19405,22190,14401,18104,4147,7218,1123,1088,2096,2480,2664,3611,3328,5071,5124,5965,6232,6696,10311,13179,3859,6631,149366,59779,22752,7311,54461,10223,2143,12,6
2021-05-26T23:59:59+02:00,11,11,4806,4304,9843,9570,12639,13156,17443,18637,23345,24594,19280,22041,14355,18049,4141,7201,1043,1006,1940,2326,2465,3414,3066,4826,4735,5618,5679,6049,9943,12648,3843,6595,145260,56645,21999,7275,54340,9457,1817,10,6
2021-05-25T23:59:59+02:00,11,11,4591,4074,9428,9095,12177,12651,16908,18059,22823,23956,19148,21869,14324,17970,4132,7187,992,961,1878,2238,2354,3280,2894,4625,4389,5244,5104,5316,9495,12048,3827,6570,141208,53101,21171,7260,54210,9037,1815,10,6
2021-05-24T23:59:59+02:00,11,11,4477,3915,9217,8893,11975,12393,16609,17738,22497,23558,19073,21790,14309,17950,4130,7186,976,913,1819,2196,2281,3219,2808,4544,4269,5128,4961,5157,9405,11921,3825,6562,139706,52398,20222,7208,54033,8615,1761,10,6
2021-05-23T23:59:59+02:00,11,11,4467,3914,9211,8889,11963,12383,16598,17731,22481,23537,19067,21785,14308,17948,4130,7186,976,910,1817,2192,2278,3217,2802,4541,4262,5112,4954,5143,9398,11908,3824,6561,139597,52327,20220,7195,54032,8610,1761,10,6
2021-05-22T23:59:59+02:00,11,11,4462,3911,9208,8886,11955,12377,16596,17727,22479,23535,19067,21785,14308,17948,4130,7186,976,910,1817,2191,2276,3217,2801,4541,4262,5110,4952,5142,9397,11908,3824,6561,139571,52322,20220,7195,54020,8605,1761,10,6
2021-05-21T23:59:59+02:00,11,11,4429,3872,9140,8811,11883,12288,16505,17652,22415,23467,19047,21767,14304,17941,4130,7184,931,900,1784,2179,2245,3208,2770,4516,4214,5082,4927,5119,9385,11901,3823,6560,138915,52257,20220,7195,54001,8379,1711,10,6
2021-05-20T23:59:59+02:00,8,10,4171,3688,8695,8455,11401,11871,15835,17149,21832,22889,18861,21600,14272,17900,4125,7173,784,835,1528,2020,2002,3052,2527,4297,3967,4851,4770,4957,9272,11758,3815,6535,135510,51524,19846,7098,53582,7359,987,10,6
2021-05-19T23:59:59+02:00,8,10,3924,3443,8197,7988,10822,11324,15163,16447,21154,22165,18661,21370,14231,17850,4119,7156,732,789,1468,1941,1925,2949,2460,4173,3826,4693,4596,4746,9069,11530,3795,6506,130108,50443,19663,6966,53282,6818,969,10,6
2021-05-18T23:59:59+02:00,7,9,3637,3177,7648,7448,10090,10623,14200,15512,20207,21107,18402,21087,14176,17790,4113,7134,676,741,1412,1856,1851,2839,2331,4030,3651,4492,4328,4455,8867,11282,3782,6479,123051,49211,19568,6769,52841,6193,897,10,6
2021-05-17T23:59:59+02:00,7,9,3447,2966,7185,6981,9583,10083,13468,14721,19522,20305,18216,20825,14129,17725,4103,7120,617,686,1331,1793,1777,2757,2222,3955,3514,4379,4080,4224,8724,11070,3769,6450,117800,48412,19328,6554,52376,5499,881,10,6
2021-05-16T23:59:59+02:00,7,8,3319,2893,6978,6803,9380,9869,13215,14486,19296,20077,18138,20745,14115,17706,4102,7114,605,641,1292,1744,1734,2696,2185,3862,3450,4296,3989,4125,8704,11045,3767,6448,116181,48269,19087,6389,52096,5046,877,10,6
2021-05-15T23:59:59+02:00,7,8,3318,2890,6972,6796,9378,9863,13212,14484,19293,20068,18136,20744,14115,17706,4102,7114,605,641,1290,1744,1732,2696,2183,3862,3449,4296,3987,4123,8704,11045,3767,6448,116139,48263,19087,6388,52094,5043,876,10,6
2021-05-14T23:59:59+02:00,7,8,3278,2847,6860,6654,9249,9727,13063,14301,19122,19933,18112,20719,14114,17698,4101,7111,583,629,1269,1725,1704,2676,2149,3836,3405,4260,3937,4069,8697,11038,3767,6447,115736,48225,18340,6241,52014,4918,805,9,6
2021-05-13T23:59:59+02:00,7,8,3155,2683,6537,6335,8813,9329,12520,13821,18518,19337,17981,20575,14081,17662,4096,7109,547,604,1216,1671,1646,2603,2061,3730,3255,4142,3834,3933,8677,11018,3764,6443,112864,48133,17643,5854,51413,4514,639,8,6
2021-05-12T23:59:59+02:00,7,8,3128,2651,6504,6297,8766,9276,12383,13708,18333,19132,17948,20541,14073,17652,4096,7109,546,602,1215,1669,1641,2600,2053,3724,3241,4134,3821,3920,8669,11012,3764,6442,112153,48108,17416,5827,51396,4475,639,8,6
2021-05-11T23:59:59+02:00,5,8,2737,2396,5704,5796,7803,8462,10994,12550,16766,17657,17442,19979,13991,17547,4078,7086,509,543,1084,1562,1479,2444,1866,3545,3017,3873,3713,3807,8600,10920,3760,6437,104758,47879,16795,5632,49325,3528,116,7,6
2021-05-10T23:59:59+02:00,5,7,2551,2228,5232,5416,7106,7836,9961,11636,15475,16287,17064,19529,13928,17433,4071,7062,482,517,1041,1524,1435,2393,1806,3443,2898,3742,3632,3734,8561,10873,3756,6433,98946,47764,15896,5404,47863,2984,115,7,5
2021-05-09T23:59:59+02:00,5,7,2467,2198,5095,5333,6920,7717,9554,11298,14930,15760,16946,19391,13908,17405,4068,7057,466,499,1007,1467,1363,2309,1748,3320,2786,3586,3548,3640,8536,10841,3753,6430,97374,47680,15315,5122,47250,2381,113,7,5
2021-05-08T23:59:59+02:00,5,7,2463,2197,5094,5333,6920,7715,9550,11295,14929,15759,16946,19391,13908,17405,4068,7057,465,498,1007,1467,1363,2308,1748,3320,2785,3585,3546,3640,8536,10841,3753,6430,97360,47676,15314,5122,47248,2378,113,7,5
2021-05-07T23:59:59+02:00,5,7,2291,2135,4823,5239,6558,7561,9102,11080,14488,15439,16770,19190,13896,17376,4068,7055,453,496,996,1456,1348,2294,1712,3311,2736,3550,3502,3600,8460,10760,3753,6427,96656,47653,14801,4784,45510,2305,109,7,5
2021-05-06T23:59:59+02:00,5,7,2057,2003,4275,4888,5913,7185,8342,10522,13518,14618,16374,18740,13847,17282,4056,7042,422,448,954,1357,1262,2133,1606,3088,2516,3267,3324,3401,8284,10571,3744,6414,94082,47217,13561,4185,42984,1345,41,6,5
2021-05-05T23:59:59+02:00,5,7,1931,1890,3990,4665,5482,6815,7652,9936,12402,13563,15698,17905,13744,17180,4047,7018,411,436,941,1330,1232,2089,1570,3012,2456,3184,3274,3361,8206,10475,3738,6404,89671,47086,12237,4041,41990,963,26,6,5
2021-05-04T23:59:59+02:00,5,7,1845,1805,3723,4430,5074,6457,6992,9362,11186,12323,14780,16778,13634,17043,4043,7004,405,428,922,1311,1211,2046,1552,2977,2411,3130,3230,3314,8117,10364,3732,6390,83864,46953,11599,3843,41010,729,12,6,5
2021-05-03T23:59:59+02:00,4,7,1792,1753,3573,4308,4843,6246,6609,9031,10459,11587,14058,15801,13548,16927,4034,6987,400,419,919,1298,1197,2012,1533,2936,2378,3084,3178,3274,8004,10262,3727,6384,79444,46828,11395,3625,40713,539,10,5,5
2021-05-02T23:59:59+02:00,4,7,1782,1735,3499,4284,4762,6193,6539,8973,10345,11473,13872,15607,13516,16900,4033,6982,398,411,913,1283,1194,1995,1530,2923,2362,3067,3163,3257,7968,10230,3726,6380,78890,46809,11119,3528,40486,454,6,5,5
2021-05-01T23:59:59+02:00,4,7,1780,1735,3498,4283,4762,6192,6536,8972,10340,11469,13869,15607,13515,16899,4033,6979,397,411,913,1283,1194,1994,1530,2923,2362,3067,3163,3257,7968,10230,3726,6379,78864,46806,11119,3528,40486,454,6,5,5
2021-04-30T23:59:59+02:00,4,7,1778,1729,3492,4274,4756,6179,6515,8957,10302,11431,13817,15533,13489,16868,4032,6978,397,409,912,1281,1194,1994,1530,2923,2360,3066,3163,3255,7967,10228,3726,6379,78535,46799,11119,3527,40477,450,5,5,5
2021-04-29T23:59:59+02:00,4,7,1651,1687,3252,4158,4481,6030,6203,8707,9889,11042,13238,14830,13386,16714,4026,6970,389,398,903,1260,1173,1958,1506,2886,2330,3018,3148,3243,7954,10210,3724,6375,75759,46678,10733,3526,39773,263,5,5,5
2021-04-28T23:59:59+02:00,4,7,1523,1640,3076,4058,4244,5852,5846,8435,9303,10553,12365,13649,13231,16505,4017,6956,380,388,887,1248,1157,1929,1471,2842,2260,2949,2995,3111,7842,10094,3717,6364,71272,46264,10546,3115,39437,248,4,5,5
2021-04-27T23:59:59+02:00,4,7,1483,1595,2967,3941,4042,5710,5539,8176,8682,9882,11326,12344,13002,16150,4006,6934,368,373,878,1227,1142,1894,1445,2770,2214,2888,2956,3067,7816,10064,3711,6360,66470,46055,10358,2943,38953,168,4,5,5
2021-04-26T23:59:59+02:00,4,7,1456,1562,2856,3864,3869,5566,5228,7964,8194,9441,10570,11418,12858,15946,3995,6916,367,368,868,1217,1126,1883,1415,2750,2187,2858,2907,3017,7772,10015,3705,6355,63060,45959,10169,2697,38476,147,4,5,5
2021-04-25T23:59:59+02:00,4,7,1445,1556,2789,3834,3774,5506,5093,7917,7998,9334,10374,11183,12821,15892,3994,6911,366,363,859,1210,1108,1869,1400,2731,2165,2831,2866,2984,7723,9967,3704,6350,62556,45880,9966,2488,37901,121,4,5,5
2021-04-24T23:59:59+02:00,4,7,1444,1556,2789,3833,3774,5505,5091,7915,7994,9330,10368,11181,12821,15892,3994,6911,366,363,859,1210,1108,1868,1399,2730,2164,2831,2866,2984,7723,9967,3704,6350,62534,45876,9966,2488,37900,121,4,5,5
2021-04-23T23:59:59+02:00,4,7,1428,1547,2721,3799,3692,5475,4973,7867,7863,9271,10283,11072,12797,15851,3992,6907,366,363,858,1208,1108,1868,1398,2730,2164,2831,2866,2984,7722,9967,3704,6350,62404,45872,9690,2488,37446,120,4,5,5
2021-04-22T23:59:59+02:00,4,7,1385,1518,2615,3732,3534,5371,4742,7715,7511,9035,9716,10380,12531,15553,3986,6884,358,362,849,1197,1096,1856,1378,2703,2130,2805,2816,2931,7630,9861,3693,6334,60793,45468,9032,2419,36385,105,4,5,5
2021-04-21T23:59:59+02:00,4,7,1351,1482,2534,3654,3417,5269,4525,7534,7102,8710,8832,9349,12119,14974,3973,6843,354,360,844,1181,1087,1836,1360,2674,2101,2777,2758,2874,7518,9697,3676,6306,58073,44996,8164,2295,35433,105,4,5,5
2021-04-20T23:59:59+02:00,4,7,1328,1456,2465,3580,3315,5172,4351,7353,6716,8380,7941,8223,11657,14383,3959,6829,349,356,833,1168,1078,1814,1336,2651,2068,2734,2698,2817,7370,9514,3646,6253,55222,44289,7398,2290,34491,100,3,5,5
2021-04-19T23:59:59+02:00,4,7,1312,1441,2427,3542,3254,5105,4246,7251,6476,8148,7311,7449,11405,14028,3949,6811,347,354,829,1159,1072,1802,1313,2638,2035,2709,2645,2774,7255,9350,3623,6214,53280,43739,7027,2277,33851,97,3,5,5
2021-04-18T23:59:59+02:00,4,6,1303,1429,2394,3515,3214,5084,4192,7193,6340,8019,6957,7061,11311,13923,3946,6799,347,353,827,1155,1071,1795,1311,2625,2029,2704,2639,2761,7229,9318,3621,6211,52765,43618,6560,2275,33357,97,3,5,5
2021-04-17T23:59:59+02:00,4,6,1302,1427,2394,3514,3213,5080,4187,7190,6333,8009,6943,7051,11309,13921,3946,6799,347,353,826,1154,1071,1795,1310,2624,2028,2702,2636,2759,7228,9318,3621,6211,52743,43606,6558,2274,33319,97,3,5,5
2021-04-16T23:59:59+02:00,4,6,1299,1426,2384,3508,3205,5073,4167,7172,6282,7976,6867,6966,11298,13907,3944,6797,346,352,822,1151,1069,1795,1307,2623,2025,2702,2635,2752,7225,9316,3620,6211,52686,43583,6322,2269,33265,93,3,5,5
2021-04-15T23:59:59+02:00,2,4,1262,1404,2329,3461,3108,5013,4007,7045,6024,7744,6324,6410,11051,13619,3930,6766,338,350,804,1130,1030,1736,1262,2551,1951,2607,2558,2682,7137,9229,3610,6194,51601,42994,5935,2083,31959,88,3,5,3
2021-04-14T23:59:59+02:00,2,4,1240,1391,2294,3433,3038,4951,3900,6939,5833,7536,5682,5707,10663,13134,3898,6715,330,347,792,1121,1013,1711,1232,2510,1900,2557,2481,2613,6989,9034,3591,6168,50200,42335,5728,1963,30425,88,2,5,3
2021-04-13T23:59:59+02:00,2,4,1226,1382,2262,3403,2983,4888,3790,6857,5585,7315,5150,5161,10322,12721,3875,6687,309,333,774,1093,990,1691,1207,2475,1864,2516,2416,2548,6872,8898,3555,6107,49186,41654,5524,1906,28896,85,2,5,3
2021-04-12T23:59:59+02:00,2,4,1211,1376,2238,3379,2933,4843,3664,6776,5375,7165,4823,4866,10073,12440,3866,6664,293,329,763,1089,974,1674,1193,2452,1815,2468,2340,2488,6758,8757,3540,6085,48721,41083,5326,1858,27644,74,2,5,3
2021-04-11T23:59:59+02:00,2,4,1206,1364,2219,3360,2900,4823,3602,6705,5230,7056,4592,4667,9888,12242,3861,6653,287,327,758,1081,964,1660,1182,2424,1793,2438,2286,2429,6675,8649,3526,6065,48640,40668,5090,1800,26637,73,2,5,3
2021-04-10T23:59:59+02:00,2,4,1206,1363,2217,3356,2898,4819,3597,6702,5220,7045,4587,4658,9880,12229,3861,6652,284,323,743,1074,951,1655,1159,2404,1723,2386,2203,2343,6619,8602,3525,6061,48587,40503,5090,1479,26612,70,2,5,3
2021-04-09T23:59:59+02:00,2,4,1203,1360,2210,3354,2890,4810,3588,6691,5190,7021,4563,4632,9855,12199,3860,6652,275,320,723,1064,937,1634,1127,2357,1632,2311,1985,2075,6466,8445,3504,6028,48514,39657,5085,1153,26478,70,2,5,3
2021-04-08T23:59:59+02:00,2,4,1178,1340,2155,3298,2806,4720,3447,6565,4954,6788,4176,4224,9315,11628,3842,6599,250,300,669,1002,879,1560,1053,2258,1498,2191,1710,1741,6006,7890,3417,5885,48057,37106,4563,1148,24414,52,2,5,3
2021-04-07T23:59:59+02:00,2,4,1168,1326,2124,3282,2764,4682,3358,6503,4793,6654,3884,3924,8754,11078,3825,6568,216,270,609,948,819,1490,994,2198,1393,2092,1570,1567,5412,7196,3327,5733,47851,34637,4091,1144,22745,51,1,5,3
2021-04-06T23:59:59+02:00,2,4,1147,1309,2081,3258,2725,4650,3293,6456,4666,6562,3634,3671,8264,10568,3809,6538,209,265,581,929,794,1442,950,2141,1310,2006,1427,1381,4838,6407,3217,5530,47656,32240,3555,1137,21420,48,1,5,3
2021-04-05T23:59:59+02:00,2,4,1145,1305,2077,3255,2715,4648,3279,6442,4644,6544,3602,3645,8237,10531,3805,6536,206,252,574,913,775,1418,934,2105,1270,1966,1380,1318,4625,6137,3169,5475,47570,31332,3551,1135,21289,48,1,5,3
2021-04-04T23:59:59+02:00,2,4,1145,1305,2077,3254,2715,4647,3279,6442,4643,6543,3598,3643,8235,10529,3805,6536,206,252,573,913,775,1418,934,2105,1270,1965,1380,1318,4624,6137,3169,5475,47564,31329,3551,1135,21281,48,1,5,3
2021-04-03T23:59:59+02:00,2,4,1145,1305,2076,3254,2715,4647,3279,6442,4643,6543,3597,3641,8235,10527,3805,6536,206,252,573,913,775,1418,934,2105,1270,1965,1380,1318,4624,6137,3169,5475,47562,31329,3550,1135,21278,48,1,5,3
2021-04-02T23:59:59+02:00,2,4,1145,1305,2076,3252,2715,4646,3279,6439,4643,6541,3595,3637,8233,10526,3805,6536,206,252,573,913,775,1416,934,2105,1270,1964,1380,1316,4622,6136,3168,5475,47546,31321,3550,1134,21277,48,1,5,3
2021-04-01T23:59:59+02:00,1,4,1132,1268,2011,3130,2608,4449,3132,6192,4486,6304,3551,3601,8136,10421,3795,6520,201,243,569,905,764,1410,924,2091,1247,1948,1359,1289,4384,5818,3050,5310,47185,30339,3545,1130,20005,41,1,5,3
2021-03-31T23:59:59+02:00,1,4,1114,1236,1972,3029,2532,4306,3042,5979,4358,6074,3470,3520,7986,10223,3776,6486,193,240,562,893,760,1392,912,2071,1206,1914,1304,1226,3899,5224,2923,5077,46588,28626,3418,1130,19096,40,1,5,1
2021-03-30T23:59:59+02:00,1,3,1092,1202,1923,2848,2430,4080,2891,5621,4156,5687,3377,3426,7822,10019,3750,6435,189,235,554,881,749,1371,890,2051,1158,1869,1221,1143,3377,4516,2701,4745,45955,26489,3256,1130,17546,31,1,5,1
2021-03-29T23:59:59+02:00,1,3,1076,1158,1862,2713,2345,3919,2752,5367,3994,5413,3281,3328,7662,9791,3721,6388,188,232,548,870,739,1357,873,2027,1123,1840,1147,1058,2800,3839,2522,4451,45316,24467,3029,1126,16423,21,1,5,1
2021-03-28T23:59:59+02:00,1,3,1056,1125,1790,2548,2262,3713,2631,5068,3842,5136,3216,3263,7597,9726,3717,6382,188,232,546,867,738,1355,871,2021,1120,1838,1138,1046,2745,3772,2509,4424,45209,24271,2818,1123,15043,16,1,5,1
2021-03-27T23:59:59+01:00,1,3,1056,1125,1790,2547,2261,3712,2628,5068,3839,5136,3212,3263,7596,9726,3717,6382,188,232,545,867,738,1355,870,2021,1118,1838,1138,1046,2745,3772,2509,4424,45200,24267,2818,1123,15038,16,1,5,1
2021-03-26T23:59:59+01:00,1,3,1053,1103,1747,2432,2197,3554,2568,4857,3753,4912,3191,3246,7593,9721,3716,6381,188,231,544,867,737,1355,870,2021,1118,1835,1134,1045,2742,3764,2508,4421,45174,24243,2817,1123,14031,14,1,5,1
2021-03-25T23:59:59+01:00,1,3,1027,1072,1696,2329,2114,3386,2462,4630,3642,4715,3090,3156,7466,9590,3709,6367,186,228,539,866,730,1345,864,2004,1103,1811,1089,1001,2517,3418,2311,4130,44915,23005,2485,1123,13050,14,1,4,1
2021-03-24T23:59:59+01:00,1,3,1005,1053,1676,2287,2083,3335,2428,4563,3598,4646,3003,3087,7338,9419,3692,6348,186,224,533,863,723,1335,853,1989,1084,1790,1049,959,2133,2875,1923,3620,44380,21004,2356,1121,12824,14,1,4,1
2021-03-23T23:59:59+01:00,1,3,995,1047,1657,2255,2060,3301,2392,4520,3558,4595,2936,3014,7246,9320,3674,6320,184,221,529,858,716,1324,839,1970,1048,1760,968,869,1772,2385,1581,3157,43869,19081,2346,1087,12675,13,1,3,1
2021-03-22T23:59:59+01:00,1,3,992,1040,1642,2240,2046,3283,2370,4492,3521,4554,2891,2980,7184,9250,3659,6303,181,218,528,848,700,1301,825,1956,1019,1733,922,798,1303,1812,1236,2677,43534,17011,2326,1033,12587,13,1,3,1
2021-03-21T23:59:59+01:00,1,3,992,1040,1641,2237,2046,3282,2367,4488,3510,4547,2878,2972,7136,9194,3653,6297,181,215,527,846,699,1297,823,1952,1008,1728,899,779,1227,1727,1183,2608,43389,16710,2323,976,12568,13,1,3,1
2021-03-20T23:59:59+01:00,1,3,991,1039,1640,2237,2046,3282,2367,4488,3508,4545,2878,2971,7136,9193,3653,6297,181,215,527,846,699,1297,823,1952,996,1715,864,751,1196,1704,1175,2606,43389,16708,2319,826,12563,13,1,3,1
2021-03-19T23:59:59+01:00,1,3,990,1031,1633,2225,2035,3278,2365,4481,3501,4537,2868,2960,7123,9176,3652,6294,181,214,526,846,699,1295,823,1951,989,1710,820,714,1139,1654,1165,2596,43326,16666,2314,643,12509,13,1,3,1
2021-03-18T23:59:59+01:00,1,3,951,999,1559,2114,1911,3111,2217,4235,3273,4286,2716,2802,6821,8811,3586,6195,180,213,521,841,692,1288,814,1940,967,1694,802,692,1064,1548,1025,2397,41931,16099,2005,566,11651,13,1,3,1
2021-03-17T23:59:59+01:00,1,3,897,966,1489,2057,1848,3045,2152,4173,3178,4190,2581,2670,6396,8321,3522,6081,179,211,518,836,690,1284,810,1935,962,1687,773,673,930,1395,869,2185,40166,15359,2002,565,11398,13,1,3,1
2021-03-16T23:59:59+01:00,1,3,872,943,1456,2018,1809,2996,2099,4118,3084,4092,2447,2511,5926,7676,3434,5931,173,208,513,835,686,1277,805,1926,954,1674,768,660,843,1269,727,2022,38184,14760,1943,565,11285,13,1,3,1
2021-03-15T23:59:59+01:00,1,3,855,936,1438,1996,1771,2941,2061,4046,2984,3983,2315,2341,5444,7134,3362,5818,172,207,513,828,684,1268,801,1916,944,1658,757,650,773,1158,579,1825,36420,14192,1847,527,11159,13,0,3,1
2021-03-14T23:59:59+01:00,1,3,850,922,1413,1967,1747,2912,2031,3986,2923,3917,2138,2148,5259,6908,3330,5787,172,207,512,825,682,1257,800,1909,941,1648,740,641,757,1139,555,1770,35402,14048,1750,502,11087,4,0,3,1
2021-03-13T23:59:59+01:00,1,3,842,915,1392,1956,1731,2899,2006,3958,2851,3869,2069,2074,5212,6855,3328,5786,172,207,512,825,682,1257,800,1909,941,1648,738,640,757,1136,554,1770,35152,14041,1511,502,11081,4,0,3,1
2021-03-12T23:59:59+01:00,1,3,818,900,1348,1899,1669,2800,1909,3806,2694,3703,1872,1837,5029,6633,3298,5743,172,207,511,825,682,1257,799,1909,941,1647,731,637,744,1121,547,1767,33829,13991,1271,501,10859,4,0,3,1
2021-03-11T23:59:59+01:00,1,3,783,841,1279,1817,1586,2653,1826,3604,2531,3531,1609,1529,4663,6164,3165,5561,163,201,505,816,672,1248,785,1874,920,1607,604,576,676,1080,527,1736,31722,13495,1176,491,10245,3,0,3,1
2021-03-10T23:59:59+01:00,1,3,767,790,1256,1760,1553,2594,1776,3535,2450,3441,1541,1440,4195,5626,3047,5311,163,199,496,794,654,1235,777,1854,913,1591,535,562,643,1071,520,1730,29918,13345,1170,388,9995,3,0,3,1
2021-03-09T23:59:59+01:00,1,3,755,768,1236,1730,1525,2548,1736,3484,2377,3389,1450,1344,3635,4878,2863,5006,161,197,491,773,644,1211,763,1822,901,1563,531,560,641,1066,517,1724,27759,13285,1168,276,9798,3,0,3,1
2021-03-08T23:59:59+01:00,0,3,751,741,1223,1711,1509,2528,1710,3448,2339,3346,1358,1244,2967,4051,2627,4636,157,194,477,749,622,1178,744,1772,877,1526,527,558,641,1065,517,1724,25314,13277,1168,49,9707,1,0,3,1
2021-03-07T23:59:59+01:00,0,3,748,737,1215,1702,1501,2514,1702,3440,2328,3338,1345,1228,2867,3931,2604,4586,157,194,477,749,622,1178,744,1772,877,1526,527,558,640,1065,517,1724,24964,13277,1166,49,9656,0,0,3,1
2021-03-06T23:59:59+01:00,0,3,747,737,1214,1699,1498,2511,1698,3437,2325,3337,1342,1228,2867,3931,2604,4586,156,194,477,749,622,1178,744,1772,877,1526,527,558,640,1065,517,1724,24960,13276,1166,49,9635,0,0,3,1
2021-03-05T23:59:59+01:00,0,3,683,711,1188,1685,1477,2502,1673,3422,2296,3328,1337,1226,2859,3923,2601,4581,156,194,477,748,622,1177,744,1772,877,1524,526,558,640,1065,517,1724,24930,13271,1162,49,9400,0,0,3,1
2021-03-04T23:59:59+01:00,0,3,617,662,1121,1616,1420,2420,1633,3343,2222,3251,1287,1178,2643,3559,2418,4294,154,189,474,734,610,1165,733,1744,868,1511,516,547,628,1055,512,1715,23713,13106,1155,48,8816,0,0,3,1
2021-03-03T23:59:59+01:00,0,3,581,623,1053,1552,1323,2338,1533,3257,2097,3167,1243,1133,2276,3039,2065,3850,154,189,472,731,610,1165,732,1742,866,1509,514,546,626,1052,512,1713,21858,13085,1154,47,8120,0,0,1,1
2021-03-02T23:59:59+01:00,0,3,563,590,1016,1506,1267,2295,1476,3205,2001,3106,1160,1033,1910,2560,1677,3328,152,187,467,725,605,1154,722,1732,861,1489,505,537,615,1031,493,1683,19796,12910,1151,47,7748,0,0,1,1
2021-03-01T23:59:59+01:00,0,3,556,542,998,1467,1221,2235,1430,3140,1946,3032,1116,959,1418,1965,1302,2792,150,187,467,725,605,1153,722,1729,860,1489,503,537,612,1022,489,1672,17533,12874,1148,47,7440,0,0,1,1
2021-02-28T23:59:59+01:00,0,3,549,529,981,1428,1195,2174,1402,3082,1891,2959,1095,937,1304,1824,1230,2703,150,187,466,724,605,1153,721,1727,859,1488,501,537,612,1022,489,1672,17055,12865,1146,47,7084,0,0,1,1
2021-02-27T23:59:59+01:00,0,3,549,527,980,1428,1195,2172,1402,3081,1891,2958,1095,937,1304,1823,1229,2703,150,187,465,723,602,1151,719,1725,857,1487,501,537,612,1022,489,1672,17053,12865,1146,33,7077,0,0,1,1
2021-02-26T23:59:59+01:00,0,3,400,476,850,1384,1111,2129,1335,3040,1832,2916,1090,930,1301,1822,1229,2702,150,187,465,723,602,1151,719,1724,857,1486,501,537,612,1022,489,1672,17043,12864,1146,32,6360,0,0,1,1
2021-02-25T23:59:59+01:00,0,3,308,422,755,1291,1027,2040,1236,2866,1693,2754,1052,898,1220,1698,1116,2514,143,177,453,710,586,1126,712,1699,837,1462,489,523,584,991,475,1653,16455,12597,1146,22,5291,0,0,1,1
2021-02-24T23:59:59+01:00,0,2,259,377,683,1216,953,1952,1182,2749,1628,2637,1025,878,1097,1553,960,2301,141,177,450,707,582,1125,711,1693,836,1458,484,518,576,986,472,1641,15751,12537,1144,19,4556,0,0,1,1
2021-02-23T23:59:59+01:00,0,2,247,356,661,1158,925,1873,1134,2637,1553,2529,1000,850,1020,1425,823,2143,141,176,450,705,582,1125,711,1690,834,1457,483,516,574,985,472,1640,15202,12526,1113,14,4020,0,0,1,1
2021-02-22T23:59:59+01:00,0,0,233,337,638,1128,893,1790,1084,2545,1469,2406,955,821,902,1282,642,1891,141,176,449,704,580,1124,709,1690,828,1455,482,515,573,983,471,1638,14462,12514,1044,3,3509,0,0,1,1
2021-02-21T23:59:59+01:00,0,0,227,326,604,1063,843,1684,1041,2444,1390,2299,938,800,871,1231,590,1827,141,175,446,697,579,1120,709,1685,828,1454,481,515,572,983,470,1637,14256,12488,1004,3,2917,0,0,1,1
2021-02-20T23:59:59+01:00,0,0,227,323,601,1062,841,1680,1038,2439,1377,2282,902,771,840,1208,582,1825,141,175,446,697,579,1120,709,1685,828,1454,481,514,571,983,470,1637,14256,12487,850,3,2891,0,0,1,0
2021-02-19T23:59:59+01:00,0,0,217,315,591,1054,828,1665,1017,2422,1344,2239,659,669,703,1146,557,1808,141,175,446,696,579,1117,708,1683,825,1451,481,514,571,982,469,1637,13780,12472,670,3,2783,0,0,1,0
2021-02-18T23:59:59+01:00,0,0,200,265,552,933,744,1438,887,2163,1096,1864,579,601,665,1106,538,1791,136,175,433,684,564,1100,702,1657,809,1423,478,511,570,980,469,1637,13624,12325,574,3,1223,0,0,1,0
2021-02-17T23:59:59+01:00,0,0,195,227,532,885,708,1341,829,1996,1011,1732,557,581,665,1103,536,1788,129,173,422,674,556,1084,683,1626,796,1401,475,509,568,977,469,1636,13608,12175,574,3,503,0,0,1,0
2021-02-16T23:59:59+01:00,0,0,189,224,525,870,692,1310,810,1957,978,1692,545,576,659,1101,535,1786,124,168,408,668,545,1068,671,1608,787,1387,468,504,561,964,463,1609,13580,12001,574,2,294,0,0,1,0
2021-02-15T23:59:59+01:00,0,0,174,215,519,843,686,1276,796,1922,949,1645,544,573,658,1101,535,1786,121,167,401,659,535,1049,642,1581,773,1369,466,502,561,964,463,1609,13578,11860,535,2,108,0,0,1,0
2021-02-14T23:59:59+01:00,0,0,169,207,516,831,685,1267,793,1913,931,1636,543,572,658,1098,534,1786,114,164,390,648,518,1031,624,1567,766,1357,466,500,559,962,463,1609,13572,11736,533,2,33,0,0,1,0
2021-02-13T23:59:59+01:00,0,0,168,207,515,831,685,1267,793,1913,931,1636,543,572,658,1098,534,1786,114,164,389,647,518,1031,624,1567,766,1357,466,500,559,962,463,1609,13571,11734,533,2,32,0,0,1,0
2021-02-12T23:59:59+01:00,0,0,167,206,511,830,684,1264,789,1912,929,1633,542,572,658,1098,534,1786,110,162,386,641,514,1025,610,1553,762,1340,464,499,548,942,460,1584,13564,11598,532,2,18,0,0,1,0
2021-02-11T23:59:59+01:00,0,0,165,205,507,823,677,1260,787,1908,923,1631,537,566,651,1092,529,1780,90,126,357,570,468,946,559,1436,718,1246,439,454,507,888,419,1491,13512,10713,520,1,8,0,0,1,0
2021-02-10T23:59:59+01:00,0,0,162,203,497,806,661,1245,775,1881,908,1607,529,560,641,1080,524,1770,80,115,329,511,441,839,517,1261,644,1091,391,404,441,776,373,1336,13389,9548,458,1,1,0,0,1,0
2021-02-09T23:59:59+01:00,0,0,161,196,489,767,645,1206,755,1820,897,1565,517,549,635,1066,516,1754,75,99,310,445,406,755,477,1157,579,991,361,351,402,691,343,1223,13280,8665,257,0,0,0,0,1,0
2021-02-08T23:59:59+01:00,0,0,157,192,472,742,622,1171,735,1770,877,1521,511,548,633,1060,512,1741,62,73,265,376,358,619,417,928,506,813,304,296,339,543,288,1032,13213,7219,50,0,0,0,0,1,0
2021-02-07T23:59:59+01:00,0,0,157,191,471,741,620,1170,734,1762,875,1519,510,548,633,1060,512,1740,61,65,247,341,339,575,401,896,487,780,303,288,337,536,286,1029,13192,6971,50,0,0,0,0,1,0
2021-02-06T23:59:59+01:00,0,0,157,191,471,741,620,1170,734,1762,875,1519,510,548,633,1060,512,1740,61,65,247,341,339,575,401,895,485,778,303,287,336,534,285,1029,13192,6961,50,0,0,0,0,1,0
2021-02-05T23:59:59+01:00,0,0,157,191,471,741,620,1170,734,1762,875,1518,510,548,633,1060,512,1740,59,65,245,339,333,571,393,873,476,758,293,282,326,512,270,993,13191,6788,50,0,0,0,0,1,0
2021-02-04T23:59:59+01:00,0,0,151,186,467,733,613,1162,730,1748,869,1509,503,541,612,1035,503,1722,43,50,211,307,292,475,352,732,384,612,229,215,243,352,201,735,13034,5433,49,0,0,0,0,1,0
2021-02-03T23:59:59+01:00,0,0,149,186,461,727,605,1153,726,1737,860,1493,494,533,599,1022,495,1714,35,32,155,216,238,348,264,559,309,464,180,169,171,264,153,555,12905,4112,48,0,0,0,0,1,0
2021-02-02T23:59:59+01:00,0,0,149,183,459,726,605,1153,723,1731,853,1489,493,532,595,1019,494,1710,26,26,136,169,193,279,220,426,258,374,140,130,129,199,119,437,12865,3261,48,0,0,0,0,1,0
2021-02-01T23:59:59+01:00,0,0,147,183,458,725,600,1150,722,1722,851,1484,492,530,590,1016,493,1705,21,19,99,125,137,188,153,300,169,259,89,93,87,126,65,238,12819,2168,48,0,0,0,0,1,0
2021-01-31T23:59:59+01:00,0,0,147,183,458,722,597,1149,722,1718,851,1483,490,529,589,1014,493,1704,15,15,66,84,95,123,116,223,142,203,84,87,83,118,63,224,12801,1741,48,0,0,0,0,0,0
2021-01-30T23:59:59+01:00,0,0,147,183,457,722,595,1147,721,1717,851,1483,490,529,588,1014,493,1704,15,15,66,84,95,121,114,219,139,200,83,86,83,112,57,214,12800,1703,41,0,0,0,0,0,0
2021-01-29T23:59:59+01:00,0,0,147,183,457,720,594,1144,719,1715,849,1482,490,529,588,1014,493,1704,13,15,55,79,78,117,97,208,116,188,78,79,82,108,56,213,12795,1582,33,0,0,0,0,0,0
2021-01-28T23:59:59+01:00,0,0,140,179,444,703,577,1119,713,1688,826,1453,483,523,585,1011,490,1701,8,3,12,19,24,45,30,96,48,89,45,50,54,78,41,158,12610,800,25,0,0,0,0,0,0
2021-01-27T23:59:59+01:00,0,0,133,177,433,693,569,1110,697,1654,819,1430,480,521,581,1006,490,1696,4,1,4,11,10,23,13,40,23,31,12,17,24,31,18,48,12466,310,23,0,0,0,0,0,0
2021-01-26T23:59:59+01:00,0,0,127,173,419,680,556,1096,688,1631,808,1409,474,516,575,989,484,1662,4,1,4,10,7,21,11,37,17,28,12,15,23,30,18,47,12273,285,14,0,0,0,0,0,0
2021-01-25T23:59:59+01:00,0,0,124,171,410,668,545,1077,660,1603,790,1392,472,513,573,988,484,1662,3,1,3,9,7,16,6,28,12,22,9,6,13,19,9,29,12129,192,3,0,0,0,0,0,0
2021-01-24T23:59:59+01:00,0,0,117,168,400,658,531,1059,643,1590,777,1381,471,510,572,988,484,1662,2,0,1,6,7,4,4,7,5,9,1,2,11,12,6,16,12008,93,3,0,0,0,0,0,0
2021-01-23T23:59:59+01:00,0,0,117,168,400,657,531,1059,643,1590,777,1381,471,510,572,988,484,1662,1,0,1,6,7,4,4,7,5,9,1,2,11,12,6,16,12007,92,3,0,0,0,0,0,0
2021-01-22T23:59:59+01:00,0,0,113,166,393,651,528,1053,629,1576,771,1364,471,507,561,967,479,1636,1,0,1,6,7,4,4,7,5,9,1,2,11,12,6,16,11862,92,3,0,0,0,0,0,0
2021-01-21T23:59:59+01:00,0,0,101,158,378,633,505,1020,599,1527,748,1322,455,469,528,923,446,1571,1,0,1,6,7,4,4,7,5,9,1,2,11,12,6,16,11380,92,3,0,0,0,0,0,0
2021-01-20T23:59:59+01:00,0,0,82,116,344,544,461,880,541,1293,660,1136,397,410,445,788,387,1359,1,0,1,5,7,4,4,7,5,9,1,2,11,12,6,16,9840,91,3,0,0,0,0,0,0
2021-01-19T23:59:59+01:00,0,0,77,104,315,468,421,791,501,1179,608,1033,374,373,410,710,358,1269,1,0,1,3,7,4,4,7,5,9,1,0,8,8,5,15,8988,78,3,0,0,0,0,0,0
2021-01-18T23:59:59+01:00,0,0,63,74,270,381,366,641,427,947,515,836,308,306,345,562,305,1081,1,0,1,3,7,4,4,7,5,9,1,0,8,8,5,15,7425,78,2,0,0,0,0,0,0
2021-01-17T23:59:59+01:00,0,0,61,65,251,346,344,589,408,905,492,798,305,297,344,555,303,1073,0,0,0,0,0,0,0,0,0,0,0,0,0,0,0,0,7134,0,2,0,0,0,0,0,0
2021-01-16T23:59:59+01:00,0,0,61,65,251,346,344,589,408,904,490,796,305,296,342,551,302,1073,0,0,0,0,0,0,0,0,0,0,0,0,0,0,0,0,7121,0,2,0,0,0,0,0,0
2021-01-15T23:59:59+01:00,0,0,59,65,250,343,338,583,397,881,479,771,291,290,325,524,281,1035,0,0,0,0,0,0,0,0,0,0,0,0,0,0,0,0,6910,0,2,0,0,0,0,0,0
2021-01-14T23:59:59+01:00,0,0,45,52,236,321,314,508,363,756,392,626,228,218,242,353,205,752,0,0,0,0,0,0,0,0,0,0,0,0,0,0,0,0,5611,0,0,0,0,0,0,0,0
2021-01-13T23:59:59+01:00,0,0,39,42,211,265,272,409,299,608,321,501,177,175,174,269,163,588,0,0,0,0,0,0,0,0,0,0,0,0,0,0,0,0,4513,0,0,0,0,0,0,0,0
2021-01-12T23:59:59+01:00,0,0,35,40,206,250,258,377,276,531,290,456,141,134,135,206,127,458,0,0,0,0,0,0,0,0,0,0,0,0,0,0,0,0,3920,0,0,0,0,0,0,0,0
2021-01-11T23:59:59+01:00,0,0,29,36,195,230,239,325,228,444,240,382,110,105,101,133,75,291,0,0,0,0,0,0,0,0,0,0,0,0,0,0,0,0,3163,0,0,0,0,0,0,0,0
2021-01-10T23:59:59+01:00,0,0,27,31,157,168,196,250,190,348,198,305,98,99,98,128,73,277,0,0,0,0,0,0,0,0,0,0,0,0,0,0,0,0,2643,0,0,0,0,0,0,0,0
2021-01-09T23:59:59+01:00,0,0,27,31,150,164,194,242,186,341,196,300,98,99,98,128,73,277,0,0,0,0,0,0,0,0,0,0,0,0,0,0,0,0,2604,0,0,0,0,0,0,0,0
2021-01-08T23:59:59+01:00,0,0,24,28,121,141,173,229,162,312,168,279,93,89,97,124,72,276,0,0,0,0,0,0,0,0,0,0,0,0,0,0,0,0,2388,0,0,0,0,0,0,0,0
2021-01-07T23:59:59+01:00,0,0,9,3,16,24,31,55,37,104,61,112,48,51,60,84,46,187,0,0,0,0,0,0,0,0,0,0,0,0,0,0,0,0,928,0,0,0,0,0,0,0,0
2021-01-06T23:59:59+01:00,0,0,4,1,5,11,9,22,13,39,20,31,13,14,25,35,20,55,0,0,0,0,0,0,0,0,0,0,0,0,0,0,0,0,317,0,0,0,0,0,0,0,0
2021-01-05T23:59:59+01:00,0,0,3,1,4,9,8,18,10,31,15,26,10,14,22,30,19,49,0,0,0,0,0,0,0,0,0,0,0,0,0,0,0,0,269,0,0,0,0,0,0,0,0
2021-01-04T23:59:59+01:00,0,0,2,1,2,7,8,10,4,15,8,16,5,3,11,16,8,26,0,0,0,0,0,0,0,0,0,0,0,0,0,0,0,0,142,0,0,0,0,0,0,0,0
2021-01-03T23:59:59+01:00,0,0,2,0,1,6,8,4,4,7,5,9,1,2,11,12,7,16,0,0,0,0,0,0,0,0,0,0,0,0,0,0,0,0,95,0,0,0,0,0,0,0,0
2021-01-02T23:59:59+01:00,0,0,2,0,1,6,8,4,4,7,5,9,1,2,11,12,7,16,0,0,0,0,0,0,0,0,0,0,0,0,0,0,0,0,95,0,0,0,0,0,0,0,0
2021-01-01T23:59:59+01:00,0,0,1,0,1,6,8,4,4,7,5,9,1,2,11,12,7,16,0,0,0,0,0,0,0,0,0,0,0,0,0,0,0,0,94,0,0,0,0,0,0,0,0
2020-12-31T23:59:59+01:00,0,0,1,0,1,5,8,4,4,7,5,9,1,2,11,12,7,16,0,0,0,0,0,0,0,0,0,0,0,0,0,0,0,0,93,0,0,0,0,0,0,0,0
2020-12-30T23:59:59+01:00,0,0,1,0,1,5,8,4,4,7,5,9,1,2,11,12,7,16,0,0,0,0,0,0,0,0,0,0,0,0,0,0,0,0,93,0,0,0,0,0,0,0,0
2020-12-29T23:59:59+01:00,0,0,1,0,1,3,8,4,4,7,5,9,1,0,8,8,6,15,0,0,0,0,0,0,0,0,0,0,0,0,0,0,0,0,80,0,0,0,0,0,0,0,0
2020-12-28T23:59:59+01:00,0,0,1,0,1,3,8,4,4,7,5,9,1,0,8,8,6,15,0,0,0,0,0,0,0,0,0,0,0,0,0,0,0,0,80,0,0,0,0,0,0,0,0
2020-12-27T23:59:59+01:00,0,0,1,0,1,3,8,4,4,7,5,9,1,0,8,8,6,15,0,0,0,0,0,0,0,0,0,0,0,0,0,0,0,0,80,0,0,0,0,0,0,0,0
