Datum,<24_1_m,<24_1_w,25-34_1_m,25-34_1_w,35-44_1_m,35-44_1_w,45-54_1_m,45-54_1_w,55-64_1_m,55-64_1_w,65-74_1_m,65-74_1_w,75-84_1_m,75-84_1_w,>84_1_m,>84_1_w,<24_2_m,<24_2_w,25-34_2_m,25-34_2_w,35-44_2_m,35-44_2_w,45-54_2_m,45-54_2_w,55-64_2_m,55-64_2_w,65-74_2_m,65-74_2_w,75-84_2_m,75-84_2_w,>84_2_m,>84_2_w,bp_1,bp_2,mo_1,mo_2,az_1,az_2,ja
2021-05-12T23:59:59+02:00,3483,3079,6581,6408,8669,9251,12860,14252,18161,19149,17573,20211,13076,16608,3434,6111,604,708,1212,1704,1604,2573,2089,3833,3249,3904,3883,4040,8719,11265,3142,5549,110879,47706,17107,5520,50292,4224,628
2021-05-11T23:59:59+02:00,3056,2813,5784,5895,7742,8458,11459,13118,16759,17745,17167,19767,13013,16515,3418,6092,563,645,1083,1597,1445,2421,1910,3656,3036,3665,3796,3940,8670,11195,3140,5545,103853,47515,16493,5326,48340,3351,115
2021-05-10T23:59:59+02:00,2838,2613,5288,5493,7045,7838,10387,12143,15536,16398,16865,19415,12960,16420,3410,6071,527,619,1049,1554,1413,2375,1849,3550,2917,3540,3730,3876,8636,11156,3140,5543,98091,47400,15603,5136,46911,2823,115
2021-05-09T23:59:59+02:00,2747,2580,5156,5416,6854,7715,9960,11769,15026,15892,16774,19313,12944,16395,3407,6066,510,596,1013,1505,1349,2287,1785,3427,2813,3399,3648,3781,8621,11137,3138,5541,96578,47319,15026,4875,46296,2242,114
2021-05-08T23:59:59+02:00,2742,2579,5155,5416,6854,7713,9957,11766,15025,15891,16774,19313,12944,16395,3407,6066,510,595,1013,1504,1349,2287,1785,3426,2811,3399,3647,3781,8621,11137,3138,5541,96564,47315,15025,4875,46294,2240,114
2021-05-07T23:59:59+02:00,2546,2507,4882,5326,6483,7548,9508,11555,14591,15546,16629,19156,12937,16371,3407,6066,498,591,1006,1493,1333,2275,1750,3413,2761,3365,3595,3738,8561,11069,3138,5538,95870,47293,14537,4547,44540,2173,111
2021-05-06T23:59:59+02:00,2324,2373,4379,5002,5886,7224,8768,11004,13726,14759,16299,18778,12896,16297,3397,6056,467,543,967,1400,1251,2122,1641,3191,2551,3106,3433,3562,8444,10928,3130,5527,93348,46875,13418,4074,42360,1272,42
2021-05-05T23:59:59+02:00,2183,2248,4087,4764,5447,6857,8053,10379,12622,13662,15705,18061,12815,16214,3390,6037,458,529,952,1373,1224,2083,1607,3121,2492,3021,3383,3524,8369,10841,3127,5520,88972,46752,12104,3933,41421,912,27
2021-05-04T23:59:59+02:00,2084,2147,3798,4519,5039,6498,7336,9738,11391,12392,14910,17051,12727,16121,3387,6027,452,518,933,1352,1206,2045,1587,3085,2448,2967,3334,3474,8290,10740,3122,5508,83243,46625,11467,3737,40442,686,13
2021-05-03T23:59:59+02:00,2021,2085,3641,4384,4813,6294,6933,9382,10627,11598,14264,16169,12670,16036,3379,6012,446,509,932,1336,1192,2013,1567,3043,2414,2921,3281,3430,8182,10646,3119,5503,78885,46505,11264,3519,40148,499,11
2021-05-02T23:59:59+02:00,2008,2067,3566,4354,4735,6236,6861,9331,10498,11464,14097,16000,12648,16014,3378,6007,443,500,926,1322,1189,1994,1563,3032,2399,2907,3265,3412,8147,10617,3118,5499,78337,46487,10990,3424,39929,414,8
2021-05-01T23:59:59+02:00,2006,2067,3564,4353,4734,6236,6859,9330,10492,11460,14095,15999,12647,16013,3378,6005,442,500,926,1322,1189,1993,1563,3032,2399,2907,3265,3412,8147,10617,3118,5498,78311,46484,10990,3424,39929,414,8
2021-04-30T23:59:59+02:00,2003,2061,3558,4345,4728,6222,6833,9310,10453,11419,14048,15927,12624,15990,3377,6004,442,499,925,1320,1189,1993,1562,3032,2398,2906,3264,3410,8146,10615,3118,5498,77985,46478,10990,3422,39920,410,7
2021-04-29T23:59:59+02:00,1868,2010,3297,4234,4459,6064,6526,9047,10020,11008,13497,15248,12554,15876,3373,5997,437,487,915,1301,1170,1958,1541,2995,2368,2863,3252,3397,8134,10601,3115,5494,75236,46373,10607,3421,39228,227,7
2021-04-28T23:59:59+02:00,1723,1956,3127,4129,4213,5879,6148,8773,9427,10463,12659,14109,12440,15727,3365,5989,427,479,900,1287,1155,1932,1506,2952,2296,2796,3092,3257,8053,10512,3109,5484,70795,45997,10420,3022,38906,212,6
2021-04-27T23:59:59+02:00,1678,1903,3010,4012,4009,5733,5820,8486,8766,9738,11654,12837,12290,15464,3354,5974,418,465,892,1265,1142,1893,1479,2883,2247,2735,3052,3217,8032,10483,3103,5481,66063,45798,10232,2852,38428,132,5
2021-04-26T23:59:59+02:00,1649,1862,2896,3931,3836,5589,5483,8265,8260,9244,10929,11931,12197,15329,3343,5960,417,459,882,1257,1126,1882,1449,2861,2216,2707,3006,3163,7989,10438,3098,5479,62701,45702,10044,2610,37954,112,5
2021-04-25T23:59:59+02:00,1630,1855,2829,3901,3736,5528,5344,8218,8067,9120,10745,11703,12168,15289,3342,5957,413,452,875,1251,1108,1868,1435,2843,2193,2680,2963,3125,7950,10397,3097,5477,62207,45623,9841,2413,37379,86,5
2021-04-24T23:59:59+02:00,1629,1855,2829,3900,3736,5527,5343,8217,8063,9115,10740,11702,12168,15289,3342,5957,413,452,875,1251,1108,1867,1434,2842,2192,2680,2963,3125,7950,10397,3097,5477,62188,45619,9841,2413,37378,86,5
2021-04-23T23:59:59+02:00,1604,1842,2764,3865,3658,5502,5221,8163,7933,9057,10664,11594,12146,15256,3341,5953,413,452,875,1249,1108,1867,1433,2841,2192,2680,2962,3125,7950,10397,3097,5477,62063,45616,9567,2413,36929,85,4
2021-04-22T23:59:59+02:00,1551,1804,2661,3805,3500,5397,4963,8001,7606,8793,10056,10875,11952,15033,3335,5936,405,451,867,1240,1099,1854,1419,2816,2168,2656,2922,3093,7871,10294,3085,5463,60480,45216,8916,2405,35868,78,4
2021-04-21T23:59:59+02:00,1512,1765,2580,3724,3388,5303,4734,7799,7174,8443,9148,9772,11630,14591,3324,5900,402,449,862,1223,1090,1838,1401,2787,2136,2629,2858,3026,7765,10137,3072,5445,57798,44757,8051,2281,34934,78,4
2021-04-20T23:59:59+02:00,1479,1736,2516,3649,3284,5204,4550,7602,6756,8066,8206,8588,11288,14149,3312,5887,397,446,853,1209,1080,1816,1375,2756,2106,2588,2789,2960,7625,9959,3044,5398,54982,44049,7286,2276,34001,73,3
2021-04-19T23:59:59+02:00,1465,1720,2479,3612,3222,5136,4438,7493,6489,7801,7572,7792,11091,13883,3304,5871,394,444,850,1199,1075,1805,1348,2741,2072,2560,2732,2913,7513,9799,3028,5367,53073,43504,6919,2263,33373,70,3
2021-04-18T23:59:59+02:00,1456,1705,2450,3592,3186,5113,4381,7443,6367,7669,7205,7420,11034,13807,3301,5859,393,441,849,1197,1074,1797,1346,2729,2066,2556,2725,2900,7489,9766,3026,5364,52565,43384,6534,2261,32886,70,3
2021-04-17T23:59:59+02:00,1455,1704,2449,3590,3185,5110,4377,7438,6358,7658,7192,7411,11032,13807,3301,5859,393,441,849,1196,1074,1797,1345,2728,2065,2554,2722,2898,7488,9766,3026,5364,52544,43372,6533,2261,32846,70,3
2021-04-16T23:59:59+02:00,1452,1702,2439,3586,3177,5102,4354,7420,6303,7617,7119,7332,11027,13798,3299,5857,393,440,846,1195,1073,1797,1343,2727,2062,2553,2720,2892,7486,9764,3025,5364,52489,43351,6300,2256,32792,70,3
2021-04-15T23:59:59+02:00,1411,1678,2379,3542,3080,5043,4178,7285,6027,7368,6568,6775,10838,13549,3287,5835,385,438,823,1171,1036,1737,1298,2646,1988,2466,2643,2822,7404,9684,3017,5350,51416,42770,5914,2070,31510,65,3
2021-04-14T23:59:59+02:00,1386,1663,2347,3514,3007,4982,4056,7171,5828,7150,5897,6018,10520,13157,3264,5797,377,433,812,1160,1017,1714,1266,2600,1934,2412,2553,2746,7270,9505,3003,5327,50058,42115,5713,1947,29984,65,2
2021-04-13T23:59:59+02:00,1368,1654,2313,3482,2952,4921,3943,7078,5553,6919,5357,5439,10234,12808,3246,5775,356,418,790,1128,995,1695,1241,2566,1898,2367,2483,2685,7156,9366,2974,5274,49055,41437,5513,1890,28472,63,2
2021-04-12T23:59:59+02:00,1352,1647,2286,3456,2901,4876,3803,6990,5353,6767,4990,5108,10044,12585,3237,5755,341,414,778,1123,979,1678,1224,2542,1847,2325,2407,2619,7047,9232,2962,5257,48594,40875,5320,1842,27234,56,2
2021-04-11T23:59:59+02:00,1347,1634,2266,3433,2872,4857,3734,6918,5190,6649,4744,4886,9902,12428,3233,5746,335,410,773,1116,967,1661,1212,2514,1825,2297,2351,2552,6968,9133,2951,5239,48514,40463,5088,1784,26235,55,2
2021-04-10T23:59:59+02:00,1347,1633,2264,3429,2870,4852,3728,6916,5181,6638,4734,4871,9899,12421,3233,5745,331,406,758,1110,954,1655,1189,2490,1756,2248,2269,2466,6917,9095,2951,5235,48461,40301,5088,1472,26210,55,2
2021-04-09T23:59:59+02:00,1344,1630,2256,3427,2865,4844,3716,6902,5156,6612,4704,4846,9880,12394,3232,5745,317,404,741,1101,935,1629,1156,2446,1660,2165,2038,2180,6791,8965,2934,5207,48392,39459,5083,1153,26076,55,2
2021-04-08T23:59:59+02:00,1317,1607,2196,3366,2786,4756,3563,6767,4918,6373,4284,4374,9406,11920,3221,5700,287,379,688,1041,879,1557,1071,2348,1523,2036,1756,1811,6333,8433,2876,5098,47943,36919,4568,1150,24043,47,0
2021-04-07T23:59:59+02:00,1306,1592,2161,3349,2747,4716,3464,6710,4750,6221,3947,4037,8910,11439,3207,5671,243,348,638,983,814,1491,1010,2280,1418,1938,1596,1624,5750,7743,2807,4967,47736,34457,4099,1147,22392,46,0
2021-04-06T23:59:59+02:00,1283,1572,2121,3326,2712,4685,3392,6666,4616,6120,3658,3752,8490,10991,3193,5645,236,342,611,961,789,1445,961,2219,1328,1852,1443,1416,5181,6951,2716,4801,47553,32069,3561,1140,21108,43,0
2021-04-05T23:59:59+02:00,1281,1569,2117,3323,2700,4684,3378,6649,4596,6104,3627,3720,8465,10960,3190,5644,233,328,602,944,772,1422,945,2182,1288,1813,1389,1338,4967,6687,2678,4755,47469,31161,3557,1139,20981,43,0
2021-04-04T23:59:59+02:00,1281,1569,2117,3322,2700,4684,3378,6648,4595,6104,3623,3718,8463,10959,3190,5644,233,328,601,944,772,1422,945,2182,1288,1813,1389,1338,4966,6687,2678,4755,47465,31159,3557,1139,20973,43,0
2021-04-03T23:59:59+02:00,1281,1569,2117,3322,2700,4684,3378,6648,4595,6104,3622,3716,8463,10958,3190,5644,233,328,601,944,772,1422,945,2182,1288,1813,1389,1338,4966,6687,2678,4755,47463,31159,3557,1139,20971,43,0
2021-04-02T23:59:59+02:00,1281,1569,2117,3320,2700,4683,3378,6644,4595,6102,3619,3713,8462,10957,3190,5644,233,328,601,944,772,1420,945,2182,1288,1812,1389,1336,4964,6686,2677,4755,47447,31151,3557,1138,20970,43,0
2021-04-01T23:59:59+02:00,1263,1524,2045,3193,2595,4480,3228,6390,4448,5892,3575,3677,8369,10853,3181,5632,228,319,595,935,762,1414,934,2169,1265,1794,1369,1308,4702,6342,2581,4620,47087,30167,3552,1134,19706,36,0
2021-03-31T23:59:59+02:00,1245,1486,2001,3087,2524,4339,3134,6160,4318,5682,3487,3582,8230,10679,3164,5604,221,317,587,921,758,1399,918,2147,1222,1761,1313,1246,4221,5717,2471,4423,46496,28473,3425,1134,18801,35,0
2021-03-30T23:59:59+02:00,1224,1441,1947,2903,2416,4101,2978,5783,4127,5333,3384,3486,8081,10482,3140,5558,217,312,579,912,746,1378,898,2124,1167,1716,1229,1159,3679,4963,2285,4149,45860,26352,3266,1134,17258,27,0
2021-03-29T23:59:59+02:00,1204,1385,1893,2776,2343,3943,2849,5509,3968,5093,3292,3385,7925,10264,3118,5522,216,309,573,899,736,1366,882,2097,1125,1685,1145,1060,3076,4239,2146,3920,45222,24326,3043,1131,16204,17,0
2021-03-28T23:59:59+02:00,1181,1335,1823,2612,2255,3729,2721,5228,3824,4825,3231,3323,7869,10204,3114,5519,216,309,572,896,735,1364,880,2090,1122,1685,1135,1047,3019,4167,2137,3900,45115,24133,2835,1128,14843,13,0
2021-03-27T23:59:59+01:00,1181,1335,1823,2611,2254,3729,2720,5228,3821,4825,3228,3323,7868,10204,3114,5519,216,309,571,896,735,1364,879,2090,1120,1685,1135,1047,3019,4167,2137,3900,45107,24129,2835,1128,14841,13,0
2021-03-26T23:59:59+01:00,1177,1302,1779,2499,2184,3565,2661,5014,3739,4617,3211,3313,7865,10199,3113,5518,216,308,571,896,734,1364,879,2089,1119,1683,1132,1046,3016,4159,2136,3897,45083,24106,2833,1128,13840,11,0
2021-03-25T23:59:59+01:00,1151,1262,1726,2394,2096,3400,2560,4790,3636,4440,3091,3212,7765,10082,3107,5508,213,305,567,895,728,1354,873,2068,1103,1658,1086,999,2746,3756,1990,3674,44826,22876,2508,1128,12886,11,0
2021-03-24T23:59:59+01:00,1132,1243,1705,2354,2068,3345,2522,4728,3589,4370,3004,3137,7643,9918,3091,5493,213,300,559,891,722,1346,861,2052,1084,1639,1039,952,2290,3126,1684,3264,44298,20885,2378,1126,12666,11,0
2021-03-23T23:59:59+01:00,1121,1233,1683,2318,2050,3318,2481,4684,3553,4314,2933,3063,7555,9823,3077,5467,211,297,555,886,714,1335,841,2031,1046,1597,951,868,1890,2585,1397,2863,43789,18964,2367,1092,12517,11,0
2021-03-22T23:59:59+01:00,1115,1223,1670,2305,2035,3299,2458,4653,3514,4277,2889,3025,7494,9757,3065,5451,208,293,554,873,699,1316,826,2016,1013,1567,899,786,1369,1950,1112,2462,43454,16896,2348,1036,12428,11,0
2021-03-21T23:59:59+01:00,1115,1222,1669,2304,2035,3297,2454,4650,3504,4270,2875,3017,7445,9702,3062,5447,208,291,553,871,698,1311,822,2012,1002,1560,873,767,1292,1858,1063,2403,43313,16596,2345,977,12410,11,0
2021-03-20T23:59:59+01:00,1114,1222,1669,2304,2035,3297,2454,4650,3502,4268,2875,3016,7445,9701,3062,5447,208,291,553,871,698,1311,822,2012,987,1542,836,735,1262,1843,1056,2401,43313,16594,2342,823,12406,11,0
2021-03-19T23:59:59+01:00,1112,1214,1661,2294,2024,3293,2452,4642,3496,4261,2863,3003,7434,9686,3061,5445,208,290,552,870,698,1310,821,2011,978,1529,792,698,1203,1796,1046,2394,43252,16552,2337,633,12352,11,0
2021-03-18T23:59:59+01:00,1066,1176,1583,2172,1897,3124,2301,4377,3278,4036,2693,2842,7135,9311,3016,5375,207,289,545,863,693,1305,813,1998,956,1513,772,674,1119,1680,916,2208,41859,15984,2025,556,11498,11,0
2021-03-17T23:59:59+01:00,1006,1141,1517,2116,1831,3056,2236,4309,3187,3945,2547,2695,6713,8819,2968,5279,205,288,542,856,692,1303,808,1992,951,1504,743,655,969,1514,779,2013,40094,15248,2022,555,11249,11,0
2021-03-16T23:59:59+01:00,981,1116,1482,2074,1792,3007,2181,4253,3084,3846,2409,2518,6245,8177,2890,5153,198,283,538,855,687,1295,804,1982,942,1491,738,642,865,1370,654,1867,38109,14645,1961,555,11138,11,0
2021-03-15T23:59:59+01:00,965,1107,1463,2050,1754,2951,2135,4174,2982,3740,2266,2338,5767,7639,2833,5053,197,280,537,849,684,1285,800,1974,933,1477,727,632,784,1232,513,1695,36343,14071,1863,517,11011,11,0
2021-03-14T23:59:59+01:00,960,1092,1434,2020,1729,2922,2103,4104,2919,3670,2078,2136,5597,7436,2807,5022,197,280,536,844,682,1276,799,1966,929,1468,710,624,769,1210,490,1643,35325,13928,1763,492,10941,3,0
2021-03-13T23:59:59+01:00,949,1084,1415,2011,1712,2905,2072,4078,2847,3622,2011,2055,5552,7395,2806,5021,197,280,536,844,682,1276,799,1966,929,1468,708,623,769,1207,489,1643,35079,13921,1521,492,10935,3,0
2021-03-12T23:59:59+01:00,921,1067,1370,1954,1648,2799,1968,3923,2681,3461,1814,1804,5385,7195,2782,4983,197,280,536,844,682,1276,798,1966,929,1467,700,619,753,1193,486,1640,33759,13872,1277,491,10719,3,0
2021-03-11T23:59:59+01:00,881,1003,1300,1865,1570,2649,1874,3727,2514,3281,1541,1480,5011,6730,2678,4834,188,274,530,835,673,1262,782,1933,900,1428,576,557,688,1154,471,1612,31647,13380,1178,481,10113,2,0
2021-03-10T23:59:59+01:00,862,947,1277,1807,1538,2597,1814,3648,2432,3200,1472,1382,4536,6157,2579,4631,188,270,520,814,655,1246,775,1916,887,1413,513,543,656,1145,467,1607,29840,13234,1174,379,9865,2,0
2021-03-09T23:59:59+01:00,852,922,1256,1773,1510,2556,1771,3595,2359,3145,1373,1283,3961,5367,2425,4384,186,268,514,789,644,1226,763,1881,875,1388,510,542,655,1137,464,1602,27686,13175,1172,267,9674,2,0
2021-03-08T23:59:59+01:00,846,895,1244,1752,1493,2537,1746,3557,2316,3098,1272,1170,3255,4483,2237,4088,182,263,499,764,626,1193,740,1820,855,1366,504,540,654,1136,464,1602,25234,13166,1172,42,9583,0,0
2021-03-07T23:59:59+01:00,843,892,1237,1743,1484,2523,1739,3548,2305,3092,1259,1150,3151,4356,2222,4048,182,263,499,764,626,1193,740,1820,855,1366,504,540,654,1136,464,1602,24887,13166,1170,42,9535,0,0
2021-03-06T23:59:59+01:00,842,892,1235,1740,1481,2520,1736,3545,2302,3091,1256,1150,3151,4356,2222,4048,181,263,499,764,626,1193,740,1820,855,1366,504,540,654,1136,464,1602,24883,13165,1170,42,9514,0,0
2021-03-05T23:59:59+01:00,775,866,1210,1726,1460,2512,1709,3531,2278,3083,1251,1148,3142,4346,2220,4045,181,263,499,764,626,1192,740,1820,855,1364,503,540,654,1136,464,1602,24854,13161,1166,42,9282,0,0
2021-03-04T23:59:59+01:00,703,817,1146,1655,1406,2429,1669,3448,2206,3011,1197,1098,2885,3924,2083,3825,180,258,495,748,616,1180,729,1790,844,1355,494,530,643,1127,459,1593,23636,12999,1159,42,8707,0,0
2021-03-03T23:59:59+01:00,662,770,1074,1590,1312,2352,1557,3363,2096,2933,1150,1054,2447,3318,1814,3475,180,258,493,745,616,1180,728,1788,842,1355,490,529,643,1123,459,1592,21790,12979,1157,42,8020,0,0
2021-03-02T23:59:59+01:00,642,731,1035,1547,1255,2315,1492,3307,2005,2861,1060,964,2040,2773,1481,3026,178,256,488,738,611,1168,718,1777,835,1335,483,522,629,1100,442,1563,19727,12801,1154,42,7653,0,0
2021-03-01T23:59:59+01:00,634,680,1017,1503,1205,2258,1451,3238,1946,2791,1009,882,1485,2112,1172,2572,176,256,488,738,611,1167,718,1774,834,1335,481,521,625,1087,439,1555,17453,12763,1152,42,7350,0,0
2021-02-28T23:59:59+01:00,626,663,1004,1463,1180,2200,1421,3182,1893,2721,992,861,1363,1959,1109,2497,176,256,487,737,611,1167,717,1772,834,1334,480,521,625,1087,439,1555,16978,12756,1150,42,7006,0,0
2021-02-27T23:59:59+01:00,626,661,1003,1463,1180,2199,1421,3181,1893,2719,992,861,1363,1958,1108,2497,176,256,486,736,608,1165,715,1771,832,1333,480,521,625,1087,439,1555,16975,12756,1150,29,7000,0,0
2021-02-26T23:59:59+01:00,456,604,882,1427,1106,2157,1357,3140,1838,2679,991,858,1360,1957,1108,2496,176,256,486,736,608,1165,715,1770,832,1332,480,521,625,1087,439,1555,16966,12755,1150,28,6300,0,0
2021-02-25T23:59:59+01:00,358,540,786,1337,1023,2063,1256,2961,1701,2529,965,835,1272,1822,1003,2321,169,245,470,722,595,1140,705,1745,817,1311,470,511,591,1059,432,1542,16375,12504,1150,20,5247,0,0
2021-02-24T23:59:59+01:00,302,487,717,1265,950,1969,1202,2839,1634,2425,945,814,1137,1661,861,2129,167,245,467,719,591,1139,705,1739,816,1306,466,508,584,1054,429,1530,15672,12448,1148,17,4517,0,0
2021-02-23T23:59:59+01:00,289,460,693,1206,921,1884,1156,2728,1552,2329,930,790,1043,1522,736,1979,167,245,467,717,591,1138,705,1737,813,1305,466,506,582,1053,429,1529,15114,12438,1114,12,3990,0,0
2021-02-22T23:59:59+01:00,271,438,669,1168,891,1804,1100,2631,1467,2218,888,761,915,1345,569,1760,167,245,465,716,589,1137,703,1737,808,1303,465,505,581,1052,428,1527,14371,12427,1045,1,3479,0,0
2021-02-21T23:59:59+01:00,263,420,633,1102,842,1701,1053,2526,1392,2115,871,746,882,1289,521,1703,167,244,462,708,588,1134,703,1732,808,1302,464,505,580,1052,426,1526,14166,12400,1003,1,2890,0,0
2021-02-20T23:59:59+01:00,263,417,630,1101,840,1696,1051,2522,1375,2093,835,713,852,1274,514,1701,167,244,462,708,588,1134,703,1732,808,1302,464,505,579,1052,426,1526,14166,12399,847,1,2864,0,0
2021-02-19T23:59:59+01:00,252,407,621,1093,828,1681,1028,2503,1328,2045,598,610,718,1221,496,1684,167,244,462,707,588,1133,702,1730,805,1299,464,505,579,1051,425,1526,13696,12386,660,1,2757,0,0
2021-02-18T23:59:59+01:00,229,343,581,971,743,1454,892,2231,1067,1677,548,568,679,1180,481,1673,161,240,449,698,573,1114,696,1704,789,1273,461,503,579,1049,425,1526,13540,12239,564,1,1213,0,0
2021-02-17T23:59:59+01:00,222,304,561,911,708,1359,829,2063,983,1544,533,561,679,1176,479,1671,153,237,439,688,562,1096,678,1673,778,1253,458,502,577,1045,425,1526,13524,12089,564,1,495,0,0
2021-02-16T23:59:59+01:00,217,299,552,898,692,1326,813,2026,947,1504,526,556,673,1174,478,1669,147,232,426,680,551,1082,666,1654,770,1239,452,497,570,1030,419,1503,13495,11918,564,0,291,0,0
2021-02-15T23:59:59+01:00,201,287,546,869,684,1293,798,1990,922,1460,524,555,673,1174,478,1669,144,231,418,670,539,1064,640,1625,756,1221,451,497,570,1030,419,1503,13492,11778,525,0,106,0,0
2021-02-14T23:59:59+01:00,195,280,543,855,684,1286,793,1978,906,1454,523,555,673,1171,477,1669,136,228,407,659,520,1046,624,1611,750,1208,451,495,568,1028,419,1503,13486,11653,524,0,32,0,0
2021-02-13T23:59:59+01:00,194,280,542,855,684,1286,793,1978,906,1454,523,555,673,1171,477,1669,136,228,406,659,520,1046,624,1611,750,1208,451,495,568,1028,419,1503,13485,11652,524,0,31,0,0
2021-02-12T23:59:59+01:00,193,279,538,854,683,1284,788,1976,905,1452,522,555,673,1171,477,1669,132,225,403,654,515,1038,612,1599,746,1191,448,494,556,1006,417,1480,13478,11516,523,0,18,0,0
2021-02-11T23:59:59+01:00,191,278,533,847,678,1280,786,1973,898,1450,517,548,667,1166,472,1663,111,181,368,584,470,958,561,1476,706,1109,422,451,515,941,378,1396,13428,10627,511,0,8,0,0
2021-02-10T23:59:59+01:00,187,275,523,829,661,1264,774,1944,884,1432,508,543,659,1153,467,1654,101,168,339,518,442,847,520,1302,629,962,373,402,446,821,338,1246,13306,9454,450,0,1,0,0
2021-02-09T23:59:59+01:00,186,268,513,784,647,1227,754,1876,869,1397,499,534,651,1137,460,1640,93,146,322,454,405,759,473,1188,571,879,342,347,403,735,315,1134,13195,8566,247,0,0,0,0
2021-02-08T23:59:59+01:00,182,262,496,759,624,1190,733,1818,852,1366,493,533,648,1131,457,1625,71,108,282,387,357,619,417,953,496,719,283,290,338,584,261,948,13126,7113,43,0,0,0,0
2021-02-07T23:59:59+01:00,182,261,495,757,622,1190,731,1810,852,1364,492,533,648,1131,457,1624,70,94,262,358,340,571,398,920,480,690,282,283,335,577,260,945,13106,6865,43,0,0,0,0
2021-02-06T23:59:59+01:00,182,261,495,757,622,1190,731,1810,852,1364,492,533,648,1131,457,1624,70,94,262,358,340,571,398,919,478,688,282,282,334,575,259,945,13106,6855,43,0,0,0,0
2021-02-05T23:59:59+01:00,182,261,495,757,622,1190,731,1810,852,1363,492,533,647,1131,457,1624,68,94,260,356,338,567,390,897,473,677,276,281,329,560,251,935,13104,6752,43,0,0,0,0
2021-02-04T23:59:59+01:00,176,255,489,748,617,1182,727,1796,845,1355,486,527,622,1104,451,1609,51,75,224,319,300,471,343,753,382,544,214,209,243,383,186,686,12946,5383,43,0,0,0,0
2021-02-03T23:59:59+01:00,175,255,483,741,609,1174,722,1784,837,1340,478,522,608,1092,446,1604,40,49,165,226,249,355,257,569,306,421,170,168,178,296,141,526,12827,4116,43,0,0,0,0
2021-02-02T23:59:59+01:00,175,254,481,740,609,1174,718,1778,832,1337,477,521,604,1089,445,1600,30,42,141,177,205,286,216,435,253,338,128,133,141,221,107,418,12791,3271,43,0,0,0,0
2021-02-01T23:59:59+01:00,173,254,480,739,605,1168,717,1770,830,1333,475,519,599,1087,445,1595,25,31,102,132,147,194,152,303,160,239,81,93,99,137,56,224,12746,2175,43,0,0,0,0
2021-01-31T23:59:59+01:00,173,254,480,736,602,1167,717,1766,830,1332,474,519,598,1085,445,1594,16,22,70,86,105,128,116,227,133,192,77,87,95,127,54,211,12729,1746,43,0,0,0,0
2021-01-30T23:59:59+01:00,173,254,479,736,600,1165,716,1766,830,1332,474,519,597,1085,445,1594,16,22,70,86,105,126,114,224,130,189,76,85,95,122,48,201,12728,1709,37,0,0,0,0
2021-01-29T23:59:59+01:00,173,254,479,735,599,1163,714,1764,828,1331,474,519,597,1085,445,1594,13,20,59,82,87,121,97,215,109,176,71,78,92,119,48,200,12725,1587,29,0,0,0,0
2021-01-28T23:59:59+01:00,166,248,465,718,583,1138,707,1738,806,1303,468,515,595,1082,443,1591,7,4,13,22,24,44,31,102,46,82,46,51,60,86,36,151,12543,805,23,0,0,0,0
2021-01-27T23:59:59+01:00,158,245,454,708,573,1128,692,1702,801,1283,464,514,592,1076,443,1587,3,2,5,12,9,22,15,42,22,27,13,16,24,34,17,47,12399,310,21,0,0,0,0
2021-01-26T23:59:59+01:00,151,241,441,694,561,1114,684,1678,789,1263,459,508,586,1058,437,1557,3,2,5,11,6,20,12,37,17,26,13,13,23,34,17,46,12209,285,12,0,0,0,0
2021-01-25T23:59:59+01:00,148,239,431,681,546,1095,660,1649,772,1245,459,507,585,1058,437,1557,2,2,4,9,6,16,7,28,12,21,8,4,13,22,9,28,12068,191,1,0,0,0,0
2021-01-24T23:59:59+01:00,140,236,421,671,531,1076,644,1637,760,1233,458,504,584,1058,437,1557,1,0,2,6,6,4,5,7,4,9,1,1,11,14,6,15,11946,92,1,0,0,0,0
2021-01-23T23:59:59+01:00,140,236,421,671,531,1076,644,1637,760,1233,458,504,584,1058,437,1557,1,0,2,6,6,4,5,7,4,9,1,1,11,14,6,15,11946,92,1,0,0,0,0
2021-01-22T23:59:59+01:00,136,233,414,666,527,1068,632,1625,754,1216,457,501,571,1034,434,1534,1,0,2,6,6,4,5,7,4,9,1,1,11,14,6,15,11801,92,1,0,0,0,0
2021-01-21T23:59:59+01:00,123,224,399,647,501,1034,601,1572,735,1177,440,466,537,981,403,1476,1,0,2,6,6,4,5,7,4,9,1,1,11,14,6,15,11315,92,1,0,0,0,0
2021-01-20T23:59:59+01:00,104,174,358,553,458,889,547,1335,645,1004,379,408,452,834,349,1273,1,0,2,5,6,4,5,7,4,9,1,1,11,14,6,15,9761,91,1,0,0,0,0
2021-01-19T23:59:59+01:00,96,154,329,479,417,793,505,1220,595,912,354,370,414,753,326,1185,1,0,2,3,6,4,5,7,4,9,1,0,8,11,5,15,8901,81,1,0,0,0,0
2021-01-18T23:59:59+01:00,73,111,289,393,362,643,428,974,506,737,288,301,346,603,274,1000,1,0,2,3,6,4,5,7,4,9,1,0,8,11,5,15,7328,81,0,0,0,0,0
2021-01-17T23:59:59+01:00,70,96,269,364,342,586,406,930,486,705,285,293,344,596,273,992,0,0,0,0,0,0,0,0,0,0,0,0,0,0,0,0,7037,0,0,0,0,0,0
2021-01-16T23:59:59+01:00,70,96,269,364,342,586,406,929,484,703,285,292,342,592,272,992,0,0,0,0,0,0,0,0,0,0,0,0,0,0,0,0,7024,0,0,0,0,0,0
2021-01-15T23:59:59+01:00,68,96,268,361,339,580,396,906,475,687,275,290,329,571,260,973,0,0,0,0,0,0,0,0,0,0,0,0,0,0,0,0,6874,0,0,0,0,0,0
2021-01-14T23:59:59+01:00,53,80,253,336,317,499,355,779,389,556,215,212,242,382,188,698,0,0,0,0,0,0,0,0,0,0,0,0,0,0,0,0,5554,0,0,0,0,0,0
2021-01-13T23:59:59+01:00,46,66,225,274,277,409,289,615,317,450,163,171,180,295,145,534,0,0,0,0,0,0,0,0,0,0,0,0,0,0,0,0,4456,0,0,0,0,0,0
2021-01-12T23:59:59+01:00,42,64,217,257,263,377,270,543,283,406,126,132,143,222,109,412,0,0,0,0,0,0,0,0,0,0,0,0,0,0,0,0,3866,0,0,0,0,0,0
2021-01-11T23:59:59+01:00,36,58,205,236,244,326,220,448,234,342,93,99,110,143,60,253,0,0,0,0,0,0,0,0,0,0,0,0,0,0,0,0,3107,0,0,0,0,0,0
2021-01-10T23:59:59+01:00,31,50,168,167,201,248,182,353,188,277,87,94,107,136,58,240,0,0,0,0,0,0,0,0,0,0,0,0,0,0,0,0,2587,0,0,0,0,0,0
2021-01-09T23:59:59+01:00,30,48,162,163,199,241,179,347,186,272,87,94,107,136,58,240,0,0,0,0,0,0,0,0,0,0,0,0,0,0,0,0,2549,0,0,0,0,0,0
2021-01-08T23:59:59+01:00,25,42,133,140,178,228,156,319,160,252,82,84,104,133,58,239,0,0,0,0,0,0,0,0,0,0,0,0,0,0,0,0,2333,0,0,0,0,0,0
2021-01-07T23:59:59+01:00,8,5,16,24,30,49,37,109,58,98,47,48,62,89,36,157,0,0,0,0,0,0,0,0,0,0,0,0,0,0,0,0,873,0,0,0,0,0,0
2021-01-06T23:59:59+01:00,3,2,6,12,8,21,14,40,20,29,15,12,25,40,18,54,0,0,0,0,0,0,0,0,0,0,0,0,0,0,0,0,319,0,0,0,0,0,0
2021-01-05T23:59:59+01:00,2,1,5,11,7,17,11,32,15,24,11,12,22,33,18,50,0,0,0,0,0,0,0,0,0,0,0,0,0,0,0,0,271,0,0,0,0,0,0
2021-01-04T23:59:59+01:00,1,1,3,7,7,11,5,15,8,15,4,2,11,18,8,25,0,0,0,0,0,0,0,0,0,0,0,0,0,0,0,0,141,0,0,0,0,0,0
2021-01-03T23:59:59+01:00,1,0,2,6,7,4,5,7,4,9,1,1,11,14,7,15,0,0,0,0,0,0,0,0,0,0,0,0,0,0,0,0,94,0,0,0,0,0,0
2021-01-02T23:59:59+01:00,1,0,2,6,7,4,5,7,4,9,1,1,11,14,7,15,0,0,0,0,0,0,0,0,0,0,0,0,0,0,0,0,94,0,0,0,0,0,0
2021-01-01T23:59:59+01:00,1,0,2,6,7,4,5,7,4,9,1,1,11,14,7,15,0,0,0,0,0,0,0,0,0,0,0,0,0,0,0,0,94,0,0,0,0,0,0
2020-12-31T23:59:59+01:00,1,0,2,5,7,4,5,7,4,9,1,1,11,14,7,15,0,0,0,0,0,0,0,0,0,0,0,0,0,0,0,0,93,0,0,0,0,0,0
2020-12-30T23:59:59+01:00,1,0,2,5,7,4,5,7,4,9,1,1,11,14,7,15,0,0,0,0,0,0,0,0,0,0,0,0,0,0,0,0,93,0,0,0,0,0,0
2020-12-29T23:59:59+01:00,1,0,2,3,7,4,5,7,4,9,1,0,8,11,6,15,0,0,0,0,0,0,0,0,0,0,0,0,0,0,0,0,83,0,0,0,0,0,0
2020-12-28T23:59:59+01:00,1,0,2,3,7,4,5,7,4,9,1,0,8,11,6,15,0,0,0,0,0,0,0,0,0,0,0,0,0,0,0,0,83,0,0,0,0,0,0
2020-12-27T23:59:59+01:00,1,0,2,3,7,4,5,7,4,9,1,0,8,11,6,15,0,0,0,0,0,0,0,0,0,0,0,0,0,0,0,0,83,0,0,0,0,0,0
