Datum,<15_m,<15_w,15-24_1_m,15-24_1_w,25-34_1_m,25-34_1_w,35-44_1_m,35-44_1_w,45-54_1_m,45-54_1_w,55-64_1_m,55-64_1_w,65-74_1_m,65-74_1_w,75-84_1_m,75-84_1_w,>84_1_m,>84_1_w,<24_2_m,<24_2_w,25-34_2_m,25-34_2_w,35-44_2_m,35-44_2_w,45-54_2_m,45-54_2_w,55-64_2_m,55-64_2_w,65-74_2_m,65-74_2_w,75-84_2_m,75-84_2_w,>84_2_m,>84_2_w,bp_1,bp_2,mo_1,mo_2,az_1,az_2,ja,unb_1,unb_2
2021-07-25T23:59:59+02:00,875,789,13143,12295,19131,17686,21618,21318,25518,26211,28925,29946,20771,23760,14967,18809,4262,7426,9457,9032,15645,14768,18408,18492,22522,23399,26459,27644,19703,22546,14367,18004,4110,7136,211699,186273,31220,28116,54920,48020,9579,32,87
2021-07-24T23:59:59+02:00,875,789,13134,12286,19122,17680,21609,21313,25503,26204,28920,29940,20767,23759,14966,18808,4262,7426,9448,9020,15637,14761,18397,18486,22505,23391,26453,27637,19700,22543,14366,18003,4110,7135,211695,186256,31220,28116,54920,48020,9496,32,87
2021-07-23T23:59:59+02:00,868,788,13088,12258,19066,17659,21577,21287,25479,26179,28899,29912,20755,23747,14961,18805,4261,7423,9416,8999,15578,14728,18351,18455,22465,23364,26421,27606,19687,22531,14362,17998,4109,7132,211574,186099,31219,28112,54920,48019,9267,32,87
2021-07-22T23:59:59+02:00,856,775,12994,12181,19011,17592,21530,21258,25430,26132,28875,29892,20743,23730,14959,18799,4258,7421,9100,8735,15181,14486,17993,18205,22136,23127,26217,27475,19630,22475,14349,17977,4106,7128,211122,184292,31134,27865,54916,47130,9232,32,87
2021-07-21T23:59:59+02:00,833,748,12796,12015,18865,17469,21398,21159,25324,26030,28800,29823,20701,23696,14942,18776,4254,7416,8720,8417,14745,14162,17618,17935,21784,22802,25946,27269,19538,22387,14324,17941,4103,7119,210515,182406,31024,27516,54911,46481,8563,32,87
2021-07-20T23:59:59+02:00,804,724,12652,11883,18763,17388,21330,21087,25265,25967,28765,29772,20677,23666,14934,18762,4251,7413,8398,8115,14288,13835,17246,17668,21488,22575,25706,27086,19457,22280,14295,17906,4101,7113,209864,180292,30915,27357,54909,45624,8383,32,87
2021-07-19T23:59:59+02:00,776,697,12534,11769,18674,17319,21272,21027,25212,25913,28715,29736,20652,23638,14924,18749,4247,7407,8071,7860,13925,13585,16901,17420,21167,22379,25481,26945,19389,22205,14273,17884,4095,7107,209164,178278,30811,27193,54909,44919,8345,32,87
2021-07-18T23:59:59+02:00,758,678,12426,11669,18571,17247,21210,20975,25158,25863,28678,29682,20630,23618,14913,18739,4245,7405,7904,7709,13772,13467,16750,17300,21010,22268,25354,26866,19350,22165,14258,17868,4095,7104,208609,177358,30661,27090,54909,44562,8254,32,87
2021-07-17T23:59:59+02:00,758,678,12422,11669,18570,17244,21210,20975,25158,25863,28678,29682,20630,23618,14913,18739,4245,7405,7896,7708,13768,13462,16749,17299,21009,22267,25353,26864,19349,22165,14258,17868,4095,7104,208605,177338,30661,27089,54909,44561,8250,32,87
2021-07-16T23:59:59+02:00,751,673,12348,11613,18533,17213,21173,20948,25125,25840,28653,29663,20628,23615,14913,18737,4245,7405,7747,7606,13616,13390,16606,17241,20871,22209,25250,26816,19332,22146,14257,17863,4095,7101,208397,176894,30661,27018,54908,44173,8078,32,87
2021-07-15T23:59:59+02:00,736,655,12282,11548,18472,17163,21120,20899,25080,25802,28625,29636,20614,23599,14908,18728,4244,7402,7408,7291,13018,12989,15941,16821,20239,21845,24804,26506,19186,22006,14214,17817,4092,7094,207951,174682,30575,26133,54902,42415,8053,32,87
2021-07-14T23:59:59+02:00,707,635,12075,11415,18308,17058,21001,20805,24981,25702,28538,29538,20580,23566,14889,18713,4241,7399,6993,6931,12361,12532,15262,16340,19611,21390,24343,26166,18971,21780,14182,17769,4084,7083,207154,171863,30428,25803,54901,40488,7636,32,87
2021-07-13T23:59:59+02:00,664,601,11939,11290,18192,16981,20891,20708,24889,25609,28470,29474,20551,23527,14869,18703,4239,7389,6533,6499,11730,12038,14576,15837,19010,20980,23909,25845,18793,21567,14138,17706,4080,7074,206182,168296,30289,25619,54890,38835,7602,23,21
2021-07-12T23:59:59+02:00,631,573,11817,11155,18079,16893,20803,20604,24790,25512,28389,29409,20523,23495,14861,18692,4234,7382,6120,6083,11135,11504,13957,15297,18459,20492,23493,25482,18599,21378,14074,17648,4071,7070,205190,164632,30163,24795,54887,37883,7579,23,21
2021-07-11T23:59:59+02:00,598,548,11704,11067,18013,16832,20749,20549,24737,25469,28334,29364,20504,23476,14852,18685,4234,7381,5926,5916,10878,11302,13731,15100,18217,20310,23290,25297,18527,21298,14048,17622,4070,7064,204587,163266,30042,24327,54885,37463,7566,16,18
2021-07-10T23:59:59+02:00,597,548,11697,11066,18009,16830,20746,20549,24734,25468,28333,29364,20504,23476,14851,18683,4234,7381,5920,5915,10877,11296,13723,15096,18216,20308,23289,25295,18525,21297,14047,17622,4070,7064,204568,163241,30041,24326,54885,37459,7560,16,18
2021-07-09T23:59:59+02:00,569,525,11588,10946,17934,16747,20678,20487,24661,25393,28284,29319,20481,23456,14848,18675,4234,7380,5886,5885,10848,11263,13673,15074,18185,20275,23270,25272,18520,21287,14045,17619,4070,7063,203711,163006,30041,24276,54885,37426,7552,16,18
2021-07-08T23:59:59+02:00,537,501,11430,10816,17816,16645,20551,20392,24557,25271,28168,29244,20437,23407,14832,18647,4231,7372,5534,5628,10342,10871,13056,14620,17529,19717,22668,24814,18217,20908,13948,17537,4065,7053,202986,160703,30017,23471,54862,35379,6973,16,18
2021-07-07T23:59:59+02:00,477,450,11270,10681,17736,16562,20481,20323,24483,25194,28107,29183,20410,23372,14827,18635,4229,7364,5224,5336,9821,10424,12485,14148,16851,19200,22104,24320,17908,20549,13846,17440,4058,7030,202006,158266,29994,22021,54844,33548,6924,16,18
2021-07-06T23:59:59+02:00,440,419,11152,10536,17624,16472,20391,20225,24407,25103,28018,29108,20384,23334,14818,18619,4227,7361,4850,4924,9229,9920,11786,13555,16160,18594,21598,23828,17592,20247,13747,17327,4049,7020,200912,154187,29988,21085,54836,32271,6886,16,18
2021-07-05T23:59:59+02:00,418,393,11061,10451,17537,16404,20311,20155,24346,25051,27977,29070,20360,23313,14807,18611,4226,7358,4560,4608,8736,9469,11225,13003,15452,17954,20979,23222,17199,19854,13616,17172,4041,7012,200183,150307,29984,20411,54828,30545,6838,16,18
2021-07-04T23:59:59+02:00,405,387,10985,10397,17471,16351,20262,20106,24315,25015,27961,29052,20351,23302,14801,18608,4225,7357,4415,4515,8606,9303,11035,12827,15214,17744,20716,22951,16928,19563,13557,17081,4037,7008,199703,149004,29980,20104,54828,29567,6824,16,18
2021-07-03T23:59:59+02:00,404,386,10978,10388,17461,16344,20260,20103,24313,25014,27958,29051,20351,23301,14801,18608,4225,7356,4411,4510,8600,9302,11032,12827,15210,17744,20713,22948,16928,19560,13557,17081,4037,7008,199672,148994,29979,20104,54828,29562,6807,16,18
2021-07-02T23:59:59+02:00,360,323,10832,10278,17351,16242,20159,20029,24242,24949,27899,28991,20325,23275,14795,18594,4225,7354,4322,4431,8441,9162,10897,12717,15087,17637,20601,22844,16887,19531,13550,17066,4037,7005,198799,148004,29979,20104,54828,29505,6601,16,18
2021-07-01T23:59:59+02:00,314,279,10701,10143,17224,16151,20037,19942,24160,24873,27838,28941,20305,23250,14779,18579,4222,7350,4121,4230,8147,8827,10531,12308,14527,17142,20097,22305,16600,19234,13345,16854,4027,6983,197734,144960,29922,19437,54821,28283,6595,16,18
2021-06-30T23:59:59+02:00,232,218,10450,9907,17056,16004,19906,19809,24046,24752,27758,28853,20284,23219,14760,18561,4221,7349,3925,4034,7844,8488,10121,11848,14040,16590,19526,21675,16278,18897,13074,16578,4015,6957,196109,141296,29867,19182,54812,26827,6581,16,18
2021-06-29T23:59:59+02:00,187,181,10304,9731,16922,15908,19802,19720,23978,24677,27701,28785,20258,23193,14746,18542,4221,7346,3721,3773,7447,8040,9648,11313,13388,15926,18913,20975,15961,18571,12829,16288,4008,6943,194966,137022,29863,18886,54808,25282,6549,16,18
2021-06-28T23:59:59+02:00,137,129,10107,9550,16805,15801,19700,19621,23885,24583,27633,28725,20228,23163,14732,18523,4219,7344,3518,3514,7048,7601,9215,10821,12839,15389,18419,20461,15711,18306,12711,16156,4002,6932,193799,133204,29750,18462,54805,24456,6515,16,18
2021-06-27T23:59:59+02:00,119,112,9971,9438,16750,15742,19640,19571,23827,24534,27606,28701,20215,23147,14729,18519,4218,7341,3426,3446,6873,7408,9028,10620,12610,15149,18158,20202,15591,18202,12646,16071,4002,6928,193172,132015,29695,18116,54800,23726,6497,16,18
2021-06-26T23:59:59+02:00,119,112,9969,9434,16749,15738,19638,19570,23824,24533,27606,28701,20215,23147,14729,18519,4218,7341,3423,3446,6871,7407,9025,10618,12609,15146,18156,20201,15588,18201,12646,16070,4002,6928,193155,131996,29694,18116,54800,23722,6497,16,18
2021-06-25T23:59:59+02:00,115,109,9923,9393,16712,15706,19605,19542,23788,24505,27582,28682,20209,23140,14727,18516,4218,7341,3404,3401,6797,7297,8929,10463,12495,14950,18013,19994,15566,18172,12638,16067,4001,6927,192841,131819,29659,17764,54800,23028,6497,16,18
2021-06-24T23:59:59+02:00,105,98,9796,9267,16525,15585,19473,19421,23667,24418,27526,28622,20195,23124,14720,18507,4217,7339,3278,3254,6585,6969,8620,10008,11965,14330,17459,19291,15341,17944,12493,15938,3998,6915,192014,129430,29317,16909,54799,21583,6459,16,18
2021-06-23T23:59:59+02:00,100,92,9668,9130,16388,15461,19359,19315,23570,24314,27462,28575,20180,23102,14716,18502,4214,7338,3075,3012,6237,6487,8122,9443,11269,13512,16699,18312,15051,17608,12344,15797,3988,6890,191105,124923,29153,15939,54789,20554,6423,16,18
2021-06-22T23:59:59+02:00,70,66,9378,8825,16162,15262,19173,19166,23426,24192,27391,28492,20159,23077,14708,18483,4210,7332,2841,2723,5754,5940,7499,8680,10361,12474,15672,17107,14749,17243,12235,15671,3975,6867,189435,118474,28947,15450,54785,19476,6391,14,11
2021-06-21T23:59:59+02:00,66,59,9252,8662,15989,15117,18985,19012,23295,24069,27331,28413,20135,23050,14702,18474,4210,7328,2696,2530,5371,5474,7034,8095,9630,11599,14941,16175,14471,16931,12129,15550,3970,6851,188244,113769,28723,14891,54779,18398,6389,14,11
2021-06-20T23:59:59+02:00,63,58,9117,8532,15854,15004,18876,18924,23221,23998,27291,28362,20124,23030,14691,18467,4207,7327,2639,2461,5206,5293,6820,7829,9325,11269,14578,15774,14338,16798,12089,15513,3965,6846,187364,112080,28604,14667,54779,17611,6385,14,11
2021-06-19T23:59:59+02:00,63,58,9117,8530,15853,14998,18874,18924,23220,23998,27291,28361,20124,23030,14691,18467,4207,7327,2636,2460,5205,5289,6819,7829,9325,11268,14576,15770,14336,16798,12089,15513,3965,6846,187353,112064,28602,14665,54779,17610,6385,14,11
2021-06-18T23:59:59+02:00,63,54,9089,8519,15840,14990,18859,18916,23213,23989,27284,28356,20124,23027,14690,18467,4207,7327,2607,2426,5150,5230,6741,7729,9226,11112,14404,15542,14258,16697,12079,15492,3963,6843,187236,111280,28601,14664,54778,17170,6385,14,11
2021-06-17T23:59:59+02:00,56,51,8914,8358,15606,14823,18661,18760,23057,23858,27148,28265,20100,23005,14683,18455,4205,7324,2471,2275,4823,4931,6354,7326,8678,10507,13573,14672,14021,16408,12007,15371,3959,6831,185913,108419,28596,13707,54770,16045,6036,14,11
2021-06-16T23:59:59+02:00,48,49,8685,8144,15373,14600,18450,18560,22867,23691,27042,28155,20071,22962,14669,18435,4201,7318,2357,2167,4581,4729,6002,6981,8153,10020,12857,13833,13671,16025,11922,15282,3954,6819,184134,104970,28497,12907,54767,15568,5908,14,11
2021-06-15T23:59:59+02:00,39,36,8336,7806,14995,14245,18131,18269,22618,23478,26884,28021,20042,22929,14656,18419,4199,7308,2173,2000,4229,4375,5495,6422,7274,9134,11665,12560,13135,15410,11800,15119,3939,6796,181537,98742,28461,12246,54766,14905,5633,14,11
2021-06-14T23:59:59+02:00,33,31,8155,7638,14740,14015,17928,18097,22467,23358,26772,27941,20021,22896,14643,18411,4195,7300,2059,1875,3975,4130,5108,5951,6618,8413,10740,11508,12820,15063,11728,15025,3929,6777,179961,93913,28437,11885,54764,14454,5465,14,11
2021-06-13T23:59:59+02:00,33,31,8078,7583,14660,13930,17813,17986,22386,23278,26742,27913,20008,22886,14639,18405,4195,7300,2011,1847,3894,4032,4989,5812,6388,8172,10446,11174,12663,14885,11670,14969,3928,6776,179212,92530,28425,11593,54761,14076,5454,14,10
2021-06-12T23:59:59+02:00,33,31,8077,7582,14659,13930,17813,17986,22384,23277,26741,27910,20008,22885,14639,18405,4195,7300,2010,1845,3893,4032,4987,5811,6385,8169,10443,11168,12660,14884,11670,14967,3928,6776,179201,92511,28425,11593,54761,14067,5454,14,10
2021-06-11T23:59:59+02:00,33,30,8011,7541,14571,13882,17738,17936,22314,23243,26698,27888,20006,22881,14639,18404,4195,7300,1994,1836,3857,3975,4945,5744,6324,8086,10344,11065,12621,14849,11659,14961,3928,6776,178867,92298,28347,11587,54760,13754,5322,14,10
2021-06-10T23:59:59+02:00,28,23,7670,7247,14180,13518,17309,17560,21984,22962,26506,27709,19963,22836,14626,18387,4192,7288,1889,1753,3643,3813,4672,5475,6007,7720,9731,10453,12105,14191,11591,14853,3920,6769,176279,89149,27856,11209,54750,13134,5089,14,9
2021-06-09T23:59:59+02:00,27,20,7301,6896,13714,13077,16792,17094,21593,22594,26292,27497,19890,22765,14608,18352,4189,7280,1719,1639,3444,3637,4419,5207,5625,7317,8962,9740,11441,13361,11474,14713,3910,6757,173027,84927,27309,10572,54737,12968,4894,14,9
2021-06-08T23:59:59+02:00,22,16,6924,6488,13200,12594,16323,16628,21235,22257,26076,27295,19832,22687,14578,18317,4186,7273,1627,1563,3222,3408,4101,4855,5118,6829,8077,8822,10558,12285,11332,14556,3906,6742,169615,79281,26823,10275,54728,12691,4751,14,8
2021-06-07T23:59:59+02:00,19,13,6646,6197,12773,12220,15925,16229,20908,21962,25914,27140,19796,22634,14557,18298,4179,7267,1565,1492,3032,3236,3823,4627,4719,6453,7365,8075,9653,11141,11222,14410,3895,6724,167060,74548,26397,9910,54709,12474,4497,14,8
2021-06-06T23:59:59+02:00,19,13,6504,6064,12630,12069,15762,16069,20743,21799,25828,27053,19776,22597,14546,18288,4178,7263,1550,1469,2959,3195,3728,4563,4613,6373,7223,7946,9396,10873,11176,14360,3892,6719,165827,73868,26294,9485,54688,12301,4378,14,8
2021-06-05T23:59:59+02:00,19,13,6495,6061,12621,12057,15754,16062,20741,21797,25828,27051,19776,22597,14546,18288,4178,7263,1548,1467,2956,3194,3727,4562,4610,6373,7219,7941,9390,10869,11176,14360,3892,6719,165773,73841,26294,9484,54688,12297,4378,14,8
2021-06-04T23:59:59+02:00,19,13,6465,6021,12563,12006,15694,16014,20713,21765,25811,27034,19772,22591,14543,18288,4178,7263,1547,1462,2943,3184,3708,4548,4600,6359,7184,7898,9358,10799,11138,14319,3891,6718,165678,73567,26035,9472,54666,12254,4360,14,8
2021-06-03T23:59:59+02:00,19,12,6232,5797,12264,11758,15372,15701,20382,21426,25556,26821,19726,22517,14523,18269,4177,7259,1504,1417,2871,3119,3611,4471,4487,6260,6983,7717,8983,10353,11086,14246,3891,6713,163198,72270,25788,9175,54665,12117,4146,14,8
2021-06-02T23:59:59+02:00,19,12,6171,5737,12198,11693,15298,15634,20310,21365,25539,26797,19721,22514,14520,18266,4176,7258,1490,1408,2855,3107,3595,4457,4453,6243,6950,7679,8904,10243,11077,14221,3890,6712,162855,71910,25602,9169,54664,12108,4093,14,8
2021-06-01T23:59:59+02:00,15,12,5714,5239,11456,10995,14473,14903,19594,20697,25129,26413,19631,22423,14486,18219,4168,7250,1377,1300,2556,2840,3217,4121,3966,5784,6124,6877,7718,8625,10833,13875,3876,6695,157810,66516,24947,8267,54637,11589,3409,14,7
2021-05-31T23:59:59+02:00,14,12,5465,4939,11012,10570,13947,14409,19115,20201,24823,26073,19537,22338,14447,18173,4159,7234,1318,1246,2404,2708,3016,3952,3693,5495,5574,6350,6721,7364,10592,13556,3867,6661,154338,62492,24258,7411,54633,11386,3225,14,7
2021-05-30T23:59:59+02:00,14,12,5385,4862,10829,10445,13783,14230,18768,19882,24581,25828,19506,22308,14439,18153,4158,7232,1297,1233,2379,2678,2969,3906,3625,5440,5471,6261,6550,7134,10555,13482,3865,6651,152845,61762,23757,7350,54607,11189,3192,14,7
2021-05-29T23:59:59+02:00,14,12,5383,4862,10829,10441,13779,14227,18768,19881,24580,25826,19506,22308,14439,18153,4158,7232,1296,1230,2378,2677,2967,3903,3625,5438,5470,6259,6546,7130,10555,13482,3865,6651,152829,61752,23757,7348,54606,11177,3192,14,7
2021-05-28T23:59:59+02:00,14,12,5366,4850,10807,10405,13753,14208,18752,19864,24572,25817,19505,22307,14437,18150,4158,7231,1291,1230,2378,2671,2966,3901,3619,5432,5456,6243,6530,7112,10546,13460,3864,6647,152644,61647,23755,7348,54605,11158,3190,14,7
2021-05-27T23:59:59+02:00,11,12,5072,4568,10292,9953,13168,13677,18064,19251,23993,25281,19408,22194,14404,18104,4147,7218,1123,1090,2097,2481,2667,3614,3327,5079,5127,5965,6233,6697,10318,13179,3859,6632,149391,59809,22769,7312,54499,10220,2144,14,7
2021-05-26T23:59:59+02:00,11,12,4808,4308,9855,9573,12649,13159,17451,18643,23359,24603,19283,22045,14358,18049,4141,7201,1043,1008,1941,2327,2468,3417,3065,4834,4738,5618,5680,6050,9950,12648,3843,6596,145284,56675,22016,7276,54378,9454,1818,12,7
2021-05-25T23:59:59+02:00,11,12,4593,4078,9440,9098,12187,12655,16915,18065,22837,23965,19151,21873,14327,17970,4132,7187,992,963,1879,2239,2357,3283,2894,4631,4392,5244,5105,5317,9502,12048,3827,6571,141231,53130,21188,7261,54249,9034,1816,12,7
2021-05-24T23:59:59+02:00,11,12,4479,3919,9228,8896,11985,12397,16615,17744,22508,23567,19076,21794,14312,17950,4130,7186,976,915,1820,2197,2284,3222,2808,4550,4272,5128,4962,5158,9412,11921,3825,6563,139729,52427,20234,7209,54072,8612,1762,12,7
2021-05-23T23:59:59+02:00,11,12,4469,3918,9222,8892,11973,12387,16604,17737,22492,23546,19070,21789,14311,17948,4130,7186,976,912,1818,2193,2281,3220,2802,4547,4265,5112,4955,5144,9405,11908,3824,6562,139620,52356,20232,7196,54071,8607,1762,12,7
2021-05-22T23:59:59+02:00,11,12,4464,3915,9219,8889,11965,12381,16602,17733,22490,23544,19070,21789,14311,17948,4130,7186,976,912,1818,2192,2279,3220,2801,4547,4265,5110,4953,5143,9404,11908,3824,6562,139594,52351,20232,7196,54059,8602,1762,12,7
2021-05-21T23:59:59+02:00,11,12,4431,3876,9151,8814,11893,12292,16511,17658,22426,23476,19050,21771,14307,17941,4130,7184,931,902,1785,2180,2248,3211,2770,4522,4217,5082,4928,5120,9392,11901,3823,6561,138938,52286,20232,7196,54040,8376,1712,12,7
2021-05-20T23:59:59+02:00,8,11,4173,3692,8706,8459,11411,11875,15841,17155,21843,22897,18864,21604,14275,17900,4125,7173,784,837,1529,2021,2005,3055,2527,4302,3970,4851,4771,4957,9279,11758,3815,6536,135534,51553,19857,7098,53621,7355,988,12,7
2021-05-19T23:59:59+02:00,8,11,3926,3447,8208,7991,10830,11327,15168,16453,21165,22172,18663,21374,14234,17850,4119,7156,732,791,1469,1941,1928,2952,2460,4178,3829,4693,4597,4746,9076,11530,3795,6507,130125,50472,19674,6966,53321,6813,970,12,7
2021-05-18T23:59:59+02:00,7,10,3639,3181,7659,7451,10098,10627,14206,15518,20218,21115,18404,21091,14179,17790,4113,7134,676,743,1413,1856,1854,2842,2331,4035,3654,4492,4329,4455,8874,11282,3782,6480,123071,49240,19579,6769,52880,6188,898,12,7
2021-05-17T23:59:59+02:00,7,10,3449,2970,7196,6984,9590,10087,13474,14727,19532,20313,18218,20829,14132,17725,4103,7120,617,688,1332,1793,1780,2760,2222,3959,3517,4379,4081,4224,8731,11070,3769,6451,117818,48440,19339,6554,52415,5494,882,12,7
2021-05-16T23:59:59+02:00,7,9,3321,2897,6989,6806,9387,9873,13220,14492,19306,20085,18140,20749,14118,17706,4102,7114,605,643,1293,1744,1737,2699,2185,3866,3453,4296,3990,4124,8711,11045,3767,6449,116199,48297,19098,6388,52134,5041,878,12,7
2021-05-15T23:59:59+02:00,7,9,3320,2894,6983,6799,9385,9867,13217,14490,19303,20076,18138,20748,14118,17706,4102,7114,605,643,1291,1744,1735,2699,2183,3866,3452,4296,3988,4122,8711,11045,3767,6449,116157,48291,19098,6387,52132,5038,877,12,7
2021-05-14T23:59:59+02:00,7,9,3280,2850,6871,6657,9256,9731,13068,14307,19132,19941,18114,20723,14117,17698,4101,7111,583,631,1270,1725,1707,2679,2149,3840,3408,4260,3938,4068,8704,11038,3767,6448,115754,48253,18350,6240,52052,4913,806,11,7
2021-05-13T23:59:59+02:00,7,9,3157,2686,6547,6338,8819,9332,12525,13826,18528,19345,17983,20579,14084,17662,4096,7109,547,606,1217,1670,1649,2606,2061,3734,3258,4142,3835,3932,8684,11018,3764,6444,112881,48161,17653,5853,51448,4508,640,10,7
2021-05-12T23:59:59+02:00,7,9,3130,2654,6514,6300,8772,9279,12388,13713,18343,19140,17950,20545,14076,17652,4096,7109,546,604,1216,1668,1644,2603,2053,3728,3244,4134,3822,3919,8676,11012,3764,6443,112170,48136,17426,5826,51431,4469,640,10,7
2021-05-11T23:59:59+02:00,5,9,2739,2399,5713,5799,7807,8465,10999,12554,16774,17665,17444,19983,13994,17547,4078,7086,509,545,1085,1561,1481,2447,1866,3549,3020,3873,3714,3806,8607,10920,3760,6438,104771,47907,16805,5631,49359,3522,116,9,7
2021-05-10T23:59:59+02:00,5,7,2552,2230,5238,5418,7110,7838,9965,11639,15480,16293,17066,19533,13931,17433,4071,7062,481,517,1041,1523,1437,2395,1806,3447,2901,3742,3633,3733,8568,10873,3756,6434,98954,47787,15898,5403,47895,2978,115,9,6
2021-05-09T23:59:59+02:00,5,7,2468,2200,5101,5335,6924,7719,9558,11301,14934,15766,16948,19395,13911,17405,4068,7057,465,499,1007,1466,1365,2311,1748,3324,2789,3586,3549,3639,8543,10841,3753,6431,97382,47703,15316,5121,47282,2375,113,9,6
2021-05-08T23:59:59+02:00,5,7,2464,2199,5100,5335,6924,7717,9554,11298,14933,15765,16948,19395,13911,17405,4068,7057,464,498,1007,1466,1365,2310,1748,3324,2788,3585,3547,3639,8543,10841,3753,6431,97368,47699,15315,5121,47280,2372,113,9,6
2021-05-07T23:59:59+02:00,5,7,2292,2137,4828,5241,6562,7563,9106,11083,14492,15445,16772,19194,13899,17376,4068,7055,452,496,996,1455,1350,2296,1712,3315,2739,3550,3503,3599,8467,10761,3753,6428,96664,47676,14801,4781,45542,2302,109,9,6
2021-05-06T23:59:59+02:00,5,7,2057,2004,4279,4890,5916,7186,8345,10525,13522,14624,16376,18744,13850,17282,4056,7042,421,448,954,1356,1264,2135,1606,3091,2518,3267,3325,3400,8290,10571,3744,6415,94090,47239,13561,4179,43010,1342,41,8,6
2021-05-05T23:59:59+02:00,5,7,1931,1891,3994,4666,5484,6816,7655,9939,12405,13569,15700,17909,13747,17180,4047,7018,410,436,941,1329,1234,2091,1570,3015,2458,3184,3275,3360,8212,10475,3738,6405,89679,47108,12237,4035,42013,960,26,8,6
2021-05-04T23:59:59+02:00,5,7,1845,1806,3726,4431,5075,6458,6994,9365,11188,12328,14782,16782,13637,17043,4043,7004,405,428,922,1310,1213,2048,1552,2979,2413,3129,3231,3313,8123,10364,3732,6391,83869,46973,11599,3837,41031,727,12,8,6
2021-05-03T23:59:59+02:00,4,7,1792,1754,3576,4309,4844,6247,6611,9034,10461,11591,14060,15805,13551,16927,4034,6987,400,419,919,1297,1199,2014,1533,2938,2380,3083,3179,3273,8010,10262,3727,6385,79448,46848,11395,3619,40734,537,10,7,6
2021-05-02T23:59:59+02:00,4,7,1782,1736,3502,4285,4763,6194,6541,8976,10346,11477,13874,15611,13519,16900,4033,6982,398,411,913,1282,1196,1997,1530,2925,2364,3066,3164,3256,7974,10230,3726,6381,78894,46829,11119,3522,40506,452,6,7,6
2021-05-01T23:59:59+02:00,4,7,1780,1736,3501,4284,4763,6193,6538,8975,10341,11473,13871,15611,13518,16899,4033,6979,397,411,913,1282,1196,1996,1530,2925,2364,3066,3164,3256,7974,10230,3726,6380,78868,46826,11119,3522,40506,452,6,7,6
2021-04-30T23:59:59+02:00,4,7,1778,1730,3495,4275,4757,6180,6517,8960,10303,11435,13819,15537,13492,16868,4032,6978,397,409,912,1280,1196,1996,1530,2925,2362,3065,3164,3254,7973,10228,3726,6380,78539,46819,11119,3521,40497,448,5,7,6
2021-04-29T23:59:59+02:00,4,7,1651,1688,3255,4159,4483,6031,6205,8711,9890,11046,13240,14834,13389,16714,4026,6970,389,398,903,1259,1174,1960,1505,2887,2332,3017,3149,3242,7960,10210,3724,6376,75766,46695,10733,3520,39792,261,5,7,6
2021-04-28T23:59:59+02:00,4,7,1523,1641,3079,4059,4246,5853,5848,8439,9304,10557,12367,13653,13234,16505,4017,6956,380,388,887,1247,1158,1931,1470,2843,2262,2948,2996,3110,7848,10094,3717,6365,71279,46281,10546,3109,39456,246,4,7,6
2021-04-27T23:59:59+02:00,4,7,1483,1596,2970,3942,4044,5711,5541,8180,8683,9886,11328,12348,13005,16150,4006,6934,368,373,878,1226,1143,1896,1443,2771,2216,2887,2957,3066,7821,10064,3711,6361,66477,46071,10358,2937,38972,166,4,7,5
2021-04-26T23:59:59+02:00,4,7,1456,1563,2858,3865,3871,5567,5230,7968,8194,9445,10572,11422,12861,15946,3995,6916,367,368,868,1216,1127,1885,1413,2751,2189,2857,2908,3016,7777,10015,3705,6356,63066,45975,10169,2691,38494,145,4,7,5
2021-04-25T23:59:59+02:00,4,7,1445,1557,2791,3835,3776,5507,5095,7921,7998,9338,10376,11187,12824,15892,3994,6911,366,363,859,1209,1109,1871,1398,2732,2167,2830,2866,2983,7728,9967,3704,6351,62562,45896,9966,2481,37919,119,4,7,5
2021-04-24T23:59:59+02:00,4,7,1444,1557,2791,3834,3776,5506,5093,7919,7994,9334,10370,11185,12824,15892,3994,6911,366,363,859,1209,1109,1870,1397,2731,2166,2830,2866,2983,7728,9967,3704,6351,62540,45892,9966,2481,37918,119,4,7,5
2021-04-23T23:59:59+02:00,4,7,1428,1548,2723,3800,3694,5476,4975,7871,7861,9274,10285,11076,12800,15851,3992,6907,366,363,858,1207,1109,1870,1396,2731,2166,2830,2866,2983,7727,9967,3704,6351,62410,45888,9687,2481,37464,118,4,7,5
2021-04-22T23:59:59+02:00,4,7,1385,1519,2617,3733,3536,5372,4744,7718,7509,9038,9718,10384,12534,15553,3986,6884,358,362,849,1196,1097,1858,1379,2704,2132,2805,2817,2932,7635,9861,3693,6335,60799,45484,9028,2419,36403,103,4,7,5
2021-04-21T23:59:59+02:00,4,7,1351,1482,2535,3655,3418,5270,4527,7537,7101,8713,8834,9353,12122,14974,3973,6843,354,360,844,1180,1088,1838,1361,2675,2102,2777,2759,2875,7523,9697,3676,6307,58080,45011,8159,2295,35449,103,4,7,5
2021-04-20T23:59:59+02:00,4,7,1328,1456,2466,3581,3316,5172,4353,7356,6714,8383,7943,8226,11660,14383,3959,6829,349,356,833,1167,1079,1816,1337,2652,2069,2734,2699,2818,7375,9514,3646,6254,55229,44304,7393,2290,34505,98,3,6,5
2021-04-19T23:59:59+02:00,4,7,1312,1441,2428,3543,3255,5105,4248,7254,6474,8151,7313,7452,11408,14028,3949,6811,347,354,829,1158,1073,1804,1314,2639,2036,2709,2646,2775,7260,9350,3623,6215,53287,43754,7022,2277,33865,95,3,6,5
2021-04-18T23:59:59+02:00,4,6,1303,1429,2396,3517,3215,5084,4195,7196,6341,8022,6959,7064,11314,13923,3946,6799,347,353,827,1154,1072,1797,1312,2626,2030,2704,2640,2762,7234,9318,3621,6212,52772,43633,6561,2275,33371,95,3,6,5
2021-04-17T23:59:59+02:00,4,6,1302,1427,2396,3516,3214,5080,4190,7193,6334,8012,6945,7054,11312,13921,3946,6799,347,353,826,1153,1072,1797,1311,2625,2029,2702,2637,2760,7233,9318,3621,6212,52750,43621,6559,2274,33333,95,3,6,5
2021-04-16T23:59:59+02:00,4,6,1299,1426,2386,3510,3206,5073,4170,7175,6283,7979,6869,6969,11301,13907,3944,6797,346,352,822,1150,1070,1797,1308,2624,2026,2702,2636,2753,7230,9316,3620,6212,52693,43598,6323,2269,33279,91,3,6,5
2021-04-15T23:59:59+02:00,2,4,1262,1404,2331,3462,3109,5013,4010,7047,6026,7747,6326,6412,11054,13619,3930,6765,338,350,804,1129,1031,1738,1263,2552,1952,2607,2559,2683,7142,9229,3610,6195,51608,43009,5936,2083,31970,86,3,6,3
2021-04-14T23:59:59+02:00,2,4,1240,1391,2296,3434,3039,4951,3903,6941,5835,7539,5684,5709,10666,13134,3898,6714,330,347,792,1120,1014,1713,1233,2511,1901,2557,2482,2614,6994,9034,3591,6169,50207,42350,5729,1963,30436,86,2,6,3
2021-04-13T23:59:59+02:00,2,4,1226,1382,2264,3404,2984,4888,3793,6859,5587,7317,5152,5163,10325,12721,3875,6686,309,333,774,1092,991,1693,1208,2476,1865,2516,2417,2549,6876,8898,3555,6108,49192,41668,5525,1906,28907,83,2,6,3
2021-04-12T23:59:59+02:00,2,4,1211,1376,2240,3380,2934,4843,3667,6778,5377,7167,4825,4868,10076,12440,3866,6663,293,329,763,1088,974,1676,1194,2453,1816,2468,2341,2489,6762,8757,3540,6086,48727,41096,5327,1858,27655,72,2,6,3
2021-04-11T23:59:59+02:00,2,4,1206,1364,2221,3361,2901,4823,3605,6707,5232,7058,4594,4669,9891,12242,3861,6652,287,327,758,1080,964,1662,1183,2425,1794,2438,2287,2430,6679,8649,3526,6066,48646,40681,5091,1800,26648,71,2,6,3
2021-04-10T23:59:59+02:00,2,4,1206,1363,2219,3357,2899,4819,3600,6704,5222,7047,4589,4660,9883,12229,3861,6651,284,323,743,1073,951,1657,1160,2405,1724,2386,2204,2344,6623,8602,3525,6062,48593,40516,5091,1479,26623,68,2,6,3
2021-04-09T23:59:59+02:00,2,4,1203,1360,2212,3355,2891,4810,3591,6693,5192,7023,4565,4634,9858,12199,3860,6651,275,320,723,1063,937,1636,1128,2358,1633,2311,1986,2076,6470,8445,3504,6029,48520,39670,5086,1153,26489,68,2,6,3
2021-04-08T23:59:59+02:00,2,4,1178,1340,2157,3299,2807,4720,3450,6567,4956,6790,4178,4226,9318,11628,3842,6598,250,300,670,1002,879,1562,1054,2259,1499,2191,1711,1742,6010,7890,3417,5886,48063,37119,4564,1148,24425,52,2,6,3
2021-04-07T23:59:59+02:00,2,4,1168,1326,2126,3283,2765,4682,3361,6505,4794,6655,3885,3926,8757,11078,3825,6567,216,270,610,948,819,1492,995,2199,1394,2092,1571,1567,5416,7196,3327,5734,47857,34649,4091,1144,22754,51,1,6,3
2021-04-06T23:59:59+02:00,2,4,1147,1309,2083,3259,2726,4650,3296,6458,4667,6563,3635,3672,8268,10568,3809,6537,209,265,582,929,794,1443,951,2142,1311,2006,1428,1381,4841,6407,3217,5530,47663,32249,3555,1137,21428,48,1,6,3
2021-04-05T23:59:59+02:00,2,4,1145,1305,2079,3256,2716,4648,3282,6444,4645,6545,3603,3645,8241,10531,3805,6535,206,252,575,913,775,1419,935,2106,1271,1966,1381,1318,4628,6137,3169,5475,47577,31341,3551,1135,21296,48,1,6,3
2021-04-04T23:59:59+02:00,2,4,1145,1305,2079,3255,2716,4647,3282,6444,4644,6544,3599,3643,8239,10529,3805,6535,206,252,574,913,775,1419,935,2106,1271,1965,1381,1318,4627,6137,3169,5475,47571,31338,3551,1135,21288,48,1,6,3
2021-04-03T23:59:59+02:00,2,4,1145,1305,2078,3255,2716,4647,3282,6444,4644,6544,3598,3641,8239,10527,3805,6535,206,252,574,913,775,1419,935,2106,1271,1965,1381,1318,4627,6137,3169,5475,47569,31338,3550,1135,21285,48,1,6,3
2021-04-02T23:59:59+02:00,2,4,1145,1305,2078,3253,2716,4646,3282,6441,4644,6542,3596,3637,8237,10526,3805,6535,206,252,574,913,775,1417,935,2106,1271,1964,1381,1316,4625,6136,3168,5475,47553,31330,3550,1134,21284,48,1,6,3
2021-04-01T23:59:59+02:00,1,4,1132,1268,2013,3131,2608,4448,3134,6193,4487,6304,3552,3601,8139,10421,3795,6519,201,243,570,905,764,1411,925,2092,1248,1948,1360,1289,4386,5818,3050,5310,47188,30347,3545,1130,20010,41,1,6,3
2021-03-31T23:59:59+02:00,1,4,1114,1236,1974,3030,2532,4305,3044,5980,4358,6074,3471,3520,7989,10223,3776,6485,193,240,563,893,760,1393,913,2072,1207,1914,1304,1226,3901,5224,2923,5077,46590,28633,3418,1130,19101,40,1,6,1
2021-03-30T23:59:59+02:00,1,3,1092,1202,1925,2849,2430,4079,2893,5622,4156,5687,3378,3426,7825,10019,3750,6434,189,235,555,881,749,1371,891,2052,1159,1869,1221,1143,3379,4516,2701,4745,45957,26495,3256,1130,17551,31,1,6,1
2021-03-29T23:59:59+02:00,1,3,1076,1158,1864,2714,2345,3919,2754,5368,3994,5413,3282,3328,7665,9791,3721,6387,188,232,549,870,739,1357,874,2028,1124,1840,1147,1058,2802,3839,2522,4451,45318,24473,3029,1126,16429,21,1,6,1
2021-03-28T23:59:59+02:00,1,3,1056,1125,1792,2549,2262,3713,2633,5069,3842,5136,3217,3263,7600,9726,3717,6381,188,232,547,867,738,1355,872,2022,1121,1838,1138,1046,2747,3772,2509,4424,45211,24277,2818,1123,15049,16,1,6,1
2021-03-27T23:59:59+01:00,1,3,1056,1125,1792,2548,2261,3712,2630,5069,3839,5136,3213,3263,7599,9726,3717,6381,188,232,546,867,738,1355,871,2022,1119,1838,1138,1046,2747,3772,2509,4424,45202,24273,2818,1123,15044,16,1,6,1
2021-03-26T23:59:59+01:00,1,3,1053,1103,1749,2433,2197,3554,2570,4858,3753,4912,3192,3246,7596,9721,3716,6380,188,231,545,867,737,1355,871,2022,1119,1835,1134,1045,2744,3764,2508,4421,45176,24249,2817,1123,14037,14,1,6,1
2021-03-25T23:59:59+01:00,1,3,1027,1072,1698,2330,2114,3386,2464,4631,3642,4715,3091,3156,7469,9590,3709,6366,186,228,540,866,730,1345,865,2005,1104,1811,1089,1001,2518,3418,2311,4130,44921,23010,2485,1123,13052,14,1,5,1
2021-03-24T23:59:59+01:00,1,3,1005,1053,1678,2288,2083,3335,2429,4564,3598,4646,3004,3087,7341,9419,3692,6347,186,224,534,863,723,1335,854,1990,1085,1790,1049,959,2134,2875,1923,3620,44386,21009,2356,1121,12826,14,1,4,1
2021-03-23T23:59:59+01:00,1,3,995,1047,1659,2256,2060,3301,2393,4521,3558,4595,2937,3014,7248,9320,3674,6319,184,221,530,858,716,1324,840,1971,1048,1760,968,869,1773,2385,1581,3157,43874,19085,2346,1087,12677,13,1,3,1
2021-03-22T23:59:59+01:00,1,3,992,1040,1644,2241,2046,3283,2371,4493,3521,4554,2892,2980,7186,9250,3659,6302,181,218,529,848,700,1301,826,1957,1019,1733,922,798,1304,1812,1236,2677,43539,17015,2326,1033,12589,13,1,3,1
2021-03-21T23:59:59+01:00,1,3,992,1040,1643,2238,2046,3282,2368,4489,3510,4547,2879,2972,7138,9194,3653,6296,181,215,528,846,699,1297,824,1953,1008,1728,899,779,1228,1727,1183,2608,43394,16714,2323,976,12570,13,1,3,1
2021-03-20T23:59:59+01:00,1,3,991,1039,1642,2238,2046,3282,2368,4489,3508,4545,2879,2971,7138,9193,3653,6296,181,215,528,846,699,1297,824,1953,996,1715,864,751,1197,1704,1175,2606,43394,16712,2319,826,12565,13,1,3,1
2021-03-19T23:59:59+01:00,1,3,990,1031,1635,2226,2035,3278,2366,4482,3501,4537,2869,2960,7125,9176,3652,6293,181,214,527,846,699,1295,824,1952,989,1710,820,714,1140,1654,1165,2596,43331,16670,2314,643,12511,13,1,3,1
2021-03-18T23:59:59+01:00,1,3,951,999,1561,2115,1911,3111,2218,4236,3273,4286,2717,2802,6823,8811,3586,6194,180,213,522,841,692,1288,815,1941,967,1694,802,692,1065,1548,1025,2397,41936,16103,2005,566,11653,13,1,3,1
2021-03-17T23:59:59+01:00,1,3,897,966,1490,2058,1848,3045,2153,4174,3178,4190,2582,2670,6398,8321,3522,6080,179,211,519,836,690,1284,811,1936,962,1687,773,673,931,1395,869,2185,40171,15363,2002,565,11399,13,1,3,1
2021-03-16T23:59:59+01:00,1,3,872,943,1457,2019,1809,2996,2100,4119,3084,4092,2448,2511,5928,7676,3434,5930,173,208,514,835,686,1277,806,1927,954,1674,768,660,844,1269,727,2022,38189,14764,1943,565,11286,13,1,3,1
2021-03-15T23:59:59+01:00,1,3,855,936,1439,1997,1771,2941,2062,4047,2984,3983,2316,2341,5446,7134,3362,5817,172,207,514,828,684,1268,802,1917,944,1658,757,650,774,1158,579,1825,36425,14196,1847,527,11160,13,0,3,1
2021-03-14T23:59:59+01:00,1,3,850,922,1414,1968,1747,2912,2032,3987,2923,3917,2139,2148,5260,6908,3330,5786,172,207,513,825,682,1257,801,1910,941,1648,740,641,758,1139,555,1770,35406,14052,1750,502,11088,4,0,3,1
2021-03-13T23:59:59+01:00,1,3,842,915,1393,1957,1731,2899,2007,3959,2851,3869,2070,2074,5213,6855,3328,5785,172,207,513,825,682,1257,801,1910,941,1648,738,640,758,1136,554,1770,35156,14045,1511,502,11082,4,0,3,1
2021-03-12T23:59:59+01:00,1,3,818,900,1349,1900,1669,2800,1910,3807,2694,3703,1873,1837,5030,6633,3298,5742,172,207,512,825,682,1257,800,1910,941,1647,731,637,745,1121,547,1767,33833,13995,1271,501,10860,4,0,3,1
2021-03-11T23:59:59+01:00,1,3,783,841,1280,1818,1586,2653,1827,3605,2531,3531,1610,1529,4664,6164,3165,5560,163,201,506,816,672,1248,786,1875,920,1607,604,576,676,1080,527,1736,31726,13498,1176,491,10246,3,0,3,1
2021-03-10T23:59:59+01:00,1,3,767,790,1257,1761,1553,2594,1777,3536,2450,3441,1541,1440,4196,5626,3047,5310,163,199,497,794,654,1235,778,1855,913,1591,535,562,643,1071,520,1730,29921,13348,1170,388,9996,3,0,3,1
2021-03-09T23:59:59+01:00,1,3,755,768,1237,1731,1525,2548,1737,3485,2377,3389,1450,1344,3636,4878,2863,5005,161,197,492,773,644,1211,764,1823,901,1563,531,560,641,1066,517,1724,27762,13288,1168,276,9799,3,0,3,1
2021-03-08T23:59:59+01:00,0,3,751,741,1224,1712,1509,2528,1711,3449,2339,3346,1358,1244,2968,4051,2627,4635,157,194,478,749,622,1178,745,1773,877,1526,527,558,641,1065,517,1724,25317,13280,1168,49,9708,1,0,3,1
2021-03-07T23:59:59+01:00,0,3,748,737,1216,1703,1501,2514,1703,3441,2328,3338,1345,1228,2868,3931,2604,4585,157,194,478,749,622,1178,745,1773,877,1526,527,558,640,1065,517,1724,24967,13280,1166,49,9657,0,0,3,1
2021-03-06T23:59:59+01:00,0,3,747,737,1215,1700,1498,2511,1699,3438,2325,3337,1342,1228,2868,3931,2604,4585,156,194,478,749,622,1178,745,1773,877,1526,527,558,640,1065,517,1724,24963,13279,1166,49,9636,0,0,3,1
2021-03-05T23:59:59+01:00,0,3,683,711,1189,1686,1477,2502,1674,3423,2296,3328,1337,1226,2860,3923,2601,4580,156,194,478,748,622,1177,745,1773,877,1524,526,558,640,1065,517,1724,24933,13274,1162,49,9401,0,0,3,1
2021-03-04T23:59:59+01:00,0,3,617,662,1122,1617,1420,2420,1634,3344,2222,3251,1287,1178,2644,3559,2418,4293,154,189,475,734,610,1165,734,1745,868,1511,516,547,628,1055,512,1715,23716,13109,1155,48,8817,0,0,3,1
2021-03-03T23:59:59+01:00,0,3,581,623,1054,1553,1323,2338,1534,3258,2097,3167,1243,1133,2277,3039,2065,3849,154,189,473,731,610,1165,733,1743,866,1509,514,546,626,1052,512,1713,21861,13088,1154,47,8121,0,0,1,1
2021-03-02T23:59:59+01:00,0,3,563,590,1017,1507,1267,2295,1477,3206,2001,3106,1160,1033,1911,2560,1677,3327,152,187,468,725,605,1154,723,1733,861,1489,505,537,615,1031,493,1683,19799,12913,1151,47,7749,0,0,1,1
2021-03-01T23:59:59+01:00,0,3,556,542,999,1468,1221,2235,1431,3141,1946,3032,1116,959,1419,1965,1302,2791,150,187,468,725,605,1153,723,1730,860,1489,503,537,612,1022,489,1672,17536,12877,1148,47,7441,0,0,1,1
2021-02-28T23:59:59+01:00,0,3,549,529,982,1429,1195,2174,1403,3083,1891,2959,1095,937,1305,1824,1230,2702,150,187,467,724,605,1153,722,1728,859,1488,501,537,612,1022,489,1672,17058,12868,1146,47,7085,0,0,1,1
2021-02-27T23:59:59+01:00,0,3,549,527,981,1429,1195,2172,1403,3082,1891,2958,1095,937,1305,1823,1229,2702,150,187,466,723,602,1151,720,1726,857,1487,501,537,612,1022,489,1672,17056,12868,1146,33,7078,0,0,1,1
2021-02-26T23:59:59+01:00,0,3,400,476,851,1385,1111,2129,1336,3041,1832,2916,1090,930,1302,1822,1229,2701,150,187,466,723,602,1151,720,1725,857,1486,501,537,612,1022,489,1672,17046,12867,1146,32,6361,0,0,1,1
2021-02-25T23:59:59+01:00,0,3,308,422,756,1291,1027,2040,1237,2867,1693,2754,1052,898,1221,1698,1116,2513,143,177,454,710,586,1126,713,1700,837,1462,489,523,584,991,475,1653,16458,12600,1146,22,5291,0,0,1,1
2021-02-24T23:59:59+01:00,0,2,259,377,684,1216,953,1952,1183,2750,1628,2637,1025,878,1098,1553,960,2300,141,177,451,707,582,1125,712,1694,836,1458,484,518,576,986,472,1641,15754,12540,1144,19,4556,0,0,1,1
2021-02-23T23:59:59+01:00,0,2,247,356,662,1158,925,1873,1135,2638,1553,2529,1000,850,1021,1425,823,2142,141,176,451,705,582,1125,712,1691,834,1457,483,516,574,985,472,1640,15205,12529,1113,14,4020,0,0,1,1
2021-02-22T23:59:59+01:00,0,0,233,337,639,1128,893,1790,1085,2546,1469,2406,955,821,903,1282,642,1890,141,176,450,704,580,1124,710,1691,828,1455,482,515,573,983,471,1638,14465,12517,1044,3,3509,0,0,1,1
2021-02-21T23:59:59+01:00,0,0,227,326,605,1063,843,1684,1042,2445,1390,2299,938,800,872,1231,590,1826,141,175,447,697,579,1120,710,1686,828,1454,481,515,572,983,470,1637,14259,12491,1004,3,2917,0,0,1,1
2021-02-20T23:59:59+01:00,0,0,227,323,602,1062,841,1680,1039,2440,1377,2282,902,771,841,1208,582,1824,141,175,447,697,579,1120,710,1686,828,1454,481,514,571,983,470,1637,14259,12490,850,3,2891,0,0,1,0
2021-02-19T23:59:59+01:00,0,0,217,315,592,1054,828,1665,1018,2423,1344,2239,659,669,704,1146,557,1807,141,175,447,696,579,1117,709,1684,825,1451,481,514,571,982,469,1637,13783,12475,670,3,2783,0,0,1,0
2021-02-18T23:59:59+01:00,0,0,200,265,553,933,744,1438,888,2164,1096,1864,579,601,666,1106,538,1790,136,175,434,684,564,1100,703,1658,809,1423,478,511,570,980,469,1637,13627,12328,574,3,1223,0,0,1,0
2021-02-17T23:59:59+01:00,0,0,195,227,533,885,708,1341,830,1997,1011,1732,557,581,666,1103,536,1787,129,173,423,674,556,1084,684,1627,796,1401,475,509,568,977,469,1636,13611,12178,574,3,503,0,0,1,0
2021-02-16T23:59:59+01:00,0,0,189,224,526,870,692,1310,811,1958,978,1692,545,576,660,1101,535,1785,124,168,409,668,545,1068,672,1609,787,1387,468,504,561,964,463,1609,13583,12004,574,2,294,0,0,1,0
2021-02-15T23:59:59+01:00,0,0,174,215,520,843,686,1276,797,1923,949,1645,544,573,658,1101,535,1785,121,167,402,659,535,1049,643,1582,773,1369,466,502,561,964,463,1609,13580,11863,535,2,108,0,0,1,0
2021-02-14T23:59:59+01:00,0,0,169,207,517,831,685,1267,794,1914,931,1636,543,572,658,1098,534,1785,114,164,391,648,518,1031,625,1568,766,1357,466,500,559,962,463,1609,13574,11739,533,2,33,0,0,1,0
2021-02-13T23:59:59+01:00,0,0,168,207,516,831,685,1267,794,1914,931,1636,543,572,658,1098,534,1785,114,164,390,647,518,1031,625,1568,766,1357,466,500,559,962,463,1609,13573,11737,533,2,32,0,0,1,0
2021-02-12T23:59:59+01:00,0,0,167,206,512,830,684,1264,790,1913,929,1633,542,572,658,1098,534,1785,110,162,387,641,514,1025,611,1554,762,1340,464,499,548,942,460,1584,13566,11601,532,2,18,0,0,1,0
2021-02-11T23:59:59+01:00,0,0,165,205,508,823,677,1260,788,1909,923,1631,537,566,651,1092,529,1779,90,126,358,570,468,946,560,1437,718,1246,439,454,507,888,419,1491,13514,10716,520,1,8,0,0,1,0
2021-02-10T23:59:59+01:00,0,0,162,203,498,806,661,1245,776,1882,908,1607,529,560,641,1080,524,1769,80,115,330,511,441,839,518,1262,644,1091,391,404,441,776,373,1336,13391,9551,458,1,1,0,0,1,0
2021-02-09T23:59:59+01:00,0,0,161,196,490,767,645,1206,756,1821,897,1565,517,549,635,1066,516,1753,75,99,311,445,406,755,478,1158,579,991,361,351,402,691,343,1223,13282,8668,257,0,0,0,0,1,0
2021-02-08T23:59:59+01:00,0,0,157,192,473,742,622,1171,736,1771,877,1521,511,548,633,1060,512,1740,62,73,266,376,358,619,418,929,506,813,304,296,339,543,288,1032,13215,7222,50,0,0,0,0,1,0
2021-02-07T23:59:59+01:00,0,0,157,191,472,741,620,1170,735,1763,875,1519,510,548,633,1060,512,1739,61,65,248,341,339,575,402,897,487,780,303,288,337,536,286,1029,13194,6974,50,0,0,0,0,1,0
2021-02-06T23:59:59+01:00,0,0,157,191,472,741,620,1170,735,1763,875,1519,510,548,633,1060,512,1739,61,65,248,341,339,575,402,896,485,778,303,287,336,534,285,1029,13194,6964,50,0,0,0,0,1,0
2021-02-05T23:59:59+01:00,0,0,157,191,472,741,620,1170,735,1763,875,1518,510,548,633,1060,512,1739,59,65,246,339,333,571,394,874,476,758,293,282,326,512,270,993,13193,6791,50,0,0,0,0,1,0
2021-02-04T23:59:59+01:00,0,0,151,186,468,733,613,1162,731,1749,869,1509,503,541,612,1035,503,1721,43,50,212,307,292,475,353,733,384,612,229,215,243,352,201,735,13036,5436,49,0,0,0,0,1,0
2021-02-03T23:59:59+01:00,0,0,149,186,462,727,605,1153,727,1738,860,1493,494,533,599,1022,495,1713,35,32,156,216,238,348,265,560,309,464,180,169,171,264,153,554,12907,4114,48,0,0,0,0,1,0
2021-02-02T23:59:59+01:00,0,0,149,183,460,726,605,1153,724,1732,853,1489,493,532,595,1019,494,1709,26,26,137,169,193,279,221,427,258,374,140,130,129,199,119,437,12867,3264,48,0,0,0,0,1,0
2021-02-01T23:59:59+01:00,0,0,147,183,459,725,600,1150,723,1723,851,1484,492,530,590,1016,493,1704,21,19,100,125,137,188,154,300,169,259,89,93,87,126,65,238,12821,2170,48,0,0,0,0,1,0
2021-01-31T23:59:59+01:00,0,0,147,183,459,722,597,1149,723,1719,851,1483,490,529,589,1014,493,1703,15,15,67,84,95,123,117,223,142,203,84,87,83,118,63,224,12803,1743,48,0,0,0,0,0,0
2021-01-30T23:59:59+01:00,0,0,147,183,458,722,595,1147,722,1718,851,1483,490,529,588,1014,493,1703,15,15,67,84,95,121,115,219,139,200,83,86,83,112,57,214,12802,1705,41,0,0,0,0,0,0
2021-01-29T23:59:59+01:00,0,0,147,183,458,720,594,1144,720,1716,849,1482,490,529,588,1014,493,1703,13,15,55,79,78,117,97,208,116,188,78,79,82,108,56,213,12797,1582,33,0,0,0,0,0,0
2021-01-28T23:59:59+01:00,0,0,140,179,445,703,577,1119,714,1689,826,1453,483,523,585,1011,490,1700,8,3,12,19,24,45,30,96,48,89,45,50,54,78,41,158,12612,800,25,0,0,0,0,0,0
2021-01-27T23:59:59+01:00,0,0,133,177,434,693,569,1110,698,1655,819,1430,480,521,581,1006,490,1695,4,1,4,11,10,23,13,40,23,31,12,17,24,31,18,48,12468,310,23,0,0,0,0,0,0
2021-01-26T23:59:59+01:00,0,0,127,173,420,680,556,1096,689,1632,808,1409,474,516,575,989,484,1661,4,1,4,10,7,21,11,37,17,28,12,15,23,30,18,47,12275,285,14,0,0,0,0,0,0
2021-01-25T23:59:59+01:00,0,0,124,171,411,668,545,1077,661,1604,790,1392,472,513,573,988,484,1661,3,1,3,9,7,16,6,28,12,22,9,6,13,19,9,29,12131,192,3,0,0,0,0,0,0
2021-01-24T23:59:59+01:00,0,0,117,168,401,658,531,1059,644,1591,777,1381,471,510,572,988,484,1661,2,0,1,6,7,4,4,7,5,9,1,2,11,12,6,16,12010,93,3,0,0,0,0,0,0
2021-01-23T23:59:59+01:00,0,0,117,168,401,657,531,1059,644,1591,777,1381,471,510,572,988,484,1661,1,0,1,6,7,4,4,7,5,9,1,2,11,12,6,16,12009,92,3,0,0,0,0,0,0
2021-01-22T23:59:59+01:00,0,0,113,166,394,651,528,1053,630,1577,771,1364,471,507,561,967,479,1635,1,0,1,6,7,4,4,7,5,9,1,2,11,12,6,16,11864,92,3,0,0,0,0,0,0
2021-01-21T23:59:59+01:00,0,0,101,158,379,633,505,1020,600,1528,748,1322,455,469,528,923,446,1570,1,0,1,6,7,4,4,7,5,9,1,2,11,12,6,16,11382,92,3,0,0,0,0,0,0
2021-01-20T23:59:59+01:00,0,0,82,116,345,544,461,880,542,1294,660,1136,397,410,445,788,387,1358,1,0,1,5,7,4,4,7,5,9,1,2,11,12,6,16,9842,91,3,0,0,0,0,0,0
2021-01-19T23:59:59+01:00,0,0,77,104,316,468,421,791,502,1180,608,1033,374,373,410,710,358,1268,1,0,1,3,7,4,4,7,5,9,1,0,8,8,5,15,8990,78,3,0,0,0,0,0,0
2021-01-18T23:59:59+01:00,0,0,63,74,271,381,366,641,428,948,515,836,308,306,345,562,305,1080,1,0,1,3,7,4,4,7,5,9,1,0,8,8,5,15,7427,78,2,0,0,0,0,0,0
2021-01-17T23:59:59+01:00,0,0,61,65,252,346,344,589,409,906,492,798,305,297,344,555,303,1072,0,0,0,0,0,0,0,0,0,0,0,0,0,0,0,0,7136,0,2,0,0,0,0,0,0
2021-01-16T23:59:59+01:00,0,0,61,65,252,346,344,589,409,905,490,796,305,296,342,551,302,1072,0,0,0,0,0,0,0,0,0,0,0,0,0,0,0,0,7123,0,2,0,0,0,0,0,0
2021-01-15T23:59:59+01:00,0,0,59,65,251,343,338,583,398,882,479,771,291,290,325,524,281,1034,0,0,0,0,0,0,0,0,0,0,0,0,0,0,0,0,6912,0,2,0,0,0,0,0,0
2021-01-14T23:59:59+01:00,0,0,45,52,237,321,314,508,364,757,392,626,228,218,242,353,205,751,0,0,0,0,0,0,0,0,0,0,0,0,0,0,0,0,5613,0,0,0,0,0,0,0,0
2021-01-13T23:59:59+01:00,0,0,39,42,212,265,272,409,300,609,321,501,177,175,174,269,163,587,0,0,0,0,0,0,0,0,0,0,0,0,0,0,0,0,4515,0,0,0,0,0,0,0,0
2021-01-12T23:59:59+01:00,0,0,35,40,207,250,258,377,277,532,290,456,141,134,135,206,127,458,0,0,0,0,0,0,0,0,0,0,0,0,0,0,0,0,3923,0,0,0,0,0,0,0,0
2021-01-11T23:59:59+01:00,0,0,29,36,196,230,239,325,229,444,240,382,110,105,101,133,75,291,0,0,0,0,0,0,0,0,0,0,0,0,0,0,0,0,3165,0,0,0,0,0,0,0,0
2021-01-10T23:59:59+01:00,0,0,27,31,158,168,196,250,191,348,198,305,98,99,98,128,73,277,0,0,0,0,0,0,0,0,0,0,0,0,0,0,0,0,2645,0,0,0,0,0,0,0,0
2021-01-09T23:59:59+01:00,0,0,27,31,151,164,194,242,187,341,196,300,98,99,98,128,73,277,0,0,0,0,0,0,0,0,0,0,0,0,0,0,0,0,2606,0,0,0,0,0,0,0,0
2021-01-08T23:59:59+01:00,0,0,24,28,121,141,173,229,162,312,168,279,93,89,97,124,72,276,0,0,0,0,0,0,0,0,0,0,0,0,0,0,0,0,2388,0,0,0,0,0,0,0,0
2021-01-07T23:59:59+01:00,0,0,9,3,16,24,31,55,37,104,61,112,48,51,60,84,46,187,0,0,0,0,0,0,0,0,0,0,0,0,0,0,0,0,928,0,0,0,0,0,0,0,0
2021-01-06T23:59:59+01:00,0,0,4,1,5,11,9,22,13,39,20,31,13,14,25,35,20,55,0,0,0,0,0,0,0,0,0,0,0,0,0,0,0,0,317,0,0,0,0,0,0,0,0
2021-01-05T23:59:59+01:00,0,0,3,1,4,9,8,18,10,31,15,26,10,14,22,30,19,49,0,0,0,0,0,0,0,0,0,0,0,0,0,0,0,0,269,0,0,0,0,0,0,0,0
2021-01-04T23:59:59+01:00,0,0,2,1,2,7,8,10,4,15,8,16,5,3,11,16,8,26,0,0,0,0,0,0,0,0,0,0,0,0,0,0,0,0,142,0,0,0,0,0,0,0,0
2021-01-03T23:59:59+01:00,0,0,2,0,1,6,8,4,4,7,5,9,1,2,11,12,7,16,0,0,0,0,0,0,0,0,0,0,0,0,0,0,0,0,95,0,0,0,0,0,0,0,0
2021-01-02T23:59:59+01:00,0,0,2,0,1,6,8,4,4,7,5,9,1,2,11,12,7,16,0,0,0,0,0,0,0,0,0,0,0,0,0,0,0,0,95,0,0,0,0,0,0,0,0
2021-01-01T23:59:59+01:00,0,0,1,0,1,6,8,4,4,7,5,9,1,2,11,12,7,16,0,0,0,0,0,0,0,0,0,0,0,0,0,0,0,0,94,0,0,0,0,0,0,0,0
2020-12-31T23:59:59+01:00,0,0,1,0,1,5,8,4,4,7,5,9,1,2,11,12,7,16,0,0,0,0,0,0,0,0,0,0,0,0,0,0,0,0,93,0,0,0,0,0,0,0,0
2020-12-30T23:59:59+01:00,0,0,1,0,1,5,8,4,4,7,5,9,1,2,11,12,7,16,0,0,0,0,0,0,0,0,0,0,0,0,0,0,0,0,93,0,0,0,0,0,0,0,0
2020-12-29T23:59:59+01:00,0,0,1,0,1,3,8,4,4,7,5,9,1,0,8,8,6,15,0,0,0,0,0,0,0,0,0,0,0,0,0,0,0,0,80,0,0,0,0,0,0,0,0
2020-12-28T23:59:59+01:00,0,0,1,0,1,3,8,4,4,7,5,9,1,0,8,8,6,15,0,0,0,0,0,0,0,0,0,0,0,0,0,0,0,0,80,0,0,0,0,0,0,0,0
2020-12-27T23:59:59+01:00,0,0,1,0,1,3,8,4,4,7,5,9,1,0,8,8,6,15,0,0,0,0,0,0,0,0,0,0,0,0,0,0,0,0,80,0,0,0,0,0,0,0,0
