Datum,<15_1_m,<15_1_w,15-24_1_m,15-24_1_w,25-34_1_m,25-34_1_w,35-44_1_m,35-44_1_w,45-54_1_m,45-54_1_w,55-64_1_m,55-64_1_w,65-74_1_m,65-74_1_w,75-84_1_m,75-84_1_w,>84_1_m,>84_1_w,<15_2_m,<15_2_w,15-24_2_m,15-24_2_w,25-34_2_m,25-34_2_w,35-44_2_m,35-44_2_w,45-54_2_m,45-54_2_w,55-64_2_m,55-64_2_w,65-74_2_m,65-74_2_w,75-84_2_m,75-84_2_w,>84_2_m,>84_2_w,bp_1,bp_2,mo_1,mo_2,az_1,az_2,ja,unb_1,unb_2
2021-11-26T23:59:59+01:00,3798,3685,20942,19196,26302,24229,27256,26542,30261,30743,32504,33432,22240,25481,15769,19915,4600,8080,2428,2302,17495,16178,22912,20994,24451,23792,27834,28311,30659,31466,21473,24498,15330,19221,4423,7708,268285,238855,33355,32117,55125,52272,18182,37,49
2021-11-25T23:59:59+01:00,3654,3548,20882,19121,26258,24142,27209,26477,30212,30692,32469,33381,22231,25455,15764,19899,4598,8075,2392,2269,17419,16122,22811,20932,24395,23738,27781,28261,30622,31433,21463,24482,15322,19211,4419,7706,267393,238189,33339,32088,55125,52270,18182,37,49
2021-11-24T23:59:59+01:00,3568,3459,20815,19062,26195,24056,27141,26408,30172,30638,32427,33334,22213,25426,15757,19878,4589,8063,2363,2246,17351,16039,22712,20841,24322,23677,27703,28203,30568,31379,21442,24459,15310,19203,4416,7704,266532,237380,33334,32062,55125,52265,18182,37,49
2021-11-23T23:59:59+01:00,3480,3374,20744,18998,26126,23988,27080,26345,30110,30583,32381,33283,22193,25398,15740,19846,4583,8037,2344,2228,17271,15986,22627,20766,24258,23611,27656,28156,30530,31355,21431,24436,15293,19185,4413,7693,265634,236691,33323,32055,55125,52265,18179,37,49
2021-11-22T23:59:59+01:00,3398,3292,20661,18924,26013,23878,26999,26245,30048,30501,32312,33216,22170,25364,15732,19817,4574,8026,2324,2211,17220,15922,22557,20713,24199,23556,27608,28103,30485,31316,21409,24411,15281,19171,4409,7689,264525,236056,33316,32039,55125,52264,18176,37,49
2021-11-21T23:59:59+01:00,3360,3242,20597,18870,25947,23803,26943,26184,29991,30437,32261,33158,22150,25336,15725,19798,4570,8019,2318,2204,17197,15909,22528,20695,24177,23537,27592,28093,30470,31301,21401,24405,15276,19164,4409,7683,263752,235839,33312,32033,55125,52264,18174,37,49
2021-11-20T23:59:59+01:00,3348,3230,20570,18839,25905,23774,26903,26163,29968,30413,32247,33141,22141,25329,15722,19794,4570,8017,2314,2201,17181,15904,22519,20686,24160,23526,27585,28082,30466,31298,21399,24404,15276,19162,4409,7683,263438,235737,33310,32032,55125,52264,18173,37,49
2021-11-19T23:59:59+01:00,3270,3156,20487,18760,25820,23698,26841,26110,29907,30361,32209,33102,22129,25305,15720,19788,4569,8014,2303,2193,17146,15871,22468,20654,24112,23499,27547,28053,30445,31288,21388,24399,15273,19158,4407,7682,262622,235382,33298,32022,55125,52260,18173,37,49
2021-11-18T23:59:59+01:00,3156,3060,20403,18641,25710,23569,26753,25999,29835,30275,32163,33034,22092,25260,15709,19769,4569,8005,2283,2159,17072,15795,22405,20592,24064,23441,27497,28021,30397,31251,21376,24384,15264,19140,4404,7667,261385,234742,33291,31993,55125,52255,18173,37,49
2021-11-17T23:59:59+01:00,3095,2990,20288,18524,25599,23430,26653,25893,29751,30215,32107,32964,22070,25221,15699,19749,4566,7998,2263,2131,16985,15739,22307,20525,23998,23364,27420,27967,30353,31214,21360,24366,15255,19124,4402,7662,260205,233987,33283,31976,55125,52252,18171,37,49
2021-11-16T23:59:59+01:00,3049,2934,20168,18435,25465,23299,26566,25797,29681,30132,32044,32893,22049,25189,15688,19730,4564,7986,2242,2115,16943,15714,22262,20484,23954,23333,27381,27920,30322,31183,21344,24352,15242,19114,4402,7659,259071,233526,33277,31973,55125,52250,18168,37,49
2021-11-15T23:59:59+01:00,2998,2894,19973,18285,25287,23146,26446,25676,29595,30027,31962,32815,22020,25156,15672,19709,4561,7978,2226,2106,16895,15693,22219,20452,23911,23307,27356,27892,30300,31165,21327,24333,15235,19101,4400,7655,257619,233159,33263,31950,55125,52250,18165,37,49
2021-11-14T23:59:59+01:00,2970,2858,19851,18187,25175,23025,26359,25604,29526,29951,31902,32752,21995,25127,15662,19694,4558,7972,2215,2092,16865,15652,22193,20421,23883,23289,27340,27872,30281,31148,21320,24330,15229,19090,4400,7653,256595,232865,33257,31947,55125,52249,18163,37,49
2021-11-13T23:59:59+01:00,2957,2841,19787,18139,25117,22987,26293,25567,29491,29926,31879,32733,21990,25122,15662,19692,4556,7971,2212,2091,16857,15647,22187,20414,23872,23285,27333,27869,30276,31145,21319,24329,15229,19089,4400,7653,256140,232806,33257,31943,55125,52249,18160,37,49
2021-11-12T23:59:59+01:00,2917,2801,19603,18007,24965,22860,26157,25447,29421,29846,31821,32694,21978,25101,15654,19686,4554,7971,2199,2080,16798,15621,22146,20379,23834,23256,27307,27851,30244,31132,21312,24318,15222,19084,4400,7651,254945,232453,33229,31931,55125,52245,18156,37,49
2021-11-11T23:59:59+01:00,2855,2735,19464,17887,24833,22725,26035,25337,29334,29753,31754,32645,21954,25077,15646,19676,4552,7965,2182,2060,16756,15569,22106,20326,23800,23229,27280,27819,30226,31096,21294,24308,15217,19073,4398,7645,253729,232029,33198,31916,55125,52243,18147,37,49
2021-11-10T23:59:59+01:00,2803,2672,19224,17686,24603,22535,25882,25192,29180,29643,31670,32546,21924,25047,15629,19656,4549,7955,2167,2036,16694,15492,22030,20270,23748,23181,27231,27782,30179,31058,21275,24287,15208,19056,4393,7639,251955,231403,33158,31901,55124,52242,18131,37,49
2021-11-09T23:59:59+01:00,2759,2630,19085,17547,24446,22415,25772,25078,29106,29568,31607,32477,21903,25016,15612,19639,4546,7940,2148,2021,16664,15457,21993,20245,23725,23153,27206,27752,30153,31016,21256,24269,15201,19039,4391,7634,250719,231011,33147,31897,55124,52238,18128,37,49
2021-11-08T23:59:59+01:00,2713,2592,18841,17334,24224,22205,25596,24942,28962,29445,31503,32392,21868,24963,15590,19616,4545,7932,2125,2000,16613,15410,21948,20206,23698,23114,27168,27725,30130,30990,21232,24255,15192,19025,4387,7630,248884,230569,33113,31881,55124,52235,18114,37,49
2021-11-07T23:59:59+01:00,2685,2561,18734,17228,24099,22094,25490,24851,28893,29374,31455,32332,21846,24942,15582,19612,4543,7929,2110,1986,16589,15394,21922,20180,23677,23100,27153,27708,30118,30978,21228,24249,15187,19017,4387,7628,247875,230337,33111,31881,55124,52232,18112,37,49
2021-11-06T23:59:59+01:00,2685,2558,18732,17225,24095,22094,25486,24848,28891,29372,31454,32330,21846,24942,15582,19612,4542,7929,2110,1985,16586,15392,21922,20179,23676,23100,27152,27706,30116,30978,21228,24248,15187,19017,4387,7628,247848,230325,33111,31879,55124,52232,18112,37,49
2021-11-05T23:59:59+01:00,2656,2519,18635,17145,24008,21997,25416,24780,28829,29319,31415,32298,21845,24935,15579,19605,4542,7928,2105,1979,16574,15375,21914,20167,23665,23093,27145,27692,30109,30970,21223,24243,15187,19016,4386,7627,247110,230208,33078,31874,55124,52228,18111,37,49
2021-11-04T23:59:59+01:00,2610,2482,18554,17056,23901,21901,25350,24723,28758,29274,31378,32260,21834,24923,15571,19595,4540,7923,2076,1955,16515,15326,21866,20122,23630,23063,27121,27662,30086,30948,21219,24234,15182,19006,4384,7626,246319,229807,33069,31858,55124,52214,18093,37,49
2021-11-03T23:59:59+01:00,2574,2456,18410,16926,23740,21765,25238,24626,28677,29213,31330,32202,21814,24911,15565,19589,4540,7921,2048,1932,16441,15257,21809,20055,23590,23022,27076,27626,30059,30918,21203,24210,15171,18995,4382,7620,245215,229224,33044,31843,55124,52212,18086,37,49
2021-11-02T23:59:59+01:00,2546,2433,18274,16842,23594,21662,25146,24560,28602,29157,31281,32167,21805,24892,15558,19580,4539,7912,2033,1912,16383,15220,21772,20008,23553,22982,27047,27600,30036,30895,21195,24197,15163,18992,4381,7617,244285,228813,33038,31837,55124,52212,18075,37,49
2021-11-01T23:59:59+01:00,2525,2413,18190,16769,23510,21601,25087,24517,28553,29117,31255,32142,21793,24883,15555,19579,4539,7911,2019,1898,16346,15166,21734,19969,23527,22951,27017,27563,30018,30876,21187,24192,15162,18982,4381,7615,243683,228447,33034,31825,55124,52212,18070,37,49
2021-10-31T23:59:59+01:00,2525,2413,18190,16769,23509,21599,25086,24517,28553,29117,31255,32142,21793,24883,15555,19579,4539,7911,2018,1897,16346,15166,21734,19969,23527,22950,27017,27563,30018,30875,21187,24192,15162,18982,4381,7615,243679,228443,33034,31825,55124,52212,18070,37,49
2021-10-30T23:59:59+02:00,2525,2413,18190,16769,23508,21599,25086,24517,28553,29117,31255,32142,21793,24883,15555,19579,4539,7911,2018,1897,16346,15166,21734,19969,23527,22950,27017,27563,30018,30875,21187,24192,15162,18982,4381,7615,243678,228443,33034,31825,55124,52212,18070,37,49
2021-10-29T23:59:59+02:00,2512,2399,18123,16727,23432,21559,25010,24474,28490,29080,31229,32122,21789,24874,15549,19574,4538,7910,2013,1892,16332,15154,21719,19954,23517,22935,27006,27550,30010,30872,21185,24190,15162,18980,4381,7615,243178,228317,32993,31821,55124,52212,18068,37,49
2021-10-28T23:59:59+02:00,2487,2375,18038,16660,23349,21497,24960,24418,28450,29042,31194,32094,21783,24867,15544,19566,4538,7907,1982,1873,16273,15103,21683,19909,23486,22903,26981,27527,29987,30846,21175,24181,15160,18977,4381,7610,242595,227914,32963,31806,55124,52209,18059,37,49
2021-10-27T23:59:59+02:00,2453,2338,17922,16578,23195,21396,24853,24331,28353,28982,31146,32062,21774,24843,15537,19557,4538,7906,1958,1844,16202,15054,21634,19849,23452,22864,26946,27488,29961,30821,21164,24168,15153,18967,4380,7606,241637,227424,32923,31781,55124,52205,18052,37,49
2021-10-26T23:59:59+02:00,2428,2314,17864,16531,23151,21348,24808,24293,28307,28940,31119,32043,21772,24833,15534,19555,4538,7903,1940,1820,16161,15008,21603,19817,23420,22834,26935,27467,29948,30810,21156,24168,15151,18965,4380,7606,241168,227115,32922,31781,55124,52205,18039,37,49
2021-10-25T23:59:59+02:00,2427,2310,17863,16527,23149,21346,24806,24290,28306,28937,31118,32043,21772,24833,15534,19555,4538,7903,1940,1819,16161,15007,21603,19816,23418,22833,26935,27467,29948,30810,21156,24168,15151,18965,4380,7606,241145,227110,32922,31781,55124,52205,18038,37,49
2021-10-24T23:59:59+02:00,2418,2301,17845,16500,23132,21326,24780,24274,28297,28931,31111,32038,21770,24831,15532,19554,4538,7903,1930,1802,16142,14970,21580,19793,23404,22805,26924,27456,29938,30803,21153,24163,15149,18959,4380,7606,240985,226900,32908,31767,55124,52205,18036,37,49
2021-10-23T23:59:59+02:00,2418,2301,17844,16500,23130,21326,24780,24274,28296,28931,31111,32038,21770,24831,15532,19554,4538,7903,1930,1802,16142,14970,21578,19793,23404,22805,26924,27456,29938,30803,21153,24163,15149,18959,4380,7606,240982,226899,32908,31767,55124,52205,18035,37,49
2021-10-22T23:59:59+02:00,2397,2283,17782,16460,23080,21280,24729,24219,28264,28902,31077,32016,21764,24822,15527,19552,4537,7901,1923,1795,16123,14958,21568,19784,23388,22788,26916,27452,29929,30797,21151,24161,15149,18959,4380,7606,240516,226785,32900,31766,55124,52203,18024,37,49
2021-10-21T23:59:59+02:00,2382,2256,17739,16415,23026,21230,24692,24184,28218,28875,31060,31994,21757,24816,15524,19548,4536,7893,1878,1757,16061,14880,21523,19724,23352,22741,26877,27414,29915,30776,21144,24149,15140,18940,4378,7601,240108,226268,32874,31719,55124,52203,18011,37,49
2021-10-20T23:59:59+02:00,2351,2215,17659,16351,22934,21164,24616,24140,28179,28827,31026,31967,21745,24807,15520,19539,4534,7891,1823,1714,15974,14808,21473,19657,23291,22695,26833,27358,29887,30748,21123,24137,15133,18922,4372,7598,239459,225602,32854,31695,55124,52200,18000,37,49
2021-10-19T23:59:59+02:00,2330,2201,17625,16325,22914,21149,24602,24123,28166,28815,31018,31945,21738,24796,15518,19531,4533,7890,1792,1675,15915,14759,21431,19610,23270,22670,26813,27339,29867,30729,21113,24123,15128,18916,4372,7595,239218,225178,32854,31695,55123,52199,17996,37,49
2021-10-18T23:59:59+02:00,2317,2191,17604,16304,22898,21124,24583,24105,28154,28805,31005,31933,21732,24794,15516,19524,4531,7887,1768,1652,15873,14711,21412,19585,23247,22641,26792,27313,29847,30714,21107,24118,15124,18910,4371,7594,239007,224842,32854,31694,55123,52199,17995,37,49
2021-10-17T23:59:59+02:00,2308,2185,17579,16270,22867,21095,24564,24091,28136,28796,30995,31925,21724,24790,15515,19521,4531,7885,1750,1623,15831,14664,21380,19542,23226,22614,26773,27292,29833,30710,21101,24109,15124,18905,4369,7592,238789,224525,32848,31674,55121,52199,17991,37,49
2021-10-16T23:59:59+02:00,2308,2185,17578,16270,22867,21095,24564,24091,28136,28796,30995,31925,21724,24790,15515,19521,4531,7885,1750,1623,15831,14664,21380,19541,23226,22614,26773,27292,29833,30710,21101,24109,15124,18905,4369,7592,238788,224524,32848,31674,55121,52199,17991,37,49
2021-10-15T23:59:59+02:00,2298,2175,17553,16254,22849,21080,24538,24073,28120,28781,30989,31921,21718,24783,15515,19521,4531,7884,1742,1608,15818,14647,21368,19530,23217,22607,26770,27285,29828,30705,21098,24107,15123,18905,4369,7592,238610,224408,32835,31674,55121,52199,17989,37,49
2021-10-14T23:59:59+02:00,2288,2157,17509,16219,22813,21046,24514,24049,28101,28761,30978,31907,21712,24780,15512,19518,4530,7881,1721,1582,15756,14595,21339,19485,23181,22568,26752,27249,29806,30682,21087,24099,15118,18895,4367,7590,238309,224001,32834,31660,55121,52180,17982,37,49
2021-10-13T23:59:59+02:00,2258,2137,17422,16143,22750,20982,24469,24006,28063,28715,30949,31877,21698,24770,15506,19513,4529,7877,1683,1551,15655,14504,21286,19434,23139,22531,26711,27209,29777,30654,21079,24081,15116,18880,4367,7586,237782,223459,32809,31632,55121,52180,17923,37,49
2021-10-12T23:59:59+02:00,2248,2118,17380,16099,22727,20954,24442,23978,28047,28694,30936,31856,21694,24765,15502,19505,4528,7875,1660,1531,15603,14443,21267,19400,23114,22510,26686,27184,29754,30633,21071,24072,15114,18877,4365,7585,237469,223102,32808,31620,55120,52176,17922,37,49
2021-10-11T23:59:59+02:00,2237,2106,17351,16068,22712,20933,24427,23957,28028,28675,30921,31846,21688,24757,15500,19500,4525,7870,1642,1520,15560,14407,21227,19346,23091,22472,26660,27144,29725,30617,21060,24062,15108,18870,4361,7582,237226,222691,32808,31620,55120,52176,17918,37,49
2021-10-10T23:59:59+02:00,2233,2097,17335,16048,22695,20919,24422,23949,28019,28661,30916,31839,21681,24753,15500,19498,4525,7867,1626,1509,15504,14362,21163,19286,23052,22433,26615,27118,29703,30595,21050,24051,15102,18863,4361,7582,237090,222240,32804,31597,55120,52175,17914,37,49
2021-10-09T23:59:59+02:00,2231,2097,17335,16047,22693,20918,24422,23949,28019,28661,30916,31839,21681,24753,15500,19498,4525,7867,1625,1506,15503,14360,21163,19285,23052,22433,26615,27117,29703,30595,21050,24051,15102,18863,4361,7582,237084,222231,32804,31597,55120,52175,17914,37,49
2021-10-08T23:59:59+02:00,2226,2089,17324,16022,22669,20906,24404,23940,28004,28645,30901,31830,21679,24748,15500,19498,4525,7867,1618,1502,15497,14347,21149,19270,23041,22425,26605,27100,29698,30588,21048,24045,15100,18862,4361,7582,236946,222128,32794,31597,55119,52175,17889,37,49
2021-10-07T23:59:59+02:00,2202,2069,17266,15977,22638,20859,24378,23912,27971,28620,30880,31803,21674,24745,15498,19489,4524,7861,1583,1470,15422,14269,21084,19199,22997,22378,26574,27063,29670,30565,21037,24030,15095,18852,4357,7581,236564,221588,32784,31549,55116,52167,17873,37,49
2021-10-06T23:59:59+02:00,2178,2046,17206,15930,22590,20806,24352,23871,27939,28590,30864,31777,21663,24733,15491,19483,4523,7857,1546,1443,15361,14196,21034,19138,22959,22341,26543,27024,29646,30536,21026,24016,15084,18846,4355,7579,236143,221089,32765,31522,55116,52167,17846,37,49
2021-10-05T23:59:59+02:00,2158,2029,17161,15890,22543,20778,24318,23831,27917,28565,30851,31760,21658,24725,15491,19478,4522,7856,1534,1426,15333,14165,20980,19113,22929,22312,26515,26998,29621,30511,21018,23997,15081,18838,4352,7579,235874,220821,32765,31520,55116,52167,17745,37,49
2021-10-04T23:59:59+02:00,2131,1994,17105,15851,22491,20748,24295,23806,27901,28531,30832,31742,21654,24716,15489,19474,4521,7853,1528,1414,15295,14141,20954,19084,22915,22287,26497,26979,29609,30497,21011,23987,15077,18833,4352,7571,235532,220609,32765,31518,55116,52165,17690,37,49
2021-10-03T23:59:59+02:00,2126,1982,17076,15811,22461,20715,24257,23782,27887,28511,30815,31732,21651,24709,15488,19469,4521,7851,1508,1393,15263,14103,20929,19054,22889,22267,26482,26957,29595,30487,21001,23974,15075,18830,4352,7571,235319,220388,32759,31507,55112,52163,17623,37,49
2021-10-02T23:59:59+02:00,2126,1982,17076,15811,22461,20715,24256,23782,27887,28511,30815,31732,21651,24709,15488,19469,4521,7851,1508,1393,15263,14103,20929,19054,22889,22267,26482,26957,29595,30486,21001,23974,15075,18830,4352,7571,235318,220387,32759,31507,55112,52163,17623,37,49
2021-10-01T23:59:59+02:00,2121,1977,17062,15794,22458,20703,24242,23761,27882,28504,30811,31727,21648,24707,15488,19467,4520,7851,1506,1390,15259,14101,20926,19052,22887,22267,26480,26955,29595,30482,21000,23972,15075,18830,4352,7571,235201,220360,32758,31507,55112,52163,17621,37,49
2021-09-30T23:59:59+02:00,2100,1961,17005,15742,22414,20646,24202,23726,27852,28471,30788,31703,21637,24701,15483,19460,4518,7846,1469,1359,15189,14035,20888,19016,22853,22226,26457,26921,29576,30461,20996,23963,15072,18822,4348,7566,234815,219970,32744,31486,55112,52159,17553,37,49
2021-09-29T23:59:59+02:00,2032,1916,16912,15665,22342,20576,24146,23675,27789,28419,30750,31673,21621,24687,15476,19446,4515,7844,1447,1328,15119,13979,20845,18962,22817,22173,26418,26891,29541,30433,20987,23951,15061,18814,4347,7563,234173,219566,32727,31463,55111,52156,17442,37,49
2021-09-28T23:59:59+02:00,2014,1899,16830,15600,22271,20523,24081,23633,27750,28376,30733,31656,21611,24673,15471,19436,4515,7841,1433,1316,15051,13934,20786,18920,22772,22147,26388,26856,29520,30412,20974,23935,15055,18804,4345,7559,233739,219234,32726,31463,55111,52155,17306,37,49
2021-09-27T23:59:59+02:00,1951,1830,16764,15540,22235,20487,24056,23605,27721,28340,30713,31639,21604,24666,15469,19433,4514,7839,1422,1301,15022,13903,20764,18883,22757,22122,26369,26844,29502,30396,20970,23925,15051,18796,4344,7556,233241,218964,32726,31463,55111,52154,17297,37,49
2021-09-26T23:59:59+02:00,1930,1809,16694,15476,22182,20427,24017,23554,27692,28314,30698,31630,21594,24659,15468,19430,4514,7837,1406,1287,14951,13834,20711,18828,22707,22064,26329,26807,29483,30369,20963,23915,15043,18793,4344,7553,232873,218559,32709,31436,55110,52141,17202,37,49
2021-09-25T23:59:59+02:00,1930,1809,16692,15476,22180,20426,24014,23553,27692,28314,30698,31630,21594,24659,15468,19430,4514,7837,1406,1287,14950,13834,20709,18828,22706,22064,26328,26804,29483,30369,20962,23915,15043,18793,4344,7553,232867,218554,32709,31435,55110,52141,17199,37,49
2021-09-24T23:59:59+02:00,1929,1806,16665,15456,22136,20397,23980,23532,27672,28292,30681,31615,21592,24655,15466,19429,4514,7837,1399,1280,14922,13807,20659,18796,22665,22038,26300,26783,29461,30349,20957,23909,15041,18791,4343,7552,232803,218426,32709,31435,55110,52141,17001,37,49
2021-09-23T23:59:59+02:00,1899,1768,16590,15370,22075,20322,23932,23464,27627,28237,30655,31575,21580,24644,15458,19414,4511,7835,1372,1252,14844,13744,20599,18753,22637,21991,26266,26739,29435,30322,20953,23898,15035,18783,4343,7551,232243,218024,32670,31401,55110,52141,16902,37,49
2021-09-22T23:59:59+02:00,1866,1737,16489,15292,21982,20245,23856,23410,27559,28176,30613,31540,21564,24621,15456,19401,4509,7832,1317,1201,14719,13637,20508,18674,22573,21920,26205,26678,29386,30286,20932,23888,15029,18775,4340,7542,231633,217344,32649,31358,55110,52134,16725,37,49
2021-09-21T23:59:59+02:00,1836,1693,16409,15217,21923,20185,23805,23361,27517,28141,30574,31500,21553,24601,15453,19391,4503,7824,1308,1185,14663,13590,20449,18635,22530,21877,26170,26653,29361,30261,20919,23874,15022,18764,4337,7538,231156,217056,32649,31358,55110,52134,16539,37,49
2021-09-20T23:59:59+02:00,1809,1678,16334,15152,21866,20138,23756,23321,27479,28098,30540,31482,21544,24588,15447,19385,4502,7822,1296,1175,14606,13537,20403,18591,22492,21849,26122,26621,29335,30236,20911,23862,15020,18758,4334,7535,230745,216738,32647,31357,55110,52133,16406,37,49
2021-09-19T23:59:59+02:00,1782,1655,16270,15102,21816,20077,23721,23287,27448,28070,30519,31457,21535,24577,15443,19374,4502,7819,1288,1165,14547,13494,20357,18537,22440,21826,26097,26589,29318,30222,20904,23849,15016,18755,4333,7531,230378,216455,32625,31324,55110,52133,16307,37,49
2021-09-18T23:59:59+02:00,1782,1655,16268,15099,21814,20076,23718,23285,27448,28069,30519,31457,21535,24577,15443,19374,4502,7819,1288,1165,14546,13492,20356,18537,22439,21825,26097,26587,29318,30222,20904,23849,15016,18755,4333,7531,230370,216454,32625,31323,55110,52133,16301,37,49
2021-09-17T23:59:59+02:00,1776,1648,16245,15079,21789,20056,23698,23274,27434,28054,30510,31451,21532,24574,15440,19371,4501,7819,1280,1156,14525,13477,20346,18531,22430,21820,26090,26583,29308,30216,20901,23846,15015,18754,4333,7531,230196,216350,32624,31323,55110,52133,16287,37,49
2021-09-16T23:59:59+02:00,1737,1617,16144,14978,21708,19955,23628,23191,27368,27994,30471,31413,21519,24557,15435,19361,4496,7819,1247,1127,14440,13403,20301,18475,22394,21769,26059,26538,29287,30185,20890,23836,15008,18746,4330,7527,229386,215889,32603,31245,55110,52121,16258,37,49
2021-09-15T23:59:59+02:00,1706,1600,16076,14900,21652,19901,23583,23146,27336,27960,30446,31389,21506,24535,15423,19352,4495,7817,1218,1099,14363,13317,20233,18415,22355,21717,26019,26494,29255,30162,20877,23821,14996,18738,4329,7525,228857,215329,32583,31200,55110,52116,16239,37,49
2021-09-14T23:59:59+02:00,1693,1584,16041,14854,21605,19863,23553,23111,27304,27924,30421,31365,21491,24524,15420,19340,4492,7816,1200,1084,14325,13279,20208,18393,22333,21691,25999,26479,29243,30152,20866,23813,14993,18731,4328,7523,228448,215047,32580,31199,55110,52116,16229,37,49
2021-09-13T23:59:59+02:00,1672,1571,15999,14801,21578,19831,23522,23078,27287,27888,30407,31350,21490,24514,15415,19338,4491,7813,1194,1076,14297,13264,20181,18377,22313,21671,25984,26467,29233,30129,20857,23802,14992,18724,4326,7521,228103,214823,32577,31199,55110,52116,16221,37,49
2021-09-12T23:59:59+02:00,1662,1558,15975,14778,21562,19809,23506,23053,27272,27873,30396,31342,21483,24506,15415,19333,4491,7813,1180,1071,14264,13235,20156,18340,22293,21645,25971,26443,29222,30121,20850,23793,14987,18717,4324,7516,227909,214581,32558,31168,55110,52114,16216,37,49
2021-09-11T23:59:59+02:00,1661,1558,15963,14774,21554,19801,23505,23052,27270,27872,30393,31340,21482,24505,15415,19333,4491,7813,1180,1071,14259,13233,20154,18337,22291,21645,25971,26442,29222,30121,20849,23793,14987,18717,4324,7516,227872,214570,32558,31168,55107,52114,16211,37,49
2021-09-10T23:59:59+02:00,1661,1558,15940,14769,21541,19790,23487,23049,27252,27862,30380,31335,21481,24503,15411,19331,4491,7812,1178,1071,14236,13226,20139,18327,22277,21641,25956,26429,29204,30118,20848,23789,14984,18714,4323,7515,227841,214531,32558,31168,55107,52114,16113,37,49
2021-09-09T23:59:59+02:00,1616,1519,15860,14690,21481,19723,23433,22999,27192,27812,30352,31306,21472,24486,15397,19317,4489,7810,1150,1046,14154,13151,20068,18258,22210,21586,25906,26388,29169,30086,20832,23761,14966,18700,4321,7513,227311,214062,32527,31085,55106,52094,15976,37,48
2021-09-08T23:59:59+02:00,1578,1472,15733,14596,21410,19646,23380,22924,27142,27769,30312,31258,21455,24468,15388,19306,4488,7810,1133,1021,14065,13061,19984,18205,22145,21533,25859,26348,29133,30036,20813,23740,14962,18692,4320,7512,226766,213661,32458,30993,55106,52089,15771,37,48
2021-09-07T23:59:59+02:00,1565,1452,15683,14544,21355,19620,23344,22901,27115,27737,30295,31242,21444,24446,15382,19298,4486,7810,1116,1007,13997,13012,19920,18165,22103,21502,25823,26316,29104,30008,20802,23726,14958,18685,4319,7512,226525,213376,32451,30963,55106,52085,15603,37,48
2021-09-06T23:59:59+02:00,1552,1442,15633,14499,21334,19588,23321,22873,27090,27718,30279,31220,21434,24443,15378,19291,4486,7808,1104,998,13965,12973,19899,18140,22073,21480,25803,26297,29089,29993,20793,23718,14954,18681,4319,7509,226274,213167,32450,30963,55106,52085,15525,37,48
2021-09-05T23:59:59+02:00,1532,1427,15603,14473,21315,19566,23311,22847,27081,27706,30274,31212,21429,24437,15372,19289,4486,7804,1096,984,13927,12937,19868,18104,22048,21452,25785,26280,29076,29974,20789,23710,14952,18679,4319,7509,226061,212951,32441,30883,55105,52084,15523,37,48
2021-09-04T23:59:59+02:00,1532,1427,15594,14470,21301,19560,23304,22842,27075,27700,30268,31209,21428,24434,15372,19288,4486,7804,1096,984,13918,12934,19854,18096,22041,21447,25778,26274,29070,29970,20788,23707,14952,18678,4319,7509,226060,212950,32441,30880,55105,52084,15453,37,48
2021-09-03T23:59:59+02:00,1529,1424,15576,14456,21268,19535,23273,22821,27052,27687,30253,31194,21421,24426,15372,19282,4486,7803,1096,984,13901,12920,19827,18077,22017,21432,25762,26264,29055,29959,20782,23700,14952,18675,4319,7509,225984,212931,32440,30875,55105,52083,15294,37,48
2021-09-02T23:59:59+02:00,1513,1404,15504,14397,21221,19485,23238,22772,27011,27646,30216,31168,21408,24416,15366,19269,4484,7797,1071,963,13808,12856,19782,18015,21972,21389,25720,26218,29016,29932,20770,23689,14947,18663,4318,7508,225561,212475,32435,30870,55103,52063,15181,37,48
2021-09-01T23:59:59+02:00,1462,1347,15366,14244,21101,19388,23169,22716,26944,27575,30164,31118,21390,24391,15358,19255,4481,7792,1039,923,13661,12734,19653,17918,21887,21319,25662,26149,28965,29869,20745,23660,14935,18650,4314,7503,224789,211890,32410,30673,55102,52050,14925,37,48
2021-08-31T23:59:59+02:00,1438,1332,15304,14173,21038,19336,23124,22674,26893,27532,30130,31086,21377,24378,15352,19246,4481,7791,1025,910,13587,12666,19605,17876,21854,21283,25629,26126,28937,29843,20739,23650,14932,18642,4313,7502,224328,211541,32409,30673,55101,52045,14812,37,48
2021-08-30T23:59:59+02:00,1415,1313,15236,14127,20990,19280,23092,22635,26856,27499,30097,31056,21364,24369,15348,19237,4479,7784,1020,895,13530,12624,19559,17825,21821,21258,25599,26089,28903,29818,20728,23635,14922,18633,4312,7498,223963,211239,32409,30670,55101,52043,14669,37,48
2021-08-29T23:59:59+02:00,1399,1301,15192,14083,20951,19249,23068,22611,26838,27475,30079,31041,21360,24360,15348,19235,4479,7783,1009,887,13477,12579,19536,17803,21794,21238,25577,26069,28890,29801,20720,23627,14919,18629,4310,7497,223674,210968,32408,30670,55101,52042,14634,37,48
2021-08-28T23:59:59+02:00,1399,1301,15186,14080,20940,19242,23062,22607,26835,27466,30076,31040,21359,24360,15348,19235,4479,7783,1009,887,13470,12575,19525,17796,21788,21234,25574,26060,28887,29800,20719,23627,14919,18629,4310,7497,223674,210966,32408,30670,55101,52042,14580,37,48
2021-08-27T23:59:59+02:00,1390,1294,15155,14052,20913,19226,23029,22591,26809,27454,30060,31020,21353,24352,15344,19234,4476,7780,1003,882,13441,12543,19489,17779,21760,21212,25545,26046,28870,29782,20713,23618,14916,18628,4309,7497,223537,210822,32408,30668,55098,52041,14454,37,48
2021-08-26T23:59:59+02:00,1377,1277,15110,14007,20866,19187,22999,22553,26776,27415,30028,30983,21338,24336,15337,19226,4473,7772,991,871,13372,12482,19412,17721,21699,21154,25489,25998,28830,29746,20700,23597,14906,18615,4308,7493,223243,210531,32389,30543,55098,51967,14295,37,48
2021-08-25T23:59:59+02:00,1332,1232,14965,13883,20753,19092,22919,22460,26697,27331,29970,30927,21315,24310,15327,19216,4469,7766,963,841,13249,12398,19327,17643,21632,21082,25419,25944,28784,29703,20673,23576,14898,18601,4307,7490,222386,209956,32373,30495,55098,51959,14073,36,47
2021-08-24T23:59:59+02:00,1308,1208,14901,13832,20710,19040,22864,22413,26661,27295,29940,30896,21297,24295,15321,19206,4468,7765,938,820,13153,12336,19266,17562,21595,21030,25374,25901,28754,29665,20655,23556,14891,18589,4305,7485,221965,209470,32343,30437,55097,51944,13981,36,43
2021-08-23T23:59:59+02:00,1290,1189,14833,13794,20669,19011,22835,22387,26626,27275,29915,30869,21278,24281,15316,19193,4467,7764,912,795,13037,12258,19203,17502,21542,20981,25334,25846,28709,29622,20636,23539,14884,18577,4302,7485,221653,208949,32327,30347,55097,51944,13881,36,43
2021-08-22T23:59:59+02:00,1281,1181,14818,13774,20653,18991,22823,22367,26611,27260,29898,30865,21271,24277,15314,19185,4465,7763,889,778,12978,12187,19150,17468,21513,20946,25313,25820,28683,29600,20628,23527,14883,18573,4302,7485,221478,208622,32308,30237,55097,51941,13880,36,43
2021-08-21T23:59:59+02:00,1281,1181,14809,13764,20642,18983,22813,22361,26607,27255,29887,30858,21271,24275,15314,19185,4465,7763,889,778,12968,12177,19140,17460,21505,20940,25307,25815,28673,29593,20628,23525,14883,18573,4302,7485,221473,208618,32308,30237,55097,51941,13802,36,43
2021-08-20T23:59:59+02:00,1274,1176,14779,13730,20607,18953,22790,22338,26581,27232,29870,30842,21268,24266,15312,19179,4465,7763,888,777,12949,12163,19115,17440,21487,20919,25293,25798,28654,29574,20624,23519,14882,18570,4302,7485,221278,208512,32308,30235,55097,51941,13708,36,43
2021-08-19T23:59:59+02:00,1255,1161,14720,13681,20567,18923,22759,22303,26558,27203,29845,30818,21257,24258,15309,19174,4464,7760,859,764,12815,12044,19026,17362,21401,20861,25222,25731,28594,29524,20603,23506,14876,18561,4300,7482,220971,207873,32276,30099,55097,51879,13637,36,43
2021-08-18T23:59:59+02:00,1232,1142,14638,13592,20452,18861,22683,22241,26491,27146,29787,30760,21232,24237,15303,19162,4462,7757,831,743,12674,11925,18888,17279,21303,20771,25135,25648,28511,29455,20571,23461,14865,18546,4299,7477,220558,207262,32258,29975,55096,51870,13232,36,43
2021-08-17T23:59:59+02:00,1221,1129,14598,13553,20410,18815,22647,22206,26456,27118,29771,30740,21220,24223,15292,19153,4458,7756,810,719,12566,11842,18807,17218,21225,20709,25083,25595,28475,29414,20552,23446,14856,18533,4297,7475,220272,206731,32223,29846,55096,51862,13141,36,42
2021-08-16T23:59:59+02:00,1209,1118,14549,13504,20374,18786,22618,22173,26435,27090,29737,30709,21207,24212,15285,19141,4456,7754,782,705,12469,11743,18716,17146,21155,20624,25017,25536,28408,29351,20529,23424,14846,18515,4296,7472,220003,206108,32221,29721,55096,51861,13003,36,41
2021-08-15T23:59:59+02:00,1199,1105,14511,13478,20344,18756,22590,22154,26422,27074,29727,30695,21202,24200,15280,19139,4455,7752,758,689,12406,11675,18665,17116,21104,20585,24981,25492,28389,29329,20519,23411,14842,18509,4294,7470,219778,205659,32221,29720,55096,51860,12954,36,41
2021-08-14T23:59:59+02:00,1199,1104,14504,13474,20335,18750,22581,22147,26408,27067,29722,30687,21199,24198,15279,19138,4455,7752,758,689,12398,11671,18655,17108,21094,20578,24967,25485,28384,29320,20516,23410,14841,18508,4294,7470,219777,205657,32220,29716,55096,51860,12872,36,41
2021-08-13T23:59:59+02:00,1196,1101,14495,13465,20321,18740,22569,22142,26401,27057,29706,30679,21190,24193,15278,19138,4455,7752,755,688,12383,11659,18644,17099,21081,20569,24961,25469,28370,29316,20510,23403,14839,18508,4294,7469,219720,205591,32219,29716,55096,51860,12809,36,41
2021-08-12T23:59:59+02:00,1176,1079,14438,13409,20278,18700,22545,22107,26374,27028,29675,30658,21178,24174,15274,19131,4455,7747,728,662,12217,11515,18507,16988,20988,20486,24880,25384,28303,29260,20489,23371,14826,18496,4291,7463,219395,204796,32207,29531,55096,51791,12695,35,41
2021-08-11T23:59:59+02:00,1160,1057,14368,13345,20235,18646,22501,22068,26341,27003,29647,30618,21164,24157,15271,19120,4452,7743,704,640,12077,11376,18423,16898,20908,20412,24831,25311,28260,29196,20456,23344,14819,18485,4289,7458,218991,203892,32134,29526,55096,51786,12642,35,41
2021-08-10T23:59:59+02:00,1145,1039,14288,13270,20178,18598,22465,22024,26309,26972,29613,30587,21150,24147,15271,19112,4451,7741,685,618,11960,11257,18323,16827,20842,20346,24779,25253,28216,29142,20429,23315,14805,18467,4288,7452,218568,203137,32102,29504,55096,51761,12561,35,41
2021-08-09T23:59:59+02:00,1128,1020,14203,13208,20097,18542,22416,21976,26258,26928,29576,30553,21132,24130,15265,19103,4446,7739,640,577,11778,11095,18153,16731,20716,20264,24684,25157,28137,29066,20392,23274,14791,18455,4285,7443,218121,202148,32081,29396,55095,51666,12390,35,38
2021-08-08T23:59:59+02:00,1114,1013,14160,13169,20075,18506,22390,21956,26243,26908,29560,30539,21125,24124,15262,19099,4445,7738,614,558,11695,11009,18065,16647,20650,20206,24621,25110,28091,29022,20370,23251,14778,18444,4285,7439,217890,201492,32050,29318,55094,51648,12359,35,38
2021-08-07T23:59:59+02:00,1114,1013,14145,13164,20065,18501,22384,21951,26231,26894,29545,30527,21123,24120,15258,19094,4444,7738,614,557,11681,11003,18048,16642,20644,20200,24608,25095,28074,29010,20368,23247,14774,18439,4284,7439,217888,201476,32049,29317,55093,51648,12248,35,38
2021-08-06T23:59:59+02:00,1114,1013,14135,13152,20052,18482,22370,21936,26209,26885,29532,30516,21120,24116,15255,19092,4444,7737,614,557,11670,10989,18025,16620,20628,20183,24587,25086,28062,28998,20365,23243,14771,18437,4284,7439,217880,201447,32045,29317,55093,51647,12109,35,38
2021-08-05T23:59:59+02:00,1102,994,14063,13110,20001,18447,22327,21893,26173,26828,29504,30492,21106,24101,15247,19083,4442,7734,579,527,11495,10880,17911,16520,20517,20085,24481,24996,27993,28949,20339,23218,14760,18423,4281,7437,217562,200659,32001,29226,55090,51507,11961,35,38
2021-08-04T23:59:59+02:00,1086,977,13999,13041,19895,18363,22261,21834,26130,26786,29453,30444,21083,24083,15237,19070,4442,7731,541,493,11309,10705,17681,16378,20342,19959,24362,24872,27883,28851,20311,23185,14747,18411,4278,7435,217293,199613,31838,29166,55089,51264,11662,35,38
2021-08-03T23:59:59+02:00,1062,959,13929,12978,19856,18312,22226,21792,26093,26745,29418,30414,21067,24058,15227,19056,4439,7721,485,451,11124,10532,17505,16249,20201,19825,24212,24749,27763,28743,20268,23137,14730,18379,4276,7429,216914,198173,31810,29131,55088,51209,11507,35,38
2021-08-02T23:59:59+02:00,1038,939,13843,12911,19797,18254,22175,21751,26038,26683,29366,30364,21038,24027,15217,19036,4436,7719,459,421,10957,10362,17332,16125,20053,19712,24094,24634,27676,28640,20223,23084,14711,18360,4273,7419,216433,196983,31779,29082,55088,51133,11299,35,38
2021-08-01T23:59:59+02:00,1028,924,13782,12864,19761,18237,22155,21729,26013,26662,29347,30347,21029,24015,15213,19029,4436,7718,423,390,10812,10215,17173,16017,19903,19604,23950,24529,27568,28560,20209,23060,14702,18346,4273,7415,216194,196094,31730,28991,55088,50783,11243,35,38
2021-07-31T23:59:59+02:00,1028,924,13757,12855,19743,18229,22138,21718,25999,26650,29339,30336,21026,24010,15212,19028,4435,7718,422,390,10786,10202,17152,16003,19885,19591,23937,24517,27560,28549,20206,23055,14701,18345,4272,7415,216190,196073,31730,28991,55088,50783,11103,35,38
2021-07-30T23:59:59+02:00,1020,914,13696,12808,19697,18207,22108,21699,25969,26628,29312,30318,21019,24002,15206,19026,4433,7717,401,372,10699,10127,17087,15960,19826,19556,23870,24476,27513,28523,20191,23033,14692,18341,4269,7413,216010,195682,31726,28991,55088,50717,10921,35,38
2021-07-29T23:59:59+02:00,996,895,13589,12722,19633,18145,22036,21646,25918,26572,29259,30280,21002,23992,15199,19019,4433,7715,356,332,10430,9866,16785,15717,19531,19339,23566,24245,27261,28359,20136,22978,14680,18320,4269,7412,215565,193927,31653,28879,55088,50027,10711,35,38
2021-07-28T23:59:59+02:00,968,865,13458,12594,19507,18036,21950,21563,25836,26493,29182,30212,20979,23956,15186,19007,4431,7713,321,292,10139,9661,16524,15528,19271,19150,23338,24054,27106,28216,20088,22905,14661,18297,4266,7407,214911,192586,31617,28796,55084,49514,10290,35,38
2021-07-27T23:59:59+02:00,937,844,13339,12500,19442,17976,21883,21510,25770,26436,29142,30167,20964,23936,15181,18987,4430,7707,273,237,9883,9447,16271,15301,19042,18965,23144,23879,26943,28080,20046,22852,14639,18270,4260,7398,214316,190921,31562,28637,55083,49177,10157,34,38
2021-07-26T23:59:59+02:00,912,826,13234,12406,19388,17919,21809,21445,25720,26403,29087,30107,20935,23913,15163,18968,4430,7703,225,208,9647,9197,16030,15092,18794,18765,22915,23712,26792,27952,19975,22791,14610,18234,4255,7392,213708,189158,31491,28536,55082,48799,10055,33,38
2021-07-25T23:59:59+02:00,893,815,13159,12335,19308,17869,21751,21393,25679,26355,29050,30061,20918,23896,15156,18962,4427,7702,202,188,9460,9056,15830,14939,18589,18624,22747,23602,26644,27832,19925,22743,14593,18221,4252,7389,213405,188248,31428,28385,55082,48383,9782,33,38
2021-07-24T23:59:59+02:00,893,815,13149,12326,19298,17862,21740,21388,25664,26348,29045,30055,20914,23895,15155,18961,4427,7702,202,188,9450,9042,15820,14932,18575,18618,22731,23592,26638,27824,19922,22740,14592,18220,4252,7389,213402,188229,31426,28382,55082,48383,9695,33,38
2021-07-23T23:59:59+02:00,885,813,13083,12289,19221,17828,21700,21355,25629,26309,29012,30019,20899,23878,15147,18957,4425,7699,202,187,9397,9014,15737,14888,18521,18577,22681,23551,26594,27785,19905,22723,14585,18214,4250,7386,213274,188066,31425,28376,55082,48382,9335,33,38
2021-07-22T23:59:59+02:00,873,799,12987,12207,19165,17759,21654,21325,25581,26262,28988,29996,20886,23860,15145,18951,4422,7697,148,144,9079,8740,15337,14640,18155,18321,22351,23304,26388,27650,19848,22667,14572,18192,4247,7381,212807,186239,31340,28122,55079,47466,9299,33,38
2021-07-21T23:59:59+02:00,851,771,12785,12039,19016,17634,21520,21226,25475,26159,28912,29925,20844,23825,15128,18928,4418,7692,125,124,8701,8426,14903,14315,17776,18048,21993,22970,26114,27439,19755,22579,14546,18154,4244,7372,212176,184334,31230,27772,55076,46806,8634,33,38
2021-07-20T23:59:59+02:00,821,746,12636,11903,18908,17548,21451,21149,25413,26094,28872,29874,20819,23792,15120,18912,4415,7689,95,97,8370,8119,14436,13978,17394,17772,21688,22740,25868,27252,19674,22470,14517,18119,4242,7366,211490,182176,31121,27609,55073,45929,8446,33,37
2021-07-19T23:59:59+02:00,792,719,12515,11786,18819,17477,21389,21090,25358,26040,28822,29837,20793,23762,15110,18898,4411,7683,74,66,8047,7865,14071,13724,17045,17523,21359,22535,25640,27110,19605,22394,14495,18097,4236,7360,210771,180132,31018,27450,55073,45218,8409,31,37
2021-07-18T23:59:59+02:00,774,700,12399,11678,18720,17399,21321,21036,25302,25986,28785,29783,20771,23742,15098,18887,4409,7681,61,55,7876,7712,13917,13601,16893,17399,21195,22423,25510,27028,19565,22354,14481,18081,4236,7357,210182,179196,30870,27344,55073,44851,8316,31,37
2021-07-17T23:59:59+02:00,774,700,12396,11678,18719,17396,21320,21036,25302,25986,28785,29783,20771,23742,15098,18887,4409,7681,61,55,7869,7711,13913,13596,16892,17398,21194,22422,25509,27026,19562,22353,14481,18081,4236,7357,210177,179174,30870,27343,55073,44849,8313,31,37
2021-07-16T23:59:59+02:00,767,695,12324,11624,18677,17365,21285,21009,25269,25963,28760,29764,20769,23739,15098,18885,4409,7681,57,52,7714,7610,13756,13526,16748,17339,21055,22363,25403,26978,19543,22332,14480,18075,4236,7354,209969,178721,30870,27270,55073,44452,8141,31,37
2021-07-15T23:59:59+02:00,752,675,12252,11552,18612,17306,21229,20961,25220,25922,28732,29736,20754,23722,15093,18876,4408,7678,55,49,7372,7293,13145,13119,16078,16915,20419,21992,24945,26665,19397,22191,14438,18029,4233,7347,209484,176485,30784,26367,55066,42677,8116,31,37
2021-07-14T23:59:59+02:00,723,655,12042,11414,18442,17197,21108,20865,25116,25819,28643,29636,20720,23689,15074,18860,4405,7675,47,38,6954,6938,12480,12666,15385,16427,19786,21534,24479,26323,19179,21965,14406,17981,4225,7336,208671,173657,30622,26028,55063,40730,7697,31,37
2021-07-13T23:59:59+02:00,679,620,11904,11280,18319,17112,20996,20769,25019,25724,28573,29570,20691,23650,15054,18850,4403,7665,37,27,6495,6514,11847,12165,14688,15923,19182,21123,24039,25996,18999,21749,14361,17920,4221,7327,207647,169995,30484,25855,55052,39064,7665,31,34
2021-07-12T23:59:59+02:00,645,589,11779,11143,18204,17023,20902,20661,24919,25625,28492,29503,20665,23616,15046,18838,4398,7658,33,21,6081,6101,11238,11629,14065,15387,18626,20630,23620,25635,18802,21559,14296,17862,4212,7323,206629,166310,30356,25029,55049,38105,7642,31,34
2021-07-11T23:59:59+02:00,609,562,11664,11051,18140,16960,20845,20605,24865,25578,28435,29454,20646,23596,15037,18829,4398,7657,30,20,5891,5930,10983,11426,13831,15187,18381,20441,23412,25449,18729,21477,14269,17836,4211,7317,205992,164918,30236,24558,55047,37682,7628,29,34
2021-07-10T23:59:59+02:00,608,561,11656,11050,18136,16958,20841,20604,24862,25577,28434,29454,20646,23596,15036,18827,4398,7657,30,20,5884,5929,10978,11419,13821,15183,18380,20439,23410,25447,18727,21476,14268,17836,4211,7317,205972,164888,30233,24557,55047,37675,7621,29,34
2021-07-09T23:59:59+02:00,580,538,11546,10923,18061,16874,20771,20543,24788,25501,28385,29408,20623,23576,15033,18817,4398,7656,30,19,5849,5895,10950,11385,13771,15162,18349,20408,23391,25425,18722,21466,14266,17833,4211,7316,205102,164656,30232,24507,55047,37639,7612,29,34
2021-07-08T23:59:59+02:00,545,510,11382,10787,17934,16771,20636,20441,24680,25373,28267,29329,20579,23528,15017,18788,4395,7648,27,16,5505,5635,10437,10989,13150,14709,17684,19848,22783,24957,18402,21071,14169,17750,4206,7306,204330,162340,30205,23700,55019,35542,7028,29,34
2021-07-07T23:59:59+02:00,485,458,11213,10640,17850,16684,20566,20373,24607,25295,28206,29266,20551,23492,15012,18776,4393,7640,22,16,5200,5344,9910,10538,12568,14228,17001,19327,22216,24456,18087,20706,14067,17653,4199,7283,203318,159875,30180,22234,55001,33698,6980,29,34
2021-07-06T23:59:59+02:00,444,424,11087,10490,17738,16590,20472,20270,24529,25202,28115,29187,20525,23452,15003,18759,4391,7637,15,10,4801,4916,9308,10021,11857,13626,16292,18712,21701,23963,17767,20400,13966,17536,4190,7273,202178,155682,30174,21291,54992,32404,6943,29,34
2021-07-05T23:59:59+02:00,422,397,11000,10400,17646,16518,20392,20198,24469,25150,28074,29150,20501,23431,14991,18751,4390,7634,12,9,4514,4596,8811,9571,11296,13073,15583,18067,21077,23356,17373,20003,13832,17378,4182,7265,201434,151788,30171,20611,54983,30667,6898,29,34
2021-07-04T23:59:59+02:00,409,391,10927,10345,17580,16463,20342,20148,24438,25114,28058,29132,20492,23420,14986,18748,4389,7633,12,9,4368,4506,8681,9404,11104,12898,15339,17855,20811,23084,17101,19712,13772,17286,4178,7261,200955,150468,30165,20305,54982,29689,6885,29,34
2021-07-03T23:59:59+02:00,407,390,10919,10334,17570,16458,20340,20144,24437,25114,28055,29131,20492,23419,14986,18748,4389,7633,12,9,4363,4498,8674,9401,11101,12898,15335,17855,20808,23080,17101,19707,13772,17286,4178,7261,200928,150453,30163,20305,54982,29682,6865,29,34
2021-07-02T23:59:59+02:00,364,327,10774,10224,17454,16358,20236,20068,24363,25050,27992,29072,20466,23393,14980,18734,4389,7630,12,9,4276,4419,8512,9264,10963,12786,15213,17747,20696,22976,17059,19676,13765,17271,4178,7258,200046,149463,30163,20304,54982,29624,6655,29,34
2021-07-01T23:59:59+02:00,317,284,10641,10089,17328,16265,20112,19978,24279,24975,27928,29020,20446,23369,14964,18719,4386,7626,12,7,4071,4220,8210,8930,10592,12375,14644,17247,20185,22436,16771,19377,13557,17056,4168,7236,198971,146399,30106,19619,54976,28397,6645,29,34
2021-06-30T23:59:59+02:00,234,223,10387,9849,17154,16115,19978,19847,24163,24851,27849,28931,20424,23337,14945,18701,4385,7625,12,6,3876,4027,7907,8594,10184,11911,14153,16691,19609,21802,16448,19033,13284,16778,4155,7209,197321,142719,30051,19369,54968,26927,6630,29,34
2021-06-29T23:59:59+02:00,190,186,10239,9674,17017,16019,19875,19755,24095,24775,27791,28862,20397,23310,14931,18681,4385,7621,11,6,3674,3769,7510,8140,9708,11375,13498,16020,18994,21101,16129,18706,13035,16488,4148,7195,196169,138440,30046,19070,54964,25366,6597,28,34
2021-06-28T23:59:59+02:00,141,134,10045,9490,16891,15914,19771,19652,24000,24680,27723,28800,20367,23280,14917,18662,4383,7619,10,5,3473,3514,7111,7698,9270,10883,12948,15482,18496,20583,15877,18440,12916,16355,4142,7184,194985,134602,29932,18646,54961,24541,6564,28,34
2021-06-27T23:59:59+02:00,123,117,9905,9379,16833,15854,19710,19602,23941,24629,27696,28775,20355,23264,14914,18658,4382,7616,10,5,3383,3449,6933,7501,9079,10685,12719,15242,18234,20324,15754,18334,12851,16268,4142,7180,194351,133409,29873,18299,54957,23806,6545,28,34
2021-06-26T23:59:59+02:00,123,117,9904,9373,16831,15850,19707,19601,23939,24628,27696,28774,20355,23264,14914,18658,4382,7616,10,5,3381,3448,6930,7500,9076,10684,12716,15239,18232,20322,15751,18333,12851,16266,4142,7180,194333,133389,29872,18299,54957,23801,6543,28,34
2021-06-25T23:59:59+02:00,119,114,9857,9333,16790,15816,19673,19569,23903,24600,27672,28755,20349,23257,14912,18655,4382,7616,10,5,3360,3402,6856,7389,8979,10527,12601,15042,18085,20114,15727,18304,12843,16263,4141,7179,194009,133204,29837,17945,54957,23102,6542,28,34
2021-06-24T23:59:59+02:00,109,103,9728,9210,16606,15689,19539,19445,23781,24511,27614,28694,20335,23241,14905,18646,4381,7614,9,5,3234,3260,6634,7056,8666,10073,12067,14417,17531,19403,15503,18072,12695,16131,4138,7167,193169,130793,29496,17087,54956,21644,6503,28,34
2021-06-23T23:59:59+02:00,103,98,9599,9073,16464,15562,19421,19342,23684,24406,27547,28647,20320,23219,14901,18641,4378,7613,9,5,3031,3023,6278,6572,8164,9504,11363,13592,16766,18419,15206,17729,12545,15989,4128,7142,192248,126234,29331,16109,54945,20623,6466,28,33
2021-06-22T23:59:59+02:00,72,72,9310,8769,16231,15363,19235,19191,23538,24281,27476,28563,20295,23193,14893,18622,4374,7607,9,5,2797,2739,5796,6026,7540,8742,10449,12549,15746,17214,14908,17371,12438,15865,4115,7119,190558,119801,29126,15618,54941,19547,6433,27,29
2021-06-21T23:59:59+02:00,68,64,9184,8613,16056,15211,19045,19038,23407,24158,27415,28485,20271,23164,14888,18612,4374,7603,9,5,2650,2547,5415,5564,7076,8157,9719,11673,15016,16282,14629,17057,12329,15745,4110,7102,189357,115103,28904,15060,54938,18463,6430,27,29
2021-06-20T23:59:59+02:00,65,62,9045,8486,15919,15093,18934,18951,23334,24087,27375,28434,20260,23143,14877,18605,4371,7602,9,5,2591,2479,5244,5383,6861,7891,9411,11338,14650,15877,14492,16922,12289,15708,4105,7096,188465,113393,28788,14827,54937,17676,6426,27,29
2021-06-19T23:59:59+02:00,65,62,9044,8480,15915,15084,18931,18951,23332,24086,27375,28433,20260,23143,14877,18605,4371,7602,9,5,2588,2478,5243,5378,6859,7889,9410,11337,14648,15873,14490,16922,12289,15708,4105,7096,188442,113374,28785,14823,54936,17675,6426,27,29
2021-06-18T23:59:59+02:00,65,58,9013,8467,15902,15075,18916,18943,23325,24077,27369,28428,20260,23140,14876,18605,4371,7602,9,5,2560,2445,5188,5319,6781,7789,9311,11179,14477,15644,14411,16821,12278,15686,4103,7093,188320,112588,28784,14822,54935,17234,6426,27,29
2021-06-17T23:59:59+02:00,58,55,8831,8304,15670,14905,18715,18785,23168,23945,27233,28334,20236,23119,14869,18593,4369,7599,9,5,2419,2297,4865,5019,6391,7386,8764,10576,13649,14770,14174,16526,12204,15563,4099,7082,186976,109715,28779,13868,54928,16108,6078,27,29
2021-06-16T23:59:59+02:00,50,53,8604,8090,15437,14677,18504,18584,22976,23776,27127,28224,20207,23076,14855,18573,4365,7593,9,5,2305,2190,4622,4815,6036,7043,8233,10089,12929,13927,13824,16143,12119,15474,4094,7070,185192,106252,28675,13067,54925,15627,5952,27,29
2021-06-15T23:59:59+02:00,41,40,8260,7757,15060,14319,18182,18297,22723,23564,26967,28091,20177,23042,14842,18558,4363,7582,9,5,2125,2021,4274,4462,5530,6479,7350,9198,11735,12645,13282,15524,11998,15311,4079,7047,182598,100004,28637,12401,54923,14960,5680,27,29
2021-06-14T23:59:59+02:00,35,35,8079,7592,14802,14084,17978,18124,22571,23442,26855,28009,20154,23009,14828,18550,4359,7574,7,5,2012,1898,4017,4212,5144,6008,6692,8476,10810,11589,12964,15174,11927,15214,4069,7028,181013,95160,28612,12040,54920,14509,5508,27,29
2021-06-13T23:59:59+02:00,35,35,8005,7537,14718,13994,17862,18013,22488,23364,26826,27979,20141,22998,14824,18544,4359,7574,5,5,1969,1872,3935,4115,5024,5868,6458,8237,10516,11256,12807,14996,11869,15157,4068,7027,180255,93781,28601,11748,54916,14129,5497,27,29
2021-06-12T23:59:59+02:00,35,35,8004,7536,14718,13992,17862,18013,22486,23363,26825,27976,20140,22997,14824,18544,4359,7574,5,5,1968,1870,3933,4115,5022,5867,6455,8232,10512,11250,12804,14995,11869,15155,4068,7027,180243,93757,28601,11748,54915,14121,5497,27,29
2021-06-11T23:59:59+02:00,35,34,7939,7495,14628,13945,17785,17962,22417,23329,26781,27953,20138,22993,14824,18543,4359,7574,5,5,1952,1857,3898,4057,4978,5800,6394,8149,10412,11144,12764,14960,11858,15149,4068,7027,179904,93540,28524,11741,54914,13802,5365,27,29
2021-06-10T23:59:59+02:00,30,27,7599,7199,14233,13581,17351,17587,22087,23049,26585,27772,20094,22948,14811,18525,4356,7562,3,5,1852,1775,3683,3891,4701,5525,6066,7780,9793,10533,12244,14301,11788,15041,4060,7020,177309,90369,28026,11360,54902,13173,5132,27,27
2021-06-09T23:59:59+02:00,29,24,7234,6850,13769,13149,16835,17123,21697,22680,26367,27558,20020,22877,14793,18490,4353,7554,3,5,1689,1660,3487,3710,4446,5257,5678,7371,9016,9817,11579,13464,11668,14900,4050,7008,174068,86114,27483,10726,54889,13006,4935,27,27
2021-06-08T23:59:59+02:00,24,20,6860,6447,13256,12662,16366,16652,21338,22339,26151,27355,19963,22798,14762,18455,4350,7547,3,5,1599,1585,3267,3479,4126,4904,5168,6881,8132,8893,10693,12386,11524,14742,4046,6993,170659,80454,26988,10429,54880,12726,4791,27,26
2021-06-07T23:59:59+02:00,21,17,6585,6165,12820,12286,15968,16253,21012,22042,25988,27199,19926,22744,14741,18435,4343,7541,3,5,1538,1514,3076,3307,3851,4676,4765,6504,7417,8140,9779,11237,11412,14596,4035,6975,168099,75708,26563,10055,54859,12503,4538,27,26
2021-06-06T23:59:59+02:00,21,17,6444,6033,12677,12132,15806,16096,20845,21879,25901,27113,19906,22707,14730,18425,4342,7537,3,5,1523,1491,3002,3266,3758,4611,4657,6423,7275,8009,9521,10969,11366,14547,4032,6970,166873,75024,26457,9632,54838,12330,4416,27,26
2021-06-05T23:59:59+02:00,21,17,6435,6029,12662,12118,15796,16087,20842,21874,25901,27110,19906,22707,14730,18425,4342,7537,3,5,1521,1489,2999,3265,3757,4610,4654,6423,7270,8003,9513,10964,11366,14547,4032,6970,166813,74993,26445,9630,54838,12326,4416,27,26
2021-06-04T23:59:59+02:00,21,17,6402,5989,12601,12069,15736,16037,20814,21842,25881,27093,19902,22701,14727,18425,4342,7537,3,5,1519,1483,2987,3253,3738,4594,4644,6408,7232,7959,9481,10894,11328,14506,4031,6969,166710,74712,26187,9617,54813,12280,4399,27,26
2021-06-03T23:59:59+02:00,21,15,6169,5766,12301,11819,15412,15726,20482,21503,25624,26881,19856,22627,14707,18405,4341,7533,2,4,1477,1440,2912,3187,3641,4514,4533,6308,7032,7775,9101,10443,11277,14432,4031,6964,164229,73409,25940,9316,54811,12141,4181,27,26
2021-06-02T23:59:59+02:00,21,15,6103,5708,12230,11754,15339,15659,20410,21441,25607,26857,19852,22624,14704,18402,4340,7532,2,4,1463,1429,2894,3172,3624,4499,4497,6290,6997,7737,9020,10332,11268,14407,4030,6963,163875,73038,25757,9307,54810,12131,4129,27,23
2021-06-01T23:59:59+02:00,17,15,5650,5215,11497,11055,14514,14925,19691,20775,25196,26474,19762,22534,14670,18355,4332,7524,2,4,1349,1323,2598,2899,3245,4165,4008,5831,6167,6930,7829,8704,11023,14060,4016,6946,158840,67618,25105,8399,54782,11614,3447,27,21
2021-05-31T23:59:59+02:00,15,15,5402,4918,11053,10627,13986,14431,19212,20276,24889,26135,19670,22448,14632,18309,4323,7508,2,4,1289,1268,2443,2764,3043,3994,3723,5538,5609,6397,6811,7418,10779,13741,4007,6912,155375,63577,24410,7478,54776,11405,3261,27,21
2021-05-30T23:59:59+02:00,15,15,5324,4842,10864,10504,13819,14253,18863,19952,24646,25887,19639,22418,14624,18289,4322,7506,2,4,1269,1254,2415,2730,2995,3948,3655,5482,5505,6306,6637,7187,10742,13666,4004,6902,153878,62834,23902,7415,54748,11206,3227,27,21
2021-05-29T23:59:59+02:00,15,15,5321,4842,10864,10500,13814,14250,18863,19951,24645,25885,19639,22418,14624,18289,4322,7506,2,4,1268,1250,2413,2727,2993,3945,3655,5480,5503,6304,6632,7184,10742,13666,4004,6902,153860,62823,23902,7411,54747,11192,3227,27,21
2021-05-28T23:59:59+02:00,15,15,5305,4828,10843,10462,13787,14230,18846,19934,24636,25875,19637,22415,14622,18286,4322,7505,2,4,1263,1250,2412,2720,2990,3943,3648,5474,5488,6288,6615,7167,10733,13644,4003,6898,153669,62719,23900,7411,54743,11168,3224,27,20
2021-05-27T23:59:59+02:00,12,14,5012,4549,10317,10007,13200,13700,18156,19320,24055,25339,19538,22300,14589,18240,4311,7493,2,3,1099,1110,2126,2527,2689,3652,3351,5118,5159,6008,6315,6750,10505,13360,3998,6882,150410,60863,22909,7374,54636,10228,2170,27,19
2021-05-26T23:59:59+02:00,12,14,4751,4296,9885,9629,12682,13179,17542,18709,23420,24663,19413,22150,14542,18185,4305,7476,2,3,1020,1029,1965,2374,2489,3453,3089,4873,4771,5655,5757,6099,10130,12824,3982,6846,146318,57708,22151,7336,54514,9455,1843,27,19
2021-05-25T23:59:59+02:00,12,13,4536,4069,9471,9155,12225,12672,17005,18131,22900,24024,19281,21978,14510,18106,4296,7462,2,3,973,983,1902,2284,2379,3316,2917,4667,4425,5277,5171,5366,9676,12224,3966,6821,142279,54145,21318,7321,54383,9028,1839,27,19
2021-05-24T23:59:59+02:00,12,13,4423,3912,9262,8951,12020,12413,16703,17811,22571,23621,19205,21899,14495,18086,4294,7461,2,3,956,933,1841,2242,2304,3255,2830,4585,4302,5161,5025,5206,9586,12096,3963,6813,140774,53432,20361,7267,54206,8602,1784,27,18
2021-05-23T23:59:59+02:00,12,13,4412,3912,9256,8948,12008,12403,16692,17804,22555,23600,19200,21894,14494,18084,4294,7461,2,3,955,928,1839,2237,2300,3253,2823,4581,4295,5144,5018,5192,9579,12083,3962,6812,140668,53355,20358,7254,54205,8596,1784,27,17
2021-05-22T23:59:59+02:00,12,13,4408,3909,9252,8944,12000,12397,16688,17800,22553,23598,19200,21894,14494,18084,4294,7461,2,3,955,928,1838,2235,2297,3253,2822,4581,4295,5142,5016,5191,9578,12083,3962,6812,140639,53349,20358,7254,54193,8589,1784,27,17
2021-05-21T23:59:59+02:00,12,13,4376,3872,9180,8867,11926,12310,16597,17725,22489,23530,19181,21876,14490,18077,4294,7459,2,3,909,918,1806,2224,2264,3243,2790,4556,4247,5113,4992,5167,9565,12076,3961,6811,139981,53277,20358,7254,54174,8365,1734,27,17
2021-05-20T23:59:59+02:00,9,12,4121,3693,8731,8509,11444,11896,15925,17221,21907,22950,18996,21708,14458,18037,4289,7448,2,3,762,855,1548,2063,2022,3084,2548,4335,3997,4881,4835,5004,9449,11929,3953,6787,136582,52545,19982,7155,53754,7331,1009,27,17
2021-05-19T23:59:59+02:00,9,12,3879,3453,8235,8043,10864,11351,15253,16511,21229,22226,18795,21477,14417,17987,4283,7430,2,3,714,808,1487,1981,1945,2981,2481,4208,3854,4722,4659,4791,9246,11699,3933,6758,131185,51463,19800,7022,53455,6782,988,26,17
2021-05-18T23:59:59+02:00,8,11,3590,3190,7693,7509,10137,10654,14293,15571,20286,21169,18534,21193,14362,17927,4277,7408,2,3,659,760,1431,1893,1869,2870,2351,4067,3678,4520,4387,4499,9044,11449,3920,6731,124151,50230,19703,6821,53017,6151,915,26,16
2021-05-17T23:59:59+02:00,8,11,3400,2982,7235,7042,9632,10113,13565,14783,19599,20370,18348,20930,14314,17861,4266,7393,2,3,603,705,1350,1830,1794,2789,2240,3991,3541,4407,4141,4268,8899,11236,3907,6702,118913,49425,19464,6608,52550,5460,899,26,16
2021-05-16T23:59:59+02:00,8,10,3270,2909,7029,6867,9427,9898,13311,14548,19370,20140,18271,20850,14300,17842,4265,7387,2,3,590,660,1310,1781,1750,2727,2202,3898,3476,4324,4050,4166,8878,11207,3905,6700,117289,49275,19225,6440,52267,5003,895,26,16
2021-05-15T23:59:59+02:00,8,10,3269,2906,7022,6858,9425,9892,13308,14546,19367,20130,18269,20849,14300,17842,4265,7387,2,3,590,660,1307,1779,1746,2726,2199,3898,3475,4324,4048,4164,8878,11207,3905,6699,117244,49265,19225,6439,52265,4997,893,26,16
2021-05-14T23:59:59+02:00,8,10,3228,2861,6905,6713,9293,9754,13156,14362,19194,19994,18245,20824,14299,17834,4264,7384,2,3,570,647,1286,1756,1715,2704,2165,3871,3429,4286,3996,4106,8871,11200,3905,6698,116828,49221,18476,6285,52179,4869,819,26,16
2021-05-13T23:59:59+02:00,8,10,3111,2702,6579,6393,8856,9357,12607,13880,18593,19396,18117,20680,14266,17797,4259,7382,1,2,536,623,1234,1700,1659,2631,2078,3765,3279,4166,3892,3969,8848,11180,3902,6694,113948,49125,17781,5894,51573,4460,666,25,14
2021-05-12T23:59:59+02:00,8,10,3084,2671,6545,6355,8808,9304,12466,13767,18409,19192,18084,20646,14258,17787,4259,7382,1,2,535,621,1232,1695,1653,2628,2068,3759,3265,4158,3879,3955,8840,11174,3902,6693,113236,49096,17556,5866,51555,4421,663,25,14
2021-05-11T23:59:59+02:00,6,10,2696,2413,5750,5859,7838,8493,11072,12600,16844,17717,17580,20083,14174,17682,4241,7359,0,2,497,561,1103,1589,1488,2472,1882,3581,3044,3894,3771,3841,8771,11081,3897,6688,105839,48855,16933,5668,49483,3487,138,24,14
2021-05-10T23:59:59+02:00,6,8,2511,2247,5272,5479,7145,7868,10043,11685,15547,16347,17200,19631,14111,17568,4233,7335,0,2,473,536,1058,1550,1445,2419,1821,3478,2925,3763,3688,3768,8732,11033,3893,6684,100032,48736,16022,5437,48025,2948,133,24,14
2021-05-09T23:59:59+02:00,6,8,2431,2215,5134,5395,6959,7749,9633,11346,15002,15819,17081,19491,14091,17539,4230,7330,0,2,458,518,1024,1493,1374,2335,1762,3356,2813,3609,3602,3675,8709,11000,3890,6681,98455,48649,15434,5166,47416,2342,130,24,14
2021-05-08T23:59:59+02:00,6,8,2427,2214,5132,5395,6958,7746,9628,11342,15000,15818,17081,19491,14091,17539,4230,7330,0,2,457,517,1023,1493,1374,2334,1762,3356,2812,3608,3600,3675,8708,11000,3890,6681,98437,48643,15431,5166,47414,2339,130,24,14
2021-05-07T23:59:59+02:00,6,8,2256,2152,4861,5300,6594,7593,9179,11129,14557,15498,16904,19289,14079,17510,4230,7328,0,2,447,515,1012,1480,1359,2320,1727,3346,2763,3574,3554,3635,8628,10919,3890,6678,97730,48619,14911,4815,45682,2275,126,24,14
2021-05-06T23:59:59+02:00,6,8,2021,2020,4312,4953,5937,7219,8409,10570,13583,14673,16506,18839,14030,17416,4218,7315,0,2,417,467,971,1380,1272,2156,1620,3122,2540,3291,3376,3435,8449,10726,3881,6664,95144,48177,13675,4207,43136,1315,56,24,14
2021-05-05T23:59:59+02:00,6,8,1898,1911,4029,4728,5505,6848,7714,9980,12464,13617,15828,18002,13926,17314,4209,7291,0,2,409,454,958,1352,1244,2115,1585,3046,2479,3207,3325,3395,8370,10627,3875,6654,90730,48043,12354,4057,42131,943,40,23,14
2021-05-04T23:59:59+02:00,6,8,1812,1826,3763,4491,5097,6492,7051,9405,11245,12374,14910,16874,13817,17177,4205,7277,0,2,404,444,939,1332,1225,2072,1567,3007,2435,3152,3279,3347,8282,10515,3869,6640,84922,47902,11716,3857,41143,711,27,22,14
2021-05-03T23:59:59+02:00,5,8,1761,1772,3613,4366,4865,6280,6668,9074,10516,11638,14182,15892,13729,17062,4196,7260,0,2,398,434,934,1318,1210,2039,1546,2965,2402,3107,3226,3307,8167,10413,3864,6634,80489,47773,11511,3636,40843,522,22,22,13
2021-05-02T23:59:59+02:00,5,8,1751,1754,3539,4341,4781,6227,6597,9014,10398,11523,13996,15698,13697,17035,4195,7255,0,2,396,425,927,1303,1206,2022,1542,2952,2386,3090,3208,3288,8130,10381,3863,6630,79930,47746,11236,3538,40609,437,17,22,13
2021-05-01T23:59:59+02:00,5,8,1748,1754,3537,4340,4780,6225,6594,9012,10393,11519,13993,15698,13696,17034,4195,7252,0,2,395,425,927,1303,1205,2021,1542,2951,2386,3090,3208,3288,8130,10381,3863,6629,79901,47742,11236,3538,40608,437,16,22,13
2021-04-30T23:59:59+02:00,5,8,1746,1747,3531,4331,4773,6213,6573,8997,10355,11481,13942,15624,13670,17003,4194,7251,0,2,395,423,925,1301,1205,2021,1542,2951,2383,3088,3208,3286,8129,10379,3863,6629,79574,47734,11236,3537,40598,431,15,21,13
2021-04-29T23:59:59+02:00,5,7,1625,1706,3291,4216,4497,6058,6253,8746,9937,11086,13359,14920,13566,16846,4188,7243,0,2,386,412,916,1278,1185,1987,1518,2915,2354,3040,3194,3275,8116,10361,3860,6625,76783,47619,10850,3535,39883,243,14,19,13
2021-04-28T23:59:59+02:00,5,7,1500,1658,3116,4115,4262,5879,5897,8472,9349,10593,12482,13738,13410,16637,4179,7229,0,2,377,401,899,1265,1169,1958,1481,2871,2284,2970,3037,3139,8002,10245,3853,6614,72284,47193,10664,3120,39550,229,12,18,13
2021-04-27T23:59:59+02:00,5,7,1462,1614,3008,3995,4059,5736,5589,8215,8728,9923,11444,12427,13180,16280,4168,7207,0,2,365,385,889,1244,1154,1922,1454,2798,2237,2909,2998,3094,7974,10213,3846,6609,67474,46975,10477,2946,39067,147,12,17,13
2021-04-26T23:59:59+02:00,5,7,1438,1579,2897,3917,3887,5592,5277,8001,8236,9482,10688,11500,13036,16076,4157,7189,0,2,364,380,879,1233,1137,1911,1424,2777,2208,2878,2948,3042,7924,10163,3840,6604,64059,46871,10288,2692,38588,126,12,17,13
2021-04-25T23:59:59+02:00,5,7,1427,1573,2828,3885,3790,5532,5139,7954,8041,9376,10491,11265,12999,16022,4156,7184,0,2,363,375,870,1227,1119,1896,1409,2758,2184,2851,2906,3009,7876,10115,3839,6599,63549,46789,10085,2484,38011,100,12,17,13
2021-04-24T23:59:59+02:00,5,7,1426,1573,2828,3883,3789,5531,5137,7952,8037,9372,10484,11261,12999,16022,4156,7184,0,2,363,375,870,1226,1119,1893,1407,2757,2183,2851,2906,3009,7876,10115,3839,6599,63522,46783,10085,2483,38010,99,12,17,13
2021-04-23T23:59:59+02:00,5,7,1409,1562,2761,3849,3706,5501,5019,7904,7900,9312,10397,11147,12975,15981,4154,7180,0,2,362,375,869,1223,1119,1893,1406,2757,2183,2851,2905,3009,7875,10115,3839,6599,63384,46777,9805,2482,37551,98,12,17,13
2021-04-22T23:59:59+02:00,5,7,1366,1532,2653,3784,3545,5395,4785,7750,7547,9076,9822,10451,12708,15682,4148,7156,0,2,356,374,860,1214,1109,1880,1394,2730,2155,2830,2869,2976,7785,10005,3827,6582,61752,46361,9144,2473,36487,89,12,17,13
2021-04-21T23:59:59+02:00,5,7,1333,1495,2573,3704,3426,5293,4566,7570,7137,8748,8929,9418,12292,15104,4135,7114,0,2,351,372,855,1197,1100,1859,1376,2700,2124,2802,2809,2919,7669,9837,3809,6554,59012,45873,8275,2348,35533,89,12,17,13
2021-04-20T23:59:59+02:00,4,7,1310,1469,2501,3629,3326,5196,4392,7387,6752,8415,8037,8288,11826,14514,4121,7100,0,2,345,367,843,1184,1090,1837,1352,2677,2090,2759,2748,2862,7518,9648,3777,6499,56151,45149,7511,2342,34585,83,11,16,13
2021-04-19T23:59:59+02:00,4,7,1294,1452,2465,3592,3265,5129,4283,7284,6513,8182,7400,7512,11573,14158,4110,7082,0,2,343,365,838,1174,1084,1825,1329,2664,2056,2731,2693,2818,7401,9481,3754,6460,54197,44587,7137,2328,33944,79,11,16,13
2021-04-18T23:59:59+02:00,4,6,1284,1440,2432,3566,3225,5107,4230,7228,6377,8051,7046,7124,11479,14054,4107,7070,0,2,343,363,836,1170,1083,1817,1327,2651,2050,2726,2687,2804,7374,9448,3752,6456,53672,44461,6678,2325,33453,79,11,16,13
2021-04-17T23:59:59+02:00,4,6,1283,1438,2432,3564,3224,5103,4225,7225,6370,8041,7031,7114,11477,14052,4107,7070,0,2,343,363,835,1169,1083,1817,1325,2650,2049,2724,2684,2801,7373,9448,3752,6456,53650,44448,6676,2324,33414,79,11,15,12
2021-04-16T23:59:59+02:00,4,6,1280,1437,2421,3555,3216,5095,4206,7206,6319,8008,6954,7029,11465,14038,4105,7068,0,2,343,362,830,1167,1081,1817,1323,2649,2046,2724,2683,2794,7371,9446,3751,6456,53592,44423,6439,2320,33355,79,11,15,12
2021-04-15T23:59:59+02:00,2,4,1244,1417,2368,3506,3121,5036,4045,7077,6061,7775,6411,6471,11215,13749,4090,7036,0,2,336,360,811,1147,1042,1757,1278,2577,1972,2629,2603,2722,7282,9357,3741,6439,52504,43828,6048,2134,32050,73,11,15,9
2021-04-14T23:59:59+02:00,2,4,1223,1403,2332,3478,3052,4974,3937,6972,5871,7567,5767,5768,10821,13258,4058,6986,0,2,328,357,799,1138,1024,1730,1247,2536,1921,2577,2526,2652,7133,9162,3722,6413,51095,43164,5841,2011,30512,73,10,15,9
2021-04-13T23:59:59+02:00,2,4,1209,1392,2300,3447,2995,4910,3826,6891,5623,7346,5229,5220,10481,12844,4035,6958,0,2,307,343,780,1108,1002,1709,1223,2500,1883,2536,2460,2586,7014,9024,3686,6352,50070,42474,5637,1953,28980,70,10,15,8
2021-04-12T23:59:59+02:00,2,4,1194,1385,2273,3424,2944,4865,3698,6810,5414,7196,4901,4927,10229,12563,4026,6934,0,2,291,339,767,1104,985,1693,1209,2477,1833,2489,2382,2525,6899,8882,3672,6329,49602,41895,5437,1904,27728,63,8,14,8
2021-04-11T23:59:59+02:00,2,4,1188,1371,2252,3403,2911,4845,3637,6739,5270,7087,4669,4727,10044,12364,4020,6923,0,2,284,337,762,1096,976,1678,1198,2449,1810,2457,2328,2466,6815,8774,3658,6309,49515,41480,5200,1842,26722,62,7,12,8
2021-04-10T23:59:59+02:00,2,4,1188,1370,2249,3399,2908,4841,3631,6735,5260,7075,4663,4717,10036,12351,4020,6923,0,2,281,333,746,1089,962,1673,1174,2429,1738,2405,2240,2380,6756,8727,3656,6305,49460,41309,5198,1512,26696,61,6,12,8
2021-04-09T23:59:59+02:00,2,4,1184,1367,2242,3397,2899,4831,3622,6724,5231,7051,4638,4689,10010,12321,4019,6923,0,2,272,330,726,1079,946,1652,1140,2382,1645,2329,2020,2111,6601,8566,3634,6272,49383,40454,5193,1178,26560,61,6,12,8
2021-04-08T23:59:59+02:00,2,4,1160,1347,2189,3341,2813,4741,3480,6594,4994,6818,4246,4281,9463,11746,4000,6869,0,2,247,309,674,1019,888,1579,1067,2286,1510,2209,1742,1774,6134,8003,3546,6126,48917,37876,4663,1175,24490,50,6,12,8
2021-04-07T23:59:59+02:00,2,4,1150,1333,2155,3323,2771,4703,3391,6531,4830,6684,3953,3978,8900,11194,3983,6840,0,2,214,280,614,964,827,1506,1007,2226,1404,2110,1601,1598,5534,7300,3457,5969,48704,35381,4187,1171,22818,49,4,12,8
2021-04-06T23:59:59+02:00,2,4,1128,1315,2110,3297,2732,4670,3326,6484,4704,6590,3696,3723,8409,10684,3967,6809,0,2,206,275,585,944,802,1458,961,2168,1321,2023,1454,1409,4944,6505,3342,5763,48507,32943,3650,1163,21478,46,3,12,7
2021-04-05T23:59:59+02:00,2,4,1125,1310,2104,3294,2722,4668,3311,6469,4681,6572,3664,3696,8378,10646,3963,6807,0,2,203,263,578,928,783,1434,945,2131,1281,1984,1407,1346,4729,6236,3294,5706,48416,32033,3644,1161,21341,46,3,12,7
2021-04-04T23:59:59+02:00,2,4,1125,1310,2104,3293,2722,4667,3311,6469,4679,6571,3657,3692,8376,10644,3963,6807,0,2,203,263,577,928,783,1434,945,2131,1281,1983,1407,1346,4728,6236,3294,5706,48406,32030,3643,1161,21332,46,3,12,7
2021-04-03T23:59:59+02:00,2,4,1125,1310,2103,3293,2722,4667,3311,6469,4679,6571,3656,3690,8376,10643,3963,6807,0,2,203,263,577,927,783,1434,945,2131,1281,1983,1407,1346,4728,6236,3294,5706,48405,32029,3642,1161,21329,46,3,12,7
2021-04-02T23:59:59+02:00,2,4,1125,1310,2103,3291,2722,4666,3310,6465,4679,6569,3653,3686,8374,10642,3963,6807,0,2,203,263,577,927,783,1432,945,2131,1281,1982,1407,1344,4726,6234,3293,5706,48386,32020,3642,1160,21328,46,3,12,7
2021-04-01T23:59:59+02:00,1,4,1112,1275,2037,3171,2613,4466,3161,6215,4520,6330,3609,3649,8274,10535,3952,6790,0,2,198,254,573,918,772,1426,935,2117,1258,1966,1386,1317,4486,5915,3173,5539,48010,31030,3636,1156,20053,39,3,12,7
2021-03-31T23:59:59+02:00,1,4,1095,1246,1998,3073,2538,4323,3071,6003,4389,6100,3524,3566,8121,10339,3932,6754,0,2,190,251,566,907,768,1408,923,2097,1217,1933,1330,1254,3991,5310,3045,5303,47402,29293,3509,1156,19151,38,3,12,5
2021-03-30T23:59:59+02:00,1,3,1072,1213,1946,2890,2436,4099,2921,5645,4188,5711,3430,3471,7956,10134,3905,6700,0,2,186,246,557,897,757,1386,901,2077,1169,1888,1243,1169,3463,4589,2819,4965,46761,27121,3343,1156,17602,29,3,12,5
2021-03-29T23:59:59+02:00,1,3,1055,1170,1883,2760,2352,3942,2783,5391,4025,5436,3330,3371,7794,9904,3876,6652,0,2,185,241,551,886,746,1372,883,2053,1132,1860,1167,1081,2878,3906,2641,4670,46115,25078,3108,1150,16491,19,2,12,5
2021-03-28T23:59:59+02:00,1,3,1036,1138,1812,2597,2270,3738,2662,5096,3873,5159,3265,3305,7729,9841,3872,6647,0,2,185,241,549,883,745,1370,881,2047,1129,1857,1158,1069,2823,3839,2628,4643,46008,24881,2899,1148,15123,14,2,12,4
2021-03-27T23:59:59+01:00,1,3,1036,1138,1812,2596,2269,3737,2659,5096,3870,5159,3261,3304,7728,9841,3872,6647,0,2,185,241,548,883,745,1370,880,2047,1126,1857,1158,1069,2823,3839,2628,4643,45999,24876,2899,1148,15118,14,2,11,4
2021-03-26T23:59:59+01:00,1,3,1031,1114,1769,2481,2205,3579,2596,4885,3784,4935,3240,3288,7725,9836,3871,6646,0,2,185,240,548,883,744,1370,880,2047,1126,1854,1154,1068,2820,3832,2627,4640,45972,24854,2896,1148,14108,12,2,11,4
2021-03-25T23:59:59+01:00,1,3,1006,1083,1718,2379,2122,3410,2487,4656,3672,4737,3138,3196,7597,9702,3864,6632,0,2,183,238,543,881,737,1361,874,2029,1109,1830,1108,1024,2591,3484,2427,4347,45713,23603,2558,1148,13122,12,1,9,4
2021-03-24T23:59:59+01:00,1,3,983,1063,1697,2336,2091,3360,2451,4589,3629,4667,3051,3125,7468,9530,3845,6614,0,2,183,233,537,876,729,1350,862,2014,1090,1809,1068,981,2195,2935,2033,3824,45172,21558,2428,1146,12893,12,1,9,4
2021-03-23T23:59:59+01:00,1,3,972,1057,1679,2303,2067,3326,2417,4546,3588,4617,2984,3052,7374,9427,3827,6586,0,2,181,230,533,871,722,1338,848,1995,1053,1777,986,889,1829,2444,1681,3357,44657,19607,2417,1112,12743,12,1,8,4
2021-03-22T23:59:59+01:00,1,3,970,1048,1665,2286,2053,3308,2395,4517,3551,4575,2940,3018,7311,9357,3813,6569,0,2,178,227,531,860,706,1315,834,1981,1024,1750,937,817,1351,1868,1326,2864,44323,17499,2395,1055,12653,12,1,8,4
2021-03-21T23:59:59+01:00,1,3,970,1047,1664,2283,2053,3305,2391,4513,3539,4567,2926,3009,7264,9302,3806,6563,0,2,178,224,529,858,705,1311,832,1977,1013,1745,914,798,1273,1783,1270,2795,44174,17196,2391,994,12632,12,1,8,4
2021-03-20T23:59:59+01:00,1,3,969,1046,1663,2282,2053,3305,2391,4513,3537,4565,2925,3008,7264,9301,3806,6563,0,2,178,224,529,858,705,1311,832,1977,1000,1730,879,770,1241,1760,1261,2793,44171,17193,2387,840,12628,12,1,8,4
2021-03-19T23:59:59+01:00,1,3,968,1038,1656,2268,2042,3301,2388,4507,3530,4558,2915,2997,7252,9284,3805,6560,0,2,178,222,528,858,705,1309,832,1976,993,1725,835,731,1178,1708,1251,2782,44109,17149,2383,647,12572,12,1,8,4
2021-03-18T23:59:59+01:00,1,3,932,1006,1578,2154,1918,3132,2239,4258,3300,4309,2762,2839,6950,8919,3739,6459,0,2,177,221,523,853,698,1301,823,1965,970,1708,817,709,1101,1599,1106,2576,42713,16563,2072,569,11704,12,1,8,4
2021-03-17T23:59:59+01:00,1,3,879,974,1507,2094,1855,3066,2174,4198,3205,4214,2625,2704,6524,8425,3674,6344,0,2,176,219,519,848,696,1297,819,1960,965,1700,788,690,966,1446,950,2360,40936,15816,2069,568,11452,12,1,8,4
2021-03-16T23:59:59+01:00,1,3,854,950,1473,2052,1817,3016,2120,4143,3109,4116,2491,2545,6046,7773,3583,6193,0,0,170,216,515,847,692,1290,814,1951,957,1687,783,677,878,1320,806,2195,38934,15213,2007,568,11336,12,1,7,4
2021-03-15T23:59:59+01:00,1,3,837,944,1455,2028,1779,2960,2082,4072,3008,4007,2357,2374,5558,7228,3511,6076,0,0,169,215,515,839,690,1281,810,1941,947,1671,772,667,808,1208,650,1990,37159,14627,1906,530,11208,12,0,7,4
2021-03-14T23:59:59+01:00,1,3,832,929,1431,2001,1754,2931,2051,4013,2945,3938,2178,2177,5373,7001,3480,6043,0,0,169,215,514,836,688,1270,809,1934,944,1662,754,658,792,1189,626,1935,36134,14482,1805,506,11135,3,0,7,4
2021-03-13T23:59:59+01:00,1,3,824,921,1409,1989,1737,2918,2024,3985,2870,3890,2106,2103,5324,6946,3478,6042,0,0,169,215,514,835,688,1270,808,1934,944,1662,754,658,792,1189,626,1935,35878,14480,1557,506,11128,3,0,7,4
2021-03-12T23:59:59+01:00,1,3,800,905,1363,1931,1673,2820,1925,3834,2713,3723,1909,1864,5139,6721,3446,5999,0,0,169,215,513,835,688,1270,807,1934,944,1661,745,655,779,1174,618,1932,34547,14427,1314,505,10901,3,0,7,4
2021-03-11T23:59:59+01:00,1,3,766,846,1294,1846,1589,2671,1841,3633,2551,3550,1642,1554,4770,6249,3309,5816,0,0,160,208,507,826,677,1261,792,1898,924,1619,614,593,710,1131,598,1900,32429,13921,1213,492,10282,2,0,7,3
2021-03-10T23:59:59+01:00,1,3,751,794,1271,1790,1557,2613,1791,3562,2470,3461,1570,1465,4297,5704,3190,5562,0,0,160,206,498,805,659,1247,783,1878,917,1603,545,577,677,1122,591,1894,30608,13768,1207,389,10030,2,0,7,3
2021-03-09T23:59:59+01:00,1,3,737,773,1250,1760,1530,2567,1751,3511,2396,3409,1476,1367,3734,4948,2996,5252,0,0,157,204,492,784,649,1223,769,1846,905,1575,541,575,675,1117,588,1888,28418,13706,1204,277,9832,2,0,7,3
2021-03-08T23:59:59+01:00,0,3,733,745,1236,1739,1512,2546,1723,3472,2356,3366,1382,1265,3057,4116,2757,4881,0,0,153,201,478,761,627,1191,750,1796,881,1538,537,573,675,1116,588,1888,25945,13698,1204,52,9733,0,0,7,3
2021-03-07T23:59:59+01:00,0,3,730,741,1226,1729,1504,2530,1712,3464,2344,3358,1369,1249,2955,3994,2734,4832,0,0,153,201,478,761,627,1191,750,1796,881,1538,537,573,675,1116,588,1888,25592,13698,1202,52,9673,0,0,7,3
2021-03-06T23:59:59+01:00,0,3,729,741,1224,1724,1501,2527,1708,3461,2339,3357,1366,1249,2955,3994,2734,4832,0,0,152,201,478,761,627,1191,750,1796,881,1538,537,573,675,1116,588,1888,25587,13697,1202,52,9648,0,0,7,3
2021-03-05T23:59:59+01:00,0,3,668,717,1199,1709,1480,2517,1683,3446,2310,3347,1360,1246,2947,3987,2731,4827,0,0,152,201,478,760,627,1190,750,1796,881,1535,536,573,675,1116,588,1888,25559,13691,1197,52,9414,0,0,7,3
2021-03-04T23:59:59+01:00,0,3,602,670,1131,1639,1424,2434,1642,3365,2236,3269,1309,1198,2726,3621,2545,4539,0,0,150,195,475,746,616,1178,739,1768,872,1522,525,562,663,1106,583,1879,24328,13526,1189,50,8829,0,0,7,3
2021-03-03T23:59:59+01:00,0,3,565,630,1064,1576,1328,2353,1541,3279,2110,3182,1266,1151,2351,3098,2189,4087,0,0,150,195,473,743,616,1178,738,1764,869,1521,521,559,661,1103,583,1876,22450,13500,1187,48,8131,0,0,5,2
2021-03-02T23:59:59+01:00,0,3,547,596,1026,1530,1270,2309,1483,3227,2013,3120,1182,1048,1981,2620,1793,3563,0,0,148,193,468,737,611,1167,728,1754,864,1500,512,550,650,1080,563,1843,20367,13318,1184,48,7755,0,0,5,2
2021-03-01T23:59:59+01:00,0,3,540,547,1006,1491,1224,2248,1437,3163,1958,3047,1136,974,1482,2024,1405,3017,0,0,146,193,468,737,611,1166,728,1751,863,1500,510,550,646,1071,559,1832,18071,13281,1181,48,7445,0,0,5,2
2021-02-28T23:59:59+01:00,0,3,532,533,988,1451,1198,2186,1409,3105,1903,2974,1115,952,1367,1884,1331,2929,0,0,146,193,467,736,611,1166,727,1749,862,1499,508,550,646,1071,559,1832,17590,13272,1179,48,7086,0,0,5,2
2021-02-27T23:59:59+01:00,0,3,532,531,987,1448,1198,2185,1409,3104,1903,2973,1115,952,1367,1883,1329,2929,0,0,145,193,466,735,608,1164,725,1747,860,1498,508,550,646,1071,559,1832,17587,13271,1179,34,7077,0,0,5,2
2021-02-26T23:59:59+01:00,0,3,390,481,857,1404,1115,2142,1341,3063,1844,2930,1110,946,1364,1882,1329,2927,0,0,145,193,466,735,608,1164,725,1746,860,1497,508,550,646,1071,559,1832,17575,13270,1179,33,6369,0,0,5,2
2021-02-25T23:59:59+01:00,0,3,301,428,761,1309,1031,2051,1243,2890,1705,2767,1072,914,1282,1757,1209,2735,0,0,138,183,454,722,592,1138,718,1721,840,1473,494,536,618,1039,545,1813,16972,13000,1179,22,5302,0,0,5,2
2021-02-24T23:59:59+01:00,0,2,256,384,688,1233,957,1964,1189,2772,1639,2650,1045,894,1159,1611,1052,2516,0,0,136,183,451,718,588,1137,717,1716,839,1469,489,531,610,1034,542,1801,16259,12940,1177,19,4570,0,0,5,2
2021-02-23T23:59:59+01:00,0,2,244,362,667,1174,928,1885,1142,2660,1563,2539,1019,866,1078,1483,909,2352,0,0,136,181,451,717,588,1137,717,1713,837,1468,488,528,608,1033,542,1800,15697,12928,1142,15,4029,0,0,5,1
2021-02-22T23:59:59+01:00,0,0,230,343,644,1144,896,1802,1092,2568,1477,2416,973,836,959,1339,722,2095,0,0,136,181,450,716,586,1136,716,1713,831,1466,487,527,607,1031,541,1798,14942,12916,1069,5,3520,0,0,5,1
2021-02-21T23:59:59+01:00,0,0,224,332,608,1077,846,1696,1049,2467,1397,2309,956,815,926,1287,669,2029,0,0,136,180,447,709,585,1132,716,1708,831,1464,486,527,606,1031,540,1797,14732,12889,1026,5,2924,0,0,5,1
2021-02-20T23:59:59+01:00,0,0,224,329,605,1076,844,1691,1045,2461,1382,2290,920,786,893,1264,661,2027,0,0,136,180,447,709,585,1132,716,1708,831,1464,486,526,605,1031,540,1797,14730,12888,866,5,2897,0,0,5,0
2021-02-19T23:59:59+01:00,0,0,214,321,596,1068,831,1676,1024,2444,1349,2247,675,683,750,1200,636,2010,0,0,136,180,447,708,585,1129,715,1705,828,1461,486,525,605,1030,539,1797,14252,12872,677,4,2790,0,0,5,0
2021-02-18T23:59:59+01:00,0,0,198,272,557,946,746,1450,894,2186,1099,1872,596,615,709,1158,616,1993,0,0,131,180,434,696,570,1111,709,1679,812,1433,483,522,604,1029,539,1797,14093,12725,577,4,1233,0,0,4,0
2021-02-17T23:59:59+01:00,0,0,192,232,536,897,709,1354,835,2018,1014,1740,574,594,709,1155,614,1990,0,0,124,177,422,685,562,1095,690,1647,799,1410,480,520,602,1026,539,1796,14074,12571,577,3,508,0,0,4,0
2021-02-16T23:59:59+01:00,0,0,185,229,528,881,694,1323,816,1979,981,1700,562,589,703,1153,613,1987,0,0,119,172,408,680,551,1079,677,1629,789,1396,474,514,595,1012,531,1765,14043,12389,577,2,299,0,0,4,0
2021-02-15T23:59:59+01:00,0,0,171,220,523,854,688,1289,802,1944,952,1653,561,586,701,1153,613,1987,0,0,116,171,401,670,540,1060,648,1602,775,1378,472,511,595,1012,531,1765,14040,12245,538,2,115,0,0,4,0
2021-02-14T23:59:59+01:00,0,0,166,212,519,841,687,1280,799,1935,934,1645,560,585,701,1150,612,1987,0,0,109,167,390,659,523,1042,629,1587,768,1365,472,509,593,1010,531,1765,14034,12117,536,2,39,0,0,4,0
2021-02-13T23:59:59+01:00,0,0,165,212,518,841,687,1280,799,1935,934,1645,560,585,701,1150,612,1987,0,0,109,167,389,658,523,1042,629,1587,768,1365,472,509,593,1010,531,1765,14033,12115,536,2,38,0,0,4,0
2021-02-12T23:59:59+01:00,0,0,163,211,513,839,686,1277,795,1934,932,1642,559,585,701,1150,612,1987,0,0,106,165,386,652,518,1035,615,1572,765,1348,470,508,581,990,526,1736,14026,11971,535,2,21,0,0,4,0
2021-02-11T23:59:59+01:00,0,0,160,210,509,832,678,1273,793,1930,926,1640,554,579,694,1144,607,1981,0,0,87,129,357,582,471,955,563,1455,721,1254,446,463,537,936,482,1640,13975,11077,523,1,8,0,0,4,0
2021-02-10T23:59:59+01:00,0,0,157,208,499,815,661,1258,781,1902,911,1616,545,573,683,1131,602,1971,0,0,78,118,329,522,444,847,522,1278,647,1097,397,413,470,819,433,1478,13849,9891,459,1,1,0,0,4,0
2021-02-09T23:59:59+01:00,0,0,156,202,491,777,645,1219,761,1841,899,1575,533,561,677,1115,593,1952,0,0,73,101,310,454,409,762,479,1175,583,998,366,358,427,731,399,1357,13735,8982,259,0,0,0,0,3,0
2021-02-08T23:59:59+01:00,0,0,152,198,474,752,623,1184,741,1791,879,1531,527,560,675,1109,589,1936,0,0,59,75,265,386,359,629,421,945,510,818,308,303,361,577,334,1151,13665,7501,53,0,0,0,0,3,0
2021-02-07T23:59:59+01:00,0,0,152,197,472,751,621,1183,740,1783,877,1529,526,560,675,1109,589,1935,0,0,58,67,247,351,340,584,405,913,490,783,308,296,359,570,332,1147,13643,7250,53,0,0,0,0,3,0
2021-02-06T23:59:59+01:00,0,0,152,197,472,751,621,1183,740,1783,877,1529,526,560,675,1109,589,1935,0,0,58,67,247,350,340,584,405,912,488,781,308,295,358,568,331,1147,13643,7239,53,0,0,0,0,3,0
2021-02-05T23:59:59+01:00,0,0,152,197,472,751,621,1183,740,1783,877,1527,526,560,674,1109,589,1935,0,0,56,67,246,347,333,580,397,889,478,761,298,290,347,544,313,1107,13640,7053,53,0,0,0,0,3,0
2021-02-04T23:59:59+01:00,0,0,146,192,468,743,614,1175,736,1769,871,1518,519,553,653,1084,580,1917,0,0,42,51,213,312,291,484,355,748,384,615,233,219,262,378,232,819,13483,5638,52,0,0,0,0,3,0
2021-02-03T23:59:59+01:00,0,0,144,191,462,736,606,1166,732,1756,863,1502,507,545,638,1071,573,1909,0,0,34,32,157,221,238,352,265,570,309,466,182,172,185,282,179,612,13349,4256,49,0,0,0,0,3,0
2021-02-02T23:59:59+01:00,0,0,144,188,460,735,606,1166,729,1750,856,1498,506,543,634,1068,572,1905,0,0,25,26,138,174,193,281,221,434,257,375,142,132,138,210,142,483,13309,3371,49,0,0,0,0,2,0
2021-02-01T23:59:59+01:00,0,0,142,188,459,734,601,1163,728,1742,854,1493,504,541,629,1065,571,1898,0,0,21,19,102,128,139,190,155,301,168,259,90,94,93,133,76,258,13261,2226,49,0,0,0,0,2,0
2021-01-31T23:59:59+01:00,0,0,141,187,459,731,598,1162,728,1738,854,1492,502,540,628,1063,571,1897,0,0,14,15,69,88,97,125,118,224,141,203,85,87,89,125,74,244,13241,1798,49,0,0,0,0,1,0
2021-01-30T23:59:59+01:00,0,0,141,187,458,731,596,1160,727,1737,854,1492,502,540,627,1063,571,1897,0,0,14,15,69,88,97,123,116,220,138,200,84,86,89,119,68,234,13240,1760,42,0,0,0,0,1,0
2021-01-29T23:59:59+01:00,0,0,141,187,458,729,595,1157,725,1735,852,1491,502,540,627,1063,571,1897,0,0,12,15,57,82,80,119,98,209,115,188,79,79,87,115,67,233,13235,1635,34,0,0,0,0,1,0
2021-01-28T23:59:59+01:00,0,0,134,183,445,712,578,1130,719,1708,829,1462,495,534,624,1060,568,1894,0,0,7,3,14,20,25,46,31,96,47,87,46,50,56,85,49,176,13049,838,25,0,0,0,0,1,0
2021-01-27T23:59:59+01:00,0,0,127,180,433,702,570,1120,703,1673,822,1438,492,532,620,1055,568,1889,0,0,3,1,6,12,11,25,13,41,23,31,13,17,24,35,20,55,12900,330,23,0,0,0,0,1,0
2021-01-26T23:59:59+01:00,0,0,121,176,419,691,557,1106,694,1650,810,1417,487,526,614,1038,560,1854,0,0,3,1,6,11,8,23,11,38,17,28,13,15,23,33,20,54,12704,304,15,0,0,0,0,1,0
2021-01-25T23:59:59+01:00,0,0,118,174,410,679,546,1087,667,1622,792,1400,485,522,612,1037,560,1854,0,0,2,1,5,9,8,18,6,29,12,22,9,6,13,22,10,35,12559,207,5,0,0,0,0,1,0
2021-01-24T23:59:59+01:00,0,0,111,171,400,669,531,1069,650,1609,779,1388,484,519,611,1037,560,1854,0,0,2,0,3,6,8,6,4,8,5,9,1,2,11,15,6,21,12436,107,5,0,0,0,0,1,0
2021-01-23T23:59:59+01:00,0,0,111,171,400,668,531,1069,650,1609,779,1388,484,519,611,1037,560,1854,0,0,1,0,3,6,8,6,4,8,5,9,1,2,11,15,6,21,12435,106,5,0,0,0,0,1,0
2021-01-22T23:59:59+01:00,0,0,108,169,393,662,527,1062,636,1594,773,1370,484,514,600,1016,553,1825,0,0,1,0,3,6,8,6,4,8,5,9,1,2,11,15,6,21,12282,106,4,0,0,0,0,0,0
2021-01-21T23:59:59+01:00,0,0,97,161,378,645,504,1028,606,1544,751,1327,467,476,566,972,517,1757,0,0,1,0,3,6,8,6,4,8,5,9,1,2,11,15,6,21,11792,106,4,0,0,0,0,0,0
2021-01-20T23:59:59+01:00,0,0,79,120,343,556,460,887,549,1310,663,1140,405,417,481,829,454,1534,0,0,1,0,2,5,8,6,4,8,5,9,1,2,11,15,6,21,10223,104,4,0,0,0,0,0,0
2021-01-19T23:59:59+01:00,0,0,74,106,316,478,419,798,506,1198,611,1037,381,379,444,750,424,1438,0,0,1,0,1,3,7,5,4,7,5,9,1,0,8,10,5,18,9355,84,4,0,0,0,0,0,0
2021-01-18T23:59:59+01:00,0,0,60,76,270,391,364,650,430,966,519,840,313,311,374,596,358,1230,0,0,1,0,1,3,7,5,4,7,5,8,1,0,8,10,5,18,7746,83,2,0,0,0,0,0,0
2021-01-17T23:59:59+01:00,0,0,59,67,251,356,343,597,411,923,495,801,310,302,372,589,355,1222,0,0,0,0,0,0,0,1,0,0,0,0,0,0,0,0,0,0,7451,1,2,0,0,0,0,0,0
2021-01-16T23:59:59+01:00,0,0,59,67,251,355,343,597,411,922,493,799,310,301,370,585,354,1222,0,0,0,0,0,0,0,0,0,0,0,0,0,0,0,0,0,0,7437,0,2,0,0,0,0,0,0
2021-01-15T23:59:59+01:00,0,0,57,67,251,351,337,591,400,898,481,774,296,295,351,556,331,1180,0,0,0,0,0,0,0,0,0,0,0,0,0,0,0,0,0,0,7214,0,2,0,0,0,0,0,0
2021-01-14T23:59:59+01:00,0,0,44,54,237,326,312,516,366,773,393,629,233,221,261,380,238,847,0,0,0,0,0,0,0,0,0,0,0,0,0,0,0,0,0,0,5830,0,0,0,0,0,0,0,0
2021-01-13T23:59:59+01:00,0,0,38,43,212,269,272,415,300,618,322,503,178,178,189,289,192,655,0,0,0,0,0,0,0,0,0,0,0,0,0,0,0,0,0,0,4673,0,0,0,0,0,0,0,0
2021-01-12T23:59:59+01:00,0,0,33,41,207,254,257,381,276,537,290,457,141,136,143,221,150,514,0,0,0,0,0,0,0,0,0,0,0,0,0,0,0,0,0,0,4038,0,0,0,0,0,0,0,0
2021-01-11T23:59:59+01:00,0,0,28,37,197,233,239,328,229,449,240,382,110,106,107,144,88,320,0,0,0,0,0,0,0,0,0,0,0,0,0,0,0,0,0,0,3237,0,0,0,0,0,0,0,0
2021-01-10T23:59:59+01:00,0,0,26,31,159,172,196,253,191,353,198,305,98,99,104,139,86,305,0,0,0,0,0,0,0,0,0,0,0,0,0,0,0,0,0,0,2715,0,0,0,0,0,0,0,0
2021-01-09T23:59:59+01:00,0,0,26,31,152,168,194,245,187,345,196,300,98,99,104,139,86,305,0,0,0,0,0,0,0,0,0,0,0,0,0,0,0,0,0,0,2675,0,0,0,0,0,0,0,0
2021-01-08T23:59:59+01:00,0,0,23,28,121,144,173,232,162,316,168,279,93,89,102,135,85,304,0,0,0,0,0,0,0,0,0,0,0,0,0,0,0,0,0,0,2454,0,0,0,0,0,0,0,0
2021-01-07T23:59:59+01:00,0,0,8,3,18,26,32,57,37,108,61,111,48,51,63,93,54,212,0,0,0,0,0,0,0,0,0,0,0,0,0,0,0,0,0,0,982,0,0,0,0,0,0,0,0
2021-01-06T23:59:59+01:00,0,0,3,1,7,13,11,25,14,41,21,32,14,14,27,39,23,65,0,0,0,0,0,0,0,0,0,0,0,0,0,0,0,0,0,0,350,0,0,0,0,0,0,0,0
2021-01-05T23:59:59+01:00,0,0,3,1,6,10,10,21,11,33,15,27,11,14,23,34,21,57,0,0,0,0,0,0,0,0,0,0,0,0,0,0,0,0,0,0,297,0,0,0,0,0,0,0,0
2021-01-04T23:59:59+01:00,0,0,2,1,4,7,9,13,4,17,8,17,5,3,12,20,8,31,0,0,0,0,0,0,0,0,0,0,0,0,0,0,0,0,0,0,161,0,0,0,0,0,0,0,0
2021-01-03T23:59:59+01:00,0,0,2,0,3,6,8,7,4,9,5,10,1,2,12,16,7,21,0,0,0,0,0,0,0,0,0,0,0,0,0,0,0,0,0,0,113,0,0,0,0,0,0,0,0
2021-01-02T23:59:59+01:00,0,0,2,0,3,6,8,7,4,9,5,10,1,2,12,16,7,21,0,0,0,0,0,0,0,0,0,0,0,0,0,0,0,0,0,0,113,0,0,0,0,0,0,0,0
2021-01-01T23:59:59+01:00,0,0,1,0,3,6,8,6,4,9,5,10,1,2,12,15,7,21,0,0,0,0,0,0,0,0,0,0,0,0,0,0,0,0,0,0,110,0,0,0,0,0,0,0,0
2020-12-31T23:59:59+01:00,0,0,1,0,3,5,8,6,4,9,5,10,1,2,12,15,7,21,0,0,0,0,0,0,0,0,0,0,0,0,0,0,0,0,0,0,109,0,0,0,0,0,0,0,0
2020-12-30T23:59:59+01:00,0,0,1,0,2,5,8,6,4,9,5,10,1,2,12,15,7,21,0,0,0,0,0,0,0,0,0,0,0,0,0,0,0,0,0,0,108,0,0,0,0,0,0,0,0
2020-12-29T23:59:59+01:00,0,0,1,0,1,3,8,5,4,8,5,10,1,0,9,10,6,18,0,0,0,0,0,0,0,0,0,0,0,0,0,0,0,0,0,0,89,0,0,0,0,0,0,0,0
2020-12-28T23:59:59+01:00,0,0,1,0,1,3,8,5,4,8,5,9,1,0,9,10,6,18,0,0,0,0,0,0,0,0,0,0,0,0,0,0,0,0,0,0,88,0,0,0,0,0,0,0,0
2020-12-27T23:59:59+01:00,0,0,1,0,1,3,8,4,4,8,5,9,1,0,9,10,6,18,0,0,0,0,0,0,0,0,0,0,0,0,0,0,0,0,0,0,87,0,0,0,0,0,0,0,0
