Datum,<15_m,<15_w,15-24_1_m,15-24_1_w,25-34_1_m,25-34_1_w,35-44_1_m,35-44_1_w,45-54_1_m,45-54_1_w,55-64_1_m,55-64_1_w,65-74_1_m,65-74_1_w,75-84_1_m,75-84_1_w,>84_1_m,>84_1_w,<24_2_m,<24_2_w,25-34_2_m,25-34_2_w,35-44_2_m,35-44_2_w,45-54_2_m,45-54_2_w,55-64_2_m,55-64_2_w,65-74_2_m,65-74_2_w,75-84_2_m,75-84_2_w,>84_2_m,>84_2_w,bp_1,bp_2,mo_1,mo_2,az_1,az_2,ja,unb_1,unb_2
2021-09-27T23:59:59+02:00,1940,1817,16834,15575,22089,20386,23963,23570,27614,28287,30652,31594,21489,24569,15296,19303,4351,7568,15094,13927,20642,18763,22638,22074,26256,26761,29434,30320,20834,23814,14866,18632,4210,7311,232071,217713,32590,31330,55086,52080,17123,30,40
2021-09-26T23:59:59+02:00,1920,1796,16769,15515,22039,20329,23923,23521,27585,28260,30638,31585,21479,24562,15295,19300,4351,7567,15029,13862,20596,18714,22593,22020,26218,26724,29416,30293,20828,23804,14858,18629,4210,7308,231717,217338,32573,31304,55085,52069,17032,30,40
2021-09-25T23:59:59+02:00,1920,1796,16767,15515,22037,20328,23921,23520,27585,28260,30638,31585,21479,24562,15295,19300,4351,7567,15029,13862,20595,18714,22593,22020,26217,26722,29416,30293,20827,23804,14858,18629,4210,7308,231710,217334,32573,31304,55085,52069,17031,30,40
2021-09-24T23:59:59+02:00,1919,1793,16743,15496,21996,20300,23889,23499,27565,28239,30621,31570,21477,24558,15293,19300,4351,7567,15004,13834,20550,18683,22554,21994,26190,26702,29395,30274,20823,23798,14856,18627,4209,7307,231649,217213,32573,31303,55085,52069,16842,30,40
2021-09-23T23:59:59+02:00,1889,1756,16670,15412,21940,20226,23841,23434,27521,28186,30597,31530,21465,24547,15282,19282,4347,7563,14929,13773,20493,18640,22525,21948,26157,26659,29370,30247,20820,23787,14850,18619,4209,7306,231091,216811,32535,31274,55085,52069,16750,30,40
2021-09-22T23:59:59+02:00,1856,1725,16570,15337,21854,20149,23767,23380,27453,28126,30557,31495,21450,24525,15279,19269,4344,7558,14804,13669,20405,18562,22463,21879,26096,26598,29322,30212,20802,23777,14844,18611,4206,7297,230493,216144,32514,31232,55085,52062,16575,30,40
2021-09-21T23:59:59+02:00,1828,1681,16491,15263,21793,20088,23719,23331,27413,28088,30520,31455,21439,24505,15275,19259,4341,7548,14746,13621,20346,18522,22420,21836,26064,26574,29298,30186,20790,23763,14838,18600,4203,7296,230024,215863,32514,31232,55085,52062,16387,30,40
2021-09-20T23:59:59+02:00,1802,1666,16416,15200,21738,20038,23675,23291,27375,28045,30487,31437,21429,24493,15270,19253,4340,7545,14688,13571,20300,18477,22389,21810,26018,26542,29273,30161,20781,23751,14836,18594,4200,7293,229613,215548,32512,31231,55085,52061,16263,30,40
2021-09-19T23:59:59+02:00,1775,1645,16350,15152,21690,19980,23643,23258,27347,28017,30466,31412,21420,24482,15266,19242,4340,7542,14630,13528,20256,18426,22340,21786,25994,26510,29256,30147,20775,23738,14832,18591,4199,7291,229253,215269,32492,31199,55084,52061,16171,30,40
2021-09-18T23:59:59+02:00,1775,1645,16349,15150,21688,19979,23641,23256,27347,28016,30466,31412,21420,24482,15266,19242,4340,7542,14630,13526,20256,18426,22339,21785,25994,26508,29256,30147,20775,23738,14832,18591,4199,7291,229246,215268,32492,31198,55084,52061,16167,30,40
2021-09-17T23:59:59+02:00,1770,1638,16328,15133,21668,19958,23621,23244,27334,28001,30457,31407,21417,24479,15263,19239,4339,7542,14609,13512,20247,18419,22330,21781,25987,26504,29246,30142,20772,23735,14831,18590,4199,7291,229082,215166,32491,31198,55084,52061,16154,30,40
2021-09-16T23:59:59+02:00,1731,1608,16232,15038,21589,19859,23553,23159,27272,27943,30419,31370,21403,24462,15258,19230,4334,7542,14526,13443,20206,18367,22294,21732,25957,26460,29225,30111,20762,23725,14824,18583,4197,7287,228296,214718,32469,31125,55083,52050,16127,30,40
2021-09-15T23:59:59+02:00,1700,1591,16174,14961,21538,19808,23509,23113,27243,27910,30395,31345,21390,24441,15246,19222,4333,7540,14453,13356,20141,18308,22255,21680,25919,26418,29194,30089,20749,23710,14812,18575,4196,7285,227780,214165,32455,31080,55083,52045,16114,30,40
2021-09-14T23:59:59+02:00,1687,1577,16140,14916,21492,19771,23478,23079,27212,27874,30369,31321,21376,24430,15243,19210,4330,7539,14414,13318,20117,18286,22232,21654,25898,26404,29183,30079,20738,23702,14809,18568,4195,7283,227377,213884,32454,31079,55083,52045,16103,30,40
2021-09-13T23:59:59+02:00,1667,1565,16099,14865,21467,19739,23444,23048,27195,27838,30355,31307,21375,24420,15238,19208,4329,7536,14386,13304,20092,18270,22211,21634,25883,26392,29173,30056,20729,23691,14808,18561,4193,7281,227037,213663,32454,31079,55083,52045,16094,30,40
2021-09-12T23:59:59+02:00,1657,1552,16074,14844,21451,19718,23429,23023,27180,27824,30346,31299,21368,24412,15238,19203,4329,7536,14351,13275,20069,18234,22192,21609,25871,26371,29162,30047,20722,23683,14803,18554,4191,7276,226845,213425,32438,31048,55083,52044,16090,30,40
2021-09-11T23:59:59+02:00,1656,1552,16062,14840,21443,19710,23428,23022,27178,27823,30344,31298,21367,24411,15238,19203,4329,7536,14346,13273,20067,18231,22190,21609,25871,26370,29162,30047,20721,23683,14803,18554,4191,7276,226807,213414,32438,31048,55083,52044,16085,30,40
2021-09-10T23:59:59+02:00,1656,1552,16041,14835,21429,19698,23409,23019,27161,27813,30331,31292,21366,24409,15234,19201,4329,7535,14324,13266,20051,18221,22175,21605,25856,26356,29144,30043,20720,23679,14800,18551,4190,7275,226777,213373,32438,31048,55083,52044,15985,30,40
2021-09-09T23:59:59+02:00,1610,1513,15961,14759,21370,19631,23358,22971,27103,27763,30302,31262,21357,24392,15220,19187,4327,7533,14244,13193,19981,18157,22109,21550,25807,26315,29107,30012,20704,23651,14782,18537,4188,7273,226253,212911,32408,30966,55082,52025,15849,30,40
2021-09-08T23:59:59+02:00,1572,1465,15838,14667,21307,19559,23305,22896,27053,27720,30262,31216,21340,24374,15211,19176,4326,7533,14153,13107,19898,18103,22044,21499,25760,26276,29072,29962,20685,23630,14778,18529,4187,7272,225728,212513,32337,30877,55082,52020,15646,30,40
2021-09-07T23:59:59+02:00,1560,1445,15789,14615,21258,19531,23268,22873,27026,27686,30245,31201,21329,24352,15205,19168,4324,7533,14084,13061,19838,18064,22002,21469,25724,26242,29043,29934,20673,23616,14774,18522,4186,7272,225487,212231,32332,30848,55082,52016,15480,30,40
2021-09-06T23:59:59+02:00,1547,1435,15738,14570,21237,19502,23247,22842,27001,27667,30229,31179,21319,24349,15200,19160,4324,7531,14053,13024,19818,18040,21974,21448,25704,26222,29028,29919,20664,23607,14771,18518,4186,7269,225233,212029,32332,30848,55082,52015,15403,30,40
2021-09-05T23:59:59+02:00,1528,1421,15709,14544,21222,19480,23238,22817,26992,27655,30224,31171,21314,24343,15195,19158,4324,7527,14015,12988,19791,18005,21948,21420,25685,26205,29015,29900,20660,23599,14769,18516,4186,7269,225029,211815,32325,30771,55081,52014,15400,30,40
2021-09-04T23:59:59+02:00,1528,1421,15701,14541,21209,19475,23231,22813,26987,27649,30218,31168,21313,24340,15195,19157,4324,7527,14007,12985,19778,18000,21941,21416,25680,26199,29009,29896,20659,23596,14769,18515,4186,7269,225028,211814,32325,30771,55081,52014,15335,30,40
2021-09-03T23:59:59+02:00,1525,1418,15684,14527,21178,19450,23203,22794,26963,27637,30204,31153,21306,24332,15195,19151,4324,7526,13991,12972,19754,17980,21919,21401,25663,26190,28994,29885,20653,23589,14769,18512,4186,7269,224959,211798,32323,30766,55081,52013,15179,30,40
2021-09-02T23:59:59+02:00,1509,1398,15612,14469,21133,19402,23168,22747,26922,27596,30167,31127,21293,24322,15189,19138,4322,7520,13897,12908,19709,17922,21875,21358,25621,26146,28955,29858,20641,23578,14764,18500,4185,7268,224542,211348,32318,30761,55079,51993,15067,30,40
2021-09-01T23:59:59+02:00,1458,1342,15474,14319,21022,19308,23097,22692,26856,27524,30117,31077,21275,24297,15181,19124,4319,7515,13755,12790,19591,17830,21792,21291,25566,26078,28905,29795,20616,23549,14752,18485,4181,7262,223778,210776,32292,30573,55078,51981,14821,30,40
2021-08-31T23:59:59+02:00,1435,1327,15414,14247,20963,19253,23056,22651,26808,27484,30083,31045,21264,24285,15175,19115,4319,7514,13682,12725,19543,17787,21761,21257,25534,26055,28877,29769,20610,23538,14749,18477,4180,7261,223334,210436,32292,30573,55077,51976,14707,30,40
2021-08-30T23:59:59+02:00,1412,1308,15344,14201,20919,19197,23024,22613,26773,27451,30050,31016,21252,24277,15171,19106,4317,7507,13625,12683,19501,17739,21729,21232,25505,26018,28843,29744,20599,23524,14739,18468,4179,7258,222971,210136,32292,30573,55077,51974,14570,30,40
2021-08-29T23:59:59+02:00,1396,1296,15301,14155,20881,19167,23000,22589,26755,27427,30033,31001,21248,24268,15171,19104,4317,7506,13572,12639,19478,17715,21702,21212,25485,25999,28830,29727,20591,23516,14736,18464,4177,7257,222685,209870,32291,30571,55077,51973,14534,30,40
2021-08-28T23:59:59+02:00,1396,1296,15294,14152,20869,19160,22994,22585,26752,27418,30030,31000,21247,24268,15171,19104,4317,7506,13565,12635,19466,17708,21695,21208,25482,25990,28827,29726,20590,23516,14736,18464,4177,7257,222684,209867,32291,30571,55077,51973,14479,30,40
2021-08-27T23:59:59+02:00,1387,1289,15262,14126,20842,19144,22963,22569,26728,27407,30014,30981,21241,24260,15167,19103,4314,7503,13536,12603,19429,17691,21667,21187,25454,25977,28810,29708,20584,23507,14733,18462,4176,7257,222551,209721,32291,30570,55076,51972,14354,30,40
2021-08-26T23:59:59+02:00,1374,1271,15218,14081,20795,19106,22932,22531,26695,27369,29982,30944,21226,24244,15160,19095,4311,7495,13468,12543,19354,17635,21609,21129,25398,25929,28771,29672,20571,23486,14724,18449,4175,7253,222261,209442,32272,30446,55075,51901,14193,30,40
2021-08-25T23:59:59+02:00,1328,1226,15070,13961,20682,19013,22854,22439,26618,27286,29924,30888,21206,24218,15150,19085,4307,7489,13344,12459,19266,17559,21545,21057,25330,25874,28727,29629,20545,23465,14716,18435,4174,7250,221409,208869,32257,30398,55075,51893,13976,29,37
2021-08-24T23:59:59+02:00,1304,1202,15006,13910,20640,18961,22798,22394,26582,27251,29895,30857,21190,24203,15144,19075,4306,7488,13247,12398,19206,17478,21508,21006,25286,25832,28697,29591,20527,23445,14709,18423,4172,7245,220994,208386,32227,30342,55075,51878,13883,29,33
2021-08-23T23:59:59+02:00,1286,1183,14939,13872,20602,18932,22770,22370,26547,27232,29870,30831,21171,24189,15139,19061,4305,7487,13131,12321,19144,17420,21456,20957,25246,25778,28652,29548,20508,23428,14702,18411,4169,7245,220687,207868,32211,30252,55075,51878,13786,29,33
2021-08-22T23:59:59+02:00,1276,1175,14923,13852,20585,18912,22759,22351,26532,27217,29853,30827,21164,24185,15137,19053,4303,7486,13071,12250,19090,17386,21426,20923,25224,25752,28626,29527,20500,23417,14701,18407,4169,7245,220512,207545,32193,30141,55075,51875,13783,29,33
2021-08-21T23:59:59+02:00,1276,1175,14914,13843,20573,18904,22749,22345,26528,27212,29842,30820,21164,24183,15137,19053,4303,7486,13061,12241,19079,17378,21418,20917,25218,25747,28616,29520,20500,23415,14701,18407,4169,7245,220507,207541,32193,30141,55075,51875,13705,29,33
2021-08-20T23:59:59+02:00,1269,1170,14886,13809,20540,18876,22726,22323,26502,27188,29825,30804,21161,24174,15135,19047,4303,7486,13043,12224,19057,17359,21401,20896,25203,25729,28598,29501,20496,23409,14700,18404,4169,7245,220318,207438,32193,30139,55075,51874,13611,29,33
2021-08-19T23:59:59+02:00,1251,1154,14828,13759,20501,18846,22694,22289,26479,27159,29799,30780,21150,24166,15132,19042,4302,7483,12911,12108,18964,17283,21315,20838,25132,25662,28538,29451,20475,23396,14694,18395,4167,7242,220010,206803,32162,30002,55075,51812,13540,29,33
2021-08-18T23:59:59+02:00,1229,1136,14745,13667,20386,18785,22621,22229,26415,27102,29741,30723,21125,24146,15126,19030,4300,7480,12778,11990,18828,17199,21221,20749,25047,25579,28456,29384,20443,23352,14683,18380,4166,7237,219600,206201,32144,29883,55074,51804,13141,29,33
2021-08-17T23:59:59+02:00,1218,1123,14705,13629,20345,18743,22586,22195,26382,27075,29724,30703,21113,24132,15115,19021,4296,7479,12670,11906,18748,17137,21148,20688,24995,25526,28419,29343,20424,23337,14674,18367,4164,7235,219323,205673,32111,29756,55074,51796,13049,29,32
2021-08-16T23:59:59+02:00,1205,1112,14658,13581,20309,18715,22557,22163,26361,27046,29690,30672,21100,24121,15108,19009,4294,7477,12578,11806,18659,17066,21078,20602,24929,25467,28352,29281,20401,23315,14664,18349,4163,7232,219055,205056,32109,29629,55074,51795,12913,29,31
2021-08-15T23:59:59+02:00,1195,1099,14620,13552,20281,18684,22531,22143,26348,27030,29680,30658,21095,24109,15103,19007,4293,7475,12511,11738,18605,17035,21029,20562,24893,25424,28334,29259,20391,23302,14660,18343,4161,7230,218829,204602,32109,29628,55074,51794,12864,29,31
2021-08-14T23:59:59+02:00,1195,1098,14613,13548,20272,18678,22522,22136,26334,27023,29675,30650,21092,24108,15102,19006,4293,7475,12504,11734,18596,17028,21019,20555,24879,25417,28329,29250,20388,23301,14659,18342,4161,7230,218828,204600,32109,29627,55074,51794,12782,29,31
2021-08-13T23:59:59+02:00,1192,1095,14604,13538,20258,18668,22511,22131,26327,27013,29660,30642,21083,24103,15101,19006,4293,7475,12489,11720,18585,17020,21007,20547,24873,25401,28315,29245,20382,23294,14657,18342,4161,7229,218770,204532,32109,29627,55074,51794,12720,29,31
2021-08-12T23:59:59+02:00,1172,1073,14546,13485,20217,18628,22487,22099,26300,26983,29629,30620,21071,24084,15097,18999,4293,7470,12316,11577,18445,16912,20912,20460,24793,25316,28248,29189,20361,23262,14644,18330,4158,7223,218449,203736,32098,29435,55074,51724,12605,29,31
2021-08-11T23:59:59+02:00,1156,1051,14476,13423,20177,18574,22445,22059,26268,26958,29601,30581,21057,24067,15094,18988,4290,7466,12177,11438,18363,16824,20833,20385,24743,25244,28206,29126,20329,23235,14637,18319,4156,7218,218054,202839,32023,29430,55074,51719,12553,29,31
2021-08-10T23:59:59+02:00,1141,1034,14399,13353,20126,18530,22415,22015,26238,26929,29569,30553,21044,24058,15094,18980,4289,7464,12069,11325,18268,16756,20773,20320,24690,25188,28163,29075,20303,23207,14623,18301,4155,7212,217638,202094,31993,29408,55074,51694,12499,29,31
2021-08-09T23:59:59+02:00,1124,1015,14314,13292,20045,18476,22367,21967,26186,26885,29532,30520,21026,24041,15088,18971,4284,7462,11887,11165,18100,16661,20652,20238,24595,25092,28083,29001,20267,23168,14609,18289,4152,7203,217191,201116,31974,29299,55073,51599,12330,29,30
2021-08-08T23:59:59+02:00,1110,1008,14272,13255,20025,18442,22341,21947,26171,26865,29516,30506,21019,24035,15085,18967,4283,7461,11804,11076,18013,16580,20587,20182,24530,25046,28037,28957,20245,23145,14597,18278,4152,7199,216966,200459,31942,29225,55072,51580,12301,29,30
2021-08-07T23:59:59+02:00,1110,1008,14257,13249,20015,18437,22334,21942,26159,26851,29502,30494,21017,24031,15081,18962,4282,7461,11790,11071,17996,16575,20581,20176,24517,25031,28020,28945,20243,23141,14593,18273,4151,7199,216961,200445,31942,29224,55072,51580,12190,29,30
2021-08-06T23:59:59+02:00,1110,1007,14246,13237,20003,18418,22320,21928,26137,26842,29490,30483,21014,24027,15078,18959,4282,7461,11777,11057,17976,16555,20565,20160,24495,25022,28008,28934,20240,23137,14590,18271,4151,7199,216954,200420,31938,29224,55072,51579,12051,29,30
2021-08-05T23:59:59+02:00,1099,988,14175,13196,19953,18385,22277,21887,26103,26786,29462,30459,21001,24012,15070,18951,4280,7458,11603,10947,17865,16459,20452,20064,24388,24931,27938,28885,20215,23113,14579,18257,4148,7197,216642,199632,31899,29132,55070,51445,11904,29,30
2021-08-04T23:59:59+02:00,1085,972,14111,13127,19853,18303,22213,21830,26067,26745,29413,30412,20978,23994,15060,18938,4280,7455,11415,10774,17637,16324,20279,19935,24272,24807,27830,28789,20187,23080,14566,18245,4145,7195,216382,198589,31743,29073,55068,51202,11617,28,30
2021-08-03T23:59:59+02:00,1061,954,14040,13066,19819,18255,22178,21788,26032,26703,29379,30383,20962,23971,15050,18924,4277,7445,11230,10600,17465,16198,20139,19803,24124,24685,27710,28684,20144,23034,14548,18213,4143,7189,216005,197155,31716,29038,55068,51147,11472,28,30
2021-08-02T23:59:59+02:00,1037,934,13953,12998,19762,18197,22127,21748,25978,26643,29327,30333,20931,23940,15040,18904,4274,7443,11061,10430,17293,16071,19993,19690,24007,24569,27624,28583,20097,22981,14529,18194,4140,7179,215524,195963,31686,28989,55068,51071,11265,28,30
2021-08-01T23:59:59+02:00,1027,919,13893,12951,19727,18180,22108,21727,25954,26623,29308,30317,20922,23928,15036,18897,4274,7442,10918,10285,17132,15962,19844,19582,23863,24462,27517,28503,20083,22957,14521,18180,4140,7175,215290,195077,31639,28896,55068,50722,11209,28,30
2021-07-31T23:59:59+02:00,1027,919,13867,12942,19709,18172,22091,21716,25941,26611,29300,30306,20920,23923,15035,18896,4273,7442,10891,10273,17111,15949,19826,19569,23851,24449,27509,28492,20081,22952,14520,18179,4139,7175,215286,195058,31639,28896,55068,50722,11070,28,30
2021-07-30T23:59:59+02:00,1019,910,13807,12898,19664,18150,22062,21697,25911,26589,29272,30288,20913,23915,15029,18894,4271,7441,10804,10201,17046,15906,19767,19534,23784,24408,27460,28467,20066,22930,14511,18175,4136,7173,215108,194668,31638,28896,55068,50656,10889,28,30
2021-07-29T23:59:59+02:00,995,892,13700,12812,19598,18088,21990,21646,25860,26534,29221,30251,20895,23905,15022,18887,4271,7439,10539,9944,16749,15663,19475,19321,23482,24181,27209,28304,20011,22874,14499,18155,4136,7172,214664,192938,31566,28783,55068,49968,10681,28,30
2021-07-28T23:59:59+02:00,967,862,13568,12683,19475,17983,21905,21563,25779,26453,29145,30182,20872,23869,15009,18875,4269,7437,10247,9740,16488,15477,19215,19133,23253,23991,27053,28159,19962,22801,14480,18132,4133,7167,214014,191602,31532,28697,55064,49455,10259,28,30
2021-07-27T23:59:59+02:00,936,841,13448,12588,19411,17923,21840,21510,25713,26395,29105,30137,20857,23849,15004,18855,4268,7431,9990,9528,16238,15254,18989,18948,23061,23819,26889,28020,19920,22748,14458,18105,4127,7158,213417,189943,31478,28540,55063,49121,10127,27,30
2021-07-26T23:59:59+02:00,911,823,13346,12493,19358,17866,21766,21446,25664,26362,29050,30078,20828,23826,14986,18836,4268,7427,9753,9279,16006,15052,18741,18747,22835,23651,26737,27890,19849,22688,14430,18069,4122,7152,212815,188192,31407,28441,55062,48745,10025,26,30
2021-07-25T23:59:59+02:00,892,812,13269,12422,19278,17820,21709,21395,25624,26314,29013,30032,20811,23809,14979,18830,4265,7426,9567,9135,15804,14903,18540,18606,22666,23540,26588,27770,19799,22640,14414,18056,4119,7149,212512,187286,31347,28288,55062,48327,9754,26,30
2021-07-24T23:59:59+02:00,892,812,13259,12413,19268,17814,21700,21390,25609,26307,29008,30026,20807,23808,14978,18829,4265,7426,9557,9122,15795,14895,18529,18600,22649,23531,26582,27762,19796,22637,14413,18055,4119,7148,212508,187268,31347,28285,55062,48327,9669,26,30
2021-07-23T23:59:59+02:00,884,811,13196,12377,19189,17781,21662,21357,25572,26268,28975,29990,20793,23792,14970,18825,4263,7423,9509,9094,15712,14850,18476,18561,22596,23490,26538,27723,19781,22621,14406,18049,4117,7145,212384,187108,31346,28281,55062,48326,9311,26,30
2021-07-22T23:59:59+02:00,872,798,13099,12297,19131,17713,21615,21327,25523,26221,28951,29968,20781,23774,14968,18819,4260,7421,9190,8821,15309,14604,18111,18304,22262,23243,26333,27588,19724,22565,14393,18027,4114,7140,211918,185277,31261,28027,55059,47410,9275,26,30
2021-07-21T23:59:59+02:00,850,771,12898,12130,18983,17588,21483,21227,25416,26118,28874,29898,20739,23739,14951,18796,4256,7416,8807,8499,14872,14275,17734,18032,21906,22913,26060,27379,19631,22477,14367,17989,4111,7131,211296,183367,31151,27675,55055,46752,8606,26,30
2021-07-20T23:59:59+02:00,820,746,12752,11997,18876,17505,21413,21151,25354,26053,28837,29847,20714,23706,14943,18780,4253,7413,8478,8192,14408,13939,17350,17757,21605,22683,25817,27193,19549,22368,14338,17954,4109,7125,210621,181220,31043,27514,55051,45872,8420,26,29
2021-07-19T23:59:59+02:00,791,718,12630,11878,18784,17432,21355,21091,25299,25999,28787,29810,20689,23678,14933,18766,4249,7407,8146,7932,14040,13682,17001,17508,21281,22482,25590,27051,19480,22292,14316,17932,4103,7119,209901,179173,30937,27350,55051,45160,8382,26,29
2021-07-18T23:59:59+02:00,773,699,12519,11768,18683,17355,21291,21039,25243,25948,28749,29757,20667,23658,14922,18755,4247,7405,7976,7779,13883,13563,16849,17385,21120,22369,25460,26970,19440,22252,14302,17916,4103,7116,209323,178239,30789,27244,55051,44796,8290,26,29
2021-07-17T23:59:59+02:00,773,699,12515,11768,18682,17352,21291,21039,25243,25948,28749,29757,20667,23658,14922,18755,4247,7405,7968,7778,13879,13558,16848,17384,21119,22368,25459,26968,19439,22252,14302,17916,4103,7116,209319,178219,30789,27243,55051,44795,8286,26,29
2021-07-16T23:59:59+02:00,766,694,12441,11712,18643,17321,21254,21012,25210,25925,28723,29738,20665,23655,14922,18753,4247,7405,7818,7676,13726,13484,16705,17326,20981,22309,25352,26920,19421,22233,14301,17910,4103,7113,209109,177770,30789,27171,55050,44403,8113,26,29
2021-07-15T23:59:59+02:00,751,674,12370,11641,18580,17263,21199,20962,25162,25884,28694,29710,20650,23637,14917,18744,4246,7402,7474,7357,13118,13081,16036,16902,20345,21940,24898,26608,19275,22092,14258,17864,4100,7106,208627,175542,30703,26272,55043,42626,8088,26,29
2021-07-14T23:59:59+02:00,722,654,12159,11505,18408,17156,21078,20865,25059,25781,28604,29609,20616,23604,14898,18728,4243,7399,7056,6992,12452,12622,15348,16417,19711,21481,24434,26265,19057,21866,14226,17816,4092,7095,207818,172704,30536,25934,55040,40677,7669,26,29
2021-07-13T23:59:59+02:00,678,620,12020,11374,18286,17074,20965,20768,24963,25685,28534,29544,20587,23565,14878,18718,4241,7389,6589,6558,11817,12122,14654,15906,19109,21065,23995,25939,18878,21651,14182,17753,4088,7086,206802,169026,30398,25760,55029,39007,7635,26,26
2021-07-12T23:59:59+02:00,645,589,11896,11236,18169,16984,20874,20660,24859,25587,28452,29478,20560,23531,14870,18706,4236,7382,6172,6142,11218,11587,14032,15364,18555,20573,23578,25576,18682,21460,14118,17695,4079,7082,205784,165340,30267,24936,55026,38051,7612,26,26
2021-07-11T23:59:59+02:00,609,562,11779,11145,18102,16922,20816,20603,24804,25541,28395,29430,20541,23511,14861,18697,4236,7381,5977,5974,10960,11384,13800,15164,18308,20383,23369,25391,18610,21380,14091,17669,4078,7076,205143,163946,30146,24466,55024,37625,7599,24,26
2021-07-10T23:59:59+02:00,608,562,11772,11144,18099,16920,20813,20603,24801,25540,28394,29430,20541,23511,14860,18695,4236,7381,5970,5973,10958,11378,13791,15160,18307,20381,23367,25389,18608,21379,14090,17669,4078,7076,205125,163920,30145,24465,55024,37618,7593,24,26
2021-07-09T23:59:59+02:00,580,539,11662,11022,18024,16836,20743,20541,24727,25464,28345,29385,20518,23491,14857,18686,4236,7380,5936,5942,10928,11345,13741,15139,18276,20348,23348,25366,18603,21369,14088,17666,4078,7075,204259,163684,30145,24415,55024,37585,7585,24,26
2021-07-08T23:59:59+02:00,545,511,11499,10886,17902,16732,20613,20443,24619,25339,28228,29307,20474,23441,14841,18657,4233,7372,5581,5684,10414,10952,13121,14686,17613,19791,22739,24903,18286,20979,13992,17583,4073,7065,203495,161376,30120,23609,54999,35487,7005,24,26
2021-07-07T23:59:59+02:00,485,458,11333,10742,17820,16647,20544,20374,24546,25261,28166,29243,20446,23405,14836,18645,4231,7364,5270,5389,9889,10501,12542,14208,16932,19270,22174,24404,17973,20615,13890,17486,4066,7042,202490,158915,30097,22146,54980,33644,6956,24,26
2021-07-06T23:59:59+02:00,445,424,11208,10593,17706,16553,20452,20270,24468,25170,28076,29164,20420,23367,14827,18628,4229,7361,4869,4958,9279,9983,11830,13605,16225,18654,21657,23908,17654,20311,13789,17370,4057,7032,201358,154708,30091,21202,54971,32350,6918,24,26
2021-07-05T23:59:59+02:00,423,397,11116,10507,17619,16482,20371,20200,24407,25118,28035,29126,20396,23346,14815,18620,4228,7358,4576,4635,8784,9531,11268,13051,15515,18010,21036,23299,17260,19916,13656,17212,4049,7024,200621,150809,30088,20522,54962,30614,6870,24,26
2021-07-04T23:59:59+02:00,410,391,11040,10451,17552,16429,20321,20151,24376,25082,28019,29108,20387,23335,14809,18617,4227,7357,4430,4542,8653,9365,11076,12875,15274,17800,20770,23027,16987,19624,13596,17120,4045,7020,200138,149493,30084,20215,54961,29633,6856,24,26
2021-07-03T23:59:59+02:00,409,390,11033,10442,17542,16421,20319,20148,24374,25081,28016,29107,20387,23334,14809,18617,4227,7356,4426,4536,8646,9363,11073,12875,15270,17800,20767,23024,16987,19621,13596,17120,4045,7020,200106,149481,30083,20215,54961,29627,6839,24,26
2021-07-02T23:59:59+02:00,365,327,10886,10332,17427,16318,20217,20073,24301,25016,27953,29047,20361,23308,14803,18603,4227,7353,4337,4455,8485,9223,10937,12764,15147,17693,20655,22920,16946,19591,13589,17105,4045,7017,199218,148486,30083,20214,54961,29570,6632,24,26
2021-07-01T23:59:59+02:00,318,283,10749,10195,17300,16225,20094,19983,24217,24941,27890,28996,20341,23284,14787,18588,4224,7349,4133,4253,8186,8884,10566,12351,14578,17195,20146,22378,16658,19292,13381,16891,4035,6995,198142,145423,30024,19529,54955,28341,6620,24,26
2021-06-30T23:59:59+02:00,235,221,10495,9955,17130,16075,19962,19851,24101,24818,27809,28907,20318,23252,14768,18570,4223,7348,3937,4056,7883,8543,10154,11886,14089,16636,19572,21743,16335,18953,13108,16614,4022,6968,196495,141736,29967,19273,54947,26874,6606,24,26
2021-06-29T23:59:59+02:00,190,184,10347,9780,16995,15979,19858,19758,24033,24741,27751,28838,20291,23225,14754,18550,4223,7344,3733,3792,7485,8092,9680,11349,13434,15968,18958,21037,16018,18626,12861,16324,4015,6954,195340,137446,29962,18974,54943,25321,6574,23,26
2021-06-28T23:59:59+02:00,140,132,10149,9598,16874,15872,19753,19657,23940,24647,27683,28776,20261,23195,14740,18531,4221,7342,3529,3534,7085,7649,9246,10855,12883,15430,18461,20521,15767,18360,12742,16191,4009,6943,194161,133611,29848,18548,54940,24493,6540,23,26
2021-06-27T23:59:59+02:00,122,115,10011,9486,16817,15813,19693,19606,23882,24597,27656,28752,20248,23179,14737,18527,4220,7339,3436,3466,6909,7455,9057,10654,12653,15190,18198,20261,15647,18255,12677,16105,4009,6939,193533,132418,29789,18199,54934,23759,6522,23,26
2021-06-26T23:59:59+02:00,122,115,10009,9481,16816,15809,19691,19605,23879,24596,27656,28752,20248,23179,14737,18527,4220,7339,3433,3466,6907,7454,9054,10652,12650,15187,18196,20260,15644,18254,12677,16104,4009,6939,193515,132397,29788,18199,54934,23755,6522,23,26
2021-06-25T23:59:59+02:00,118,112,9962,9440,16779,15776,19658,19576,23843,24568,27632,28734,20242,23172,14735,18524,4220,7339,3413,3420,6833,7343,8958,10497,12536,14991,18051,20052,15621,18225,12669,16101,4008,6938,193198,132217,29754,17845,54934,23059,6522,23,26
2021-06-24T23:59:59+02:00,108,101,9834,9314,16591,15650,19527,19453,23720,24477,27575,28674,20228,23156,14728,18515,4219,7337,3287,3273,6619,7011,8646,10041,12002,14370,17496,19346,15396,17993,12523,15970,4005,6926,192359,129818,29410,16985,54933,21604,6483,23,26
2021-06-23T23:59:59+02:00,102,95,9705,9175,16451,15524,19410,19347,23623,24372,27510,28627,20213,23134,14724,18510,4216,7336,3080,3031,6266,6525,8143,9472,11303,13549,16732,18364,15099,17652,12373,15828,3995,6901,191439,125257,29243,16013,54922,20582,6447,23,26
2021-06-22T23:59:59+02:00,71,69,9414,8869,16222,15322,19224,19199,23479,24246,27439,28542,20190,23109,14716,18491,4212,7330,2846,2742,5780,5975,7519,8710,10394,12509,15707,17161,14804,17293,12266,15704,3982,6878,189754,118816,29036,15523,54918,19507,6415,21,21
2021-06-21T23:59:59+02:00,67,62,9287,8706,16048,15176,19036,19045,23348,24123,27378,28463,20166,23081,14711,18481,4212,7326,2701,2549,5397,5507,7053,8122,9663,11630,14975,16226,14526,16980,12159,15583,3977,6862,188555,114098,28812,14964,54915,18426,6413,21,21
2021-06-20T23:59:59+02:00,64,61,9149,8572,15912,15059,18924,18954,23274,24052,27338,28412,20155,23060,14700,18474,4209,7325,2643,2479,5226,5324,6838,7855,9355,11298,14608,15822,14391,16846,12119,15546,3972,6856,187657,112393,28692,14732,54915,17635,6409,21,21
2021-06-19T23:59:59+02:00,64,61,9148,8568,15910,15050,18922,18954,23272,24051,27338,28411,20155,23060,14700,18474,4209,7325,2640,2478,5225,5320,6837,7855,9355,11297,14606,15818,14389,16846,12119,15546,3972,6856,187638,112377,28690,14730,54914,17634,6409,21,21
2021-06-18T23:59:59+02:00,64,57,9119,8556,15896,15041,18908,18946,23265,24042,27331,28406,20155,23057,14699,18474,4209,7325,2611,2444,5170,5261,6759,7755,9256,11140,14434,15589,14310,16745,12108,15525,3970,6853,187518,111590,28689,14729,54913,17193,6409,21,21
2021-06-17T23:59:59+02:00,57,54,8944,8394,15661,14873,18710,18789,23109,23911,27195,28312,20131,23035,14692,18462,4207,7322,2474,2291,4843,4962,6372,7352,8706,10534,13603,14717,14073,16453,12035,15403,3966,6841,186188,108720,28684,13770,54905,16066,6060,21,21
2021-06-16T23:59:59+02:00,49,52,8714,8178,15425,14648,18498,18589,22919,23744,27089,28202,20102,22992,14678,18442,4203,7316,2360,2183,4601,4760,6018,7006,8180,10048,12885,13878,13723,16070,11950,15314,3961,6829,184400,105271,28585,12969,54902,15585,5932,21,21
2021-06-15T23:59:59+02:00,40,39,8366,7839,15046,14290,18176,18298,22670,23530,26930,28068,20072,22958,14665,18426,4201,7305,2176,2016,4249,4405,5509,6441,7299,9158,11691,12599,13183,15453,11828,15151,3946,6806,181792,99020,28549,12305,54900,14919,5657,21,21
2021-06-14T23:59:59+02:00,34,34,8185,7671,14790,14059,17973,18125,22519,23410,26818,27987,20051,22925,14652,18418,4197,7297,2061,1890,3994,4157,5121,5967,6643,8436,10764,11544,12866,15106,11756,15057,3936,6787,180212,94176,28525,11942,54898,14467,5489,21,21
2021-06-13T23:59:59+02:00,34,34,8108,7616,14709,13973,17856,18014,22438,23330,26788,27957,20038,22914,14648,18412,4197,7297,2013,1861,3911,4059,5001,5827,6411,8193,10470,11209,12709,14928,11698,15001,3935,6786,179454,92783,28516,11650,54894,14088,5478,21,21
2021-06-12T23:59:59+02:00,34,34,8107,7615,14708,13973,17856,18014,22436,23329,26787,27954,20038,22913,14648,18412,4197,7297,2012,1859,3910,4059,4999,5826,6408,8190,10467,11203,12706,14927,11698,14999,3935,6786,179443,92764,28516,11650,54894,14079,5478,21,21
2021-06-11T23:59:59+02:00,34,33,8041,7574,14618,13925,17781,17964,22366,23295,26743,27931,20036,22909,14648,18411,4197,7297,1996,1850,3874,4001,4957,5758,6347,8108,10368,11098,12667,14892,11687,14993,3935,6786,179105,92549,28438,11644,54893,13765,5346,21,21
2021-06-10T23:59:59+02:00,29,26,7699,7275,14222,13560,17352,17588,22037,23013,26548,27750,19992,22864,14635,18393,4194,7285,1891,1767,3657,3839,4684,5487,6027,7740,9751,10487,12151,14230,11618,14885,3927,6779,176505,89386,27942,11262,54880,13144,5114,21,20
2021-06-09T23:59:59+02:00,28,23,7328,6925,13756,13118,16835,17120,21645,22644,26334,27536,19919,22793,14617,18358,4191,7277,1721,1653,3457,3660,4429,5219,5641,7335,8974,9772,11484,13397,11499,14745,3917,6767,173247,85135,27393,10625,54867,12977,4919,21,20
2021-06-08T23:59:59+02:00,23,19,6950,6516,13242,12632,16366,16651,21288,22304,26118,27332,19861,22715,14586,18322,4188,7270,1629,1577,3234,3430,4109,4865,5133,6847,8088,8851,10601,12320,11356,14588,3913,6752,169824,79478,26905,10329,54858,12698,4775,21,19
2021-06-07T23:59:59+02:00,20,16,6670,6223,12812,12256,15966,16252,20961,22007,25956,27176,19824,22662,14565,18303,4181,7264,1567,1505,3044,3257,3832,4637,4733,6471,7374,8100,9693,11175,11245,14441,3902,6734,167257,74739,26478,9958,54838,12480,4520,21,19
2021-06-06T23:59:59+02:00,20,16,6528,6090,12669,12105,15803,16093,20796,21844,25870,27089,19804,22625,14554,18293,4180,7260,1552,1482,2971,3215,3736,4573,4626,6390,7232,7971,9436,10906,11199,14391,3899,6729,166026,74057,26374,9531,54817,12306,4401,21,19
2021-06-05T23:59:59+02:00,20,16,6519,6086,12657,12093,15794,16084,20793,21839,25870,27086,19804,22625,14554,18293,4180,7260,1550,1480,2968,3214,3735,4572,4623,6390,7227,7966,9430,10901,11199,14391,3899,6729,165971,74029,26363,9529,54817,12302,4401,21,19
2021-06-04T23:59:59+02:00,20,16,6488,6046,12599,12042,15734,16036,20765,21807,25851,27069,19800,22619,14551,18293,4180,7260,1549,1474,2955,3204,3716,4558,4613,6376,7191,7923,9398,10831,11161,14350,3898,6728,165876,73754,26103,9516,54793,12259,4383,21,19
2021-06-03T23:59:59+02:00,20,15,6254,5821,12300,11793,15412,15724,20432,21468,25595,26856,19754,22545,14531,18273,4179,7256,1507,1429,2883,3139,3619,4481,4501,6277,6990,7742,9021,10385,11109,14277,3898,6723,163391,72456,25856,9220,54791,12122,4169,21,19
2021-06-02T23:59:59+02:00,20,15,6192,5761,12234,11727,15338,15657,20360,21407,25578,26832,19750,22542,14528,18270,4178,7255,1493,1419,2866,3126,3602,4467,4466,6260,6957,7704,8941,10275,11100,14252,3897,6722,163047,72095,25670,9213,54790,12112,4116,21,16
2021-06-01T23:59:59+02:00,16,15,5733,5263,11491,11028,14512,14925,19642,20739,25167,26447,19659,22453,14494,18223,4170,7247,1380,1311,2566,2858,3224,4130,3977,5798,6129,6902,7754,8652,10856,13905,3883,6705,157996,66691,25015,8307,54762,11593,3430,21,14
2021-05-31T23:59:59+02:00,14,15,5483,4962,11045,10603,13983,14429,19162,20241,24861,26107,19565,22368,14455,18177,4161,7231,1320,1257,2413,2725,3022,3960,3696,5506,5573,6369,6743,7372,10612,13584,3874,6671,154517,62655,24320,7397,54758,11390,3246,21,14
2021-05-30T23:59:59+02:00,14,15,5403,4885,10862,10478,13819,14250,18814,19921,24618,25860,19534,22338,14447,18157,4160,7229,1299,1243,2388,2695,2975,3914,3628,5450,5470,6280,6571,7142,10575,13510,3872,6661,153021,61922,23818,7336,54731,11193,3213,21,14
2021-05-29T23:59:59+02:00,14,15,5401,4885,10862,10474,13815,14247,18814,19920,24617,25858,19534,22338,14447,18157,4160,7229,1298,1240,2387,2694,2973,3911,3628,5448,5469,6278,6566,7138,10575,13510,3872,6661,153005,61912,23818,7333,54730,11181,3213,21,14
2021-05-28T23:59:59+02:00,14,15,5384,4872,10840,10438,13789,14228,18797,19903,24609,25849,19533,22337,14445,18154,4160,7228,1293,1240,2387,2688,2972,3909,3622,5442,5455,6262,6550,7121,10566,13488,3871,6657,152819,61808,23816,7333,54728,11162,3211,21,14
2021-05-27T23:59:59+02:00,11,14,5091,4588,10322,9985,13203,13696,18107,19290,24028,25311,19434,22223,14412,18108,4149,7215,1124,1100,2105,2498,2672,3619,3327,5085,5125,5983,6251,6705,10338,13205,3866,6642,149564,59962,22820,7297,54622,10217,2160,21,13
2021-05-26T23:59:59+02:00,11,14,4826,4327,9883,9603,12682,13175,17494,18680,23394,24633,19310,22074,14365,18053,4143,7198,1043,1018,1945,2345,2472,3422,3065,4840,4736,5631,5694,6055,9968,12673,3850,6606,145447,56816,22064,7260,54500,9445,1833,21,13
2021-05-25T23:59:59+02:00,11,13,4611,4097,9468,9126,12221,12668,16957,18101,22871,23994,19178,21901,14334,17974,4134,7184,992,973,1883,2255,2361,3286,2893,4637,4390,5255,5114,5321,9520,12072,3834,6581,141390,53264,21231,7245,54370,9018,1831,21,13
2021-05-24T23:59:59+02:00,11,13,4497,3938,9256,8922,12016,12408,16655,17779,22542,23594,19102,21822,14319,17954,4132,7183,976,925,1823,2213,2288,3225,2807,4556,4269,5139,4969,5162,9429,11945,3832,6573,139885,52558,20269,7192,54191,8595,1777,21,13
2021-05-23T23:59:59+02:00,11,13,4486,3937,9250,8918,12004,12398,16644,17772,22526,23573,19096,21817,14318,17952,4132,7183,974,920,1821,2209,2285,3223,2801,4552,4262,5123,4961,5148,9422,11932,3831,6572,139776,52481,20266,7179,54190,8590,1777,21,13
2021-05-22T23:59:59+02:00,11,13,4481,3934,9247,8915,11996,12392,16641,17768,22524,23571,19096,21817,14318,17952,4132,7183,974,920,1820,2208,2283,3223,2800,4552,4262,5121,4959,5147,9421,11932,3831,6572,139749,52475,20266,7179,54178,8585,1777,21,13
2021-05-21T23:59:59+02:00,11,13,4448,3895,9179,8840,11923,12303,16550,17693,22460,23503,19076,21799,14314,17945,4132,7181,929,910,1787,2196,2252,3214,2769,4527,4214,5093,4934,5123,9408,11925,3830,6571,139092,52408,20266,7179,54159,8359,1727,21,13
2021-05-20T23:59:59+02:00,8,12,4191,3711,8734,8486,11440,11885,15881,17190,21877,22923,18891,21632,14283,17905,4127,7170,782,845,1530,2036,2008,3058,2527,4308,3963,4860,4777,4959,9293,11782,3822,6547,135689,51677,19891,7080,53743,7329,1002,21,13
2021-05-19T23:59:59+02:00,8,12,3944,3466,8235,8016,10859,11336,15209,16486,21199,22197,18690,21401,14242,17855,4121,7152,730,798,1470,1955,1931,2955,2461,4183,3821,4702,4602,4746,9090,11553,3802,6518,130270,50594,19707,6946,53446,6784,984,21,13
2021-05-18T23:59:59+02:00,7,11,3656,3199,7686,7477,10128,10636,14248,15550,20252,21139,18431,21118,14187,17795,4115,7130,676,750,1415,1869,1856,2845,2333,4043,3645,4500,4333,4454,8888,11304,3789,6491,123215,49365,19613,6746,53004,6159,912,21,13
2021-05-17T23:59:59+02:00,7,11,3465,2988,7224,7009,9620,10096,13517,14759,19565,20336,18245,20856,14140,17729,4105,7116,617,695,1334,1806,1782,2763,2224,3968,3508,4387,4085,4223,8745,11092,3776,6462,117962,48565,19371,6532,52538,5465,896,21,13
2021-05-16T23:59:59+02:00,7,10,3336,2914,7016,6831,9416,9881,13263,14524,19337,20107,18167,20777,14126,17710,4104,7110,604,650,1295,1757,1737,2702,2187,3875,3444,4304,3994,4122,8725,11065,3774,6460,116337,48421,19129,6365,52257,5008,892,21,13
2021-05-15T23:59:59+02:00,7,10,3335,2911,7010,6824,9414,9875,13259,14522,19334,20098,18165,20776,14126,17710,4104,7110,604,650,1293,1757,1734,2702,2185,3875,3443,4304,3992,4120,8725,11065,3774,6460,116294,48414,19129,6364,52255,5005,891,21,13
2021-05-14T23:59:59+02:00,7,10,3294,2867,6897,6681,9285,9738,13110,14340,19162,19963,18141,20751,14125,17702,4103,7107,582,637,1271,1737,1706,2681,2151,3849,3399,4266,3942,4066,8718,11058,3774,6459,115889,48375,18381,6214,52172,4878,820,21,13
2021-05-13T23:59:59+02:00,7,10,3170,2702,6571,6360,8847,9340,12563,13859,18557,19366,18011,20607,14092,17666,4098,7105,546,612,1215,1682,1648,2608,2063,3742,3250,4147,3838,3930,8697,11038,3771,6455,113011,48280,17684,5827,51563,4473,653,20,11
2021-05-12T23:59:59+02:00,7,10,3143,2670,6538,6322,8798,9286,12424,13746,18372,19162,17978,20573,14084,17656,4098,7105,545,610,1214,1680,1643,2605,2055,3736,3236,4139,3825,3916,8689,11032,3771,6454,112297,48254,17457,5800,51545,4434,653,20,11
2021-05-11T23:59:59+02:00,5,10,2751,2414,5736,5820,7830,8473,11032,12583,16802,17687,17472,20011,14002,17551,4080,7082,508,552,1086,1573,1479,2448,1868,3557,3015,3877,3718,3802,8620,10939,3767,6449,104893,48024,16835,5604,49469,3496,125,19,11
2021-05-10T23:59:59+02:00,5,8,2563,2245,5261,5439,7134,7848,9998,11666,15507,16315,17094,19560,13939,17437,4073,7058,481,526,1043,1534,1435,2397,1809,3455,2896,3746,3636,3729,8581,10892,3763,6445,99076,47909,15928,5375,48003,2952,124,19,10
2021-05-09T23:59:59+02:00,5,8,2479,2215,5123,5354,6946,7729,9590,11327,14961,15788,16976,19421,13919,17409,4070,7053,465,508,1010,1477,1364,2313,1751,3333,2784,3592,3551,3637,8558,10860,3760,6442,97500,47824,15343,5106,47389,2345,122,19,10
2021-05-08T23:59:59+02:00,5,8,2475,2214,5122,5354,6946,7727,9586,11324,14960,15787,16976,19421,13919,17409,4070,7053,464,507,1010,1477,1364,2312,1751,3333,2783,3591,3549,3637,8558,10860,3760,6442,97486,47820,15342,5106,47387,2342,122,19,10
2021-05-07T23:59:59+02:00,5,8,2303,2152,4849,5260,6584,7573,9137,11109,14516,15467,16799,19219,13907,17380,4070,7051,452,505,999,1466,1349,2297,1716,3323,2733,3556,3504,3597,8480,10779,3760,6439,96779,47797,14822,4758,45651,2274,118,19,10
2021-05-06T23:59:59+02:00,5,8,2066,2018,4298,4910,5932,7197,8368,10551,13539,14645,16403,18769,13858,17286,4058,7038,422,457,958,1366,1262,2134,1610,3099,2511,3273,3326,3397,8302,10588,3751,6426,94205,47357,13582,4153,43095,1315,49,18,10
2021-05-05T23:59:59+02:00,5,8,1941,1905,4011,4686,5499,6826,7677,9964,12423,13587,15727,17934,13755,17184,4049,7014,413,445,945,1339,1233,2091,1575,3023,2451,3189,3276,3357,8223,10490,3745,6416,89792,47226,12257,4005,42094,938,34,18,10
2021-05-04T23:59:59+02:00,5,8,1855,1820,3743,4450,5089,6467,7015,9390,11204,12343,14809,16807,13645,17047,4045,7000,408,436,926,1320,1214,2048,1557,2985,2407,3134,3233,3310,8134,10379,3739,6402,83980,47088,11619,3806,41106,710,20,17,10
2021-05-03T23:59:59+02:00,4,8,1802,1768,3593,4326,4856,6253,6631,9058,10475,11607,14085,15829,13559,16931,4036,6983,402,426,923,1307,1200,2015,1536,2944,2374,3088,3180,3270,8020,10277,3734,6396,79549,46962,11415,3585,40805,520,18,17,9
2021-05-02T23:59:59+02:00,4,8,1792,1749,3519,4301,4773,6201,6561,8997,10358,11492,13898,15635,13527,16904,4035,6978,400,418,917,1292,1197,1998,1533,2931,2358,3071,3165,3253,7984,10245,3733,6392,78992,46943,11138,3488,40571,435,14,17,9
2021-05-01T23:59:59+02:00,4,8,1789,1749,3518,4300,4773,6200,6558,8996,10353,11488,13895,15635,13526,16903,4035,6975,399,418,917,1292,1197,1997,1533,2931,2358,3071,3165,3253,7984,10245,3733,6391,78966,46940,11138,3488,40570,435,14,17,9
2021-04-30T23:59:59+02:00,4,8,1787,1743,3512,4290,4766,6187,6537,8981,10315,11450,13844,15561,13500,16872,4034,6974,399,416,916,1290,1197,1997,1533,2931,2356,3070,3165,3251,7983,10243,3733,6391,78638,46933,11138,3487,40560,431,13,16,9
2021-04-29T23:59:59+02:00,4,7,1659,1701,3269,4175,4489,6036,6222,8729,9901,11059,13264,14858,13396,16718,4028,6966,390,405,907,1269,1177,1963,1508,2894,2327,3022,3150,3239,7970,10225,3731,6387,75858,46817,10751,3485,39846,243,12,14,9
2021-04-28T23:59:59+02:00,4,7,1531,1653,3093,4075,4252,5858,5862,8457,9314,10569,12388,13677,13240,16509,4019,6952,381,395,891,1257,1161,1934,1472,2850,2257,2953,2998,3106,7858,10109,3724,6376,71364,46403,10564,3073,39508,229,10,14,9
2021-04-27T23:59:59+02:00,4,7,1492,1608,2983,3957,4048,5715,5555,8198,8694,9898,11349,12370,13011,16153,4008,6930,369,380,882,1236,1146,1899,1445,2778,2211,2892,2959,3063,7831,10079,3718,6372,66558,46193,10376,2901,39023,149,10,13,9
2021-04-26T23:59:59+02:00,4,7,1465,1575,2869,3880,3875,5571,5244,7984,8204,9457,10593,11444,12867,15949,3997,6912,368,375,872,1225,1130,1888,1415,2758,2184,2862,2910,3013,7785,10030,3712,6367,63144,46096,10186,2653,38544,128,10,13,9
2021-04-25T23:59:59+02:00,4,7,1454,1569,2802,3850,3780,5511,5109,7937,8008,9351,10397,11209,12830,15895,3996,6907,367,370,863,1218,1112,1874,1400,2739,2161,2835,2868,2980,7736,9982,3711,6362,62640,46016,9983,2443,37970,102,10,13,9
2021-04-24T23:59:59+02:00,4,7,1453,1569,2802,3849,3779,5510,5107,7935,8004,9347,10391,11206,12830,15895,3996,6907,367,370,863,1218,1112,1871,1398,2738,2160,2835,2868,2980,7736,9982,3711,6362,62616,46011,9983,2442,37969,101,10,13,9
2021-04-23T23:59:59+02:00,4,7,1437,1559,2734,3815,3697,5480,4989,7887,7870,9287,10305,11096,12806,15854,3994,6903,366,370,862,1215,1112,1871,1397,2738,2160,2835,2868,2980,7735,9982,3711,6362,62486,46006,9703,2441,37512,100,10,13,9
2021-04-22T23:59:59+02:00,4,7,1394,1530,2627,3748,3538,5376,4757,7733,7518,9052,9736,10404,12540,15555,3988,6880,359,369,853,1205,1101,1859,1383,2712,2132,2814,2830,2944,7646,9875,3700,6346,60870,45601,9043,2421,36451,89,10,13,9
2021-04-21T23:59:59+02:00,4,7,1360,1492,2545,3670,3420,5273,4540,7552,7108,8724,8849,9372,12129,14977,3975,6839,355,367,848,1188,1092,1838,1365,2682,2102,2786,2771,2887,7532,9710,3683,6318,58145,45121,8174,2297,35494,89,10,13,9
2021-04-20T23:59:59+02:00,4,7,1337,1466,2475,3596,3318,5175,4365,7370,6722,8393,7957,8244,11667,14386,3961,6825,350,362,836,1175,1083,1816,1341,2659,2069,2742,2710,2830,7383,9526,3652,6265,55289,44407,7409,2292,34549,84,9,12,9
2021-04-19T23:59:59+02:00,4,7,1321,1451,2437,3558,3257,5108,4259,7268,6482,8161,7324,7470,11415,14031,3951,6807,348,360,832,1165,1077,1804,1318,2646,2035,2717,2656,2786,7268,9361,3629,6226,53345,43852,7037,2279,33908,81,9,12,9
2021-04-18T23:59:59+02:00,4,6,1311,1439,2405,3532,3218,5087,4206,7211,6347,8032,6971,7082,11321,13927,3948,6795,348,359,830,1161,1076,1797,1316,2633,2029,2712,2650,2773,7242,9329,3627,6223,52830,43731,6578,2277,33413,81,9,12,9
2021-04-17T23:59:59+02:00,4,6,1310,1437,2405,3531,3217,5083,4201,7208,6340,8022,6957,7072,11319,13925,3948,6795,348,359,829,1160,1076,1797,1314,2632,2028,2710,2647,2771,7241,9329,3627,6223,52808,43718,6576,2276,33375,81,9,12,9
2021-04-16T23:59:59+02:00,4,6,1307,1436,2395,3524,3209,5075,4180,7190,6289,7989,6881,6987,11307,13911,3946,6793,348,358,826,1158,1074,1797,1312,2631,2025,2710,2646,2764,7238,9327,3626,6223,52750,43695,6340,2271,33318,81,9,12,9
2021-04-15T23:59:59+02:00,2,4,1270,1415,2340,3475,3113,5016,4020,7062,6033,7757,6337,6429,11059,13622,3932,6761,340,356,807,1137,1035,1738,1267,2559,1951,2615,2568,2695,7150,9240,3616,6206,51663,43106,5952,2085,32011,75,9,12,7
2021-04-14T23:59:59+02:00,2,4,1248,1402,2305,3447,3044,4954,3913,6956,5842,7548,5694,5726,10670,13137,3900,6711,332,353,795,1128,1018,1712,1237,2518,1900,2565,2491,2626,7002,9045,3597,6180,50262,42446,5745,1965,30476,75,8,12,7
2021-04-13T23:59:59+02:00,2,4,1234,1392,2273,3417,2988,4891,3803,6874,5593,7326,5161,5180,10329,12724,3877,6683,311,339,777,1100,995,1691,1212,2483,1864,2524,2425,2560,6884,8909,3561,6119,49246,41761,5540,1908,28945,72,8,12,7
2021-04-12T23:59:59+02:00,2,4,1218,1386,2247,3394,2938,4846,3676,6794,5383,7176,4833,4885,10080,12443,3868,6660,295,335,763,1096,978,1675,1198,2460,1814,2477,2348,2502,6770,8768,3546,6097,48782,41186,5342,1860,27692,65,6,11,7
2021-04-11T23:59:59+02:00,2,4,1211,1372,2227,3374,2905,4826,3614,6723,5238,7067,4602,4686,9895,12245,3863,6649,288,333,758,1088,968,1661,1187,2432,1792,2447,2294,2443,6687,8660,3532,6077,48698,40771,5106,1802,26685,64,5,9,7
2021-04-10T23:59:59+02:00,2,4,1211,1371,2224,3370,2903,4822,3608,6720,5228,7055,4597,4677,9887,12232,3863,6648,285,329,743,1081,955,1656,1164,2412,1722,2395,2211,2357,6630,8613,3531,6073,48643,40605,5105,1481,26660,61,5,9,7
2021-04-09T23:59:59+02:00,2,4,1208,1368,2217,3368,2895,4813,3599,6709,5198,7031,4573,4650,9861,12202,3862,6648,276,326,723,1071,940,1635,1131,2365,1631,2320,1992,2088,6476,8455,3509,6040,48568,39752,5100,1155,26526,61,5,9,7
2021-04-08T23:59:59+02:00,2,4,1183,1348,2162,3312,2810,4723,3459,6579,4962,6798,4184,4242,9319,11631,3844,6595,251,306,671,1010,882,1563,1058,2268,1497,2200,1717,1752,6016,7897,3422,5897,48109,37195,4574,1152,24460,50,5,9,7
2021-04-07T23:59:59+02:00,2,4,1173,1334,2130,3295,2767,4685,3370,6517,4798,6663,3891,3942,8758,11081,3827,6565,217,276,611,955,821,1492,999,2207,1392,2101,1577,1577,5419,7202,3332,5744,47904,34718,4101,1147,22785,49,3,9,7
2021-04-06T23:59:59+02:00,2,4,1152,1317,2087,3270,2728,4653,3305,6470,4671,6571,3640,3688,8269,10571,3811,6535,210,270,583,936,796,1444,955,2150,1310,2014,1433,1390,4843,6412,3222,5539,47708,32314,3565,1139,21459,46,3,9,7
2021-04-05T23:59:59+02:00,2,4,1149,1312,2083,3267,2718,4651,3291,6456,4649,6553,3608,3661,8241,10534,3807,6533,207,257,576,920,777,1420,939,2114,1270,1974,1386,1327,4629,6142,3174,5484,47622,31405,3559,1137,21326,46,3,9,7
2021-04-04T23:59:59+02:00,2,4,1149,1312,2083,3266,2718,4650,3291,6456,4648,6552,3604,3659,8239,10532,3807,6533,207,257,575,920,777,1420,939,2114,1270,1973,1386,1327,4628,6142,3174,5484,47616,31402,3559,1137,21318,46,3,9,7
2021-04-03T23:59:59+02:00,2,4,1149,1312,2082,3266,2718,4650,3291,6456,4648,6552,3603,3657,8239,10530,3807,6533,207,257,575,919,777,1420,939,2114,1270,1973,1386,1327,4628,6142,3174,5484,47614,31401,3558,1137,21315,46,3,9,7
2021-04-02T23:59:59+02:00,2,4,1149,1312,2082,3264,2718,4649,3291,6453,4648,6550,3601,3653,8237,10529,3807,6533,207,257,575,919,777,1418,939,2114,1270,1972,1386,1325,4626,6141,3173,5484,47598,31393,3558,1136,21314,46,3,9,7
2021-04-01T23:59:59+02:00,1,4,1136,1275,2017,3142,2610,4450,3143,6204,4490,6311,3557,3617,8139,10424,3797,6517,202,248,571,911,766,1412,929,2100,1247,1956,1365,1298,4387,5822,3055,5319,47232,30409,3553,1132,20037,39,3,9,7
2021-03-31T23:59:59+02:00,1,4,1118,1243,1978,3041,2534,4307,3053,5991,4361,6082,3475,3535,7988,10226,3778,6483,194,245,564,899,762,1394,917,2080,1206,1922,1309,1235,3901,5227,2928,5086,46632,28693,3426,1132,19128,38,3,9,5
2021-03-30T23:59:59+02:00,1,3,1096,1209,1929,2860,2432,4081,2902,5633,4159,5694,3382,3441,7824,10023,3752,6432,190,240,556,888,751,1372,895,2060,1158,1877,1224,1151,3380,4517,2706,4754,46000,26552,3264,1132,17577,29,3,9,5
2021-03-29T23:59:59+02:00,1,3,1079,1165,1868,2725,2348,3922,2764,5379,3997,5421,3285,3342,7664,9795,3723,6385,189,235,550,877,741,1358,878,2036,1123,1849,1150,1064,2802,3840,2527,4460,45359,24528,3036,1127,16460,19,2,9,5
2021-03-28T23:59:59+02:00,1,3,1060,1132,1796,2560,2264,3716,2643,5079,3845,5144,3220,3277,7599,9730,3719,6379,189,235,548,874,740,1356,876,2030,1120,1846,1140,1052,2747,3772,2514,4433,45252,24331,2825,1124,15079,14,2,9,3
2021-03-27T23:59:59+01:00,1,3,1060,1132,1796,2559,2263,3715,2640,5079,3842,5144,3216,3277,7598,9730,3719,6379,189,235,547,874,740,1356,875,2030,1117,1846,1140,1052,2747,3772,2514,4433,45243,24326,2825,1124,15074,14,2,9,3
2021-03-26T23:59:59+01:00,1,3,1056,1110,1753,2444,2199,3557,2578,4868,3756,4920,3195,3260,7595,9725,3718,6378,189,234,546,874,739,1356,875,2030,1117,1843,1136,1051,2744,3764,2513,4430,45217,24302,2822,1124,14066,12,2,9,3
2021-03-25T23:59:59+01:00,1,3,1030,1078,1702,2341,2115,3389,2472,4640,3644,4723,3094,3169,7468,9594,3711,6364,187,231,541,872,732,1346,869,2013,1101,1819,1090,1007,2518,3417,2316,4138,44962,23059,2489,1124,13078,12,1,8,3
2021-03-24T23:59:59+01:00,1,3,1008,1058,1682,2299,2084,3339,2437,4573,3600,4654,3007,3100,7341,9425,3694,6345,187,227,535,868,725,1336,858,1998,1082,1798,1050,965,2134,2874,1927,3628,44429,21056,2361,1122,12851,12,1,8,3
2021-03-23T23:59:59+01:00,1,3,998,1052,1664,2267,2061,3305,2401,4529,3560,4603,2940,3027,7248,9324,3676,6317,185,224,531,863,718,1324,844,1979,1045,1768,969,875,1773,2385,1585,3165,43916,19131,2351,1088,12701,12,1,7,3
2021-03-22T23:59:59+01:00,1,3,995,1044,1649,2251,2047,3287,2379,4501,3523,4562,2896,2993,7186,9254,3661,6300,182,221,530,852,702,1301,830,1965,1016,1741,923,804,1304,1813,1239,2683,43581,17058,2331,1034,12612,12,1,7,3
2021-03-21T23:59:59+01:00,1,3,995,1044,1648,2248,2047,3286,2375,4497,3512,4555,2883,2984,7138,9198,3655,6294,182,218,529,850,701,1297,828,1961,1005,1736,900,785,1228,1728,1186,2614,43436,16757,2328,977,12591,12,1,7,3
2021-03-20T23:59:59+01:00,1,3,994,1043,1647,2247,2047,3286,2375,4497,3510,4553,2883,2983,7138,9197,3655,6294,182,218,529,850,701,1297,828,1961,993,1723,865,757,1198,1705,1177,2612,43435,16754,2324,828,12586,12,1,7,3
2021-03-19T23:59:59+01:00,1,3,993,1035,1640,2235,2036,3282,2373,4491,3503,4546,2873,2972,7125,9179,3654,6291,182,216,528,850,701,1295,828,1960,986,1718,821,720,1141,1655,1167,2602,43372,16711,2319,645,12533,12,1,7,3
2021-03-18T23:59:59+01:00,1,3,954,1003,1566,2124,1913,3115,2225,4245,3276,4295,2721,2814,6823,8814,3588,6192,181,215,523,845,694,1288,819,1949,964,1702,803,698,1066,1548,1027,2403,41979,16143,2010,568,11675,12,1,7,3
2021-03-17T23:59:59+01:00,1,3,900,970,1495,2067,1850,3049,2160,4183,3181,4199,2587,2681,6398,8323,3524,6078,180,213,520,840,692,1284,815,1944,959,1695,774,679,931,1395,871,2191,40214,15402,2007,567,11420,12,1,7,3
2021-03-16T23:59:59+01:00,1,3,875,947,1462,2027,1811,3000,2107,4128,3087,4101,2453,2522,5928,7677,3436,5928,174,210,515,839,688,1277,810,1935,952,1682,769,666,844,1269,729,2027,38230,14803,1948,567,11307,12,1,7,3
2021-03-15T23:59:59+01:00,1,3,858,940,1444,2005,1773,2945,2069,4056,2987,3992,2321,2353,5445,7135,3364,5814,173,209,515,832,686,1268,806,1925,942,1666,758,656,774,1158,581,1830,36466,14235,1852,529,11180,12,0,7,3
2021-03-14T23:59:59+01:00,1,3,853,926,1419,1976,1749,2916,2038,3996,2924,3926,2143,2158,5260,6909,3332,5783,173,209,514,829,684,1257,805,1918,939,1656,740,647,758,1139,557,1775,35444,14090,1754,504,11107,3,0,7,3
2021-03-13T23:59:59+01:00,1,3,845,919,1398,1964,1733,2903,2013,3968,2852,3878,2074,2084,5213,6856,3330,5782,173,209,514,828,684,1257,805,1918,939,1656,739,647,758,1137,557,1775,35193,14086,1515,504,11101,3,0,7,3
2021-03-12T23:59:59+01:00,1,3,821,904,1354,1907,1671,2804,1916,3816,2695,3711,1877,1847,5029,6634,3300,5739,173,209,513,828,684,1257,804,1918,939,1655,731,644,745,1122,549,1772,33868,14034,1276,503,10878,3,0,7,3
2021-03-11T23:59:59+01:00,1,3,786,845,1285,1824,1587,2657,1832,3615,2533,3539,1614,1538,4664,6165,3167,5558,164,203,507,819,674,1248,789,1882,919,1614,603,583,677,1081,529,1741,31762,13536,1181,493,10263,2,0,7,2
2021-03-10T23:59:59+01:00,1,3,770,794,1262,1766,1554,2598,1782,3544,2452,3450,1542,1449,4198,5626,3049,5308,164,201,498,797,655,1235,780,1862,912,1598,534,568,644,1072,522,1735,29956,13384,1174,389,10011,2,0,7,2
2021-03-09T23:59:59+01:00,1,3,758,771,1242,1735,1526,2552,1742,3493,2379,3398,1450,1351,3638,4877,2865,5003,162,199,493,776,645,1211,766,1830,900,1570,530,566,642,1067,519,1729,27794,13324,1171,277,9812,2,0,7,2
2021-03-08T23:59:59+01:00,0,3,754,743,1229,1716,1509,2532,1716,3457,2340,3355,1358,1251,2970,4049,2629,4634,158,196,479,752,623,1178,747,1780,876,1533,526,564,642,1066,519,1729,25346,13316,1171,50,9721,0,0,7,2
2021-03-07T23:59:59+01:00,0,3,751,739,1221,1707,1501,2518,1705,3449,2329,3347,1345,1235,2868,3929,2606,4584,158,196,479,752,623,1178,747,1780,876,1533,526,564,642,1066,519,1729,24994,13316,1169,50,9667,0,0,7,2
2021-03-06T23:59:59+01:00,0,3,750,739,1220,1705,1498,2515,1701,3446,2325,3346,1342,1235,2868,3929,2606,4584,157,196,479,752,623,1178,747,1780,876,1533,526,564,642,1066,519,1729,24989,13315,1169,50,9647,0,0,7,2
2021-03-05T23:59:59+01:00,0,3,685,713,1194,1691,1477,2506,1676,3431,2296,3337,1337,1232,2860,3921,2603,4579,157,196,479,751,623,1177,747,1780,876,1531,525,564,642,1066,519,1729,24959,13310,1165,50,9410,0,0,7,2
2021-03-04T23:59:59+01:00,0,3,619,665,1127,1621,1420,2424,1635,3352,2222,3260,1287,1184,2644,3557,2420,4292,155,190,476,737,612,1165,736,1752,867,1518,515,553,630,1056,514,1720,23742,13145,1158,49,8825,0,0,7,2
2021-03-03T23:59:59+01:00,0,3,583,626,1059,1557,1323,2342,1535,3266,2097,3176,1242,1139,2277,3038,2067,3848,155,190,474,734,612,1165,735,1750,865,1517,513,551,628,1053,514,1718,21887,13124,1157,48,8129,0,0,5,2
2021-03-02T23:59:59+01:00,0,3,565,593,1021,1511,1267,2299,1478,3214,2001,3115,1159,1038,1913,2559,1679,3327,153,188,469,728,607,1154,725,1740,860,1496,504,542,617,1032,495,1688,19828,12948,1154,48,7755,0,0,5,2
2021-03-01T23:59:59+01:00,0,3,558,545,1003,1472,1221,2238,1432,3149,1946,3042,1115,964,1421,1965,1305,2791,151,188,469,728,607,1153,725,1737,859,1496,502,542,614,1023,491,1677,17567,12912,1151,48,7447,0,0,5,2
2021-02-28T23:59:59+01:00,0,3,551,531,986,1433,1195,2176,1404,3091,1891,2969,1094,942,1307,1824,1232,2702,151,188,468,727,607,1153,724,1735,858,1495,500,542,614,1023,491,1677,17088,12903,1148,48,7090,0,0,5,2
2021-02-27T23:59:59+01:00,0,3,551,529,985,1433,1195,2175,1404,3090,1891,2968,1094,942,1307,1823,1230,2702,151,188,467,726,604,1151,722,1733,856,1494,500,542,614,1023,491,1677,17085,12903,1148,34,7084,0,0,5,2
2021-02-26T23:59:59+01:00,0,3,400,477,854,1389,1112,2132,1337,3049,1832,2926,1089,935,1304,1822,1230,2701,151,188,467,726,604,1151,722,1732,856,1493,500,542,614,1023,491,1677,17074,12902,1148,33,6365,0,0,5,2
2021-02-25T23:59:59+01:00,0,3,308,423,759,1295,1028,2043,1238,2876,1693,2764,1051,903,1223,1700,1117,2513,144,178,455,713,588,1126,715,1707,836,1469,488,528,586,992,477,1658,16488,12635,1148,23,5296,0,0,5,2
2021-02-24T23:59:59+01:00,0,2,259,378,687,1220,954,1954,1184,2758,1628,2646,1024,883,1100,1555,961,2300,142,178,452,710,584,1125,714,1702,835,1465,483,523,578,987,474,1646,15782,12576,1146,20,4560,0,0,5,2
2021-02-23T23:59:59+01:00,0,2,247,357,665,1163,926,1875,1137,2646,1553,2537,999,855,1023,1427,824,2142,142,177,452,708,584,1125,714,1699,833,1464,482,520,576,986,474,1645,15234,12565,1115,15,4024,0,0,5,1
2021-02-22T23:59:59+01:00,0,0,233,338,642,1133,894,1792,1087,2554,1469,2414,954,826,905,1284,643,1890,142,177,451,707,582,1124,712,1699,827,1462,481,519,575,984,473,1643,14493,12553,1046,4,3514,0,0,5,1
2021-02-21T23:59:59+01:00,0,0,227,327,607,1066,844,1686,1044,2453,1390,2307,937,805,874,1233,591,1826,142,176,448,700,581,1120,712,1694,827,1461,480,519,574,984,472,1642,14287,12527,1006,4,2919,0,0,5,1
2021-02-20T23:59:59+01:00,0,0,227,324,604,1065,842,1681,1041,2448,1377,2290,901,776,843,1210,583,1824,142,176,448,700,581,1120,712,1694,827,1461,480,518,573,984,472,1642,14287,12526,852,4,2892,0,0,5,0
2021-02-19T23:59:59+01:00,0,0,217,316,594,1057,829,1666,1020,2431,1344,2247,658,674,706,1148,558,1807,142,176,448,699,581,1117,711,1692,824,1458,480,517,573,983,471,1642,13811,12511,672,3,2784,0,0,5,0
2021-02-18T23:59:59+01:00,0,0,200,266,555,936,745,1439,889,2172,1096,1871,579,606,668,1108,539,1790,137,176,435,687,566,1100,705,1666,808,1430,477,514,572,981,471,1642,13655,12364,576,3,1224,0,0,4,0
2021-02-17T23:59:59+01:00,0,0,195,228,535,887,708,1342,831,2005,1011,1739,557,586,668,1105,537,1787,130,174,424,677,558,1084,686,1635,795,1407,474,512,570,978,471,1641,13638,12213,576,3,503,0,0,4,0
2021-02-16T23:59:59+01:00,0,0,189,225,528,872,692,1311,812,1966,978,1699,545,581,662,1103,536,1785,125,169,410,671,547,1068,674,1617,786,1393,467,507,563,965,465,1611,13610,12036,576,2,294,0,0,4,0
2021-02-15T23:59:59+01:00,0,0,174,216,522,845,686,1277,798,1931,949,1652,544,578,660,1103,536,1785,122,168,403,661,537,1049,645,1590,772,1375,465,504,563,965,465,1611,13607,11893,537,2,108,0,0,4,0
2021-02-14T23:59:59+01:00,0,0,169,208,519,833,685,1268,795,1922,931,1643,543,577,660,1100,535,1785,115,165,392,650,520,1031,627,1576,765,1363,465,502,561,963,465,1611,13601,11769,535,2,33,0,0,4,0
2021-02-13T23:59:59+01:00,0,0,168,208,518,833,685,1268,795,1922,931,1643,543,577,660,1100,535,1785,115,165,391,649,520,1031,627,1576,765,1363,465,502,561,963,465,1611,13600,11767,535,2,32,0,0,4,0
2021-02-12T23:59:59+01:00,0,0,167,207,514,832,684,1265,791,1921,929,1640,542,577,660,1100,535,1785,111,163,388,643,516,1025,613,1561,762,1346,463,501,550,943,462,1586,13593,11631,534,2,18,0,0,4,0
2021-02-11T23:59:59+01:00,0,0,165,206,510,825,677,1261,789,1918,923,1638,537,571,653,1094,530,1779,91,127,359,572,470,946,562,1443,718,1252,438,456,509,889,420,1492,13542,10743,522,1,8,0,0,4,0
2021-02-10T23:59:59+01:00,0,0,162,204,500,808,661,1246,777,1891,908,1614,529,565,643,1082,525,1769,81,115,331,513,443,839,520,1268,644,1096,391,406,443,777,374,1337,13419,9577,460,1,1,0,0,4,0
2021-02-09T23:59:59+01:00,0,0,161,197,492,769,645,1207,757,1830,897,1572,517,553,637,1068,517,1753,76,99,312,447,408,755,480,1164,579,996,361,352,404,692,344,1224,13310,8693,258,0,0,0,0,4,0
2021-02-08T23:59:59+01:00,0,0,157,193,475,744,622,1172,737,1780,877,1528,511,552,635,1062,513,1740,63,73,267,378,359,619,420,935,507,817,304,297,341,544,289,1033,13243,7246,51,0,0,0,0,4,0
2021-02-07T23:59:59+01:00,0,0,157,192,473,743,620,1171,736,1772,875,1526,510,552,635,1062,513,1739,62,65,249,343,340,575,404,903,488,782,303,289,339,537,287,1030,13221,6996,51,0,0,0,0,4,0
2021-02-06T23:59:59+01:00,0,0,157,192,473,743,620,1171,736,1772,875,1526,510,552,635,1062,513,1739,62,65,249,343,340,575,404,902,486,780,303,288,338,535,286,1030,13221,6986,51,0,0,0,0,4,0
2021-02-05T23:59:59+01:00,0,0,157,192,473,743,620,1171,736,1772,875,1525,510,552,635,1062,513,1739,60,65,247,341,333,571,396,880,477,760,293,283,328,513,271,994,13220,6812,51,0,0,0,0,4,0
2021-02-04T23:59:59+01:00,0,0,151,187,469,735,613,1163,732,1758,869,1516,503,545,614,1037,504,1721,44,50,213,308,292,475,354,739,385,614,229,216,245,353,202,736,13063,5455,50,0,0,0,0,4,0
2021-02-03T23:59:59+01:00,0,0,149,186,463,729,605,1154,728,1746,860,1500,494,537,601,1024,497,1713,36,32,157,217,238,348,265,564,310,465,180,170,172,264,154,555,12933,4127,49,0,0,0,0,4,0
2021-02-02T23:59:59+01:00,0,0,149,183,461,728,605,1154,725,1740,853,1496,493,535,597,1021,496,1709,27,26,138,170,193,279,221,428,258,374,140,131,130,199,119,437,12893,3270,49,0,0,0,0,3,0
2021-02-01T23:59:59+01:00,0,0,147,183,460,727,600,1151,724,1732,851,1491,492,533,592,1018,495,1703,22,19,101,125,137,188,154,299,169,259,89,94,88,126,65,238,12847,2173,49,0,0,0,0,3,0
2021-01-31T23:59:59+01:00,0,0,147,183,460,724,597,1150,724,1728,851,1490,490,532,591,1016,495,1702,16,15,67,84,95,123,117,222,142,203,84,87,84,118,63,225,12829,1745,49,0,0,0,0,2,0
2021-01-30T23:59:59+01:00,0,0,147,183,459,724,595,1148,723,1727,851,1490,490,532,590,1016,495,1702,16,15,67,84,95,121,115,218,139,200,83,86,84,112,57,215,12828,1707,42,0,0,0,0,2,0
2021-01-29T23:59:59+01:00,0,0,147,183,459,722,594,1145,721,1725,849,1489,490,532,590,1016,495,1702,14,15,55,79,78,117,97,207,116,188,78,79,83,108,56,214,12823,1584,34,0,0,0,0,2,0
2021-01-28T23:59:59+01:00,0,0,140,179,446,705,577,1119,715,1698,826,1460,483,526,587,1013,492,1699,9,3,12,19,24,45,30,95,48,88,45,50,54,78,41,159,12637,800,26,0,0,0,0,2,0
2021-01-27T23:59:59+01:00,0,0,133,177,435,695,569,1110,699,1664,819,1436,480,524,583,1008,492,1694,5,1,4,11,10,23,13,40,23,30,12,17,24,31,18,49,12492,311,24,0,0,0,0,2,0
2021-01-26T23:59:59+01:00,0,0,127,173,421,682,556,1096,690,1641,808,1415,474,519,577,991,485,1660,5,1,4,10,7,21,11,37,17,27,12,15,23,30,18,48,12298,286,15,0,0,0,0,2,0
2021-01-25T23:59:59+01:00,0,0,124,171,412,670,545,1077,662,1613,790,1398,472,515,575,990,485,1660,4,1,3,9,7,16,6,28,12,21,9,6,13,19,9,30,12153,193,4,0,0,0,0,2,0
2021-01-24T23:59:59+01:00,0,0,117,168,402,660,531,1059,645,1600,777,1387,471,512,574,990,485,1660,3,0,1,6,7,4,4,7,5,8,1,2,11,12,6,17,12032,94,4,0,0,0,0,2,0
2021-01-23T23:59:59+01:00,0,0,117,168,402,659,531,1059,645,1600,777,1387,471,512,574,990,485,1660,2,0,1,6,7,4,4,7,5,8,1,2,11,12,6,17,12031,93,4,0,0,0,0,2,0
2021-01-22T23:59:59+01:00,0,0,113,166,395,653,528,1053,631,1585,771,1369,470,508,563,969,480,1634,2,0,1,6,7,4,4,7,5,8,1,2,11,12,6,17,11885,93,3,0,0,0,0,0,0
2021-01-21T23:59:59+01:00,0,0,101,158,380,635,505,1020,601,1535,749,1327,454,470,530,925,446,1569,2,0,1,6,7,4,4,7,5,8,1,2,11,12,6,17,11402,93,3,0,0,0,0,0,0
2021-01-20T23:59:59+01:00,0,0,82,116,346,546,461,880,543,1301,661,1140,396,411,447,790,387,1357,2,0,1,5,7,4,4,7,5,8,1,2,11,12,6,17,9861,92,3,0,0,0,0,0,0
2021-01-19T23:59:59+01:00,0,0,77,104,317,470,421,791,503,1187,609,1037,373,374,412,712,358,1268,2,0,1,3,7,4,4,7,5,8,1,0,8,8,5,15,9010,78,3,0,0,0,0,0,0
2021-01-18T23:59:59+01:00,0,0,63,74,272,383,366,641,429,955,516,840,307,307,347,564,305,1080,2,0,1,3,7,4,4,7,5,8,1,0,8,8,5,15,7447,78,2,0,0,0,0,0,0
2021-01-17T23:59:59+01:00,0,0,62,65,253,348,344,589,410,913,493,801,304,298,346,557,302,1073,0,0,0,0,0,0,0,0,0,0,0,0,0,0,0,0,7156,0,2,0,0,0,0,0,0
2021-01-16T23:59:59+01:00,0,0,62,65,253,348,344,589,410,912,491,799,304,297,344,553,301,1073,0,0,0,0,0,0,0,0,0,0,0,0,0,0,0,0,7143,0,2,0,0,0,0,0,0
2021-01-15T23:59:59+01:00,0,0,60,65,252,345,338,583,399,889,480,774,290,291,327,526,280,1035,0,0,0,0,0,0,0,0,0,0,0,0,0,0,0,0,6932,0,2,0,0,0,0,0,0
2021-01-14T23:59:59+01:00,0,0,46,52,238,322,314,508,365,764,393,628,228,219,244,355,205,752,0,0,0,0,0,0,0,0,0,0,0,0,0,0,0,0,5633,0,0,0,0,0,0,0,0
2021-01-13T23:59:59+01:00,0,0,40,42,213,266,273,409,300,614,322,502,177,176,175,270,163,588,0,0,0,0,0,0,0,0,0,0,0,0,0,0,0,0,4530,0,0,0,0,0,0,0,0
2021-01-12T23:59:59+01:00,0,0,36,40,208,251,259,377,277,534,290,456,141,135,136,207,126,459,0,0,0,0,0,0,0,0,0,0,0,0,0,0,0,0,3932,0,0,0,0,0,0,0,0
2021-01-11T23:59:59+01:00,0,0,30,36,197,230,240,325,229,445,240,382,110,106,102,134,74,292,0,0,0,0,0,0,0,0,0,0,0,0,0,0,0,0,3172,0,0,0,0,0,0,0,0
2021-01-10T23:59:59+01:00,0,0,28,31,159,168,197,250,191,349,198,305,98,99,99,129,72,278,0,0,0,0,0,0,0,0,0,0,0,0,0,0,0,0,2651,0,0,0,0,0,0,0,0
2021-01-09T23:59:59+01:00,0,0,28,31,152,164,195,242,187,342,196,300,98,99,99,129,72,278,0,0,0,0,0,0,0,0,0,0,0,0,0,0,0,0,2612,0,0,0,0,0,0,0,0
2021-01-08T23:59:59+01:00,0,0,25,28,121,141,174,229,162,313,168,279,93,89,98,125,71,277,0,0,0,0,0,0,0,0,0,0,0,0,0,0,0,0,2393,0,0,0,0,0,0,0,0
2021-01-07T23:59:59+01:00,0,0,10,3,16,24,32,55,37,105,61,112,48,51,61,85,45,188,0,0,0,0,0,0,0,0,0,0,0,0,0,0,0,0,933,0,0,0,0,0,0,0,0
2021-01-06T23:59:59+01:00,0,0,5,1,5,11,10,22,13,39,20,31,13,14,26,35,19,56,0,0,0,0,0,0,0,0,0,0,0,0,0,0,0,0,320,0,0,0,0,0,0,0,0
2021-01-05T23:59:59+01:00,0,0,4,1,4,9,9,18,10,31,15,26,10,14,23,30,18,50,0,0,0,0,0,0,0,0,0,0,0,0,0,0,0,0,272,0,0,0,0,0,0,0,0
2021-01-04T23:59:59+01:00,0,0,3,1,2,7,9,10,4,15,8,16,5,3,12,16,7,27,0,0,0,0,0,0,0,0,0,0,0,0,0,0,0,0,145,0,0,0,0,0,0,0,0
2021-01-03T23:59:59+01:00,0,0,3,0,1,6,8,4,4,7,5,9,1,2,12,12,6,17,0,0,0,0,0,0,0,0,0,0,0,0,0,0,0,0,97,0,0,0,0,0,0,0,0
2021-01-02T23:59:59+01:00,0,0,3,0,1,6,8,4,4,7,5,9,1,2,12,12,6,17,0,0,0,0,0,0,0,0,0,0,0,0,0,0,0,0,97,0,0,0,0,0,0,0,0
2021-01-01T23:59:59+01:00,0,0,2,0,1,6,8,4,4,7,5,9,1,2,12,12,6,17,0,0,0,0,0,0,0,0,0,0,0,0,0,0,0,0,96,0,0,0,0,0,0,0,0
2020-12-31T23:59:59+01:00,0,0,2,0,1,5,8,4,4,7,5,9,1,2,12,12,6,17,0,0,0,0,0,0,0,0,0,0,0,0,0,0,0,0,95,0,0,0,0,0,0,0,0
2020-12-30T23:59:59+01:00,0,0,2,0,1,5,8,4,4,7,5,9,1,2,12,12,6,17,0,0,0,0,0,0,0,0,0,0,0,0,0,0,0,0,95,0,0,0,0,0,0,0,0
2020-12-29T23:59:59+01:00,0,0,2,0,1,3,8,4,4,7,5,9,1,0,9,8,5,15,0,0,0,0,0,0,0,0,0,0,0,0,0,0,0,0,81,0,0,0,0,0,0,0,0
2020-12-28T23:59:59+01:00,0,0,2,0,1,3,8,4,4,7,5,9,1,0,9,8,5,15,0,0,0,0,0,0,0,0,0,0,0,0,0,0,0,0,81,0,0,0,0,0,0,0,0
2020-12-27T23:59:59+01:00,0,0,2,0,1,3,8,4,4,7,5,9,1,0,9,8,5,15,0,0,0,0,0,0,0,0,0,0,0,0,0,0,0,0,81,0,0,0,0,0,0,0,0
