Datum,<15_m,<15_w,15-24_1_m,15-24_1_w,25-34_1_m,25-34_1_w,35-44_1_m,35-44_1_w,45-54_1_m,45-54_1_w,55-64_1_m,55-64_1_w,65-74_1_m,65-74_1_w,75-84_1_m,75-84_1_w,>84_1_m,>84_1_w,<24_2_m,<24_2_w,25-34_2_m,25-34_2_w,35-44_2_m,35-44_2_w,45-54_2_m,45-54_2_w,55-64_2_m,55-64_2_w,65-74_2_m,65-74_2_w,75-84_2_m,75-84_2_w,>84_2_m,>84_2_w,bp_1,bp_2,mo_1,mo_2,az_1,az_2,ja,unb_1,unb_2
2021-09-05T23:59:59+02:00,1524,1415,15670,14511,21173,19452,23217,22794,26962,27623,30200,31142,21299,24331,15191,19150,4324,7529,13982,12958,19736,17975,21908,21388,25651,26171,28978,29869,20637,23563,14752,18493,4183,7262,224819,211535,32297,30732,55069,51969,15299,23,33
2021-09-04T23:59:59+02:00,1524,1415,15670,14511,21173,19451,23217,22794,26962,27623,30200,31142,21299,24331,15191,19150,4324,7529,13982,12958,19736,17974,21908,21388,25651,26171,28978,29869,20637,23563,14752,18493,4183,7262,224818,211534,32297,30732,55069,51969,15299,23,33
2021-09-03T23:59:59+02:00,1521,1412,15653,14498,21142,19426,23189,22775,26938,27611,30187,31127,21292,24323,15191,19144,4324,7528,13966,12946,19712,17954,21886,21374,25634,26162,28964,29858,20631,23556,14752,18490,4183,7262,224749,211519,32295,30727,55069,51968,15145,23,33
2021-09-02T23:59:59+02:00,1505,1392,15582,14443,21099,19380,23155,22729,26898,27573,30150,31103,21279,24313,15186,19134,4323,7526,13872,12883,19671,17899,21845,21332,25594,26120,28926,29832,20619,23546,14747,18479,4182,7262,224350,211087,32295,30723,55067,51949,15035,23,33
2021-09-01T23:59:59+02:00,1454,1336,15445,14294,20987,19286,23084,22675,26833,27503,30100,31054,21261,24288,15178,19120,4320,7521,13733,12766,19560,17810,21762,21267,25539,26054,28876,29769,20594,23518,14735,18464,4179,7256,223595,210521,32268,30552,55066,51937,14787,23,33
2021-08-31T23:59:59+02:00,1431,1321,15384,14223,20928,19232,23043,22635,26786,27464,30067,31022,21250,24276,15172,19112,4320,7520,13660,12701,19512,17768,21731,21233,25507,26031,28850,29743,20588,23507,14732,18456,4178,7255,223156,210182,32268,30552,55065,51933,14674,23,33
2021-08-30T23:59:59+02:00,1408,1302,15314,14179,20884,19176,23011,22599,26751,27431,30035,30993,21238,24268,15168,19103,4318,7513,13603,12660,19470,17720,21699,21208,25478,25994,28817,29718,20577,23493,14722,18448,4177,7252,222798,209885,32268,30552,55065,51931,14537,23,33
2021-08-29T23:59:59+02:00,1392,1291,15271,14136,20846,19147,22987,22575,26733,27408,30018,30978,21234,24259,15168,19101,4318,7512,13551,12616,19447,17696,21671,21188,25459,25976,28804,29701,20569,23485,14719,18443,4175,7251,222519,209621,32267,30550,55065,51930,14500,23,33
2021-08-28T23:59:59+02:00,1392,1291,15263,14133,20834,19140,22981,22571,26730,27399,30015,30977,21233,24259,15168,19101,4318,7512,13543,12612,19435,17689,21664,21184,25456,25967,28801,29700,20568,23485,14719,18443,4175,7251,222518,209618,32267,30550,55065,51930,14444,23,33
2021-08-27T23:59:59+02:00,1384,1284,15231,14107,20807,19124,22950,22555,26706,27388,29999,30959,21228,24251,15164,19100,4315,7509,13514,12580,19399,17672,21636,21163,25428,25954,28784,29682,20562,23476,14716,18441,4174,7251,222388,209474,32267,30549,55064,51929,14319,23,33
2021-08-26T23:59:59+02:00,1372,1268,15188,14062,20762,19086,22919,22517,26673,27350,29967,30922,21213,24235,15157,19092,4312,7501,13446,12520,19325,17617,21579,21105,25372,25906,28745,29646,20549,23455,14707,18428,4173,7247,222103,209196,32248,30425,55062,51858,14160,23,33
2021-08-25T23:59:59+02:00,1326,1223,15042,13944,20652,18995,22841,22425,26597,27268,29909,30867,21193,24209,15147,19083,4308,7495,13324,12438,19237,17541,21515,21032,25305,25851,28702,29605,20523,23434,14699,18414,4172,7244,221262,208627,32233,30377,55062,51850,13945,22,31
2021-08-24T23:59:59+02:00,1302,1199,14978,13893,20610,18944,22786,22380,26561,27233,29881,30837,21177,24194,15141,19073,4307,7494,13228,12377,19177,17461,21478,20983,25261,25809,28673,29567,20505,23414,14692,18402,4170,7239,220850,208149,32203,30321,55062,51835,13853,22,26
2021-08-23T23:59:59+02:00,1284,1181,14912,13855,20572,18915,22758,22356,26526,27214,29856,30811,21158,24180,15136,19060,4306,7493,13113,12300,19115,17403,21426,20934,25221,25755,28628,29524,20486,23397,14686,18391,4167,7239,220546,207633,32187,30232,55062,51835,13756,22,26
2021-08-22T23:59:59+02:00,1274,1173,14896,13835,20555,18896,22747,22337,26511,27199,29841,30807,21151,24176,15134,19052,4304,7492,13054,12231,19061,17369,21396,20900,25199,25730,28602,29503,20478,23386,14685,18387,4167,7239,220374,207314,32169,30121,55062,51832,13753,22,26
2021-08-21T23:59:59+02:00,1274,1173,14889,13826,20543,18888,22737,22331,26507,27194,29830,30800,21151,24174,15134,19052,4304,7492,13046,12222,19050,17361,21388,20894,25193,25725,28592,29496,20478,23384,14685,18387,4167,7239,220369,207310,32169,30121,55062,51832,13677,22,26
2021-08-20T23:59:59+02:00,1267,1168,14862,13793,20511,18860,22714,22309,26481,27171,29813,30784,21148,24165,15132,19046,4304,7492,13028,12205,19028,17342,21371,20873,25178,25707,28574,29477,20474,23378,14684,18384,4167,7239,220184,207207,32169,30119,55062,51831,13583,22,26
2021-08-19T23:59:59+02:00,1249,1152,14805,13744,20473,18831,22682,22275,26459,27142,29787,30761,21137,24157,15130,19041,4303,7489,12896,12093,18937,17268,21285,20816,25108,25641,28515,29427,20454,23366,14678,18376,4165,7236,219881,206587,32140,29983,55062,51769,13512,22,26
2021-08-18T23:59:59+02:00,1229,1135,14724,13653,20360,18771,22610,22214,26397,27087,29729,30705,21113,24137,15124,19029,4301,7486,12767,11977,18804,17185,21193,20727,25023,25558,28435,29361,20422,23322,14668,18361,4164,7231,219483,205998,32122,29864,55061,51761,13116,22,26
2021-08-17T23:59:59+02:00,1218,1122,14684,13615,20318,18727,22575,22180,26365,27060,29712,30685,21101,24123,15113,19020,4297,7485,12659,11893,18724,17123,21120,20665,24972,25506,28398,29320,20403,23307,14659,18348,4162,7229,219204,205472,32089,29737,55061,51753,13024,22,25
2021-08-16T23:59:59+02:00,1205,1111,14637,13567,20282,18699,22546,22148,26345,27031,29678,30654,21089,24112,15106,19008,4295,7483,12567,11793,18636,17052,21051,20579,24906,25448,28331,29258,20380,23285,14649,18330,4161,7226,218938,204857,32087,29610,55061,51752,12888,22,25
2021-08-15T23:59:59+02:00,1195,1098,14600,13538,20255,18668,22520,22129,26332,27015,29668,30640,21084,24100,15101,19006,4294,7481,12500,11726,18583,17021,21003,20539,24870,25405,28313,29236,20370,23272,14645,18324,4159,7224,218714,204404,32087,29610,55061,51751,12840,22,25
2021-08-14T23:59:59+02:00,1195,1097,14593,13534,20246,18662,22511,22122,26318,27008,29663,30632,21081,24099,15100,19005,4294,7481,12493,11722,18574,17014,20993,20532,24856,25398,28308,29227,20367,23271,14644,18323,4159,7224,218713,204402,32087,29609,55061,51751,12758,22,25
2021-08-13T23:59:59+02:00,1192,1094,14584,13524,20232,18652,22500,22117,26311,26998,29648,30624,21072,24094,15099,19005,4294,7481,12478,11708,18563,17006,20981,20524,24850,25382,28294,29222,20361,23264,14642,18323,4159,7223,218655,204334,32087,29609,55061,51751,12696,22,25
2021-08-12T23:59:59+02:00,1172,1072,14526,13471,20191,18612,22476,22085,26286,26969,29617,30603,21060,24075,15095,18999,4294,7476,12307,11565,18424,16898,20887,20437,24770,25297,28227,29166,20340,23232,14629,18311,4156,7217,218339,203541,32076,29418,55061,51681,12581,22,25
2021-08-11T23:59:59+02:00,1155,1050,14456,13410,20154,18560,22434,22045,26254,26944,29589,30566,21047,24058,15092,18988,4291,7472,12168,11426,18343,16811,20808,20363,24720,25225,28184,29104,20308,23206,14622,18300,4154,7212,217946,202646,32004,29413,55061,51676,12532,22,25
2021-08-10T23:59:59+02:00,1140,1033,14380,13341,20105,18516,22405,22004,26225,26915,29558,30538,21036,24049,15092,18980,4290,7470,12063,11315,18251,16743,20749,20300,24668,25169,28142,29053,20284,23178,14608,18282,4153,7206,217531,201905,31975,29392,55061,51651,12488,22,25
2021-08-09T23:59:59+02:00,1123,1014,14296,13279,20024,18462,22357,21956,26173,26871,29522,30505,21018,24032,15086,18971,4285,7468,11881,11156,18083,16648,20629,20218,24573,25073,28062,28979,20248,23139,14594,18270,4150,7197,217085,200928,31956,29283,55060,51557,12319,22,24
2021-08-08T23:59:59+02:00,1109,1007,14255,13242,20004,18428,22331,21936,26158,26851,29506,30491,21011,24026,15083,18967,4284,7467,11798,11068,17996,16567,20565,20162,24508,25027,28016,28935,20226,23116,14582,18259,4150,7193,216861,200273,31924,29209,55059,51538,12290,22,24
2021-08-07T23:59:59+02:00,1109,1007,14240,13236,19994,18423,22324,21931,26146,26837,29492,30479,21009,24022,15079,18962,4283,7467,11784,11063,17979,16562,20559,20156,24495,25012,27999,28923,20224,23112,14578,18254,4149,7193,216856,200259,31924,29208,55059,51538,12179,22,24
2021-08-06T23:59:59+02:00,1109,1006,14229,13224,19982,18404,22310,21917,26124,26828,29480,30468,21006,24018,15076,18959,4283,7467,11771,11049,17959,16542,20543,20140,24473,25003,27987,28912,20221,23108,14575,18252,4149,7193,216849,200234,31920,29208,55059,51537,12040,22,24
2021-08-05T23:59:59+02:00,1098,987,14158,13184,19935,18371,22267,21877,26089,26774,29452,30444,20993,24003,15068,18951,4281,7464,11600,10936,17849,16445,20431,20045,24366,24912,27918,28863,20196,23083,14564,18238,4146,7191,216542,199443,31882,29116,55057,51408,11893,22,24
2021-08-04T23:59:59+02:00,1084,971,14093,13114,19834,18290,22203,21820,26053,26733,29403,30397,20970,23985,15058,18939,4281,7461,11413,10765,17622,16310,20258,19918,24250,24788,27810,28767,20169,23050,14551,18226,4143,7189,216283,198403,31723,29061,55056,51165,11606,21,24
2021-08-03T23:59:59+02:00,1060,953,14023,13054,19800,18242,22168,21780,26020,26692,29369,30367,20954,23962,15048,18925,4278,7451,11228,10589,17450,16184,20120,19787,24103,24666,27691,28663,20126,23004,14533,18194,4141,7183,215911,196968,31694,29028,55056,51110,11464,21,24
2021-08-02T23:59:59+02:00,1036,933,13936,12986,19743,18183,22117,21739,25966,26632,29317,30317,20923,23931,15038,18905,4275,7449,11059,10420,17280,16059,19975,19676,23988,24550,27605,28562,20079,22951,14514,18175,4138,7173,215430,195779,31662,28986,55056,51034,11257,21,24
2021-08-01T23:59:59+02:00,1026,918,13876,12937,19705,18166,22098,21719,25941,26612,29297,30300,20914,23919,15034,18898,4275,7448,10917,10277,17123,15950,19826,19568,23845,24445,27500,28483,20065,22927,14506,18162,4138,7169,215197,194894,31606,28904,55056,50685,11203,21,24
2021-07-31T23:59:59+02:00,1026,918,13850,12928,19688,18158,22081,21709,25928,26601,29289,30289,20912,23914,15033,18897,4274,7448,10890,10265,17103,15937,19808,19556,23833,24433,27492,28472,20063,22922,14505,18161,4137,7169,215193,194875,31606,28904,55056,50685,11067,21,24
2021-07-30T23:59:59+02:00,1018,909,13791,12884,19643,18136,22052,21690,25898,26579,29261,30271,20905,23906,15027,18895,4272,7447,10803,10193,17038,15894,19749,19521,23766,24392,27443,28447,20048,22900,14496,18157,4134,7167,215016,194485,31605,28904,55056,50619,10886,21,24
2021-07-29T23:59:59+02:00,994,891,13684,12798,19577,18075,21980,21640,25847,26524,29211,30234,20887,23896,15020,18888,4272,7445,10538,9936,16741,15651,19457,19308,23465,24165,27192,28285,19993,22844,14484,18137,4134,7166,214574,192757,31534,28791,55056,49931,10678,21,24
2021-07-28T23:59:59+02:00,967,862,13553,12669,19455,17970,21895,21557,25766,26443,29135,30165,20865,23860,15007,18876,4270,7443,10247,9732,16480,15465,19198,19121,23236,23976,27036,28140,19944,22771,14465,18115,4131,7161,213929,191423,31501,28705,55051,49421,10256,21,24
2021-07-27T23:59:59+02:00,936,841,13433,12575,19392,17910,21830,21504,25702,26385,29095,30120,20850,23840,15002,18856,4269,7437,9991,9520,16230,15242,18972,18936,23044,23804,26872,28001,19902,22718,14443,18088,4125,7152,213336,189765,31447,28548,55050,49087,10124,20,24
2021-07-26T23:59:59+02:00,911,823,13332,12480,19339,17853,21757,21440,25653,26352,29040,30061,20821,23817,14984,18837,4269,7433,9754,9271,15998,15040,18724,18736,22818,23637,26720,27871,19831,22658,14416,18052,4120,7146,212735,188018,31376,28449,55049,48711,10022,20,24
2021-07-25T23:59:59+02:00,892,812,13255,12409,19260,17807,21700,21389,25613,26304,29004,30015,20804,23801,14978,18831,4266,7432,9567,9129,15797,14891,18523,18595,22649,23526,26571,27751,19781,22610,14401,18039,4117,7143,212436,187115,31316,28296,55049,48293,9751,20,24
2021-07-24T23:59:59+02:00,892,812,13245,12400,19250,17801,21691,21384,25598,26297,28999,30009,20800,23800,14977,18830,4266,7432,9557,9116,15788,14883,18512,18589,22632,23517,26565,27743,19778,22607,14400,18038,4117,7142,212432,187097,31316,28293,55049,48293,9666,20,24
2021-07-23T23:59:59+02:00,884,811,13182,12364,19172,17768,21653,21351,25561,26258,28966,29973,20786,23784,14969,18826,4264,7429,9509,9088,15706,14838,18459,18550,22579,23476,26521,27704,19763,22591,14393,18032,4115,7139,212308,186937,31315,28289,55049,48292,9309,20,24
2021-07-22T23:59:59+02:00,872,798,13085,12284,19115,17700,21605,21321,25511,26211,28942,29951,20774,23766,14967,18820,4261,7427,9190,8815,15304,14592,18094,18294,22246,23229,26316,27570,19706,22535,14380,18010,4112,7134,211842,185108,31229,28036,55046,47377,9273,20,24
2021-07-21T23:59:59+02:00,850,771,12884,12117,18967,17575,21473,21221,25404,26108,28865,29881,20732,23731,14950,18797,4257,7422,8807,8494,14868,14263,17717,18022,21890,22900,26044,27361,19613,22447,14354,17973,4109,7125,211220,183202,31119,27685,55042,46719,8604,20,24
2021-07-20T23:59:59+02:00,820,746,12739,11984,18860,17492,21404,21144,25344,26043,28828,29830,20707,23698,14942,18781,4254,7419,8477,8187,14403,13928,17334,17749,21590,22670,25801,27175,19531,22338,14325,17938,4107,7119,210550,181057,31010,27525,55038,45840,8417,20,23
2021-07-19T23:59:59+02:00,791,718,12618,11866,18768,17420,21346,21084,25289,25990,28778,29793,20682,23670,14932,18767,4250,7413,8146,7928,14036,13671,16987,17500,21266,22469,25574,27033,19462,22263,14303,17916,4101,7113,209834,179016,30904,27361,55038,45128,8379,20,23
2021-07-18T23:59:59+02:00,773,699,12507,11758,18665,17345,21283,21032,25233,25939,28741,29739,20660,23650,14921,18756,4248,7411,7976,7775,13881,13552,16835,17377,21105,22356,25445,26953,19422,22223,14289,17900,4101,7110,209260,178081,30754,27258,55038,44765,8288,20,23
2021-07-17T23:59:59+02:00,773,699,12503,11758,18664,17342,21283,21032,25233,25939,28741,29739,20660,23650,14921,18756,4248,7411,7968,7774,13877,13547,16834,17376,21104,22355,25444,26951,19421,22223,14289,17900,4101,7110,209256,178061,30754,27257,55038,44764,8284,20,23
2021-07-16T23:59:59+02:00,766,694,12429,11702,18626,17311,21246,21005,25200,25916,28715,29720,20658,23647,14921,18754,4248,7411,7818,7672,13724,13473,16691,17318,20966,22297,25337,26903,19403,22204,14288,17894,4101,7107,209047,177613,30754,27185,55037,44372,8111,20,23
2021-07-15T23:59:59+02:00,751,674,12358,11631,18563,17253,21191,20955,25152,25875,28686,29692,20643,23629,14916,18745,4247,7408,7475,7353,13117,13070,16022,16894,20331,21928,24883,26591,19257,22063,14245,17848,4098,7100,208565,175385,30668,26287,55030,42597,8086,20,23
2021-07-14T23:59:59+02:00,722,654,12150,11498,18395,17147,21071,20860,25050,25772,28598,29593,20609,23596,14897,18729,4244,7405,7053,6987,12443,12609,15333,16406,19696,21466,24419,26246,19039,21837,14213,17800,4089,7089,207757,172549,30519,25919,55027,40650,7667,20,23
2021-07-13T23:59:59+02:00,678,620,12010,11367,18274,17065,20958,20762,24954,25677,28528,29528,20580,23557,14877,18719,4242,7395,6586,6553,11808,12110,14640,15896,19094,21050,23980,25920,18860,21622,14169,17737,4085,7080,206741,168874,30381,25746,55016,38980,7633,20,19
2021-07-12T23:59:59+02:00,645,589,11887,11229,18157,16975,20867,20654,24851,25579,28446,29462,20553,23523,14869,18707,4237,7388,6169,6137,11209,11576,14021,15355,18541,20558,23564,25557,18666,21431,14105,17679,4076,7076,205725,165196,30250,24922,55013,38025,7610,20,19
2021-07-11T23:59:59+02:00,609,562,11770,11139,18090,16913,20809,20597,24797,25533,28389,29415,20534,23503,14860,18698,4237,7387,5974,5969,10951,11374,13789,15155,18294,20369,23355,25372,18594,21351,14078,17653,4075,7070,205088,163804,30129,24452,55011,37599,7597,17,19
2021-07-10T23:59:59+02:00,608,562,11763,11138,18087,16911,20806,20597,24794,25532,28388,29415,20534,23503,14859,18696,4237,7387,5967,5968,10949,11368,13780,15151,18293,20367,23353,25370,18592,21350,14077,17653,4075,7070,205070,163778,30128,24451,55011,37592,7591,17,19
2021-07-09T23:59:59+02:00,580,539,11653,11016,18012,16827,20737,20535,24720,25456,28339,29370,20511,23483,14856,18687,4237,7386,5934,5937,10919,11335,13730,15130,18262,20334,23334,25347,18587,21340,14075,17650,4075,7069,204205,163543,30128,24401,55011,37559,7583,17,19
2021-07-08T23:59:59+02:00,545,511,11490,10880,17890,16723,20607,20437,24612,25330,28222,29293,20467,23433,14840,18659,4234,7378,5579,5679,10406,10942,13110,14677,17600,19778,22727,24885,18272,20954,13979,17567,4070,7059,203442,161237,30103,23595,54986,35471,7003,17,19
2021-07-07T23:59:59+02:00,485,458,11325,10736,17808,16638,20538,20368,24539,25252,28160,29229,20439,23398,14835,18647,4232,7370,5268,5385,9881,10492,12531,14200,16920,19259,22162,24387,17960,20590,13877,17470,4063,7036,202438,158781,30081,22134,54967,33629,6954,17,19
2021-07-06T23:59:59+02:00,445,424,11200,10587,17694,16544,20447,20264,24461,25161,28070,29150,20413,23360,14826,18630,4230,7367,4868,4954,9272,9974,11819,13599,16213,18643,21645,23891,17641,20286,13777,17355,4054,7026,201306,154579,30075,21191,54959,32335,6916,17,19
2021-07-05T23:59:59+02:00,423,397,11108,10501,17607,16473,20366,20193,24400,25109,28029,29112,20389,23339,14815,18622,4229,7364,4575,4632,8777,9522,11257,13046,15504,18000,21024,23282,17247,19891,13644,17197,4046,7018,200570,150681,30071,20513,54950,30600,6868,17,19
2021-07-04T23:59:59+02:00,410,391,11032,10446,17540,16420,20316,20144,24368,25073,28013,29094,20380,23328,14809,18619,4228,7363,4430,4539,8646,9356,11066,12870,15264,17790,20759,23010,16975,19599,13585,17105,4042,7014,200087,149368,30067,20206,54949,29622,6854,17,19
2021-07-03T23:59:59+02:00,409,390,11025,10437,17530,16412,20314,20141,24366,25072,28010,29093,20380,23327,14809,18619,4228,7362,4426,4533,8639,9354,11063,12870,15260,17790,20756,23007,16975,19596,13585,17105,4042,7014,200055,149356,30066,20206,54949,29616,6837,17,19
2021-07-02T23:59:59+02:00,365,327,10878,10327,17417,16310,20212,20066,24293,25007,27947,29033,20354,23301,14803,18605,4228,7359,4337,4452,8480,9214,10928,12760,15137,17683,20644,22903,16934,19567,13578,17090,4042,7011,199169,148365,30066,20205,54949,29559,6631,17,19
2021-07-01T23:59:59+02:00,318,283,10741,10190,17288,16217,20089,19976,24209,24932,27884,28982,20334,23277,14787,18590,4225,7355,4133,4250,8182,8875,10557,12348,14569,17186,20136,22361,16646,19268,13370,16877,4032,6989,198091,145305,30007,19520,54943,28333,6619,17,19
2021-06-30T23:59:59+02:00,235,221,10487,9950,17120,16067,19957,19844,24094,24810,27803,28893,20311,23245,14768,18572,4224,7354,3937,4053,7879,8534,10145,11883,14080,16627,19562,21727,16324,18930,13097,16601,4019,6963,196448,141622,29950,19264,54935,26867,6605,17,19
2021-06-29T23:59:59+02:00,190,184,10340,9774,16985,15971,19853,19752,24026,24733,27745,28824,20285,23218,14754,18552,4224,7350,3733,3791,7481,8083,9671,11346,13426,15960,18948,21021,16007,18603,12849,16311,4012,6949,195295,137336,29945,18965,54931,25313,6573,16,19
2021-06-28T23:59:59+02:00,140,132,10142,9591,16864,15864,19750,19651,23933,24639,27677,28763,20255,23188,14740,18533,4222,7348,3529,3533,7081,7640,9238,10852,12875,15422,18451,20506,15757,18338,12730,16178,4006,6938,194118,133504,29831,18540,54928,24485,6539,16,19
2021-06-27T23:59:59+02:00,122,115,10004,9479,16808,15805,19690,19600,23875,24589,27650,28739,20242,23172,14737,18529,4221,7345,3436,3465,6905,7446,9049,10651,12645,15182,18189,20246,15637,18234,12665,16092,4006,6934,193490,132313,29773,18191,54922,23751,6521,16,19
2021-06-26T23:59:59+02:00,122,115,10002,9474,16807,15801,19688,19599,23872,24588,27650,28739,20242,23172,14737,18529,4221,7345,3433,3465,6903,7445,9046,10649,12642,15179,18187,20245,15634,18233,12665,16091,4006,6934,193472,132292,29772,18191,54922,23747,6521,16,19
2021-06-25T23:59:59+02:00,118,112,9955,9433,16770,15768,19655,19570,23836,24560,27626,28721,20236,23165,14735,18526,4221,7345,3413,3419,6829,7334,8950,10494,12528,14983,18043,20037,15612,18204,12657,16088,4005,6933,193155,132113,29738,17837,54922,23052,6521,16,19
2021-06-24T23:59:59+02:00,108,101,9827,9307,16582,15642,19523,19447,23713,24469,27569,28661,20222,23149,14728,18517,4220,7343,3287,3272,6616,7003,8638,10038,11996,14362,17488,19332,15387,17973,12512,15958,4002,6921,192316,129718,29393,16977,54921,21601,6482,16,19
2021-06-23T23:59:59+02:00,102,95,9698,9168,16442,15516,19406,19341,23616,24364,27504,28614,20207,23127,14724,18512,4217,7342,3080,3030,6263,6517,8136,9470,11296,13541,16726,18351,15090,17632,12361,15816,3992,6896,191396,125162,29226,16006,54910,20575,6447,16,19
2021-06-22T23:59:59+02:00,71,69,9408,8862,16213,15314,19220,19193,23472,24238,27433,28529,20184,23102,14716,18493,4213,7336,2846,2741,5778,5970,7513,8708,10388,12501,15700,17149,14795,17273,12254,15692,3979,6873,189712,118728,29019,15516,54906,19500,6415,14,13
2021-06-21T23:59:59+02:00,67,62,9280,8699,16040,15168,19032,19039,23341,24115,27372,28450,20160,23074,14711,18483,4213,7332,2701,2548,5395,5502,7047,8122,9657,11622,14969,16214,14517,16960,12147,15571,3974,6857,188514,114013,28794,14957,54903,18419,6413,14,13
2021-06-20T23:59:59+02:00,64,61,9145,8565,15904,15052,18920,18948,23267,24044,27332,28399,20149,23053,14700,18476,4210,7331,2643,2479,5224,5319,6832,7855,9349,11291,14602,15810,14382,16826,12107,15534,3969,6851,187620,112309,28674,14725,54903,17629,6409,14,13
2021-06-19T23:59:59+02:00,64,61,9145,8563,15902,15043,18918,18948,23265,24043,27332,28398,20149,23053,14700,18476,4210,7331,2639,2476,5222,5314,6830,7855,9349,11290,14600,15806,14380,16826,12107,15534,3969,6851,187604,112287,28672,14723,54902,17628,6409,14,13
2021-06-18T23:59:59+02:00,64,57,9117,8551,15888,15034,18903,18940,23258,24034,27325,28393,20149,23050,14699,18476,4210,7331,2610,2442,5167,5255,6752,7755,9250,11134,14428,15577,14301,16725,12097,15513,3967,6848,187484,111501,28671,14722,54901,17188,6409,14,13
2021-06-17T23:59:59+02:00,57,54,8942,8389,15654,14866,18705,18784,23102,23903,27189,28300,20125,23028,14692,18464,4208,7328,2473,2288,4840,4956,6365,7352,8700,10528,13597,14705,14064,16433,12024,15392,3963,6836,186157,108632,28666,13763,54893,16060,6060,14,13
2021-06-16T23:59:59+02:00,49,52,8712,8173,15418,14641,18494,18584,22912,23736,27083,28190,20096,22985,14678,18444,4204,7322,2359,2180,4598,4754,6012,7006,8175,10042,12879,13866,13714,16050,11939,15303,3958,6824,184370,105185,28567,12962,54890,15579,5932,14,13
2021-06-15T23:59:59+02:00,40,39,8363,7834,15038,14283,18173,18293,22663,23523,26924,28056,20066,22951,14665,18428,4202,7311,2175,2013,4246,4399,5504,6441,7294,9155,11686,12588,13174,15434,11817,15140,3943,6801,181761,98941,28531,12298,54889,14913,5657,14,13
2021-06-14T23:59:59+02:00,34,34,8182,7666,14782,14052,17970,18120,22512,23403,26812,27975,20045,22918,14652,18420,4198,7303,2060,1888,3991,4152,5116,5967,6638,8433,10759,11534,12858,15087,11745,15046,3933,6782,180181,94101,28507,11935,54887,14461,5489,14,13
2021-06-13T23:59:59+02:00,34,34,8105,7611,14701,13966,17853,18009,22431,23323,26782,27945,20032,22907,14648,18414,4198,7303,2012,1860,3908,4054,4996,5827,6407,8190,10466,11199,12701,14909,11687,14990,3932,6781,179423,92710,28498,11643,54883,14083,5478,14,13
2021-06-12T23:59:59+02:00,34,34,8104,7610,14700,13966,17853,18009,22429,23322,26781,27942,20032,22906,14648,18414,4198,7303,2011,1858,3907,4054,4994,5826,6404,8187,10463,11193,12698,14908,11687,14988,3932,6781,179412,92691,28498,11643,54883,14074,5478,14,13
2021-06-11T23:59:59+02:00,34,33,8038,7569,14611,13918,17778,17959,22359,23288,26737,27919,20030,22902,14648,18413,4198,7303,1995,1849,3871,3996,4952,5758,6343,8105,10364,11088,12659,14873,11676,14982,3932,6781,179075,92476,28420,11637,54882,13760,5346,14,13
2021-06-10T23:59:59+02:00,29,26,7696,7270,14215,13554,17349,17583,22029,23006,26542,27738,19986,22857,14635,18395,4195,7291,1890,1766,3656,3834,4679,5487,6024,7737,9749,10477,12143,14213,11607,14874,3924,6774,176475,89319,27925,11257,54869,13139,5113,14,12
2021-06-09T23:59:59+02:00,28,23,7325,6920,13749,13112,16832,17115,21637,22637,26328,27524,19913,22786,14617,18360,4192,7283,1720,1652,3456,3656,4424,5219,5639,7332,8976,9763,11477,13383,11488,14734,3914,6762,173217,85078,27376,10621,54856,12972,4918,14,12
2021-06-08T23:59:59+02:00,23,19,6947,6511,13235,12627,16363,16646,21279,22299,26112,27320,19855,22708,14587,18325,4189,7276,1628,1576,3233,3426,4105,4866,5132,6844,8090,8843,10594,12306,11347,14577,3910,6747,169798,79427,26888,10325,54847,12693,4774,14,11
2021-06-07T23:59:59+02:00,20,16,6667,6218,12805,12251,15962,16247,20952,22002,25950,27164,19819,22655,14566,18306,4182,7270,1566,1504,3043,3253,3828,4638,4732,6468,7377,8092,9686,11161,11237,14430,3899,6729,167231,74688,26461,9954,54827,12477,4519,14,11
2021-06-06T23:59:59+02:00,20,16,6525,6085,12662,12100,15800,16088,20787,21839,25864,27077,19799,22618,14555,18296,4181,7266,1551,1481,2970,3212,3732,4574,4625,6387,7235,7963,9429,10893,11191,14380,3896,6724,166001,74006,26357,9529,54806,12303,4400,14,11
2021-06-05T23:59:59+02:00,20,16,6516,6082,12652,12088,15791,16081,20785,21835,25864,27075,19799,22618,14555,18296,4181,7266,1549,1478,2965,3210,3731,4571,4621,6386,7230,7957,9423,10888,11191,14380,3896,6724,165946,73978,26354,9518,54806,12299,4400,14,11
2021-06-04T23:59:59+02:00,20,16,6485,6042,12594,12037,15731,16033,20757,21803,25847,27058,19795,22612,14552,18296,4181,7266,1548,1472,2952,3200,3712,4557,4611,6372,7195,7914,9391,10818,11153,14339,3895,6723,165851,73704,26094,9505,54784,12256,4382,14,11
2021-06-03T23:59:59+02:00,20,15,6251,5817,12295,11788,15409,15721,20424,21464,25591,26845,19749,22538,14532,18276,4180,7262,1506,1427,2880,3135,3615,4480,4499,6273,6994,7733,9014,10372,11101,14266,3895,6718,163366,72406,25847,9209,54782,12119,4168,14,11
2021-06-02T23:59:59+02:00,20,15,6189,5757,12229,11722,15335,15654,20352,21403,25574,26821,19744,22535,14529,18273,4179,7261,1492,1417,2864,3122,3598,4466,4465,6256,6961,7695,8935,10262,11092,14241,3894,6717,163022,72045,25661,9203,54780,12110,4115,14,9
2021-06-01T23:59:59+02:00,16,15,5731,5259,11486,11023,14509,14922,19634,20735,25163,26436,19653,22446,14495,18226,4171,7253,1379,1309,2564,2854,3220,4129,3977,5794,6134,6893,7748,8641,10848,13894,3880,6700,157972,66645,25006,8297,54752,11591,3429,14,7
2021-05-31T23:59:59+02:00,14,15,5482,4958,11040,10598,13980,14426,19154,20237,24857,26096,19559,22361,14456,18180,4162,7237,1319,1255,2411,2722,3018,3959,3697,5503,5578,6361,6744,7373,10606,13573,3871,6666,154493,62611,24312,7410,54748,11388,3245,14,7
2021-05-30T23:59:59+02:00,14,15,5402,4881,10857,10473,13816,14247,18807,19917,24614,25849,19528,22331,14448,18160,4161,7235,1298,1241,2386,2692,2971,3913,3629,5447,5475,6272,6573,7143,10569,13499,3869,6656,152998,61879,23810,7349,54721,11191,3212,14,7
2021-05-29T23:59:59+02:00,14,15,5400,4881,10857,10469,13812,14244,18807,19916,24613,25847,19528,22331,14448,18160,4161,7235,1297,1238,2385,2691,2969,3910,3629,5445,5474,6270,6568,7139,10569,13499,3869,6656,152982,61869,23810,7346,54720,11179,3212,14,7
2021-05-28T23:59:59+02:00,14,15,5384,4868,10835,10433,13786,14225,18790,19899,24605,25838,19527,22330,14446,18157,4161,7234,1292,1238,2385,2685,2968,3908,3623,5439,5460,6254,6552,7122,10560,13477,3868,6652,152797,61765,23808,7346,54718,11160,3210,14,7
2021-05-27T23:59:59+02:00,11,14,5091,4585,10317,9980,13200,13693,18100,19286,24024,25300,19428,22217,14413,18111,4150,7221,1123,1098,2103,2495,2668,3618,3327,5082,5130,5975,6253,6706,10332,13194,3863,6637,149543,59918,22813,7310,54612,10215,2159,14,6
2021-05-26T23:59:59+02:00,11,14,4826,4324,9879,9598,12679,13172,17487,18677,23390,24622,19304,22068,14367,18056,4144,7204,1043,1016,1944,2342,2468,3421,3065,4837,4741,5625,5697,6057,9963,12663,3847,6601,145428,56778,22058,7273,54490,9445,1832,14,6
2021-05-25T23:59:59+02:00,11,13,4611,4094,9464,9122,12217,12666,16950,18098,22868,23982,19172,21895,14336,17977,4135,7190,992,971,1882,2251,2357,3285,2893,4634,4396,5250,5119,5323,9515,12062,3831,6576,141371,53227,21227,7258,54359,9020,1830,14,6
2021-05-24T23:59:59+02:00,11,13,4497,3935,9252,8918,12012,12406,16649,17776,22539,23584,19096,21816,14321,17957,4133,7189,976,923,1822,2209,2284,3224,2807,4553,4275,5134,4974,5164,9424,11935,3829,6568,139868,52521,20266,7205,54180,8597,1776,14,6
2021-05-23T23:59:59+02:00,11,13,4486,3934,9246,8914,12000,12396,16638,17769,22523,23563,19090,21811,14320,17955,4133,7189,974,919,1820,2205,2281,3222,2801,4549,4268,5118,4966,5150,9417,11922,3828,6567,139759,52445,20263,7192,54179,8592,1776,14,6
2021-05-22T23:59:59+02:00,11,13,4481,3931,9243,8911,11992,12390,16635,17765,22521,23561,19090,21811,14320,17955,4133,7189,974,919,1819,2204,2279,3222,2800,4549,4268,5116,4964,5149,9416,11922,3828,6567,139732,52439,20263,7192,54167,8587,1776,14,6
2021-05-21T23:59:59+02:00,11,13,4448,3892,9175,8836,11919,12301,16544,17690,22457,23493,19070,21793,14316,17948,4133,7187,929,909,1786,2192,2248,3213,2769,4524,4220,5088,4939,5125,9403,11915,3827,6566,139075,52372,20263,7192,54148,8361,1726,14,6
2021-05-20T23:59:59+02:00,8,12,4191,3708,8730,8482,11436,11884,15874,17187,21874,22913,18885,21626,14285,17908,4128,7176,782,844,1529,2032,2004,3057,2527,4305,3969,4856,4782,4962,9288,11771,3819,6541,135671,51640,19888,7094,53733,7331,1001,14,6
2021-05-19T23:59:59+02:00,8,12,3944,3463,8232,8014,10855,11335,15201,16483,21195,22188,18684,21395,14244,17858,4122,7159,730,797,1469,1951,1927,2954,2461,4180,3827,4698,4607,4750,9085,11543,3799,6512,130255,50558,19705,6961,53435,6786,983,14,6
2021-05-18T23:59:59+02:00,7,11,3656,3196,7683,7474,10124,10635,14241,15547,20248,21131,18425,21112,14189,17798,4116,7137,676,749,1414,1865,1852,2844,2333,4040,3651,4495,4338,4457,8883,11294,3786,6485,123201,49328,19611,6761,52993,6160,911,14,6
2021-05-17T23:59:59+02:00,7,11,3465,2985,7221,7006,9616,10095,13510,14756,19561,20329,18239,20850,14142,17733,4106,7123,617,694,1333,1802,1778,2762,2224,3966,3514,4382,4090,4226,8740,11082,3773,6456,117949,48529,19370,6547,52527,5466,895,14,6
2021-05-16T23:59:59+02:00,7,10,3336,2911,7013,6828,9412,9880,13256,14521,19333,20100,18161,20771,14128,17714,4105,7117,604,649,1294,1753,1733,2701,2187,3873,3450,4299,3999,4125,8720,11056,3771,6454,116324,48385,19128,6380,52246,5010,891,14,6
2021-05-15T23:59:59+02:00,7,10,3335,2908,7007,6821,9410,9874,13252,14519,19330,20091,18159,20770,14128,17714,4105,7117,604,649,1292,1753,1731,2701,2185,3873,3449,4299,3997,4123,8720,11056,3771,6454,116281,48379,19128,6379,52244,5007,890,14,6
2021-05-14T23:59:59+02:00,7,10,3294,2864,6894,6679,9281,9737,13103,14337,19158,19956,18135,20745,14127,17706,4104,7114,582,636,1270,1734,1703,2680,2151,3847,3405,4261,3947,4069,8713,11049,3771,6453,115876,48340,18380,6229,52162,4881,819,14,6
2021-05-13T23:59:59+02:00,7,10,3170,2699,6568,6358,8843,9339,12557,13856,18553,19359,18005,20601,14094,17670,4099,7112,546,611,1215,1680,1645,2607,2063,3740,3255,4142,3843,3933,8692,11029,3768,6449,112999,48245,17683,5842,51553,4475,652,13,6
2021-05-12T23:59:59+02:00,7,10,3143,2667,6535,6320,8796,9285,12418,13743,18368,19155,17972,20567,14086,17660,4099,7112,545,609,1214,1678,1640,2604,2055,3734,3241,4134,3830,3920,8684,11023,3768,6448,112287,48220,17456,5815,51535,4436,652,13,6
2021-05-11T23:59:59+02:00,5,10,2751,2411,5733,5819,7827,8472,11026,12581,16798,17680,17466,20005,14004,17555,4081,7089,508,551,1086,1571,1476,2447,1868,3555,3020,3873,3723,3807,8615,10931,3764,6443,104884,47990,16835,5619,49458,3501,124,12,6
2021-05-10T23:59:59+02:00,5,8,2563,2242,5258,5438,7130,7846,9992,11664,15503,16308,17088,19555,13941,17441,4074,7065,481,525,1043,1532,1432,2396,1809,3453,2901,3742,3641,3734,8576,10884,3760,6439,99066,47875,15928,5390,47992,2957,123,12,5
2021-05-09T23:59:59+02:00,5,8,2479,2212,5120,5354,6943,7727,9584,11325,14957,15781,16970,19416,13921,17413,4071,7060,465,507,1010,1475,1361,2312,1751,3331,2790,3588,3556,3642,8553,10852,3757,6436,97491,47790,15344,5121,47378,2351,121,12,5
2021-05-08T23:59:59+02:00,5,8,2475,2211,5119,5354,6943,7725,9580,11322,14956,15780,16970,19416,13921,17413,4071,7060,464,506,1010,1475,1361,2311,1751,3331,2789,3587,3554,3642,8553,10852,3757,6436,97477,47786,15343,5121,47376,2348,121,12,5
2021-05-07T23:59:59+02:00,5,8,2303,2149,4846,5260,6581,7571,9131,11107,14513,15460,16793,19214,13909,17384,4071,7058,452,504,999,1464,1346,2296,1716,3321,2739,3552,3509,3602,8475,10771,3757,6433,96770,47763,14823,4775,45641,2278,117,12,5
2021-05-06T23:59:59+02:00,5,8,2066,2015,4294,4910,5928,7195,8363,10549,13536,14638,16397,18764,13860,17290,4059,7045,422,456,958,1364,1259,2134,1610,3097,2517,3269,3331,3402,8297,10580,3748,6420,94196,47323,13583,4170,43084,1320,48,11,5
2021-05-05T23:59:59+02:00,5,8,1941,1902,4007,4686,5495,6824,7672,9962,12418,13580,15721,17929,13757,17188,4050,7021,413,444,945,1337,1230,2091,1575,3021,2457,3185,3281,3362,8219,10483,3742,6410,89782,47192,12258,4024,42082,943,33,11,5
2021-05-04T23:59:59+02:00,5,8,1855,1817,3739,4450,5085,6465,7011,9388,11200,12336,14803,16802,13647,17051,4046,7007,408,435,926,1318,1211,2048,1557,2984,2412,3130,3238,3315,8130,10372,3736,6396,83971,47055,11620,3826,41095,713,19,10,5
2021-05-03T23:59:59+02:00,4,8,1802,1765,3589,4325,4852,6252,6627,9056,10471,11600,14080,15824,13561,16935,4037,6990,402,425,923,1305,1197,2014,1537,2943,2379,3084,3185,3275,8017,10270,3731,6390,79542,46929,11415,3605,40795,523,17,9,5
2021-05-02T23:59:59+02:00,4,8,1792,1746,3515,4300,4769,6199,6557,8995,10355,11486,13893,15630,13529,16908,4036,6985,400,417,917,1290,1194,1997,1534,2930,2363,3067,3170,3258,7981,10238,3730,6386,78985,46910,11138,3508,40562,438,13,9,5
2021-05-01T23:59:59+02:00,4,8,1789,1746,3514,4299,4769,6198,6554,8994,10350,11482,13890,15630,13528,16907,4036,6982,399,417,917,1290,1194,1996,1534,2930,2363,3067,3170,3258,7981,10238,3730,6385,78959,46907,11138,3508,40561,438,13,9,5
2021-04-30T23:59:59+02:00,4,8,1787,1740,3508,4289,4762,6185,6533,8979,10312,11444,13839,15556,13502,16876,4035,6981,399,415,916,1288,1194,1996,1534,2930,2361,3066,3170,3256,7980,10236,3730,6385,78631,46900,11138,3507,40551,434,12,8,5
2021-04-29T23:59:59+02:00,4,7,1659,1698,3266,4174,4485,6035,6219,8727,9898,11054,13260,14853,13398,16722,4029,6973,390,404,907,1267,1174,1962,1509,2893,2331,3018,3155,3244,7967,10218,3728,6381,75854,46783,10752,3505,39838,246,11,6,5
2021-04-28T23:59:59+02:00,4,7,1531,1650,3090,4074,4248,5857,5859,8455,9310,10564,12384,13671,13242,16513,4020,6959,381,394,891,1255,1158,1933,1473,2849,2261,2949,3003,3112,7855,10102,3721,6370,71359,46369,10564,3094,39500,232,9,6,5
2021-04-27T23:59:59+02:00,4,7,1491,1605,2981,3956,4044,5714,5552,8196,8690,9893,11345,12365,13013,16157,4009,6937,369,379,882,1234,1143,1898,1446,2777,2215,2888,2964,3069,7828,10072,3715,6366,66553,46159,10376,2922,39015,152,9,6,5
2021-04-26T23:59:59+02:00,4,7,1464,1572,2867,3879,3871,5570,5241,7982,8201,9452,10590,11439,12869,15953,3998,6919,368,374,872,1223,1127,1887,1416,2757,2188,2858,2915,3019,7782,10023,3709,6361,63141,46062,10186,2674,38536,131,9,6,5
2021-04-25T23:59:59+02:00,4,7,1453,1566,2800,3849,3776,5510,5106,7935,8005,9346,10394,11204,12832,15899,3997,6914,367,369,863,1216,1109,1873,1401,2738,2165,2831,2873,2986,7733,9975,3708,6356,62637,45982,9983,2464,37962,105,9,6,5
2021-04-24T23:59:59+02:00,4,7,1452,1566,2800,3848,3776,5509,5104,7933,8001,9342,10388,11201,12832,15899,3997,6914,367,369,863,1216,1109,1871,1399,2737,2164,2831,2873,2986,7733,9975,3708,6356,62614,45978,9983,2463,37961,104,9,6,5
2021-04-23T23:59:59+02:00,4,7,1436,1556,2732,3814,3694,5479,4986,7885,7867,9282,10302,11091,12808,15858,3995,6910,366,369,862,1213,1109,1871,1398,2737,2164,2831,2873,2986,7732,9975,3708,6356,62484,45973,9703,2462,37504,103,9,6,5
2021-04-22T23:59:59+02:00,4,7,1393,1527,2625,3747,3535,5375,4755,7731,7515,9046,9733,10399,12542,15559,3989,6887,359,368,853,1202,1098,1859,1383,2710,2136,2809,2829,2939,7641,9868,3697,6340,60867,45568,9044,2422,36443,89,9,6,5
2021-04-21T23:59:59+02:00,4,7,1359,1489,2543,3669,3417,5272,4538,7550,7106,8719,8847,9368,12131,14981,3976,6846,355,366,848,1185,1089,1838,1365,2680,2106,2781,2770,2882,7527,9703,3680,6312,58146,45088,8175,2298,35486,89,9,6,5
2021-04-20T23:59:59+02:00,4,7,1336,1463,2473,3594,3315,5174,4363,7368,6720,8389,7955,8240,11669,14390,3962,6832,350,361,836,1172,1080,1816,1341,2657,2073,2738,2709,2825,7379,9520,3650,6259,55290,44378,7410,2293,34541,84,8,5,5
2021-04-19T23:59:59+02:00,4,7,1320,1448,2435,3556,3254,5107,4257,7266,6480,8157,7323,7466,11417,14035,3952,6814,348,359,832,1162,1074,1804,1318,2644,2039,2713,2655,2781,7264,9356,3627,6220,53347,43824,7038,2280,33900,81,8,5,5
2021-04-18T23:59:59+02:00,4,6,1310,1436,2403,3530,3215,5086,4204,7209,6346,8028,6970,7077,11323,13931,3949,6802,348,358,830,1158,1073,1797,1316,2631,2033,2708,2649,2768,7238,9324,3625,6217,52832,43703,6578,2278,33406,81,8,5,5
2021-04-17T23:59:59+02:00,4,6,1309,1434,2403,3529,3214,5082,4199,7206,6339,8018,6956,7067,11321,13929,3949,6802,348,358,829,1157,1073,1797,1314,2630,2032,2706,2646,2766,7237,9324,3625,6217,52810,43690,6576,2277,33368,81,8,5,5
2021-04-16T23:59:59+02:00,4,6,1306,1433,2393,3522,3206,5074,4178,7188,6288,7985,6880,6982,11309,13915,3947,6800,348,357,826,1155,1071,1797,1311,2629,2029,2706,2645,2759,7234,9322,3624,6217,52752,43667,6340,2272,33311,80,8,5,5
2021-04-15T23:59:59+02:00,2,4,1269,1412,2338,3473,3110,5015,4018,7060,6031,7753,6336,6424,11061,13626,3933,6768,340,355,807,1134,1032,1738,1266,2557,1955,2611,2567,2690,7146,9235,3614,6200,51665,43078,5952,2086,32003,74,8,5,3
2021-04-14T23:59:59+02:00,2,4,1247,1399,2303,3445,3041,4953,3911,6954,5840,7544,5693,5721,10672,13141,3901,6717,332,352,795,1125,1015,1713,1236,2516,1904,2561,2490,2621,6998,9040,3595,6174,50262,42419,5745,1966,30469,74,7,5,3
2021-04-13T23:59:59+02:00,2,4,1233,1389,2271,3415,2985,4890,3801,6872,5592,7322,5160,5175,10331,12728,3878,6689,311,338,777,1097,992,1693,1211,2481,1868,2520,2424,2555,6880,8904,3559,6113,49246,41735,5540,1909,28939,71,7,5,3
2021-04-12T23:59:59+02:00,2,4,1217,1383,2245,3392,2935,4845,3675,6792,5382,7172,4833,4880,10082,12447,3869,6666,295,334,763,1093,975,1677,1197,2458,1818,2473,2347,2497,6766,8763,3544,6091,48783,41160,5342,1861,27686,64,5,5,3
2021-04-11T23:59:59+02:00,2,4,1210,1370,2226,3373,2902,4825,3613,6721,5237,7063,4602,4681,9897,12249,3864,6655,288,332,758,1085,965,1663,1186,2430,1796,2443,2293,2438,6683,8655,3530,6071,48700,40745,5106,1803,26679,63,4,5,3
2021-04-10T23:59:59+02:00,2,4,1210,1369,2223,3369,2900,4821,3607,6718,5227,7051,4597,4672,9889,12236,3864,6654,285,328,743,1078,952,1658,1163,2410,1726,2391,2210,2352,6626,8608,3529,6067,48645,40579,5105,1482,26654,60,4,5,3
2021-04-09T23:59:59+02:00,2,4,1207,1366,2216,3367,2892,4812,3598,6707,5197,7027,4573,4645,9863,12206,3863,6654,276,325,723,1068,937,1637,1130,2363,1635,2316,1992,2083,6472,8451,3507,6034,48570,39728,5100,1156,26520,60,4,5,3
2021-04-08T23:59:59+02:00,2,4,1182,1346,2161,3311,2808,4722,3458,6577,4961,6794,4185,4237,9322,11635,3845,6601,251,305,671,1007,879,1565,1057,2266,1501,2196,1717,1748,6012,7894,3420,5891,48114,37173,4574,1153,24454,49,4,5,3
2021-04-07T23:59:59+02:00,2,4,1172,1332,2129,3294,2766,4684,3369,6515,4797,6659,3892,3937,8761,11085,3828,6570,217,275,611,953,819,1494,998,2205,1396,2097,1577,1573,5415,7199,3330,5739,47908,34698,4101,1148,22779,48,3,5,3
2021-04-06T23:59:59+02:00,2,4,1151,1315,2086,3269,2727,4652,3304,6468,4670,6567,3641,3683,8272,10575,3812,6540,210,269,583,934,794,1445,954,2148,1313,2010,1433,1386,4840,6409,3220,5534,47713,32293,3565,1140,21452,45,3,5,3
2021-04-05T23:59:59+02:00,2,4,1148,1310,2082,3266,2717,4650,3290,6454,4648,6549,3609,3656,8244,10538,3808,6538,207,256,576,918,775,1421,938,2112,1273,1970,1386,1323,4627,6139,3172,5479,47627,31385,3559,1138,21319,45,3,5,3
2021-04-04T23:59:59+02:00,2,4,1148,1310,2082,3265,2717,4649,3290,6454,4647,6548,3605,3654,8242,10536,3808,6538,207,256,575,918,775,1421,938,2112,1273,1969,1386,1323,4626,6139,3172,5479,47621,31382,3559,1138,21311,45,3,5,3
2021-04-03T23:59:59+02:00,2,4,1148,1310,2081,3265,2717,4649,3290,6454,4647,6548,3604,3652,8242,10534,3808,6538,207,256,575,918,775,1421,938,2112,1273,1969,1386,1323,4626,6139,3172,5479,47619,31382,3558,1138,21308,45,3,5,3
2021-04-02T23:59:59+02:00,2,4,1148,1310,2081,3263,2717,4648,3290,6451,4647,6546,3602,3648,8240,10533,3808,6538,207,256,575,918,775,1419,938,2112,1273,1968,1386,1321,4624,6138,3171,5479,47603,31374,3558,1137,21307,45,3,5,3
2021-04-01T23:59:59+02:00,1,4,1135,1273,2016,3141,2609,4449,3142,6202,4490,6307,3558,3612,8142,10428,3798,6522,202,247,571,910,764,1413,928,2098,1250,1952,1365,1294,4385,5819,3053,5314,47237,30390,3553,1133,20031,38,3,5,3
2021-03-31T23:59:59+02:00,1,4,1117,1241,1977,3040,2533,4306,3052,5989,4361,6078,3476,3531,7991,10229,3779,6488,194,244,564,898,760,1395,916,2078,1209,1918,1309,1231,3899,5225,2926,5081,46636,28675,3426,1133,19123,37,3,5,1
2021-03-30T23:59:59+02:00,1,3,1095,1207,1928,2859,2431,4080,2901,5631,4159,5690,3383,3437,7827,10025,3753,6437,190,239,556,887,749,1373,893,2058,1161,1873,1225,1148,3378,4516,2704,4749,46003,26535,3264,1133,17572,29,3,5,1
2021-03-29T23:59:59+02:00,1,3,1078,1163,1867,2724,2347,3921,2763,5377,3997,5417,3286,3338,7667,9797,3724,6390,189,234,550,876,739,1359,876,2034,1126,1845,1151,1062,2800,3839,2525,4455,45362,24512,3036,1128,16455,19,2,5,1
2021-03-28T23:59:59+02:00,1,3,1059,1130,1795,2559,2263,3715,2642,5077,3845,5140,3221,3273,7602,9732,3720,6384,189,234,548,873,738,1357,874,2028,1123,1843,1142,1050,2745,3771,2512,4428,45255,24315,2825,1125,15074,14,2,5,1
2021-03-27T23:59:59+01:00,1,3,1059,1130,1795,2558,2262,3714,2639,5077,3842,5140,3217,3273,7601,9732,3720,6384,189,234,547,873,738,1357,873,2028,1120,1843,1142,1050,2745,3771,2512,4428,45246,24310,2825,1125,15069,14,2,5,1
2021-03-26T23:59:59+01:00,1,3,1055,1108,1752,2443,2198,3556,2577,4866,3756,4916,3196,3256,7598,9727,3719,6383,189,233,546,873,737,1357,873,2028,1120,1840,1138,1049,2742,3763,2511,4425,45220,24286,2822,1125,14061,12,2,5,1
2021-03-25T23:59:59+01:00,1,3,1029,1076,1701,2340,2114,3388,2471,4638,3644,4719,3095,3166,7471,9596,3712,6369,187,230,541,872,730,1347,867,2011,1104,1816,1092,1005,2516,3416,2314,4133,44965,23044,2490,1125,13073,12,1,4,1
2021-03-24T23:59:59+01:00,1,3,1007,1057,1681,2298,2083,3338,2436,4571,3600,4650,3008,3097,7343,9425,3695,6350,187,226,535,868,723,1337,856,1996,1085,1795,1052,963,2132,2873,1925,3623,44430,21041,2361,1123,12847,12,1,4,1
2021-03-23T23:59:59+01:00,1,3,997,1051,1663,2266,2060,3304,2400,4528,3560,4599,2941,3024,7250,9324,3677,6322,185,223,531,863,716,1325,842,1977,1048,1765,971,873,1771,2384,1583,3160,43918,19116,2351,1089,12697,12,1,3,1
2021-03-22T23:59:59+01:00,1,3,994,1043,1648,2250,2046,3286,2378,4500,3523,4558,2896,2990,7188,9254,3662,6305,182,220,530,852,700,1302,828,1963,1019,1738,925,802,1304,1811,1237,2680,43582,17046,2331,1035,12608,12,1,3,1
2021-03-21T23:59:59+01:00,1,3,994,1043,1647,2247,2046,3285,2374,4496,3512,4551,2883,2981,7140,9198,3656,6299,182,217,529,850,699,1298,826,1959,1008,1733,902,783,1228,1726,1184,2611,43437,16745,2328,978,12587,12,1,3,1
2021-03-20T23:59:59+01:00,1,3,993,1042,1646,2246,2046,3285,2374,4496,3510,4549,2883,2980,7140,9197,3656,6299,182,217,529,850,699,1298,826,1959,996,1720,867,755,1197,1703,1176,2609,43436,16743,2324,828,12582,12,1,3,1
2021-03-19T23:59:59+01:00,1,3,992,1034,1639,2234,2035,3281,2372,4490,3503,4542,2873,2969,7127,9179,3655,6296,182,216,528,850,699,1296,826,1958,989,1715,823,718,1140,1653,1166,2599,43373,16701,2319,645,12529,12,1,3,1
2021-03-18T23:59:59+01:00,1,3,953,1002,1565,2123,1912,3114,2224,4244,3276,4291,2721,2811,6825,8814,3589,6197,181,215,523,845,692,1289,817,1947,967,1699,805,696,1065,1547,1026,2400,41980,16134,2010,568,11671,12,1,3,1
2021-03-17T23:59:59+01:00,1,3,899,969,1494,2066,1849,3048,2159,4182,3181,4195,2586,2678,6400,8323,3525,6083,180,213,520,840,690,1285,813,1942,962,1692,776,677,930,1394,870,2188,40214,15393,2007,567,11416,12,1,3,1
2021-03-16T23:59:59+01:00,1,3,874,946,1461,2027,1810,2999,2106,4127,3087,4097,2452,2519,5930,7677,3437,5933,174,210,515,839,686,1278,808,1933,955,1679,771,664,843,1268,728,2024,38231,14794,1948,567,11303,12,1,3,1
2021-03-15T23:59:59+01:00,1,3,857,939,1443,2005,1772,2944,2068,4055,2987,3988,2320,2349,5448,7135,3365,5820,173,209,515,832,684,1269,804,1923,945,1663,760,654,773,1157,580,1827,36467,14226,1852,529,11177,12,0,3,1
2021-03-14T23:59:59+01:00,1,3,852,925,1418,1976,1748,2915,2037,3995,2925,3922,2142,2155,5262,6909,3333,5789,173,209,514,829,682,1258,803,1916,942,1653,742,645,757,1138,556,1772,35445,14081,1754,504,11105,3,0,3,1
2021-03-13T23:59:59+01:00,1,3,844,918,1397,1965,1732,2902,2012,3967,2853,3874,2073,2081,5215,6856,3331,5788,173,209,514,828,682,1258,803,1916,942,1653,740,645,757,1135,556,1772,35195,14075,1515,504,11099,3,0,3,1
2021-03-12T23:59:59+01:00,1,3,820,903,1353,1908,1670,2803,1915,3815,2697,3707,1876,1844,5031,6634,3301,5745,173,209,513,828,682,1258,802,1916,942,1652,732,642,744,1120,549,1769,33871,14024,1276,503,10876,3,0,3,1
2021-03-11T23:59:59+01:00,1,3,785,844,1284,1825,1587,2656,1831,3614,2534,3535,1613,1535,4665,6165,3168,5563,164,203,507,819,672,1249,787,1880,921,1612,604,581,675,1079,529,1738,31762,13524,1181,493,10262,2,0,3,1
2021-03-10T23:59:59+01:00,1,3,769,793,1261,1767,1554,2597,1781,3543,2453,3446,1542,1446,4197,5627,3050,5313,164,201,498,797,654,1236,779,1860,914,1596,535,566,642,1070,522,1732,29955,13374,1174,389,10011,2,0,3,1
2021-03-09T23:59:59+01:00,1,3,757,770,1241,1736,1526,2551,1741,3492,2380,3394,1450,1349,3637,4879,2866,5008,162,199,493,776,644,1212,765,1828,902,1568,531,564,640,1065,519,1726,27795,13314,1171,277,9812,2,0,3,1
2021-03-08T23:59:59+01:00,0,3,753,742,1228,1717,1509,2531,1715,3456,2341,3351,1358,1249,2969,4051,2630,4638,158,196,479,752,622,1179,746,1778,878,1531,527,562,640,1064,519,1726,25346,13306,1171,50,9721,0,0,3,1
2021-03-07T23:59:59+01:00,0,3,750,738,1220,1708,1501,2517,1705,3448,2330,3343,1345,1233,2867,3931,2607,4588,158,196,479,752,622,1179,746,1778,878,1531,527,562,640,1064,519,1726,24994,13306,1169,50,9668,0,0,3,1
2021-03-06T23:59:59+01:00,0,3,749,738,1219,1705,1498,2514,1701,3445,2326,3342,1342,1233,2867,3931,2607,4588,157,196,479,752,622,1179,746,1778,878,1531,527,562,640,1064,519,1726,24989,13305,1169,50,9647,0,0,3,1
2021-03-05T23:59:59+01:00,0,3,684,712,1193,1691,1477,2505,1676,3430,2297,3333,1337,1230,2859,3923,2604,4583,157,196,479,751,622,1178,746,1778,878,1529,526,562,640,1064,519,1726,24959,13300,1165,50,9410,0,0,3,1
2021-03-04T23:59:59+01:00,0,3,618,664,1126,1622,1420,2423,1635,3351,2223,3256,1287,1182,2643,3559,2421,4296,155,190,476,737,611,1166,735,1750,869,1516,516,551,628,1054,514,1717,23743,13135,1158,49,8825,0,0,3,1
2021-03-03T23:59:59+01:00,0,3,582,625,1058,1558,1323,2341,1535,3265,2098,3172,1243,1137,2276,3039,2068,3852,155,190,474,734,611,1166,734,1748,867,1515,514,550,626,1051,514,1715,21888,13115,1157,48,8129,0,0,1,1
2021-03-02T23:59:59+01:00,0,3,564,592,1020,1512,1267,2298,1478,3213,2002,3111,1160,1037,1910,2559,1680,3329,153,188,469,728,606,1155,724,1738,862,1495,505,541,615,1030,495,1685,19823,12940,1154,48,7757,0,0,1,1
2021-03-01T23:59:59+01:00,0,3,557,544,1002,1473,1221,2237,1432,3148,1947,3038,1116,963,1419,1964,1305,2793,151,188,469,728,606,1154,724,1735,861,1495,503,541,612,1021,491,1674,17561,12904,1151,48,7449,0,0,1,1
2021-02-28T23:59:59+01:00,0,3,550,530,985,1434,1195,2175,1404,3090,1892,2965,1095,941,1305,1823,1232,2704,151,188,468,727,606,1154,723,1733,860,1494,501,541,612,1021,491,1674,17082,12895,1148,48,7092,0,0,1,1
2021-02-27T23:59:59+01:00,0,3,550,528,984,1434,1195,2174,1404,3089,1892,2964,1095,941,1305,1822,1231,2704,151,188,467,726,603,1152,721,1731,858,1493,501,541,612,1021,491,1674,17080,12895,1148,34,7086,0,0,1,1
2021-02-26T23:59:59+01:00,0,3,400,477,853,1390,1111,2131,1337,3048,1833,2922,1090,934,1302,1821,1231,2703,151,188,467,726,603,1152,721,1730,858,1492,501,541,612,1021,491,1674,17070,12894,1148,33,6367,0,0,1,1
2021-02-25T23:59:59+01:00,0,3,308,423,758,1296,1027,2042,1238,2874,1694,2760,1052,902,1221,1697,1118,2515,144,178,455,713,587,1127,714,1705,838,1468,489,527,584,990,477,1655,16482,12627,1148,23,5297,0,0,1,1
2021-02-24T23:59:59+01:00,0,2,259,378,686,1221,953,1954,1184,2756,1629,2642,1025,882,1098,1552,962,2302,142,178,452,710,583,1126,713,1700,837,1464,484,522,576,985,474,1643,15777,12568,1146,20,4561,0,0,1,1
2021-02-23T23:59:59+01:00,0,2,247,357,664,1163,925,1875,1137,2644,1554,2534,1000,854,1021,1424,825,2144,142,177,452,708,583,1126,713,1697,835,1463,483,520,574,984,474,1642,15229,12557,1115,15,4025,0,0,1,1
2021-02-22T23:59:59+01:00,0,0,233,338,641,1133,893,1792,1087,2552,1470,2411,955,825,903,1281,644,1892,142,177,451,707,581,1125,711,1697,829,1461,482,519,573,982,473,1640,14488,12545,1046,4,3515,0,0,1,1
2021-02-21T23:59:59+01:00,0,0,227,327,606,1066,843,1686,1044,2451,1391,2304,938,804,872,1230,592,1828,142,176,448,700,580,1121,711,1692,829,1460,481,519,572,982,472,1639,14282,12519,1006,4,2920,0,0,1,1
2021-02-20T23:59:59+01:00,0,0,227,324,603,1065,841,1681,1041,2446,1378,2287,902,775,841,1207,584,1826,142,176,448,700,580,1121,711,1692,829,1460,481,518,571,982,472,1639,14282,12518,852,4,2893,0,0,1,0
2021-02-19T23:59:59+01:00,0,0,217,316,593,1057,828,1666,1020,2429,1345,2244,659,673,704,1145,559,1809,142,176,448,699,580,1118,710,1690,826,1457,481,517,571,981,471,1639,13806,12503,672,3,2785,0,0,1,0
2021-02-18T23:59:59+01:00,0,0,200,266,554,936,744,1439,889,2170,1097,1869,579,605,666,1105,540,1792,137,176,435,687,565,1101,704,1664,810,1429,478,514,570,979,471,1639,13650,12356,576,3,1224,0,0,1,0
2021-02-17T23:59:59+01:00,0,0,195,228,534,887,708,1342,831,2003,1012,1737,557,585,666,1102,538,1789,130,174,424,677,557,1085,685,1633,797,1406,475,512,568,976,471,1638,13634,12205,576,3,503,0,0,1,0
2021-02-16T23:59:59+01:00,0,0,189,225,527,872,692,1311,812,1964,979,1697,545,580,660,1100,537,1787,125,169,410,671,546,1069,673,1615,788,1392,468,507,561,963,465,1611,13606,12031,576,2,294,0,0,1,0
2021-02-15T23:59:59+01:00,0,0,174,216,521,845,686,1277,798,1929,950,1650,544,577,658,1100,537,1787,122,168,403,661,536,1050,644,1588,774,1374,466,504,561,963,465,1611,13603,11888,537,2,108,0,0,1,0
2021-02-14T23:59:59+01:00,0,0,169,208,518,833,685,1268,795,1920,932,1641,543,576,658,1097,536,1787,115,165,392,650,519,1032,626,1574,767,1362,466,502,559,961,465,1611,13597,11764,535,2,33,0,0,1,0
2021-02-13T23:59:59+01:00,0,0,168,208,517,833,685,1268,795,1920,932,1641,543,576,658,1097,536,1787,115,165,391,649,519,1032,626,1574,767,1362,466,502,559,961,465,1611,13596,11762,535,2,32,0,0,1,0
2021-02-12T23:59:59+01:00,0,0,167,207,513,832,684,1265,791,1919,930,1638,542,576,658,1097,536,1787,111,163,388,643,515,1026,612,1559,763,1345,464,501,548,941,462,1586,13589,11625,534,2,18,0,0,1,0
2021-02-11T23:59:59+01:00,0,0,165,206,509,825,677,1261,789,1916,924,1636,537,570,651,1091,531,1781,91,127,359,572,469,947,561,1441,719,1251,439,456,507,887,420,1492,13538,10737,522,1,8,0,0,1,0
2021-02-10T23:59:59+01:00,0,0,162,204,499,808,661,1246,777,1889,909,1612,529,564,641,1079,526,1771,81,115,331,513,442,840,519,1266,645,1095,391,406,441,775,374,1337,13415,9570,460,1,1,0,0,1,0
2021-02-09T23:59:59+01:00,0,0,161,197,491,769,645,1207,757,1828,898,1570,517,552,635,1065,518,1755,76,99,312,447,407,756,479,1162,580,995,361,352,402,691,344,1224,13306,8687,258,0,0,0,0,1,0
2021-02-08T23:59:59+01:00,0,0,157,193,474,744,622,1172,737,1778,878,1526,511,551,633,1059,514,1742,63,73,267,378,359,620,419,933,507,816,304,297,339,543,289,1033,13239,7240,51,0,0,0,0,1,0
2021-02-07T23:59:59+01:00,0,0,157,192,473,743,620,1171,736,1770,876,1524,510,551,633,1059,514,1741,62,65,249,343,340,576,403,901,488,781,303,289,337,536,287,1030,13218,6990,51,0,0,0,0,1,0
2021-02-06T23:59:59+01:00,0,0,157,192,473,743,620,1171,736,1770,876,1524,510,551,633,1059,514,1741,62,65,249,343,340,576,403,900,486,779,303,288,336,534,286,1030,13218,6980,51,0,0,0,0,1,0
2021-02-05T23:59:59+01:00,0,0,157,192,473,743,620,1171,736,1770,876,1523,510,551,633,1059,514,1741,60,65,247,341,333,572,395,878,477,759,293,283,326,512,271,994,13217,6806,51,0,0,0,0,1,0
2021-02-04T23:59:59+01:00,0,0,151,187,469,735,613,1163,732,1756,870,1514,503,544,612,1034,505,1723,44,50,213,308,292,476,354,737,385,613,229,216,243,352,202,736,13060,5450,50,0,0,0,0,1,0
2021-02-03T23:59:59+01:00,0,0,149,186,463,729,605,1154,728,1744,861,1498,494,536,599,1021,498,1715,36,32,157,217,238,348,265,562,310,465,180,170,171,264,154,555,12930,4124,49,0,0,0,0,1,0
2021-02-02T23:59:59+01:00,0,0,149,183,461,728,605,1154,725,1738,854,1494,493,535,595,1018,497,1711,27,26,138,170,193,279,221,427,258,374,140,131,129,199,119,437,12890,3268,49,0,0,0,0,1,0
2021-02-01T23:59:59+01:00,0,0,147,183,460,727,600,1151,724,1730,852,1489,492,533,590,1015,496,1705,22,19,101,125,137,188,154,299,169,259,89,94,87,126,65,238,12844,2172,49,0,0,0,0,1,0
2021-01-31T23:59:59+01:00,0,0,147,183,460,724,597,1150,724,1726,852,1488,490,532,589,1013,496,1704,16,15,67,84,95,123,117,222,142,203,84,87,83,118,63,224,12826,1743,49,0,0,0,0,0,0
2021-01-30T23:59:59+01:00,0,0,147,183,459,724,595,1148,723,1725,852,1488,490,532,588,1013,496,1704,16,15,67,84,95,121,115,218,139,200,83,86,83,112,57,214,12825,1705,42,0,0,0,0,0,0
2021-01-29T23:59:59+01:00,0,0,147,183,459,722,594,1145,721,1723,850,1487,490,532,588,1013,496,1704,14,15,55,79,78,117,97,207,116,188,78,79,82,108,56,213,12820,1582,34,0,0,0,0,0,0
2021-01-28T23:59:59+01:00,0,0,140,179,446,705,577,1119,715,1696,827,1458,483,526,585,1010,493,1701,9,3,12,19,24,45,30,95,48,89,45,50,54,78,41,158,12634,800,26,0,0,0,0,0,0
2021-01-27T23:59:59+01:00,0,0,133,177,435,695,569,1110,699,1662,820,1434,480,524,581,1005,493,1696,5,1,4,11,10,23,13,40,23,31,12,17,24,31,18,48,12489,311,24,0,0,0,0,0,0
2021-01-26T23:59:59+01:00,0,0,127,173,421,682,556,1096,690,1639,809,1413,474,519,575,988,486,1662,5,1,4,10,7,21,11,37,17,28,12,15,23,30,18,47,12295,286,15,0,0,0,0,0,0
2021-01-25T23:59:59+01:00,0,0,124,171,412,670,545,1077,662,1611,791,1396,472,515,573,987,486,1662,4,1,3,9,7,16,6,28,12,22,9,6,13,19,9,29,12150,193,4,0,0,0,0,0,0
2021-01-24T23:59:59+01:00,0,0,117,168,402,660,531,1059,645,1598,778,1385,471,512,572,987,486,1662,3,0,1,6,7,4,4,7,5,9,1,2,11,12,6,16,12029,94,4,0,0,0,0,0,0
2021-01-23T23:59:59+01:00,0,0,117,168,402,659,531,1059,645,1598,778,1385,471,512,572,987,486,1662,2,0,1,6,7,4,4,7,5,9,1,2,11,12,6,16,12028,93,4,0,0,0,0,0,0
2021-01-22T23:59:59+01:00,0,0,113,166,395,653,528,1053,631,1583,772,1368,471,508,561,966,481,1636,2,0,1,6,7,4,4,7,5,9,1,2,11,12,6,16,11882,93,3,0,0,0,0,0,0
2021-01-21T23:59:59+01:00,0,0,101,158,380,635,505,1020,601,1533,749,1326,455,470,528,922,447,1571,2,0,1,6,7,4,4,7,5,9,1,2,11,12,6,16,11398,93,3,0,0,0,0,0,0
2021-01-20T23:59:59+01:00,0,0,82,116,346,546,461,880,543,1299,661,1139,397,411,445,787,388,1359,2,0,1,5,7,4,4,7,5,9,1,2,11,12,6,16,9857,92,3,0,0,0,0,0,0
2021-01-19T23:59:59+01:00,0,0,77,104,317,470,421,791,503,1185,609,1036,374,374,410,710,359,1269,2,0,1,3,7,4,4,7,5,9,1,0,8,8,5,15,9006,79,3,0,0,0,0,0,0
2021-01-18T23:59:59+01:00,0,0,63,74,272,383,366,641,429,953,516,839,308,307,345,562,306,1081,2,0,1,3,7,4,4,7,5,9,1,0,8,8,5,15,7443,79,2,0,0,0,0,0,0
2021-01-17T23:59:59+01:00,0,0,62,65,253,348,344,589,410,911,493,800,305,298,344,555,304,1073,0,0,0,0,0,0,0,0,0,0,0,0,0,0,0,0,7152,0,2,0,0,0,0,0,0
2021-01-16T23:59:59+01:00,0,0,62,65,253,348,344,589,410,910,491,798,305,297,342,551,303,1073,0,0,0,0,0,0,0,0,0,0,0,0,0,0,0,0,7139,0,2,0,0,0,0,0,0
2021-01-15T23:59:59+01:00,0,0,60,65,252,345,338,583,399,887,480,773,291,291,325,524,282,1035,0,0,0,0,0,0,0,0,0,0,0,0,0,0,0,0,6928,0,2,0,0,0,0,0,0
2021-01-14T23:59:59+01:00,0,0,46,52,238,322,314,508,365,762,393,627,228,219,242,353,206,752,0,0,0,0,0,0,0,0,0,0,0,0,0,0,0,0,5627,0,0,0,0,0,0,0,0
2021-01-13T23:59:59+01:00,0,0,40,42,213,266,273,409,300,612,322,502,177,176,174,269,164,588,0,0,0,0,0,0,0,0,0,0,0,0,0,0,0,0,4527,0,0,0,0,0,0,0,0
2021-01-12T23:59:59+01:00,0,0,36,40,208,251,259,377,277,533,290,456,141,135,135,206,127,458,0,0,0,0,0,0,0,0,0,0,0,0,0,0,0,0,3929,0,0,0,0,0,0,0,0
2021-01-11T23:59:59+01:00,0,0,30,36,197,230,240,325,229,444,240,382,110,106,101,133,75,291,0,0,0,0,0,0,0,0,0,0,0,0,0,0,0,0,3169,0,0,0,0,0,0,0,0
2021-01-10T23:59:59+01:00,0,0,28,31,159,168,197,250,191,348,198,305,98,99,98,128,73,277,0,0,0,0,0,0,0,0,0,0,0,0,0,0,0,0,2648,0,0,0,0,0,0,0,0
2021-01-09T23:59:59+01:00,0,0,28,31,152,164,195,242,187,341,196,300,98,99,98,128,73,277,0,0,0,0,0,0,0,0,0,0,0,0,0,0,0,0,2609,0,0,0,0,0,0,0,0
2021-01-08T23:59:59+01:00,0,0,25,28,121,141,174,229,162,312,168,279,93,89,97,124,72,276,0,0,0,0,0,0,0,0,0,0,0,0,0,0,0,0,2390,0,0,0,0,0,0,0,0
2021-01-07T23:59:59+01:00,0,0,10,3,16,24,32,55,37,104,61,112,48,51,60,84,46,187,0,0,0,0,0,0,0,0,0,0,0,0,0,0,0,0,930,0,0,0,0,0,0,0,0
2021-01-06T23:59:59+01:00,0,0,5,1,5,11,10,22,13,39,20,31,13,14,25,35,20,55,0,0,0,0,0,0,0,0,0,0,0,0,0,0,0,0,319,0,0,0,0,0,0,0,0
2021-01-05T23:59:59+01:00,0,0,4,1,4,9,9,18,10,31,15,26,10,14,22,30,19,49,0,0,0,0,0,0,0,0,0,0,0,0,0,0,0,0,271,0,0,0,0,0,0,0,0
2021-01-04T23:59:59+01:00,0,0,3,1,2,7,9,10,4,15,8,16,5,3,11,16,8,26,0,0,0,0,0,0,0,0,0,0,0,0,0,0,0,0,144,0,0,0,0,0,0,0,0
2021-01-03T23:59:59+01:00,0,0,3,0,1,6,8,4,4,7,5,9,1,2,11,12,7,16,0,0,0,0,0,0,0,0,0,0,0,0,0,0,0,0,96,0,0,0,0,0,0,0,0
2021-01-02T23:59:59+01:00,0,0,3,0,1,6,8,4,4,7,5,9,1,2,11,12,7,16,0,0,0,0,0,0,0,0,0,0,0,0,0,0,0,0,96,0,0,0,0,0,0,0,0
2021-01-01T23:59:59+01:00,0,0,2,0,1,6,8,4,4,7,5,9,1,2,11,12,7,16,0,0,0,0,0,0,0,0,0,0,0,0,0,0,0,0,95,0,0,0,0,0,0,0,0
2020-12-31T23:59:59+01:00,0,0,2,0,1,5,8,4,4,7,5,9,1,2,11,12,7,16,0,0,0,0,0,0,0,0,0,0,0,0,0,0,0,0,94,0,0,0,0,0,0,0,0
2020-12-30T23:59:59+01:00,0,0,2,0,1,5,8,4,4,7,5,9,1,2,11,12,7,16,0,0,0,0,0,0,0,0,0,0,0,0,0,0,0,0,94,0,0,0,0,0,0,0,0
2020-12-29T23:59:59+01:00,0,0,2,0,1,3,8,4,4,7,5,9,1,0,8,8,6,15,0,0,0,0,0,0,0,0,0,0,0,0,0,0,0,0,81,0,0,0,0,0,0,0,0
2020-12-28T23:59:59+01:00,0,0,2,0,1,3,8,4,4,7,5,9,1,0,8,8,6,15,0,0,0,0,0,0,0,0,0,0,0,0,0,0,0,0,81,0,0,0,0,0,0,0,0
2020-12-27T23:59:59+01:00,0,0,2,0,1,3,8,4,4,7,5,9,1,0,8,8,6,15,0,0,0,0,0,0,0,0,0,0,0,0,0,0,0,0,81,0,0,0,0,0,0,0,0
