Datum,<15_m,<15_w,15-24_1_m,15-24_1_w,25-34_1_m,25-34_1_w,35-44_1_m,35-44_1_w,45-54_1_m,45-54_1_w,55-64_1_m,55-64_1_w,65-74_1_m,65-74_1_w,75-84_1_m,75-84_1_w,>84_1_m,>84_1_w,<24_2_m,<24_2_w,25-34_2_m,25-34_2_w,35-44_2_m,35-44_2_w,45-54_2_m,45-54_2_w,55-64_2_m,55-64_2_w,65-74_2_m,65-74_2_w,75-84_2_m,75-84_2_w,>84_2_m,>84_2_w,bp_1,bp_2,mo_1,mo_2,az_1,az_2,ja,unb_1,unb_2
2021-08-11T23:59:59+02:00,1151,1032,14398,13338,20078,18493,22386,22002,26201,26897,29540,30527,21021,24032,15083,18978,4288,7468,12092,11344,18244,16733,20734,20294,24645,25156,28115,29045,20269,23171,14598,18270,4149,7207,217535,202118,31950,29296,55032,51583,12369,27,28
2021-08-10T23:59:59+02:00,1136,1015,14323,13270,20030,18452,22358,21963,26174,26869,29512,30501,21012,24024,15083,18970,4287,7466,11993,11237,18157,16667,20676,20235,24594,25102,28075,28997,20247,23143,14585,18253,4148,7201,217131,201403,31921,29276,55032,51558,12334,27,28
2021-08-09T23:59:59+02:00,1118,997,14239,13211,19951,18398,22311,21916,26121,26826,29478,30468,20994,24007,15077,18961,4282,7465,11812,11084,17992,16572,20559,20155,24501,25007,27997,28923,20211,23104,14571,18241,4145,7192,216691,200442,31903,29167,55031,51465,12168,27,28
2021-08-08T23:59:59+02:00,1105,990,14198,13175,19932,18364,22286,21896,26106,26807,29463,30454,20987,24001,15074,18957,4281,7464,11731,10998,17906,16493,20495,20100,24437,24962,27951,28879,20189,23081,14559,18230,4145,7188,216472,199796,31871,29093,55031,51447,12139,27,28
2021-08-07T23:59:59+02:00,1105,990,14183,13169,19922,18359,22279,21891,26094,26793,29450,30442,20985,23997,15070,18952,4280,7464,11717,10993,17891,16488,20489,20094,24424,24947,27935,28867,20187,23077,14555,18225,4144,7188,216467,199784,31871,29092,55031,51447,12029,27,28
2021-08-06T23:59:59+02:00,1105,989,14172,13157,19910,18341,22265,21877,26072,26784,29438,30431,20982,23993,15067,18949,4280,7464,11704,10979,17871,16469,20474,20079,24402,24938,27923,28856,20184,23073,14552,18223,4144,7188,216460,199761,31867,29092,55031,51446,11891,27,28
2021-08-05T23:59:59+02:00,1094,973,14105,13121,19865,18310,22222,21838,26038,26731,29412,30408,20972,23979,15061,18941,4278,7461,11543,10877,17768,16375,20372,19987,24301,24850,27858,28809,20161,23049,14542,18213,4142,7186,216178,199028,31829,29001,55030,51327,11745,27,28
2021-08-04T23:59:59+02:00,1080,957,14043,13052,19765,18232,22159,21781,26002,26691,29363,30362,20949,23961,15051,18929,4278,7458,11356,10707,17542,16241,20199,19861,24186,24727,27751,28713,20134,23016,14529,18201,4139,7184,215923,197993,31673,28946,55030,51084,11460,27,28
2021-08-03T23:59:59+02:00,1056,939,13974,12993,19731,18186,22126,21742,25968,26650,29335,30336,20935,23938,15041,18916,4275,7448,11173,10535,17372,16118,20062,19733,24043,24606,27637,28611,20093,22971,14511,18170,4137,7178,215558,196577,31644,28913,55030,51029,11330,27,28
2021-08-02T23:59:59+02:00,1032,920,13888,12927,19676,18131,22075,21702,25916,26590,29283,30286,20904,23908,15032,18896,4272,7446,11005,10367,17204,15995,19920,19622,23928,24492,27551,28509,20046,22918,14492,18151,4134,7168,215091,195392,31613,28876,55030,50954,11123,27,28
2021-08-01T23:59:59+02:00,1022,905,13829,12878,19639,18114,22056,21682,25891,26570,29264,30269,20895,23896,15028,18889,4272,7445,10863,10225,17048,15887,19773,19514,23785,24388,27446,28431,20032,22894,14484,18138,4134,7164,214860,194512,31557,28795,55030,50605,11070,27,28
2021-07-31T23:59:59+02:00,1022,905,13803,12869,19622,18107,22039,21672,25879,26559,29256,30258,20893,23891,15027,18888,4271,7445,10836,10213,17028,15874,19755,19502,23773,24376,27438,28420,20030,22889,14483,18137,4133,7164,214857,194492,31557,28795,55030,50605,10935,27,28
2021-07-30T23:59:59+02:00,1014,896,13744,12826,19577,18086,22010,21653,25850,26537,29229,30240,20886,23883,15021,18886,4269,7444,10749,10141,16963,15832,19696,19468,23706,24335,27390,28396,20015,22867,14474,18133,4130,7162,214682,194104,31556,28795,55030,50539,10756,27,28
2021-07-29T23:59:59+02:00,992,882,13642,12754,19520,18032,21943,21611,25806,26484,29183,30207,20868,23874,15014,18879,4269,7442,10486,9889,16674,15595,19408,19260,23412,24111,27145,28238,19960,22813,14462,18113,4130,7161,214278,192387,31489,28684,55029,49859,10579,27,28
2021-07-28T23:59:59+02:00,965,855,13511,12626,19400,17928,21861,21530,25728,26403,29107,30138,20847,23838,15001,18867,4267,7440,10196,9687,16417,15409,19150,19076,23185,23923,26990,28093,19911,22740,14443,18091,4127,7156,213642,191065,31456,28601,55025,49349,10162,27,28
2021-07-27T23:59:59+02:00,934,834,13398,12537,19346,17872,21805,21485,25676,26350,29075,30100,20835,23820,14998,18849,4266,7434,9946,9479,16173,15191,18932,18901,23005,23757,26835,27959,19872,22689,14423,18066,4121,7147,213055,189413,31403,28446,55025,49016,10104,27,28
2021-07-26T23:59:59+02:00,909,816,13298,12443,19295,17815,21732,21421,25628,26317,29022,30041,20807,23797,14980,18830,4266,7430,9709,9230,15940,14990,18685,18701,22779,23590,26683,27829,19801,22629,14396,18030,4116,7141,212462,187666,31332,28347,55024,48641,10002,27,28
2021-07-25T23:59:59+02:00,890,805,13223,12374,19217,17769,21675,21370,25588,26269,28986,29996,20791,23781,14974,18824,4263,7429,9523,9089,15739,14843,18485,18561,22610,23480,26534,27709,19751,22581,14381,18017,4113,7138,212169,186768,31272,28195,55024,48223,9732,27,28
2021-07-24T23:59:59+02:00,890,805,13214,12365,19207,17763,21666,21365,25573,26262,28981,29990,20787,23780,14973,18823,4263,7429,9514,9076,15730,14835,18474,18555,22593,23471,26528,27701,19748,22578,14380,18016,4113,7137,212165,186750,31272,28192,55024,48223,9648,27,28
2021-07-23T23:59:59+02:00,882,804,13151,12329,19129,17731,21629,21332,25536,26223,28948,29954,20773,23764,14965,18819,4261,7426,9466,9048,15648,14791,18422,18516,22540,23430,26484,27662,19733,22562,14373,18010,4111,7134,212041,186590,31271,28188,55024,48222,9293,27,28
2021-07-22T23:59:59+02:00,870,791,13054,12250,19074,17664,21581,21303,25486,26176,28924,29933,20761,23746,14963,18813,4258,7424,9149,8777,15248,14545,18059,18261,22208,23187,26279,27528,19676,22506,14360,17988,4108,7129,211581,184769,31186,27936,55020,47312,9257,27,28
2021-07-21T23:59:59+02:00,848,764,12855,12083,18928,17542,21449,21204,25380,26074,28849,29864,20719,23712,14946,18790,4254,7419,8767,8456,14812,14215,17682,17990,21854,22859,26008,27319,19583,22418,14335,17951,4105,7120,210974,182868,31076,27585,55015,46655,8588,27,28
2021-07-20T23:59:59+02:00,818,740,12711,11950,18825,17460,21380,21129,25320,26010,28814,29813,20695,23681,14938,18774,4251,7416,8437,8149,14350,13880,17301,17717,21554,22629,25765,27134,19501,22309,14306,17916,4103,7114,210316,180726,30967,27425,55013,45778,8402,27,27
2021-07-19T23:59:59+02:00,789,712,12593,11836,18735,17391,21321,21069,25266,25957,28764,29777,20670,23653,14928,18760,4247,7410,8108,7890,13985,13627,16954,17468,21231,22430,25540,26992,19432,22234,14284,17894,4097,7108,209611,178695,30863,27260,55013,45070,8364,27,27
2021-07-18T23:59:59+02:00,771,693,12483,11732,18632,17316,21258,21017,25212,25907,28727,29723,20648,23633,14917,18749,4245,7408,7939,7737,13829,13509,16802,17344,21070,22318,25411,26913,19392,22194,14269,17878,4097,7105,209045,177761,30713,27156,55013,44708,8273,27,27
2021-07-17T23:59:59+02:00,771,693,12479,11732,18631,17313,21258,21017,25212,25907,28727,29723,20648,23633,14917,18749,4245,7408,7931,7736,13825,13504,16801,17343,21069,22317,25410,26911,19391,22194,14269,17878,4097,7105,209041,177741,30713,27155,55013,44707,8269,27,27
2021-07-16T23:59:59+02:00,764,688,12405,11676,18594,17282,21221,20990,25179,25884,28701,29704,20646,23630,14917,18747,4245,7408,7782,7634,13672,13431,16658,17285,20931,22259,25303,26863,19373,22175,14268,17872,4097,7102,208833,177295,30713,27083,55012,44315,8096,27,27
2021-07-15T23:59:59+02:00,749,670,12335,11607,18533,17224,21167,20940,25131,25845,28673,29676,20631,23612,14912,18738,4244,7405,7439,7317,13067,13028,15991,16864,20297,21892,24852,26551,19227,22034,14225,17826,4094,7095,208361,175071,30627,26191,55006,42545,8071,27,27
2021-07-14T23:59:59+02:00,720,650,12128,11474,18368,17118,21048,20845,25031,25745,28586,29578,20598,23579,14893,18722,4241,7402,7022,6955,12407,12570,15305,16382,19664,21435,24390,26209,19008,21808,14193,17778,4086,7084,207560,172240,30480,25860,55005,40601,7654,27,27
2021-07-13T23:59:59+02:00,676,616,11990,11344,18248,17039,20935,20748,24936,25650,28517,29513,20569,23540,14873,18712,4239,7392,6559,6521,11775,12074,14616,15874,19062,21021,23952,25885,18829,21593,14149,17715,4082,7075,206552,168585,30343,25687,54995,38932,7620,27,23
2021-07-12T23:59:59+02:00,643,585,11868,11207,18133,16950,20845,20642,24836,25552,28435,29448,20542,23506,14865,18700,4234,7385,6144,6105,11177,11540,13997,15333,18510,20529,23536,25522,18635,21403,14085,17657,4073,7071,205547,164914,30213,24861,54992,37977,7597,27,23
2021-07-11T23:59:59+02:00,607,558,11755,11115,18066,16888,20789,20585,24782,25507,28379,29400,20523,23486,14856,18691,4234,7384,5950,5936,10918,11338,13766,15134,18266,20340,23327,25337,18563,21323,14058,17631,4072,7065,204919,163528,30092,24391,54990,37552,7584,20,20
2021-07-10T23:59:59+02:00,606,558,11748,11114,18062,16886,20786,20585,24779,25506,28378,29400,20523,23486,14855,18689,4234,7384,5943,5935,10916,11332,13757,15130,18265,20338,23325,25335,18561,21322,14057,17631,4072,7065,204900,163502,30091,24390,54990,37545,7578,20,20
2021-07-09T23:59:59+02:00,578,535,11637,10992,17987,16802,20718,20523,24706,25430,28329,29355,20500,23466,14852,18681,4234,7383,5909,5905,10887,11299,13707,15108,18234,20305,23306,25312,18556,21312,14055,17628,4072,7064,204037,163267,30091,24340,54990,37512,7570,20,20
2021-07-08T23:59:59+02:00,543,510,11475,10858,17866,16700,20589,20426,24600,25304,28212,29280,20456,23417,14836,18653,4231,7375,5555,5647,10380,10907,13087,14655,17574,19749,22702,24851,18248,20929,13959,17545,4067,7054,203287,160967,30066,23534,54967,35441,6991,20,20
2021-07-07T23:59:59+02:00,483,457,11311,10718,17786,16615,20520,20357,24526,25226,28150,29216,20428,23382,14831,18641,4229,7367,5243,5354,9857,10458,12510,14180,16896,19231,22138,24357,17938,20568,13857,17448,4060,7031,202289,158517,30044,22078,54948,33606,6942,20,20
2021-07-06T23:59:59+02:00,444,423,11187,10569,17672,16521,20429,20256,24448,25135,28060,29138,20402,23344,14822,18624,4227,7364,4860,4935,9258,9947,11805,13583,16197,18623,21627,23863,17621,20264,13758,17335,4051,7021,201163,154401,30038,21134,54940,32313,6904,20,20
2021-07-05T23:59:59+02:00,422,396,11095,10483,17586,16451,20349,20185,24387,25083,28019,29100,20378,23323,14811,18616,4226,7361,4569,4618,8763,9496,11243,13030,15489,17981,21007,23256,17227,19870,13627,17179,4043,7013,200430,150513,30034,20458,54931,30584,6856,20,20
2021-07-04T23:59:59+02:00,409,390,11019,10428,17519,16398,20300,20136,24356,25047,28003,29082,20369,23312,14805,18613,4225,7360,4424,4525,8633,9330,11052,12854,15250,17771,20742,22984,16955,19578,13568,17088,4039,7009,199948,149203,30030,20151,54931,29606,6842,20,20
2021-07-03T23:59:59+02:00,408,389,11012,10419,17509,16390,20298,20133,24354,25046,28000,29081,20369,23311,14805,18613,4225,7359,4420,4519,8626,9329,11049,12854,15246,17771,20739,22981,16955,19575,13568,17088,4039,7009,199916,149191,30029,20151,54931,29601,6825,20,20
2021-07-02T23:59:59+02:00,364,326,10865,10309,17397,16288,20196,20058,24281,24981,27938,29021,20343,23285,14799,18599,4225,7356,4331,4438,8467,9189,10914,12744,15123,17664,20627,22877,16914,19546,13561,17073,4039,7006,199032,148200,30029,20150,54931,29544,6619,20,20
2021-07-01T23:59:59+02:00,317,282,10731,10172,17268,16195,20073,19968,24197,24905,27875,28970,20323,23261,14783,18584,4222,7352,4128,4235,8170,8850,10546,12333,14557,17167,20118,22335,16626,19247,13353,16860,4029,6984,197956,145144,29970,19467,54925,28318,6607,20,20
2021-06-30T23:59:59+02:00,235,220,10477,9934,17100,16046,19941,19836,24083,24784,27795,28881,20301,23230,14764,18566,4221,7351,3932,4038,7867,8510,10135,11870,14069,16610,19544,21702,16304,18909,13081,16584,4016,6958,196320,141466,29915,19211,54917,26856,6593,20,20
2021-06-29T23:59:59+02:00,190,183,10331,9758,16965,15949,19837,19744,24015,24709,27737,28812,20275,23203,14750,18546,4221,7347,3728,3777,7469,8061,9661,11334,13416,15944,18930,20999,15987,18583,12835,16294,4009,6944,195168,137184,29911,18914,54913,25308,6561,19,20
2021-06-28T23:59:59+02:00,140,131,10133,9575,16844,15842,19735,19643,23922,24616,27669,28751,20245,23173,14736,18527,4219,7345,3524,3519,7068,7620,9227,10840,12866,15405,18434,20484,15737,18318,12717,16162,4003,6933,193993,133352,29797,18489,54910,24482,6527,19,20
2021-06-27T23:59:59+02:00,122,114,9995,9463,16788,15784,19675,19592,23864,24566,27642,28727,20232,23157,14733,18523,4218,7342,3432,3451,6892,7427,9039,10639,12637,15165,18172,20224,15617,18214,12652,16077,4003,6929,193365,132162,29740,18141,54904,23751,6509,19,20
2021-06-26T23:59:59+02:00,122,114,9993,9458,16787,15780,19673,19591,23861,24565,27642,28727,20232,23157,14733,18523,4218,7342,3429,3451,6890,7426,9036,10637,12635,15162,18170,20223,15614,18213,12652,16076,4003,6929,193347,132142,29739,18141,54904,23747,6509,19,20
2021-06-25T23:59:59+02:00,118,111,9947,9417,16750,15748,19640,19562,23825,24537,27618,28709,20226,23150,14731,18520,4218,7342,3410,3405,6816,7315,8940,10482,12521,14966,18027,20016,15592,18184,12644,16073,4002,6928,193032,131963,29705,17789,54904,23053,6509,19,20
2021-06-24T23:59:59+02:00,108,100,9820,9291,16563,15625,19508,19440,23703,24449,27561,28649,20212,23134,14724,18511,4217,7340,3284,3258,6603,6987,8629,10026,11990,14345,17473,19311,15367,17956,12499,15944,3999,6916,192201,129570,29361,16932,54903,21606,6471,19,20
2021-06-23T23:59:59+02:00,102,94,9691,9153,16423,15499,19391,19334,23606,24344,27496,28602,20197,23112,14720,18506,4214,7339,3079,3017,6250,6501,8127,9460,11291,13523,16711,18330,15071,17614,12348,15801,3989,6891,191282,125022,29194,15961,54892,20576,6436,19,20
2021-06-22T23:59:59+02:00,71,68,9401,8847,16195,15298,19205,19186,23462,24218,27426,28518,20174,23087,14712,18487,4210,7333,2844,2728,5766,5954,7505,8699,10383,12485,15685,17128,14775,17255,12241,15677,3976,6868,189602,118592,28987,15471,54888,19500,6404,17,14
2021-06-21T23:59:59+02:00,67,61,9274,8684,16022,15151,19017,19032,23331,24095,27365,28439,20150,23060,14706,18477,4210,7329,2699,2535,5383,5488,7039,8113,9652,11607,14954,16194,14497,16942,12135,15556,3971,6852,188405,113880,28763,14912,54883,18421,6402,17,14
2021-06-20T23:59:59+02:00,64,60,9139,8552,15885,15035,18907,18941,23257,24024,27325,28388,20139,23040,14695,18470,4207,7328,2641,2466,5215,5305,6825,7847,9344,11276,14591,15793,14363,16809,12095,15519,3966,6847,187516,112183,28642,14688,54883,17631,6398,17,14
2021-06-19T23:59:59+02:00,64,60,9139,8550,15884,15029,18905,18941,23256,24024,27325,28387,20139,23040,14695,18470,4207,7328,2638,2465,5214,5301,6824,7847,9344,11275,14589,15789,14361,16809,12095,15519,3966,6847,187505,112167,28640,14686,54883,17630,6398,17,14
2021-06-18T23:59:59+02:00,64,56,9111,8538,15871,15020,18890,18933,23249,24015,27318,28382,20139,23037,14694,18470,4207,7328,2609,2431,5159,5242,6746,7747,9245,11119,14417,15561,14282,16708,12085,15498,3964,6844,187386,111382,28639,14685,54882,17190,6398,17,14
2021-06-17T23:59:59+02:00,57,53,8936,8376,15637,14852,18692,18777,23093,23884,27182,28290,20115,23015,14687,18458,4205,7325,2472,2278,4832,4943,6359,7344,8695,10513,13586,14690,14045,16418,12012,15377,3960,6832,186060,108515,28634,13726,54874,16064,6049,17,14
2021-06-16T23:59:59+02:00,49,51,8706,8161,15401,14627,18481,18577,22903,23717,27076,28180,20086,22972,14673,18438,4201,7319,2358,2170,4590,4741,6007,6998,8170,10026,12870,13851,13695,16035,11927,15288,3955,6820,184274,105067,28535,12926,54871,15585,5921,17,14
2021-06-15T23:59:59+02:00,40,38,8357,7822,15021,14269,18160,18286,22654,23504,26917,28046,20057,22939,14660,18422,4199,7308,2174,2003,4238,4387,5499,6435,7289,9140,11677,12577,13156,15420,11805,15125,3940,6797,181667,98831,28499,12263,54870,14920,5646,17,14
2021-06-14T23:59:59+02:00,34,33,8176,7654,14765,14038,17957,18113,22503,23384,26805,27965,20036,22906,14647,18414,4195,7300,2059,1878,3984,4141,5112,5964,6633,8419,10751,11523,12841,15073,11733,15031,3930,6778,180087,93998,28475,11901,54868,14469,5478,17,14
2021-06-13T23:59:59+02:00,34,33,8099,7599,14685,13953,17842,18002,22422,23304,26775,27935,20023,22896,14643,18408,4195,7300,2011,1850,3903,4043,4992,5824,6402,8176,10457,11189,12684,14895,11675,14975,3929,6777,179333,92610,28466,11609,54865,14091,5467,17,13
2021-06-12T23:59:59+02:00,34,33,8098,7598,14684,13953,17842,18002,22420,23303,26774,27932,20023,22895,14643,18408,4195,7300,2010,1848,3902,4043,4990,5823,6399,8173,10454,11183,12681,14894,11675,14973,3929,6777,179322,92591,28466,11609,54865,14082,5467,17,13
2021-06-11T23:59:59+02:00,34,32,8032,7557,14595,13905,17767,17952,22350,23269,26730,27909,20021,22891,14643,18407,4195,7300,1994,1839,3866,3985,4948,5756,6338,8091,10355,11078,12642,14859,11664,14967,3929,6777,178985,92377,28388,11603,54864,13768,5335,17,13
2021-06-10T23:59:59+02:00,29,25,7691,7259,14200,13541,17338,17576,22020,22988,26536,27729,19977,22846,14630,18390,4192,7288,1889,1756,3650,3823,4675,5486,6019,7724,9740,10466,12127,14200,11596,14859,3921,6770,176388,89221,27894,11224,54854,13148,5102,17,12
2021-06-09T23:59:59+02:00,28,22,7321,6908,13733,13099,16820,17108,21629,22619,26322,27517,19904,22775,14612,18355,4189,7280,1719,1642,3451,3647,4421,5217,5635,7320,8968,9753,11463,13369,11477,14719,3911,6758,173130,84988,27346,10587,54841,12982,4907,17,12
2021-06-08T23:59:59+02:00,23,18,6943,6500,13220,12616,16351,16640,21271,22281,26106,27315,19846,22697,14582,18320,4186,7273,1627,1566,3228,3418,4103,4864,5128,6832,8082,8834,10580,12292,11336,14562,3907,6743,169716,79338,26859,10291,54832,12704,4764,17,11
2021-06-07T23:59:59+02:00,20,15,6663,6208,12792,12241,15950,16241,20944,21984,25944,27159,19810,22644,14561,18301,4179,7267,1565,1494,3039,3245,3825,4636,4728,6455,7369,8083,9671,11147,11226,14416,3896,6725,167152,74597,26432,9920,54812,12488,4510,17,11
2021-06-06T23:59:59+02:00,20,15,6521,6075,12649,12090,15787,16081,20779,21821,25858,27072,19790,22607,14550,18291,4178,7263,1550,1471,2966,3204,3730,4572,4622,6374,7227,7954,9414,10879,11180,14366,3893,6720,165920,73916,26328,9495,54791,12315,4391,17,11
2021-06-05T23:59:59+02:00,20,15,6512,6072,12640,12078,15778,16074,20777,21819,25858,27070,19790,22607,14550,18291,4178,7263,1548,1469,2963,3203,3729,4571,4619,6374,7223,7949,9408,10875,11180,14366,3893,6720,165865,73889,26328,9494,54791,12311,4391,17,11
2021-06-04T23:59:59+02:00,20,15,6482,6032,12582,12027,15718,16026,20749,21787,25841,27053,19786,22601,14547,18291,4178,7263,1547,1464,2950,3193,3710,4557,4609,6360,7188,7906,9376,10805,11142,14325,3892,6719,165770,73615,26069,9482,54769,12268,4373,17,11
2021-06-03T23:59:59+02:00,20,14,6248,5808,12283,11779,15396,15713,20416,21448,25586,26840,19740,22527,14527,18271,4177,7259,1504,1419,2878,3128,3613,4480,4496,6261,6987,7725,9001,10359,11090,14252,3892,6714,163286,72317,25822,9186,54768,12131,4159,17,11
2021-06-02T23:59:59+02:00,20,14,6187,5748,12217,11714,15322,15646,20344,21387,25569,26816,19735,22524,14524,18268,4176,7258,1490,1409,2862,3115,3597,4466,4462,6244,6954,7687,8922,10249,11081,14227,3891,6713,162943,71956,25636,9180,54767,12122,4106,17,10
2021-06-01T23:59:59+02:00,16,14,5729,5250,11474,11015,14496,14914,19626,20719,25159,26431,19644,22434,14490,18221,4168,7250,1377,1301,2562,2847,3219,4130,3974,5785,6127,6885,7736,8630,10837,13881,3877,6696,157893,66559,24981,8278,54739,11603,3420,17,9
2021-05-31T23:59:59+02:00,14,14,5480,4949,11029,10590,13967,14420,19147,20221,24853,26091,19550,22349,14451,18175,4159,7234,1317,1247,2409,2715,3018,3960,3698,5494,5573,6355,6735,7366,10596,13562,3868,6662,154415,62533,24290,7402,54735,11400,3236,17,9
2021-05-30T23:59:59+02:00,14,14,5400,4872,10846,10465,13803,14241,18800,19901,24610,25844,19519,22319,14443,18155,4158,7232,1296,1234,2384,2685,2971,3914,3630,5439,5470,6266,6564,7136,10559,13488,3866,6652,152921,61803,23787,7341,54708,11203,3203,17,9
2021-05-29T23:59:59+02:00,14,14,5398,4872,10846,10461,13799,14238,18800,19900,24609,25842,19519,22319,14443,18155,4158,7232,1295,1231,2383,2684,2969,3911,3630,5437,5469,6264,6559,7132,10559,13488,3866,6652,152905,61793,23787,7338,54707,11191,3203,17,9
2021-05-28T23:59:59+02:00,14,14,5381,4860,10824,10425,13773,14219,18784,19883,24601,25833,19518,22318,14441,18152,4158,7231,1290,1231,2383,2678,2968,3909,3624,5431,5455,6248,6543,7114,10550,13466,3865,6648,152720,61688,23785,7338,54706,11172,3201,17,9
2021-05-27T23:59:59+02:00,11,14,5088,4577,10307,9972,13187,13687,18095,19270,24020,25297,19421,22205,14408,18106,4147,7218,1121,1091,2100,2488,2669,3621,3329,5075,5125,5970,6246,6698,10322,13184,3860,6633,149466,59847,22794,7301,54601,10228,2152,17,8
2021-05-26T23:59:59+02:00,11,14,4823,4316,9869,9592,12666,13167,17482,18661,23386,24619,19297,22056,14362,18051,4141,7201,1041,1009,1943,2335,2469,3424,3067,4830,4736,5620,5690,6049,9954,12653,3844,6597,145356,56709,22039,7264,54479,9459,1825,15,8
2021-05-25T23:59:59+02:00,11,13,4608,4086,9454,9115,12204,12663,16945,18083,22864,23980,19165,21883,14331,17972,4132,7187,990,964,1881,2246,2358,3288,2895,4627,4390,5246,5113,5316,9506,12052,3828,6572,141299,53160,21210,7249,54349,9036,1823,15,8
2021-05-24T23:59:59+02:00,11,13,4494,3927,9242,8911,12000,12403,16644,17762,22535,23582,19090,21804,14316,17952,4130,7186,974,916,1822,2204,2285,3227,2809,4546,4270,5130,4968,5157,9416,11925,3826,6564,139796,52455,20252,7197,54170,8614,1769,15,8
2021-05-23T23:59:59+02:00,11,13,4483,3926,9236,8907,11988,12393,16633,17755,22519,23561,19084,21799,14315,17950,4130,7186,973,912,1820,2200,2282,3225,2803,4542,4263,5114,4960,5143,9409,11912,3825,6563,139687,52380,20249,7184,54169,8609,1769,15,8
2021-05-22T23:59:59+02:00,11,13,4478,3923,9233,8904,11980,12387,16631,17751,22517,23559,19084,21799,14315,17950,4130,7186,973,912,1819,2199,2280,3225,2802,4542,4263,5112,4958,5142,9408,11912,3825,6563,139661,52374,20249,7184,54157,8604,1769,15,8
2021-05-21T23:59:59+02:00,11,13,4445,3884,9165,8829,11907,12298,16540,17676,22453,23491,19064,21781,14311,17943,4130,7184,928,902,1786,2187,2249,3216,2771,4517,4215,5084,4933,5119,9396,11905,3824,6562,139004,52309,20249,7184,54138,8378,1719,15,8
2021-05-20T23:59:59+02:00,8,12,4188,3700,8720,8475,11425,11880,15870,17173,21869,22911,18879,21614,14279,17902,4125,7173,781,837,1530,2027,2006,3060,2529,4298,3965,4852,4776,4956,9283,11762,3816,6537,135599,51577,19874,7086,53720,7353,995,15,8
2021-05-19T23:59:59+02:00,8,12,3941,3455,8222,8007,10844,11332,15197,16470,21190,22186,18678,21383,14238,17852,4119,7156,729,791,1470,1947,1929,2957,2462,4174,3823,4694,4602,4745,9080,11534,3796,6508,130187,50495,19691,6954,53420,6811,977,15,8
2021-05-18T23:59:59+02:00,7,11,3653,3188,7673,7467,10111,10632,14235,15535,20243,21128,18419,21100,14183,17792,4113,7134,674,743,1416,1862,1856,2847,2334,4034,3648,4491,4334,4454,8878,11286,3783,6481,123129,49270,19597,6756,52978,6186,905,15,8
2021-05-17T23:59:59+02:00,7,11,3462,2977,7210,6999,9603,10092,13504,14744,19556,20326,18233,20838,14136,17727,4103,7120,615,688,1335,1799,1782,2765,2225,3960,3511,4378,4086,4223,8735,11074,3770,6452,117876,48471,19356,6542,52512,5492,889,15,8
2021-05-16T23:59:59+02:00,7,10,3333,2903,7002,6821,9400,9878,13250,14509,19329,20098,18155,20758,14122,17708,4102,7114,602,643,1296,1749,1736,2704,2188,3867,3446,4295,3995,4122,8715,11049,3768,6450,116255,48328,19114,6375,52230,5033,885,15,8
2021-05-15T23:59:59+02:00,7,10,3332,2900,6996,6814,9398,9872,13246,14507,19326,20089,18153,20757,14122,17708,4102,7114,602,643,1294,1749,1734,2704,2186,3867,3445,4295,3993,4120,8715,11049,3768,6450,116212,48322,19114,6374,52228,5030,884,15,8
2021-05-14T23:59:59+02:00,7,10,3292,2856,6883,6672,9269,9736,13097,14324,19154,19954,18129,20732,14121,17700,4101,7111,580,631,1273,1730,1706,2683,2152,3841,3401,4259,3943,4066,8708,11042,3768,6449,115809,48284,18366,6225,52146,4906,813,14,8
2021-05-13T23:59:59+02:00,7,10,3168,2692,6557,6352,8831,9338,12551,13842,18550,19358,17999,20588,14088,17664,4096,7109,544,606,1218,1676,1648,2610,2064,3735,3251,4140,3839,3930,8687,11022,3765,6445,112932,48190,17669,5838,51540,4500,646,13,8
2021-05-12T23:59:59+02:00,7,10,3141,2660,6524,6314,8784,9284,12413,13729,18365,19153,17966,20554,14080,17654,4096,7109,543,604,1217,1674,1643,2607,2056,3729,3237,4132,3826,3917,8679,11016,3765,6444,112221,48165,17441,5811,51522,4461,646,13,8
2021-05-11T23:59:59+02:00,5,10,2749,2404,5723,5812,7815,8470,11022,12569,16795,17678,17460,19992,13998,17549,4078,7086,506,546,1086,1566,1479,2451,1870,3551,3015,3872,3718,3804,8610,10924,3761,6439,104819,47936,16819,5616,49445,3520,120,12,8
2021-05-10T23:59:59+02:00,5,8,2561,2235,5248,5431,7118,7844,9988,11652,15500,16306,17082,19542,13935,17435,4071,7062,479,519,1042,1527,1435,2399,1810,3449,2896,3741,3636,3731,8571,10877,3757,6435,99001,47818,15912,5387,47979,2975,119,12,7
2021-05-09T23:59:59+02:00,5,8,2477,2205,5110,5347,6932,7725,9580,11313,14954,15779,16964,19404,13915,17407,4068,7057,463,501,1009,1471,1364,2315,1752,3327,2785,3587,3552,3639,8548,10845,3754,6432,97427,47733,15330,5119,47364,2370,117,12,7
2021-05-08T23:59:59+02:00,5,8,2473,2204,5109,5347,6932,7723,9576,11310,14953,15778,16964,19404,13915,17407,4068,7057,462,500,1009,1471,1364,2314,1752,3327,2784,3586,3550,3639,8548,10845,3754,6432,97413,47729,15329,5119,47362,2367,117,12,7
2021-05-07T23:59:59+02:00,5,8,2301,2142,4837,5253,6570,7569,9127,11095,14511,15458,16787,19203,13903,17378,4068,7055,450,498,998,1460,1349,2299,1717,3317,2735,3551,3505,3599,8472,10765,3754,6429,96707,47706,14815,4777,45623,2297,113,12,7
2021-05-06T23:59:59+02:00,5,8,2064,2009,4285,4902,5918,7192,8360,10537,13534,14636,16391,18753,13854,17284,4056,7042,420,450,955,1361,1262,2137,1611,3093,2513,3268,3327,3399,8294,10574,3745,6416,94133,47268,13574,4173,43068,1335,44,11,7
2021-05-05T23:59:59+02:00,5,8,1938,1896,4000,4678,5485,6821,7669,9951,12416,13578,15715,17918,13751,17182,4047,7018,411,438,942,1334,1232,2093,1575,3017,2453,3185,3277,3359,8216,10478,3739,6406,89722,47137,12249,4029,42065,955,29,11,7
2021-05-04T23:59:59+02:00,5,8,1852,1811,3732,4442,5075,6463,7008,9377,11198,12335,14797,16791,13641,17045,4043,7004,406,430,923,1315,1213,2049,1557,2980,2408,3130,3234,3312,8127,10367,3733,6392,83912,47002,11611,3831,41078,724,15,11,6
2021-05-03T23:59:59+02:00,4,8,1799,1759,3582,4318,4843,6251,6624,9046,10470,11599,14075,15813,13555,16929,4034,6987,400,421,920,1302,1199,2015,1537,2939,2375,3084,3182,3272,8014,10265,3728,6386,79487,46877,11407,3612,40779,533,13,10,6
2021-05-02T23:59:59+02:00,4,8,1789,1740,3508,4294,4762,6198,6554,8985,10355,11485,13888,15619,13523,16902,4033,6982,398,413,914,1287,1196,1998,1534,2926,2359,3067,3167,3255,7978,10233,3727,6382,78931,46858,11131,3515,40548,448,9,10,6
2021-05-01T23:59:59+02:00,4,8,1787,1740,3507,4293,4762,6197,6551,8984,10350,11481,13885,15619,13522,16901,4033,6979,397,413,914,1287,1196,1997,1534,2926,2359,3067,3167,3255,7978,10233,3727,6381,78905,46855,11131,3515,40548,448,9,10,6
2021-04-30T23:59:59+02:00,4,8,1785,1734,3501,4283,4755,6184,6530,8969,10312,11443,13833,15545,13496,16870,4032,6978,397,411,913,1285,1196,1997,1534,2926,2357,3066,3167,3253,7977,10231,3727,6381,78576,46848,11131,3514,40538,444,8,9,6
2021-04-29T23:59:59+02:00,4,7,1657,1692,3261,4168,4481,6035,6218,8720,9898,11053,13254,14842,13393,16716,4026,6970,389,400,904,1263,1175,1963,1509,2888,2327,3018,3152,3241,7964,10213,3725,6377,75804,46727,10745,3513,39830,256,8,8,6
2021-04-28T23:59:59+02:00,4,7,1529,1645,3085,4068,4244,5857,5859,8448,9310,10563,12378,13661,13237,16507,4017,6956,380,390,888,1251,1159,1934,1473,2844,2257,2949,2999,3109,7852,10097,3718,6366,71311,46313,10558,3102,39492,241,6,8,6
2021-04-27T23:59:59+02:00,4,7,1489,1600,2976,3950,4042,5714,5552,8189,8689,9892,11339,12355,13008,16152,4006,6934,368,375,879,1230,1144,1899,1446,2772,2211,2888,2960,3066,7825,10067,3712,6362,66507,46104,10370,2930,39007,161,6,8,5
2021-04-26T23:59:59+02:00,4,7,1462,1567,2863,3873,3869,5570,5241,7976,8200,9451,10584,11429,12864,15948,3995,6916,367,370,869,1219,1128,1888,1416,2752,2184,2858,2911,3016,7781,10018,3706,6357,63097,46008,10180,2683,38528,140,6,8,5
2021-04-25T23:59:59+02:00,4,7,1451,1561,2796,3843,3774,5510,5106,7929,8004,9344,10388,11194,12827,15894,3994,6911,366,365,860,1212,1110,1874,1401,2733,2162,2831,2869,2983,7732,9970,3705,6352,62593,45929,9977,2473,37953,114,6,8,5
2021-04-24T23:59:59+02:00,4,7,1450,1561,2796,3842,3774,5509,5104,7927,8000,9340,10382,11192,12827,15894,3994,6911,366,365,860,1212,1110,1872,1399,2732,2161,2831,2869,2983,7732,9970,3705,6352,62571,45925,9977,2472,37952,113,6,8,5
2021-04-23T23:59:59+02:00,4,7,1434,1552,2728,3808,3692,5479,4986,7879,7866,9280,10296,11083,12803,15853,3992,6907,365,365,859,1210,1110,1872,1398,2732,2161,2831,2869,2983,7731,9970,3705,6352,62441,45921,9698,2471,37496,112,6,8,5
2021-04-22T23:59:59+02:00,4,7,1391,1523,2621,3741,3534,5375,4755,7726,7514,9044,9728,10391,12537,15555,3986,6884,358,364,850,1199,1098,1860,1382,2705,2131,2808,2822,2934,7639,9864,3694,6336,60828,45517,9039,2420,36435,98,6,8,5
2021-04-21T23:59:59+02:00,4,7,1357,1485,2539,3663,3416,5273,4538,7545,7105,8717,8842,9360,12126,14976,3973,6843,354,362,845,1183,1089,1839,1364,2675,2101,2780,2764,2877,7526,9700,3677,6308,58107,45041,8170,2296,35478,98,6,8,5
2021-04-20T23:59:59+02:00,4,7,1334,1459,2469,3589,3314,5175,4363,7363,6718,8387,7951,8232,11664,14385,3959,6829,349,358,834,1170,1080,1817,1340,2652,2068,2737,2703,2820,7378,9517,3647,6255,55253,44333,7404,2291,34533,93,5,7,5
2021-04-19T23:59:59+02:00,4,7,1318,1444,2431,3551,3253,5108,4257,7261,6478,8155,7319,7458,11412,14030,3949,6811,347,356,830,1161,1074,1805,1317,2639,2034,2712,2650,2777,7263,9353,3624,6216,53310,43782,7032,2278,33892,90,5,7,5
2021-04-18T23:59:59+02:00,4,6,1309,1432,2399,3525,3214,5087,4204,7203,6344,8026,6964,7070,11318,13925,3946,6799,347,355,828,1157,1073,1798,1315,2626,2028,2707,2644,2764,7237,9321,3622,6213,52795,43661,6571,2276,33397,90,5,7,5
2021-04-17T23:59:59+02:00,4,6,1308,1430,2399,3524,3213,5083,4199,7200,6337,8016,6950,7060,11316,13923,3946,6799,347,355,827,1156,1073,1798,1313,2625,2027,2705,2641,2762,7236,9321,3622,6213,52773,43648,6569,2275,33359,90,5,7,5
2021-04-16T23:59:59+02:00,4,6,1305,1429,2389,3517,3205,5075,4179,7182,6286,7983,6874,6975,11304,13909,3944,6797,347,354,823,1154,1071,1798,1310,2624,2024,2705,2640,2755,7233,9319,3621,6213,52715,43625,6333,2270,33303,88,5,7,5
2021-04-15T23:59:59+02:00,2,4,1268,1407,2334,3469,3108,5016,4019,7054,6028,7751,6330,6417,11057,13620,3930,6765,339,352,805,1133,1032,1739,1265,2552,1950,2610,2563,2685,7145,9232,3611,6196,51629,43036,5945,2084,31993,83,5,7,3
2021-04-14T23:59:59+02:00,2,4,1246,1394,2299,3441,3039,4954,3912,6948,5837,7542,5687,5713,10669,13135,3898,6714,331,349,793,1124,1015,1714,1235,2511,1899,2560,2486,2616,6997,9037,3592,6170,50227,42377,5738,1964,30458,83,4,7,3
2021-04-13T23:59:59+02:00,2,4,1232,1385,2267,3411,2984,4891,3802,6866,5589,7320,5155,5167,10328,12722,3875,6686,310,335,775,1096,992,1694,1210,2476,1863,2519,2420,2551,6879,8901,3556,6109,49212,41694,5534,1907,28929,80,4,7,3
2021-04-12T23:59:59+02:00,2,4,1216,1379,2242,3388,2934,4846,3676,6786,5379,7170,4828,4872,10079,12441,3866,6663,294,331,762,1092,975,1677,1196,2453,1814,2471,2344,2491,6765,8760,3541,6087,48749,41121,5336,1859,27676,69,3,7,3
2021-04-11T23:59:59+02:00,2,4,1209,1366,2223,3369,2901,4826,3614,6715,5234,7061,4597,4673,9894,12243,3861,6652,287,329,757,1084,965,1663,1185,2425,1792,2441,2290,2432,6682,8652,3527,6067,48666,40706,5100,1801,26669,68,2,7,3
2021-04-10T23:59:59+02:00,2,4,1209,1365,2220,3365,2899,4822,3608,6712,5224,7050,4592,4664,9886,12230,3861,6651,284,325,742,1077,952,1658,1162,2405,1722,2389,2207,2346,6626,8605,3526,6063,48611,40541,5100,1480,26644,65,2,7,3
2021-04-09T23:59:59+02:00,2,4,1206,1362,2213,3363,2891,4813,3599,6701,5194,7026,4568,4638,9861,12200,3860,6651,275,322,722,1067,938,1637,1130,2358,1631,2314,1990,2078,6473,8448,3505,6030,48538,39696,5095,1154,26510,65,2,7,3
2021-04-08T23:59:59+02:00,2,4,1181,1342,2158,3307,2807,4723,3458,6572,4958,6793,4181,4230,9320,11629,3842,6598,250,302,670,1006,880,1564,1056,2261,1498,2194,1715,1744,6013,7892,3418,5887,48081,37144,4570,1151,24445,52,2,7,3
2021-04-07T23:59:59+02:00,2,4,1171,1328,2126,3291,2765,4685,3369,6510,4794,6658,3888,3930,8759,11079,3825,6567,216,272,610,952,820,1493,997,2200,1393,2095,1575,1569,5417,7197,3328,5735,47875,34670,4097,1146,22771,51,1,7,3
2021-04-06T23:59:59+02:00,2,4,1150,1311,2083,3266,2726,4653,3304,6463,4667,6566,3637,3676,8270,10569,3809,6537,209,266,582,933,795,1444,953,2143,1310,2008,1431,1383,4842,6408,3218,5530,47680,32267,3561,1138,21444,48,1,7,3
2021-04-05T23:59:59+02:00,2,4,1147,1307,2079,3263,2716,4651,3290,6449,4645,6548,3605,3649,8243,10532,3805,6535,206,253,575,917,776,1420,937,2107,1270,1968,1384,1320,4629,6138,3170,5475,47594,31359,3556,1136,21312,48,1,7,3
2021-04-04T23:59:59+02:00,2,4,1147,1307,2079,3262,2716,4650,3290,6449,4644,6547,3601,3647,8241,10530,3805,6535,206,253,574,917,776,1420,937,2107,1270,1967,1384,1320,4628,6138,3170,5475,47588,31356,3556,1136,21304,48,1,7,3
2021-04-03T23:59:59+02:00,2,4,1147,1307,2078,3262,2716,4650,3290,6449,4644,6547,3600,3645,8241,10528,3805,6535,206,253,574,917,776,1420,937,2107,1270,1967,1384,1320,4628,6138,3170,5475,47586,31356,3555,1136,21301,48,1,7,3
2021-04-02T23:59:59+02:00,2,4,1147,1307,2078,3260,2716,4649,3290,6446,4644,6545,3598,3641,8239,10527,3805,6535,206,253,574,917,776,1418,937,2107,1270,1966,1384,1318,4626,6137,3169,5475,47570,31348,3555,1135,21300,48,1,7,3
2021-04-01T23:59:59+02:00,1,4,1134,1270,2013,3138,2608,4450,3142,6197,4487,6307,3554,3605,8141,10422,3795,6519,201,244,570,909,765,1412,927,2093,1247,1950,1363,1290,4387,5818,3051,5310,47204,30363,3550,1131,20025,41,1,7,3
2021-03-31T23:59:59+02:00,1,4,1116,1238,1974,3037,2532,4307,3052,5984,4358,6077,3473,3524,7990,10224,3776,6485,193,241,563,897,761,1394,915,2073,1206,1916,1307,1227,3902,5224,2924,5077,46605,28649,3423,1131,19116,40,1,7,1
2021-03-30T23:59:59+02:00,1,3,1094,1204,1925,2856,2430,4081,2901,5626,4156,5689,3380,3430,7826,10020,3750,6434,189,236,555,885,750,1372,892,2053,1158,1871,1223,1144,3381,4516,2702,4745,45972,26510,3261,1131,17565,31,1,7,1
2021-03-29T23:59:59+02:00,1,3,1078,1160,1864,2721,2346,3921,2763,5372,3994,5415,3283,3332,7666,9792,3721,6387,188,233,549,874,740,1358,875,2029,1123,1842,1149,1059,2804,3839,2523,4451,45332,24488,3034,1127,16445,21,1,7,1
2021-03-28T23:59:59+02:00,1,3,1058,1127,1792,2556,2262,3715,2642,5072,3842,5138,3218,3267,7601,9727,3717,6381,188,233,547,871,739,1356,873,2023,1120,1840,1140,1047,2749,3771,2510,4424,45225,24291,2823,1124,15063,16,1,7,1
2021-03-27T23:59:59+01:00,1,3,1058,1127,1792,2555,2261,3714,2639,5072,3839,5138,3214,3267,7600,9727,3717,6381,188,233,546,871,739,1356,872,2023,1118,1840,1140,1047,2749,3771,2510,4424,45216,24287,2823,1124,15058,16,1,7,1
2021-03-26T23:59:59+01:00,1,3,1054,1105,1749,2440,2197,3556,2577,4861,3753,4914,3193,3250,7597,9722,3716,6380,188,232,545,871,738,1356,872,2023,1118,1837,1136,1046,2746,3763,2509,4421,45190,24263,2820,1124,14050,14,1,7,1
2021-03-25T23:59:59+01:00,1,3,1028,1073,1698,2337,2114,3388,2471,4633,3642,4717,3092,3160,7470,9591,3709,6366,186,229,540,870,731,1346,866,2006,1103,1813,1090,1002,2520,3417,2312,4130,44935,23023,2488,1124,13063,14,1,6,1
2021-03-24T23:59:59+01:00,1,3,1006,1054,1678,2295,2083,3338,2436,4566,3598,4648,3005,3091,7342,9420,3692,6347,186,225,534,866,724,1336,855,1991,1084,1792,1050,960,2136,2874,1923,3620,44401,21020,2359,1122,12837,14,1,5,1
2021-03-23T23:59:59+01:00,1,3,996,1048,1659,2263,2060,3304,2400,4523,3558,4597,2938,3018,7249,9320,3674,6319,184,222,530,861,717,1324,841,1972,1047,1762,969,870,1775,2384,1581,3157,43888,19095,2349,1088,12688,13,1,4,1
2021-03-22T23:59:59+01:00,1,3,993,1041,1644,2247,2046,3286,2378,4495,3521,4556,2893,2984,7187,9250,3659,6302,181,219,529,851,701,1301,827,1958,1018,1735,923,799,1306,1811,1236,2677,43553,17025,2329,1034,12599,13,1,4,1
2021-03-21T23:59:59+01:00,1,3,993,1041,1643,2244,2046,3285,2374,4491,3510,4549,2880,2975,7139,9194,3653,6296,181,216,528,849,700,1297,825,1954,1007,1730,900,780,1230,1726,1183,2608,43408,16724,2326,977,12578,13,1,4,1
2021-03-20T23:59:59+01:00,1,3,992,1040,1642,2243,2046,3285,2374,4491,3508,4547,2880,2974,7139,9193,3653,6296,181,216,528,849,700,1297,825,1954,995,1717,865,752,1199,1703,1175,2606,43407,16722,2322,827,12573,13,1,4,1
2021-03-19T23:59:59+01:00,1,3,991,1032,1635,2231,2035,3281,2372,4485,3501,4540,2870,2963,7126,9176,3652,6293,181,215,527,849,700,1295,825,1953,988,1712,821,715,1142,1653,1165,2596,43344,16680,2317,644,12521,13,1,4,1
2021-03-18T23:59:59+01:00,1,3,952,1000,1561,2120,1911,3114,2224,4239,3273,4289,2718,2805,6824,8811,3586,6194,180,214,522,844,693,1288,816,1942,966,1696,803,693,1067,1547,1025,2397,41949,16113,2008,567,11663,13,1,4,1
2021-03-17T23:59:59+01:00,1,3,898,967,1490,2063,1848,3048,2159,4177,3178,4193,2583,2672,6399,8320,3522,6080,179,212,519,839,691,1284,812,1937,961,1689,774,674,932,1394,869,2185,40183,15372,2005,566,11408,13,1,4,1
2021-03-16T23:59:59+01:00,1,3,873,944,1457,2024,1809,2999,2106,4122,3084,4095,2449,2513,5929,7675,3434,5930,173,209,514,838,687,1277,807,1928,954,1676,769,661,845,1268,727,2022,38201,14774,1946,566,11295,13,1,4,1
2021-03-15T23:59:59+01:00,1,3,856,937,1439,2002,1771,2944,2068,4050,2984,3986,2317,2343,5447,7133,3362,5817,172,208,514,831,685,1268,803,1918,944,1660,758,651,775,1157,579,1825,36437,14206,1850,528,11169,13,0,4,1
2021-03-14T23:59:59+01:00,1,3,851,923,1414,1973,1747,2915,2038,3990,2923,3920,2140,2150,5261,6907,3330,5786,172,208,513,828,683,1257,802,1911,941,1650,741,642,759,1138,555,1770,35418,14062,1753,503,11097,4,0,4,1
2021-03-13T23:59:59+01:00,1,3,843,916,1393,1962,1731,2902,2013,3962,2851,3872,2071,2076,5214,6854,3328,5785,172,208,513,827,683,1257,802,1911,941,1650,739,641,758,1135,554,1770,35168,14053,1514,503,11091,4,0,4,1
2021-03-12T23:59:59+01:00,1,3,819,901,1349,1905,1669,2803,1916,3810,2694,3705,1874,1839,5030,6632,3298,5742,172,208,512,827,683,1257,801,1911,941,1649,731,638,745,1120,547,1767,33844,14002,1274,502,10868,4,0,4,1
2021-03-11T23:59:59+01:00,1,3,784,842,1280,1823,1586,2656,1832,3609,2531,3533,1611,1530,4664,6163,3165,5560,163,202,506,818,673,1248,787,1876,920,1609,604,577,676,1079,527,1736,31736,13505,1179,492,10254,3,0,4,1
2021-03-10T23:59:59+01:00,1,3,768,791,1257,1765,1553,2597,1781,3538,2450,3443,1541,1442,4196,5625,3047,5310,163,200,497,796,655,1235,779,1856,913,1593,535,562,643,1070,520,1730,29929,13355,1172,388,10003,3,0,4,1
2021-03-09T23:59:59+01:00,1,3,756,768,1237,1735,1525,2551,1741,3487,2377,3391,1450,1346,3636,4877,2863,5005,161,198,492,775,645,1211,765,1824,901,1565,531,560,641,1065,517,1724,27770,13295,1169,276,9806,3,0,4,1
2021-03-08T23:59:59+01:00,0,3,752,741,1224,1716,1509,2531,1715,3451,2339,3348,1358,1246,2968,4050,2627,4635,157,195,478,751,623,1178,746,1774,877,1528,527,558,641,1064,517,1724,25325,13287,1169,49,9715,1,0,4,1
2021-03-07T23:59:59+01:00,0,3,749,737,1216,1707,1501,2517,1705,3443,2328,3340,1345,1230,2868,3930,2604,4585,157,195,478,751,623,1178,746,1774,877,1528,527,558,640,1064,517,1724,24974,13287,1167,49,9663,0,0,4,1
2021-03-06T23:59:59+01:00,0,3,748,737,1215,1704,1498,2514,1701,3440,2325,3339,1342,1230,2868,3930,2604,4585,156,195,478,751,623,1178,746,1774,877,1528,527,558,640,1064,517,1724,24970,13286,1167,49,9642,0,0,4,1
2021-03-05T23:59:59+01:00,0,3,683,711,1189,1690,1477,2505,1676,3425,2296,3330,1337,1227,2860,3922,2601,4580,156,195,478,750,623,1177,746,1774,877,1526,526,558,640,1064,517,1724,24940,13281,1163,49,9405,0,0,4,1
2021-03-04T23:59:59+01:00,0,3,617,662,1122,1621,1420,2423,1635,3346,2222,3253,1287,1179,2644,3558,2418,4293,154,190,475,736,611,1165,735,1746,868,1513,516,547,628,1054,512,1715,23723,13116,1156,48,8820,0,0,4,1
2021-03-03T23:59:59+01:00,0,3,581,623,1054,1557,1323,2341,1535,3260,2097,3169,1243,1134,2277,3038,2065,3849,154,190,473,733,611,1165,734,1744,866,1512,514,546,626,1051,512,1713,21868,13096,1155,47,8124,0,0,2,1
2021-03-02T23:59:59+01:00,0,3,563,590,1017,1511,1267,2298,1478,3208,2001,3108,1160,1034,1911,2559,1677,3327,152,188,468,727,606,1154,724,1734,861,1492,505,537,615,1030,493,1683,19806,12921,1152,47,7752,0,0,2,1
2021-03-01T23:59:59+01:00,0,3,556,542,999,1472,1221,2237,1432,3143,1946,3035,1116,960,1419,1964,1302,2791,150,188,468,727,606,1153,724,1731,860,1492,503,537,612,1021,489,1672,17543,12885,1149,47,7444,0,0,2,1
2021-02-28T23:59:59+01:00,0,3,549,529,982,1433,1195,2176,1404,3085,1891,2962,1095,938,1305,1823,1230,2702,150,188,467,726,606,1153,723,1729,859,1491,501,537,612,1021,489,1672,17065,12876,1147,47,7088,0,0,2,1
2021-02-27T23:59:59+01:00,0,3,549,527,981,1433,1195,2174,1404,3084,1891,2961,1095,938,1305,1822,1229,2702,150,188,466,725,603,1151,721,1727,857,1490,501,537,612,1021,489,1672,17063,12876,1147,33,7081,0,0,2,1
2021-02-26T23:59:59+01:00,0,3,400,476,851,1389,1111,2131,1337,3043,1832,2919,1090,931,1302,1821,1229,2701,150,188,466,725,603,1151,721,1726,857,1489,501,537,612,1021,489,1672,17053,12875,1147,32,6364,0,0,2,1
2021-02-25T23:59:59+01:00,0,3,308,422,756,1295,1027,2042,1238,2869,1693,2757,1052,899,1221,1697,1116,2513,143,178,454,712,587,1126,714,1701,837,1465,489,523,584,990,475,1653,16465,12608,1147,22,5294,0,0,2,1
2021-02-24T23:59:59+01:00,0,2,259,377,684,1219,953,1954,1184,2752,1628,2639,1025,879,1098,1552,960,2300,141,178,451,709,583,1125,713,1695,836,1461,484,518,576,985,472,1641,15760,12548,1145,19,4558,0,0,2,1
2021-02-23T23:59:59+01:00,0,2,247,356,662,1161,925,1875,1136,2640,1553,2531,1000,851,1021,1424,823,2142,141,177,451,707,583,1125,713,1692,834,1460,483,516,574,984,472,1640,15211,12537,1114,14,4022,0,0,2,1
2021-02-22T23:59:59+01:00,0,0,233,337,639,1131,893,1792,1087,2548,1469,2408,955,822,903,1281,642,1890,141,177,450,706,581,1124,711,1692,828,1458,482,515,573,982,471,1638,14471,12525,1045,3,3512,0,0,2,1
2021-02-21T23:59:59+01:00,0,0,227,326,605,1066,843,1686,1044,2447,1390,2301,938,801,872,1230,590,1826,141,176,447,699,580,1120,711,1687,828,1457,481,515,572,982,470,1637,14265,12499,1005,3,2920,0,0,2,1
2021-02-20T23:59:59+01:00,0,0,227,323,602,1065,841,1681,1041,2442,1377,2284,902,772,841,1207,582,1824,141,176,447,699,580,1120,711,1687,828,1457,481,514,571,982,470,1637,14265,12498,851,3,2893,0,0,2,0
2021-02-19T23:59:59+01:00,0,0,217,315,592,1057,828,1666,1020,2425,1344,2241,659,670,704,1145,557,1807,141,176,447,698,580,1117,710,1685,825,1454,481,514,571,981,469,1637,13789,12483,671,3,2785,0,0,2,0
2021-02-18T23:59:59+01:00,0,0,200,265,553,936,744,1439,889,2166,1096,1866,579,602,666,1105,538,1790,136,176,434,686,565,1100,704,1659,809,1426,478,511,570,979,469,1637,13633,12336,575,3,1224,0,0,2,0
2021-02-17T23:59:59+01:00,0,0,195,227,533,887,708,1342,831,1999,1011,1734,557,582,666,1102,536,1787,129,174,423,676,557,1084,685,1628,796,1404,475,509,568,976,469,1636,13617,12186,575,3,503,0,0,2,0
2021-02-16T23:59:59+01:00,0,0,189,224,526,872,692,1311,812,1960,978,1694,545,577,660,1100,535,1785,124,169,409,670,546,1068,673,1610,787,1390,468,504,561,963,463,1609,13589,12012,575,2,294,0,0,2,0
2021-02-15T23:59:59+01:00,0,0,174,215,520,845,686,1277,798,1925,949,1647,544,574,658,1100,535,1785,121,168,402,661,536,1049,644,1583,773,1372,466,502,561,963,463,1609,13586,11871,536,2,108,0,0,2,0
2021-02-14T23:59:59+01:00,0,0,169,207,517,833,685,1268,795,1916,931,1638,543,573,658,1097,534,1785,114,165,391,650,519,1031,626,1569,766,1360,466,500,559,961,463,1609,13580,11747,534,2,33,0,0,2,0
2021-02-13T23:59:59+01:00,0,0,168,207,516,833,685,1268,795,1916,931,1638,543,573,658,1097,534,1785,114,165,390,649,519,1031,626,1569,766,1360,466,500,559,961,463,1609,13579,11745,534,2,32,0,0,2,0
2021-02-12T23:59:59+01:00,0,0,167,206,512,832,684,1265,791,1915,929,1635,542,573,658,1097,534,1785,110,163,387,643,515,1025,612,1555,762,1343,464,499,548,941,460,1584,13572,11609,533,2,18,0,0,2,0
2021-02-11T23:59:59+01:00,0,0,165,205,508,825,677,1261,789,1911,923,1633,537,567,651,1091,529,1779,90,127,358,572,469,946,561,1438,718,1249,439,454,507,887,419,1491,13520,10724,521,1,8,0,0,2,0
2021-02-10T23:59:59+01:00,0,0,162,203,498,808,661,1246,777,1884,908,1609,529,561,641,1079,524,1769,80,115,330,513,442,839,519,1263,644,1093,391,404,441,775,373,1336,13397,9557,459,1,1,0,0,2,0
2021-02-09T23:59:59+01:00,0,0,161,196,490,769,645,1207,757,1823,897,1567,517,549,635,1065,516,1753,75,99,311,447,407,755,479,1159,579,993,361,351,402,691,343,1223,13288,8675,257,0,0,0,0,2,0
2021-02-08T23:59:59+01:00,0,0,157,192,473,744,622,1172,737,1773,877,1523,511,548,633,1059,512,1740,62,73,266,378,359,619,419,930,506,814,304,296,339,543,288,1032,13221,7228,50,0,0,0,0,2,0
2021-02-07T23:59:59+01:00,0,0,157,191,472,743,620,1171,736,1765,875,1521,510,548,633,1059,512,1739,61,65,248,343,340,575,403,898,487,780,303,288,337,536,286,1029,13200,6979,50,0,0,0,0,2,0
2021-02-06T23:59:59+01:00,0,0,157,191,472,743,620,1171,736,1765,875,1521,510,548,633,1059,512,1739,61,65,248,343,340,575,403,897,485,778,303,287,336,534,285,1029,13200,6969,50,0,0,0,0,2,0
2021-02-05T23:59:59+01:00,0,0,157,191,472,743,620,1170,736,1765,875,1520,510,548,633,1059,512,1739,59,65,246,341,333,571,395,875,476,758,293,282,326,512,270,993,13199,6795,50,0,0,0,0,1,0
2021-02-04T23:59:59+01:00,0,0,151,186,468,735,613,1162,732,1751,869,1511,503,541,612,1034,503,1721,43,50,212,308,292,475,354,734,384,612,229,215,243,352,201,735,13042,5439,49,0,0,0,0,1,0
2021-02-03T23:59:59+01:00,0,0,149,186,462,729,605,1153,728,1740,860,1495,494,533,599,1021,495,1713,35,32,156,217,238,348,265,561,309,464,180,169,171,264,153,554,12913,4116,48,0,0,0,0,1,0
2021-02-02T23:59:59+01:00,0,0,149,183,460,728,605,1153,725,1734,853,1491,493,532,595,1018,494,1709,26,26,137,170,193,279,221,427,258,374,140,130,129,199,119,437,12873,3265,48,0,0,0,0,1,0
2021-02-01T23:59:59+01:00,0,0,147,183,459,727,600,1150,724,1725,851,1486,492,530,590,1015,493,1704,21,19,100,125,137,188,154,299,169,259,89,93,87,126,65,238,12827,2169,48,0,0,0,0,1,0
2021-01-31T23:59:59+01:00,0,0,147,183,459,724,597,1149,724,1721,851,1485,490,529,589,1013,493,1703,15,15,67,84,95,123,117,222,142,203,84,87,83,118,63,224,12809,1742,48,0,0,0,0,0,0
2021-01-30T23:59:59+01:00,0,0,147,183,458,724,595,1147,723,1720,851,1485,490,529,588,1013,493,1703,15,15,67,84,95,121,115,218,139,200,83,86,83,112,57,214,12808,1704,41,0,0,0,0,0,0
2021-01-29T23:59:59+01:00,0,0,147,183,458,722,594,1144,721,1718,849,1484,490,529,588,1013,493,1703,13,15,55,79,78,117,97,207,116,188,78,79,82,108,56,213,12803,1581,33,0,0,0,0,0,0
2021-01-28T23:59:59+01:00,0,0,140,179,445,705,577,1119,715,1691,826,1455,483,523,585,1010,490,1700,8,3,12,19,24,45,30,95,48,89,45,50,54,78,41,158,12618,799,25,0,0,0,0,0,0
2021-01-27T23:59:59+01:00,0,0,133,177,434,695,569,1110,699,1657,819,1432,480,521,581,1005,490,1695,4,1,4,11,10,23,13,40,23,31,12,17,24,31,18,48,12474,310,23,0,0,0,0,0,0
2021-01-26T23:59:59+01:00,0,0,127,173,420,682,556,1096,690,1634,808,1411,474,516,575,988,484,1661,4,1,4,10,7,21,11,37,17,28,12,15,23,30,18,47,12281,285,14,0,0,0,0,0,0
2021-01-25T23:59:59+01:00,0,0,124,171,411,670,545,1077,662,1606,790,1394,472,513,573,987,484,1661,3,1,3,9,7,16,6,28,12,22,9,6,13,19,9,29,12137,192,3,0,0,0,0,0,0
2021-01-24T23:59:59+01:00,0,0,117,168,401,660,531,1059,645,1593,777,1383,471,510,572,987,484,1661,2,0,1,6,7,4,4,7,5,9,1,2,11,12,6,16,12016,93,3,0,0,0,0,0,0
2021-01-23T23:59:59+01:00,0,0,117,168,401,659,531,1059,645,1593,777,1383,471,510,572,987,484,1661,1,0,1,6,7,4,4,7,5,9,1,2,11,12,6,16,12015,92,3,0,0,0,0,0,0
2021-01-22T23:59:59+01:00,0,0,113,166,394,653,528,1053,631,1579,771,1366,471,507,561,966,479,1635,1,0,1,6,7,4,4,7,5,9,1,2,11,12,6,16,11870,92,3,0,0,0,0,0,0
2021-01-21T23:59:59+01:00,0,0,101,158,379,635,505,1020,601,1530,748,1324,455,469,528,922,446,1570,1,0,1,6,7,4,4,7,5,9,1,2,11,12,6,16,11388,92,3,0,0,0,0,0,0
2021-01-20T23:59:59+01:00,0,0,82,116,345,546,461,880,543,1296,660,1137,397,410,445,787,387,1358,1,0,1,5,7,4,4,7,5,9,1,2,11,12,6,16,9847,91,3,0,0,0,0,0,0
2021-01-19T23:59:59+01:00,0,0,77,104,316,470,421,791,503,1182,608,1034,374,373,410,710,358,1268,1,0,1,3,7,4,4,7,5,9,1,0,8,8,5,15,8996,78,3,0,0,0,0,0,0
2021-01-18T23:59:59+01:00,0,0,63,74,271,383,366,641,429,950,515,837,308,306,345,562,305,1080,1,0,1,3,7,4,4,7,5,9,1,0,8,8,5,15,7433,78,2,0,0,0,0,0,0
2021-01-17T23:59:59+01:00,0,0,61,65,252,348,344,589,410,908,492,799,305,297,344,555,303,1072,0,0,0,0,0,0,0,0,0,0,0,0,0,0,0,0,7142,0,2,0,0,0,0,0,0
2021-01-16T23:59:59+01:00,0,0,61,65,252,348,344,589,410,907,490,797,305,296,342,551,302,1072,0,0,0,0,0,0,0,0,0,0,0,0,0,0,0,0,7129,0,2,0,0,0,0,0,0
2021-01-15T23:59:59+01:00,0,0,59,65,251,345,338,583,399,884,479,772,291,290,325,524,281,1034,0,0,0,0,0,0,0,0,0,0,0,0,0,0,0,0,6918,0,2,0,0,0,0,0,0
2021-01-14T23:59:59+01:00,0,0,45,52,237,322,314,508,365,759,392,626,228,218,242,353,205,751,0,0,0,0,0,0,0,0,0,0,0,0,0,0,0,0,5617,0,0,0,0,0,0,0,0
2021-01-13T23:59:59+01:00,0,0,39,42,212,266,273,409,300,611,321,501,177,175,174,269,163,587,0,0,0,0,0,0,0,0,0,0,0,0,0,0,0,0,4519,0,0,0,0,0,0,0,0
2021-01-12T23:59:59+01:00,0,0,35,40,207,251,259,377,277,533,290,456,141,134,135,206,127,458,0,0,0,0,0,0,0,0,0,0,0,0,0,0,0,0,3926,0,0,0,0,0,0,0,0
2021-01-11T23:59:59+01:00,0,0,29,36,196,230,240,325,229,444,240,382,110,105,101,133,75,291,0,0,0,0,0,0,0,0,0,0,0,0,0,0,0,0,3166,0,0,0,0,0,0,0,0
2021-01-10T23:59:59+01:00,0,0,27,31,158,168,197,250,191,348,198,305,98,99,98,128,73,277,0,0,0,0,0,0,0,0,0,0,0,0,0,0,0,0,2646,0,0,0,0,0,0,0,0
2021-01-09T23:59:59+01:00,0,0,27,31,151,164,195,242,187,341,196,300,98,99,98,128,73,277,0,0,0,0,0,0,0,0,0,0,0,0,0,0,0,0,2607,0,0,0,0,0,0,0,0
2021-01-08T23:59:59+01:00,0,0,24,28,121,141,174,229,162,312,168,279,93,89,97,124,72,276,0,0,0,0,0,0,0,0,0,0,0,0,0,0,0,0,2389,0,0,0,0,0,0,0,0
2021-01-07T23:59:59+01:00,0,0,9,3,16,24,32,55,37,104,61,112,48,51,60,84,46,187,0,0,0,0,0,0,0,0,0,0,0,0,0,0,0,0,929,0,0,0,0,0,0,0,0
2021-01-06T23:59:59+01:00,0,0,4,1,5,11,10,22,13,39,20,31,13,14,25,35,20,55,0,0,0,0,0,0,0,0,0,0,0,0,0,0,0,0,318,0,0,0,0,0,0,0,0
2021-01-05T23:59:59+01:00,0,0,3,1,4,9,9,18,10,31,15,26,10,14,22,30,19,49,0,0,0,0,0,0,0,0,0,0,0,0,0,0,0,0,270,0,0,0,0,0,0,0,0
2021-01-04T23:59:59+01:00,0,0,2,1,2,7,9,10,4,15,8,16,5,3,11,16,8,26,0,0,0,0,0,0,0,0,0,0,0,0,0,0,0,0,143,0,0,0,0,0,0,0,0
2021-01-03T23:59:59+01:00,0,0,2,0,1,6,8,4,4,7,5,9,1,2,11,12,7,16,0,0,0,0,0,0,0,0,0,0,0,0,0,0,0,0,95,0,0,0,0,0,0,0,0
2021-01-02T23:59:59+01:00,0,0,2,0,1,6,8,4,4,7,5,9,1,2,11,12,7,16,0,0,0,0,0,0,0,0,0,0,0,0,0,0,0,0,95,0,0,0,0,0,0,0,0
2021-01-01T23:59:59+01:00,0,0,1,0,1,6,8,4,4,7,5,9,1,2,11,12,7,16,0,0,0,0,0,0,0,0,0,0,0,0,0,0,0,0,94,0,0,0,0,0,0,0,0
2020-12-31T23:59:59+01:00,0,0,1,0,1,5,8,4,4,7,5,9,1,2,11,12,7,16,0,0,0,0,0,0,0,0,0,0,0,0,0,0,0,0,93,0,0,0,0,0,0,0,0
2020-12-30T23:59:59+01:00,0,0,1,0,1,5,8,4,4,7,5,9,1,2,11,12,7,16,0,0,0,0,0,0,0,0,0,0,0,0,0,0,0,0,93,0,0,0,0,0,0,0,0
2020-12-29T23:59:59+01:00,0,0,1,0,1,3,8,4,4,7,5,9,1,0,8,8,6,15,0,0,0,0,0,0,0,0,0,0,0,0,0,0,0,0,80,0,0,0,0,0,0,0,0
2020-12-28T23:59:59+01:00,0,0,1,0,1,3,8,4,4,7,5,9,1,0,8,8,6,15,0,0,0,0,0,0,0,0,0,0,0,0,0,0,0,0,80,0,0,0,0,0,0,0,0
2020-12-27T23:59:59+01:00,0,0,1,0,1,3,8,4,4,7,5,9,1,0,8,8,6,15,0,0,0,0,0,0,0,0,0,0,0,0,0,0,0,0,80,0,0,0,0,0,0,0,0
