Datum,<24_1_m,<24_1_w,25-34_1_m,25-34_1_w,35-44_1_m,35-44_1_w,45-54_1_m,45-54_1_w,55-64_1_m,55-64_1_w,65-74_1_m,65-74_1_w,75-84_1_m,75-84_1_w,>84_1_m,>84_1_w,<24_2_m,<24_2_w,25-34_2_m,25-34_2_w,35-44_2_m,35-44_2_w,45-54_2_m,45-54_2_w,55-64_2_m,55-64_2_w,65-74_2_m,65-74_2_w,75-84_2_m,75-84_2_w,>84_2_m,>84_2_w,bp_1,bp_2,mo_1,mo_2,az_1,az_2,ja
2021-07-08T23:59:59+02:00,11889,11241,17722,16584,20464,20316,24478,25213,28079,29172,20426,23367,14845,18656,4267,7414,5508,5581,10264,10804,12954,14529,17420,19613,22546,24705,18157,20818,13929,17516,4088,7079,202584,160260,29916,23324,54697,34991,6936
2021-07-07T23:59:59+02:00,11671,11058,17642,16500,20395,20248,24404,25137,28019,29113,20400,23332,14839,18643,4265,7409,5201,5299,9761,10361,12398,14064,16755,19101,21998,24226,17857,20482,13843,17430,4085,7068,201618,157898,29893,21874,54681,33274,6883
2021-07-06T23:59:59+02:00,11519,10884,17531,16413,20308,20152,24328,25050,27931,29039,20374,23293,14831,18627,4263,7406,4832,4890,9174,9866,11707,13481,16083,18503,21507,23741,17550,20187,13745,17320,4076,7059,200540,153881,29889,20945,54672,32047,6848
2021-07-05T23:59:59+02:00,11405,10777,17445,16347,20229,20083,24265,25000,27891,29001,20350,23273,14820,18618,4262,7403,4541,4575,8685,9419,11157,12935,15378,17870,20895,23139,17179,19807,13614,17171,4068,7051,199822,150032,29885,20274,54663,30379,6799
2021-07-04T23:59:59+02:00,11316,10717,17379,16294,20181,20033,24235,24964,27875,28983,20342,23262,14814,18615,4261,7402,4396,4482,8553,9255,10970,12760,15144,17662,20633,22870,16909,19518,13555,17081,4064,7047,199345,148734,29882,19970,54661,29410,6785
2021-07-03T23:59:59+02:00,11308,10707,17369,16286,20179,20030,24233,24963,27872,28982,20342,23261,14814,18615,4261,7401,4392,4477,8547,9254,10967,12760,15140,17662,20630,22867,16909,19515,13555,17081,4064,7047,199313,148724,29881,19970,54661,29405,6768
2021-07-02T23:59:59+02:00,11118,10535,17258,16185,20078,19957,24162,24898,27812,28922,20316,23235,14808,18601,4261,7399,4304,4399,8392,9116,10834,12649,15017,17557,20518,22763,16868,19486,13548,17067,4064,7044,198441,147746,29881,19970,54661,29348,6562
2021-07-01T23:59:59+02:00,10941,10356,17132,16093,19957,19870,24080,24822,27753,28872,20296,23213,14793,18589,4258,7396,4106,4198,8103,8786,10470,12247,14459,17072,20020,22230,16581,19192,13347,16859,4055,7024,197387,144735,29823,19311,54655,28147,6556
2021-06-30T23:59:59+02:00,10610,10060,16964,15946,19826,19739,23966,24700,27674,28786,20275,23182,14774,18571,4257,7395,3910,4001,7802,8450,10061,11792,13975,16520,19452,21604,16260,18856,13077,16583,4043,6998,195769,141090,29768,19056,54646,26696,6542
2021-06-29T23:59:59+02:00,10419,9851,16833,15852,19724,19652,23898,24625,27616,28720,20249,23157,14760,18552,4257,7392,3706,3744,7409,8005,9590,11259,13325,15858,18842,20906,15943,18530,12832,16293,4036,6984,194639,136834,29764,18762,54642,25154,6512
2021-06-28T23:59:59+02:00,10174,9621,16721,15745,19624,19554,23807,24532,27548,28660,20220,23129,14746,18533,4255,7390,3502,3489,7009,7571,9163,10771,12778,15324,18350,20396,15695,18267,12714,16161,4030,6973,193493,133038,29649,18341,54639,24336,6478
2021-06-27T23:59:59+02:00,10019,9493,16666,15687,19566,19505,23749,24483,27521,28636,20207,23113,14743,18529,4254,7387,3410,3423,6835,7378,8978,10570,12553,15084,18091,20137,15577,18169,12652,16079,4030,6969,192868,131852,29596,18000,54634,23623,6460
2021-06-26T23:59:59+02:00,10017,9489,16665,15683,19565,19504,23746,24482,27521,28636,20207,23113,14743,18529,4254,7387,3407,3423,6833,7377,8975,10568,12552,15081,18089,20136,15574,18168,12652,16078,4030,6969,192852,131833,29595,18000,54634,23619,6460
2021-06-25T23:59:59+02:00,9967,9447,16629,15651,19532,19475,23711,24455,27497,28618,20201,23106,14741,18526,4254,7387,3388,3378,6760,7269,8880,10418,12438,14885,17946,19929,15552,18139,12644,16075,4029,6968,192541,131657,29562,17654,54634,22927,6460
2021-06-24T23:59:59+02:00,9835,9312,16450,15532,19403,19355,23593,24370,27442,28559,20188,23090,14734,18517,4253,7385,3265,3234,6556,6943,8578,9965,11911,14268,17392,19233,15329,17911,12499,15948,4026,6956,191721,129274,29224,16806,54633,21494,6440
2021-06-23T23:59:59+02:00,9703,9171,16313,15410,19291,19252,23497,24268,27379,28513,20173,23068,14730,18512,4250,7384,3063,2994,6211,6462,8086,9408,11218,13454,16637,18263,15041,17577,12350,15807,4016,6930,190824,124804,29063,15839,54623,20470,6404
2021-06-22T23:59:59+02:00,9390,8840,16092,15214,19107,19105,23353,24147,27309,28433,20152,23045,14722,18493,4246,7378,2831,2705,5730,5916,7467,8643,10313,12423,15609,17060,14736,17212,12241,15681,4003,6907,189175,118361,28860,15352,54619,19392,6372
2021-06-21T23:59:59+02:00,9257,8668,15923,15069,18920,18951,23222,24023,27248,28350,20127,23017,14716,18484,4246,7374,2687,2516,5348,5450,7005,8059,9582,11547,14874,16127,14458,16901,12135,15559,3998,6891,187976,113668,28636,14785,54613,18314,6370
2021-06-20T23:59:59+02:00,9126,8540,15788,14956,18814,18866,23154,23953,27210,28305,20117,22998,14706,18477,4243,7373,2631,2448,5184,5272,6793,7794,9288,11224,14519,15729,14328,16770,12095,15522,3993,6886,187126,111990,28521,14580,54613,17540,6366
2021-06-19T23:59:59+02:00,9126,8539,15787,14952,18813,18866,23153,23953,27210,28304,20117,22998,14706,18477,4243,7373,2628,2447,5182,5268,6792,7794,9288,11223,14517,15725,14326,16770,12095,15522,3993,6886,187118,111973,28520,14578,54613,17539,6366
2021-06-18T23:59:59+02:00,9100,8524,15774,14944,18798,18858,23146,23944,27203,28300,20117,22995,14705,18477,4243,7373,2599,2413,5128,5207,6715,7693,9188,11067,14346,15498,14248,16669,12085,15501,3991,6883,187005,111189,28519,14578,54612,17099,6365
2021-06-17T23:59:59+02:00,8921,8361,15538,14777,18601,18704,22989,23814,27070,28211,20093,22973,14699,18465,4241,7370,2464,2263,4803,4910,6332,7293,8642,10464,13520,14635,14012,16380,12013,15380,3987,6872,185692,108340,28515,13632,54604,15982,6016
2021-06-16T23:59:59+02:00,8687,8147,15308,14555,18392,18509,22801,23647,26965,28101,20065,22930,14685,18445,4237,7364,2350,2154,4561,4708,5982,6952,8118,9982,12807,13804,13663,15997,11928,15291,3982,6860,183925,104904,28421,12834,54601,15510,5891
2021-06-15T23:59:59+02:00,8330,7800,14932,14199,18074,18221,22552,23433,26807,27967,20035,22896,14672,18429,4236,7354,2166,1988,4213,4355,5476,6393,7242,9098,11617,12535,13128,15384,11806,15128,3967,6838,181338,98695,28385,12174,54598,14849,5616
2021-06-14T23:59:59+02:00,8142,7628,14679,13970,17874,18052,22401,23311,26695,27888,20014,22863,14659,18421,4232,7346,2051,1864,3960,4111,5089,5925,6587,8385,10696,11485,12815,15038,11734,15034,3957,6819,179767,93889,28364,11813,54596,14400,5448
2021-06-13T23:59:59+02:00,8066,7574,14601,13886,17763,17942,22322,23233,26665,27860,20001,22853,14655,18415,4232,7346,2001,1836,3879,4012,4970,5787,6357,8144,10404,11152,12658,14860,11676,14978,3956,6818,179031,92507,28352,11522,54594,14022,5437
2021-06-12T23:59:59+02:00,8065,7572,14600,13886,17763,17942,22320,23232,26664,27857,20001,22852,14655,18415,4232,7346,2000,1834,3879,4012,4968,5786,6354,8142,10401,11146,12655,14859,11676,14976,3956,6818,179019,92489,28352,11522,54594,14014,5437
2021-06-11T23:59:59+02:00,8001,7535,14514,13840,17691,17893,22252,23199,26623,27835,19999,22848,14655,18414,4232,7346,1984,1825,3843,3956,4925,5718,6293,8059,10302,11043,12616,14824,11665,14970,3956,6818,178704,92275,28274,11516,54593,13700,5306
2021-06-10T23:59:59+02:00,7660,7236,14127,13476,17264,17521,21932,22921,26435,27659,19954,22802,14642,18397,4229,7334,1877,1742,3631,3792,4652,5448,5977,7696,9694,10431,12102,14170,11598,14864,3948,6811,176141,89132,27792,11148,54583,13080,5073
2021-06-09T23:59:59+02:00,7291,6884,13666,13036,16751,17060,21542,22554,26223,27448,19881,22731,14624,18362,4226,7326,1708,1628,3432,3617,4399,5181,5598,7293,8929,9719,11440,13342,11481,14724,3938,6799,172909,84915,27247,10518,54570,12916,4879
2021-06-08T23:59:59+02:00,6914,6473,13156,12555,16283,16597,21186,22219,26011,27247,19823,22652,14594,18327,4223,7319,1616,1551,3210,3388,4084,4831,5092,6808,8047,8804,10561,12267,11339,14567,3934,6784,169522,79281,26759,10224,54561,12641,4737
2021-06-07T23:59:59+02:00,6634,6181,12731,12182,15887,16200,20861,21924,25850,27093,19786,22599,14574,18308,4216,7313,1554,1480,3023,3217,3806,4604,4696,6433,7337,8059,9656,11124,11230,14421,3923,6766,166978,74554,26336,9866,54542,12426,4483
2021-06-06T23:59:59+02:00,6492,6048,12590,12032,15724,16041,20695,21761,25764,27007,19766,22562,14563,18298,4215,7309,1539,1458,2950,3177,3711,4541,4591,6354,7197,7931,9400,10856,11185,14371,3920,6761,165747,73879,26233,9445,54522,12253,4365
2021-06-05T23:59:59+02:00,6483,6045,12581,12020,15716,16034,20693,21759,25764,27005,19766,22562,14563,18298,4215,7309,1537,1457,2947,3176,3710,4540,4588,6354,7193,7926,9394,10853,11185,14371,3920,6761,165693,73854,26233,9444,54522,12249,4365
2021-06-04T23:59:59+02:00,6453,6006,12524,11970,15656,15986,20665,21727,25747,26989,19762,22556,14560,18298,4215,7309,1536,1452,2934,3166,3691,4526,4578,6340,7159,7883,9362,10783,11147,14330,3919,6760,165600,73581,25976,9432,54500,12206,4347
2021-06-03T23:59:59+02:00,6223,5781,12225,11723,15338,15676,20336,21387,25492,26778,19716,22483,14540,18279,4214,7305,1491,1408,2862,3102,3594,4449,4465,6241,6958,7702,8990,10338,11095,14258,3919,6755,163132,72285,25732,9138,54499,12071,4133
2021-06-02T23:59:59+02:00,6163,5721,12160,11660,15266,15610,20264,21325,25475,26754,19711,22480,14537,18276,4213,7304,1477,1399,2846,3090,3578,4435,4431,6225,6925,7664,8911,10227,11086,14233,3918,6754,162794,71925,25547,9132,54498,12062,4080
2021-06-01T23:59:59+02:00,5706,5225,11421,10965,14442,14882,19553,20659,25065,26372,19621,22390,14503,18230,4205,7297,1366,1290,2548,2823,3201,4100,3944,5766,6097,6865,7727,8609,10842,13887,3904,6737,157772,66533,24897,8235,54471,11542,3396
2021-05-31T23:59:59+02:00,5457,4925,10977,10540,13916,14388,19076,20163,24761,26032,19528,22305,14464,18184,4196,7281,1307,1238,2397,2692,3004,3935,3676,5479,5559,6341,6737,7359,10601,13570,3895,6703,154304,62510,24207,7427,54467,11341,3215
2021-05-30T23:59:59+02:00,5377,4849,10793,10415,13752,14209,18730,19843,24520,25787,19497,22275,14456,18164,4195,7279,1286,1225,2372,2662,2958,3889,3608,5424,5456,6252,6566,7129,10564,13496,3893,6693,152811,61779,23707,7366,54441,11146,3182
2021-05-29T23:59:59+02:00,5375,4849,10793,10411,13748,14207,18730,19842,24519,25785,19497,22275,14456,18164,4195,7279,1285,1223,2371,2661,2956,3885,3608,5422,5455,6250,6562,7125,10564,13496,3893,6693,152796,61768,23707,7365,54440,11134,3182
2021-05-28T23:59:59+02:00,5358,4837,10772,10375,13723,14188,18714,19825,24511,25776,19496,22274,14454,18162,4195,7278,1280,1223,2371,2656,2955,3883,3603,5416,5441,6234,6546,7107,10555,13475,3892,6689,152613,61665,23705,7365,54439,11115,3181
2021-05-27T23:59:59+02:00,5061,4555,10259,9922,13141,13657,18027,19213,23937,25241,19399,22160,14421,18116,4184,7265,1112,1082,2087,2463,2656,3598,3311,5062,5115,5957,6249,6694,10326,13195,3887,6674,149369,59821,22720,7333,54333,10178,2136
2021-05-26T23:59:59+02:00,4798,4297,9821,9544,12622,13141,17416,18606,23303,24564,19274,22011,14375,18061,4178,7248,1032,1000,1931,2310,2458,3402,3049,4817,4729,5612,5696,6048,9956,12664,3871,6638,145268,56692,21969,7297,54212,9414,1810
2021-05-25T23:59:59+02:00,4585,4069,9405,9072,12160,12636,16884,18028,22782,23926,19141,21840,14345,17982,4169,7234,981,955,1869,2222,2347,3268,2879,4616,4383,5238,5121,5316,9507,12066,3855,6613,141224,53148,21141,7282,54084,8997,1809
2021-05-24T23:59:59+02:00,4472,3911,9194,8871,11959,12379,16585,17708,22456,23528,19066,21761,14330,17962,4167,7233,966,907,1811,2180,2275,3207,2794,4535,4265,5124,4978,5157,9417,11939,3852,6605,139725,52448,20195,7231,53906,8577,1756
2021-05-23T23:59:59+02:00,4462,3910,9188,8867,11947,12370,16574,17701,22440,23507,19060,21756,14329,17960,4167,7233,966,904,1809,2177,2272,3205,2788,4532,4258,5108,4971,5143,9410,11926,3851,6604,139617,52377,20193,7218,53905,8573,1756
2021-05-22T23:59:59+02:00,4457,3907,9185,8864,11939,12364,16572,17697,22438,23505,19060,21756,14329,17960,4167,7233,966,904,1809,2176,2270,3205,2787,4532,4258,5106,4969,5142,9409,11926,3851,6604,139591,52372,20193,7218,53893,8568,1756
2021-05-21T23:59:59+02:00,4424,3868,9117,8789,11867,12272,16480,17622,22375,23438,19040,21738,14325,17953,4167,7231,921,894,1776,2164,2239,3196,2756,4507,4210,5078,4944,5120,9397,11919,3850,6603,138933,52307,20193,7218,53874,8343,1706
2021-05-20T23:59:59+02:00,4162,3683,8671,8435,11386,11855,15813,17121,21792,22862,18854,21571,14292,17912,4162,7220,775,828,1519,2006,1998,3040,2513,4289,3963,4847,4789,4961,9284,11776,3843,6578,135534,51574,19820,7123,53453,7328,984
2021-05-19T23:59:59+02:00,3916,3439,8174,7969,10810,11310,15141,16421,21117,22142,18654,21341,14251,17862,4156,7203,723,782,1459,1927,1920,2937,2446,4165,3822,4688,4615,4750,9081,11548,3823,6549,130149,50492,19637,6991,53155,6787,965
2021-05-18T23:59:59+02:00,3630,3175,7623,7428,10078,10609,14180,15488,20170,21084,18394,21058,14197,17802,4150,7181,667,735,1404,1842,1847,2827,2320,4025,3647,4488,4346,4459,8879,11300,3810,6522,123098,49267,19542,6795,52714,6163,893
2021-05-17T23:59:59+02:00,3442,2964,7162,6961,9573,10068,13449,14698,19487,20283,18208,20797,14150,17737,4140,7167,608,681,1325,1779,1773,2746,2210,3950,3509,4375,4099,4229,8736,11087,3798,6493,117855,48469,19304,6579,52250,5473,877
2021-05-16T23:59:59+02:00,3314,2890,6956,6784,9371,9854,13197,14463,19261,20056,18130,20717,14136,17718,4139,7161,596,636,1286,1731,1730,2685,2173,3857,3445,4292,4008,4132,8716,11062,3796,6491,116240,48328,19064,6414,51970,5021,873
2021-05-15T23:59:59+02:00,3313,2887,6950,6777,9369,9848,13194,14461,19258,20047,18128,20716,14136,17718,4139,7161,596,636,1284,1731,1728,2685,2172,3857,3444,4292,4006,4130,8716,11062,3796,6491,116198,48322,19064,6413,51968,5019,872
2021-05-14T23:59:59+02:00,3273,2846,6840,6637,9240,9711,13045,14278,19087,19913,18104,20691,14135,17710,4138,7158,574,624,1263,1713,1700,2665,2138,3831,3400,4256,3956,4076,8709,11055,3796,6490,115794,48284,18322,6268,51889,4893,801
2021-05-13T23:59:59+02:00,3151,2684,6516,6318,8804,9315,12500,13799,18484,19317,17974,20547,14102,17673,4133,7156,537,598,1209,1660,1642,2592,2052,3727,3251,4140,3853,3940,8688,11035,3793,6486,112920,48197,17629,5881,51289,4490,635
2021-05-12T23:59:59+02:00,3124,2652,6483,6280,8757,9262,12363,13687,18299,19111,17941,20513,14094,17663,4133,7156,536,596,1209,1658,1637,2590,2044,3721,3237,4132,3840,3927,8680,11029,3793,6485,112209,48173,17402,5855,51272,4451,635
2021-05-11T23:59:59+02:00,2735,2400,5688,5780,7794,8449,10976,12531,16737,17637,17435,19953,14011,17558,4114,7134,500,540,1081,1555,1476,2436,1862,3545,3020,3875,3735,3817,8611,10938,3789,6480,104827,47944,16783,5661,49207,3540,115
2021-05-10T23:59:59+02:00,2549,2231,5216,5401,7097,7823,9943,11617,15446,16266,17057,19503,13948,17444,4106,7110,473,514,1039,1517,1433,2386,1803,3442,2900,3742,3654,3743,8572,10891,3785,6476,99013,47827,15885,5432,47745,2997,114
2021-05-09T23:59:59+02:00,2465,2201,5080,5318,6911,7704,9538,11279,14902,15741,16939,19365,13928,17416,4103,7105,457,496,1005,1460,1361,2301,1745,3318,2789,3586,3570,3649,8547,10859,3782,6473,97445,47743,15306,5146,47132,2397,112
2021-05-08T23:59:59+02:00,2461,2200,5079,5318,6911,7702,9534,11276,14901,15740,16939,19365,13928,17416,4103,7105,456,495,1005,1460,1361,2300,1745,3318,2788,3585,3568,3649,8547,10859,3782,6473,97431,47739,15305,5146,47130,2394,112
2021-05-07T23:59:59+02:00,2290,2138,4809,5225,6549,7548,9087,11062,14461,15421,16764,19164,13916,17387,4103,7103,446,493,995,1449,1346,2286,1709,3309,2739,3550,3523,3609,8470,10778,3782,6470,96729,47716,14795,4806,45394,2323,109
2021-05-06T23:59:59+02:00,2056,2006,4262,4878,5906,7173,8330,10504,13494,14602,16368,18714,13867,17293,4091,7090,416,445,953,1348,1260,2125,1603,3087,2519,3267,3345,3410,8295,10589,3773,6456,94156,47279,13558,4208,42879,1363,41
2021-05-05T23:59:59+02:00,1931,1894,3978,4654,5475,6803,7642,9920,12382,13547,15692,17879,13763,17192,4082,7066,408,434,941,1321,1232,2084,1568,3012,2459,3184,3296,3370,8217,10496,3767,6446,89746,47148,12237,4067,41891,994,26
2021-05-04T23:59:59+02:00,1845,1809,3711,4419,5066,6445,6982,9347,11166,12309,14775,16753,13653,17055,4078,7052,403,426,922,1302,1213,2041,1550,2977,2415,3130,3253,3323,8128,10385,3761,6432,83941,47015,11599,3869,40913,765,12
2021-05-03T23:59:59+02:00,1791,1758,3561,4298,4835,6234,6601,9021,10442,11573,14052,15777,13567,16939,4069,7035,398,416,919,1289,1199,2007,1531,2933,2379,3084,3201,3283,8015,10283,3756,6426,79530,46883,11396,3651,40617,575,10
2021-05-02T23:59:59+02:00,1781,1740,3488,4274,4755,6181,6531,8963,10328,11459,13866,15584,13535,16912,4068,7030,396,408,913,1274,1196,1990,1528,2920,2363,3067,3186,3266,7979,10252,3755,6422,78976,46864,11120,3555,40393,490,6
2021-05-01T23:59:59+02:00,1779,1740,3487,4273,4755,6180,6528,8962,10323,11455,13863,15584,13534,16911,4068,7027,395,408,913,1274,1196,1989,1528,2920,2363,3067,3186,3266,7979,10252,3755,6421,78950,46861,11120,3555,40393,490,6
2021-04-30T23:59:59+02:00,1777,1734,3481,4264,4749,6167,6507,8947,10285,11417,13811,15510,13508,16880,4067,7026,395,406,912,1272,1196,1989,1528,2920,2361,3066,3185,3264,7978,10250,3755,6421,78621,46854,11120,3553,40384,486,5
2021-04-29T23:59:59+02:00,1650,1692,3242,4149,4473,6017,6196,8697,9872,11029,13233,14807,13405,16726,4061,7018,387,395,903,1251,1175,1953,1504,2883,2331,3018,3170,3252,7965,10232,3752,6417,75843,46732,10734,3552,39685,299,5
2021-04-28T23:59:59+02:00,1522,1645,3065,4049,4236,5839,5839,8426,9287,10540,12359,13625,13250,16517,4052,7004,378,386,887,1239,1159,1924,1470,2839,2261,2949,3017,3120,7853,10116,3745,6406,71353,46320,10547,3141,39351,284,4
2021-04-27T23:59:59+02:00,1482,1600,2956,3932,4034,5699,5532,8166,8667,9869,11323,12317,13021,16162,4041,6982,366,372,878,1218,1144,1889,1444,2767,2215,2888,2978,3076,7827,10086,3738,6402,66551,46111,10359,2969,38869,204,4
2021-04-26T23:59:59+02:00,1455,1566,2845,3856,3861,5555,5223,7954,8179,9429,10567,11392,12877,15958,4030,6964,365,367,868,1208,1128,1878,1414,2747,2188,2858,2929,3026,7782,10037,3732,6397,63142,46014,10171,2723,38394,183,4
2021-04-25T23:59:59+02:00,1444,1560,2778,3826,3766,5496,5088,7907,7985,9322,10371,11157,12840,15904,4029,6959,364,362,859,1201,1110,1864,1399,2728,2166,2831,2888,2993,7733,9989,3731,6392,62639,45935,9969,2514,37820,157,4
2021-04-24T23:59:59+02:00,1443,1560,2778,3825,3766,5495,5086,7905,7981,9318,10366,11155,12840,15904,4029,6959,364,362,859,1201,1110,1863,1398,2727,2165,2831,2888,2993,7733,9989,3731,6392,62618,45931,9969,2514,37819,157,4
2021-04-23T23:59:59+02:00,1427,1551,2711,3791,3684,5465,4969,7858,7850,9259,10280,11046,12816,15863,4027,6955,364,362,858,1199,1110,1863,1397,2727,2165,2831,2888,2993,7732,9989,3731,6392,62488,45927,9694,2514,37366,156,4
2021-04-22T23:59:59+02:00,1385,1522,2607,3723,3526,5362,4738,7707,7500,9024,9713,10354,12550,15565,4021,6932,356,361,848,1188,1096,1851,1377,2699,2129,2805,2839,2939,7640,9881,3719,6376,60880,45521,9040,2439,36305,140,4
2021-04-21T23:59:59+02:00,1351,1486,2527,3645,3410,5261,4521,7526,7092,8699,8831,9323,12136,14986,4008,6891,352,359,843,1172,1087,1832,1359,2670,2100,2777,2781,2882,7528,9717,3702,6348,58161,45050,8172,2315,35356,140,4
2021-04-20T23:59:59+02:00,1328,1460,2458,3570,3308,5165,4347,7345,6706,8369,7940,8199,11673,14395,3994,6877,347,355,832,1159,1078,1810,1335,2647,2067,2733,2721,2825,7381,9534,3672,6293,55310,44342,7406,2309,34415,135,3
2021-04-19T23:59:59+02:00,1312,1446,2420,3532,3248,5098,4242,7243,6466,8136,7310,7429,11421,14040,3984,6859,345,353,828,1150,1072,1798,1312,2634,2034,2708,2669,2782,7266,9370,3649,6254,53367,43793,7036,2296,33780,132,3
2021-04-18T23:59:59+02:00,1303,1433,2387,3506,3208,5077,4188,7185,6330,8008,6955,7045,11327,13935,3981,6847,345,352,826,1146,1071,1791,1310,2621,2028,2703,2663,2769,7240,9338,3647,6251,52852,43672,6570,2294,33290,132,3
2021-04-17T23:59:59+02:00,1302,1431,2387,3505,3208,5073,4183,7182,6323,7998,6941,7035,11325,13933,3981,6847,345,352,825,1145,1071,1791,1309,2620,2027,2701,2660,2767,7239,9338,3647,6251,52831,43660,6568,2293,33252,132,3
2021-04-16T23:59:59+02:00,1299,1430,2377,3500,3200,5066,4163,7164,6272,7965,6865,6950,11314,13919,3979,6845,345,351,822,1143,1069,1791,1307,2619,2024,2701,2659,2760,7236,9336,3646,6251,52775,43637,6332,2288,33198,132,3
2021-04-15T23:59:59+02:00,1260,1407,2322,3455,3103,5006,4003,7038,6015,7735,6326,6396,11068,13633,3965,6814,337,348,804,1122,1030,1732,1262,2547,1951,2606,2583,2690,7148,9249,3636,6234,51692,43047,5945,2102,31906,127,3
2021-04-14T23:59:59+02:00,1238,1394,2287,3427,3033,4944,3896,6932,5825,7527,5686,5694,10679,13146,3933,6763,329,345,792,1113,1013,1707,1232,2506,1900,2555,2506,2621,7000,9054,3617,6208,50290,42388,5738,1981,30374,127,2
2021-04-13T23:59:59+02:00,1224,1385,2255,3397,2979,4881,3786,6852,5578,7307,5155,5148,10337,12734,3910,6735,308,331,774,1085,990,1687,1207,2471,1864,2514,2441,2556,6883,8918,3581,6147,49276,41708,5535,1923,28850,124,2
2021-04-12T23:59:59+02:00,1209,1379,2232,3373,2929,4836,3660,6771,5369,7157,4829,4855,10088,12453,3901,6712,292,327,763,1081,974,1670,1193,2448,1815,2467,2365,2495,6769,8777,3566,6126,48811,41139,5338,1874,27602,113,2
2021-04-11T23:59:59+02:00,1204,1367,2214,3354,2896,4816,3598,6700,5224,7048,4597,4657,9903,12256,3895,6701,286,325,758,1073,964,1656,1182,2420,1793,2437,2311,2436,6685,8669,3552,6106,48730,40724,5102,1815,26596,112,2
2021-04-10T23:59:59+02:00,1204,1366,2212,3350,2894,4812,3593,6697,5214,7037,4592,4648,9895,12243,3895,6700,283,321,743,1066,948,1651,1157,2400,1723,2385,2208,2341,6629,8617,3551,6102,48677,40558,5102,1492,26571,73,2
2021-04-09T23:59:59+02:00,1201,1363,2205,3348,2886,4803,3584,6686,5184,7013,4568,4622,9870,12213,3894,6700,274,319,723,1056,935,1630,1125,2353,1632,2309,1989,2073,6476,8460,3530,6069,48604,39714,5097,1164,26437,73,2
2021-04-08T23:59:59+02:00,1177,1343,2150,3292,2802,4713,3443,6560,4948,6780,4179,4215,9330,11644,3876,6646,249,299,669,995,877,1556,1051,2254,1496,2189,1713,1739,6014,7902,3442,5926,48149,37161,4575,1153,24372,55,2
2021-04-07T23:59:59+02:00,1167,1329,2119,3276,2760,4675,3354,6498,4787,6646,3887,3915,8769,11095,3859,6615,215,269,609,941,817,1487,992,2194,1390,2090,1573,1566,5420,7204,3352,5772,47943,34687,4104,1150,22703,53,1
2021-04-06T23:59:59+02:00,1146,1312,2078,3252,2722,4643,3290,6452,4661,6554,3639,3669,8279,10587,3843,6585,208,264,581,922,793,1439,948,2138,1307,2004,1431,1380,4847,6416,3241,5569,47747,32294,3568,1143,21396,50,1
2021-04-05T23:59:59+02:00,1144,1308,2074,3249,2712,4641,3276,6438,4639,6536,3609,3643,8251,10550,3839,6583,205,251,574,906,774,1415,932,2102,1267,1964,1384,1317,4634,6146,3193,5514,47660,31386,3564,1141,21267,50,1
2021-04-04T23:59:59+02:00,1144,1308,2074,3248,2712,4640,3276,6438,4638,6535,3605,3641,8249,10548,3839,6583,205,251,573,906,774,1415,932,2102,1267,1963,1384,1317,4633,6146,3193,5514,47654,31383,3564,1141,21259,50,1
2021-04-03T23:59:59+02:00,1144,1308,2074,3248,2712,4640,3276,6438,4638,6535,3604,3639,8249,10546,3839,6583,205,251,573,906,774,1415,932,2102,1267,1963,1384,1317,4633,6146,3193,5514,47652,31383,3564,1141,21256,50,1
2021-04-02T23:59:59+02:00,1144,1308,2074,3246,2712,4639,3276,6435,4638,6533,3602,3635,8247,10545,3839,6583,205,251,573,906,774,1413,932,2102,1267,1962,1384,1315,4631,6145,3192,5514,47636,31375,3564,1140,21255,50,1
2021-04-01T23:59:59+02:00,1130,1271,2008,3123,2604,4443,3129,6188,4481,6296,3558,3599,8150,10440,3828,6567,200,242,569,898,763,1407,922,2088,1244,1946,1363,1288,4394,5827,3072,5349,47274,30392,3559,1136,19981,43,1
2021-03-31T23:59:59+02:00,1112,1239,1970,3023,2528,4300,3039,5975,4353,6066,3477,3518,8000,10241,3807,6532,192,239,562,886,759,1389,911,2068,1203,1912,1308,1226,3908,5231,2946,5115,46673,28676,3432,1136,19074,42,1
2021-03-30T23:59:59+02:00,1090,1203,1921,2842,2426,4074,2888,5617,4151,5680,3384,3424,7836,10037,3781,6480,188,234,554,874,748,1368,889,2048,1155,1867,1224,1143,3387,4522,2722,4782,46038,26535,3270,1136,17525,33,1
2021-03-29T23:59:59+02:00,1074,1159,1860,2707,2341,3912,2749,5363,3989,5406,3288,3326,7677,9809,3752,6433,187,231,548,863,738,1354,871,2024,1120,1838,1150,1057,2809,3844,2543,4489,45400,24510,3043,1132,16401,23,1
2021-03-28T23:59:59+02:00,1054,1124,1788,2542,2258,3707,2628,5064,3836,5130,3223,3261,7612,9745,3748,6427,187,231,545,860,737,1351,869,2018,1117,1835,1141,1045,2754,3777,2530,4462,45293,24314,2833,1129,15020,15,1
2021-03-27T23:59:59+01:00,1054,1124,1788,2541,2257,3706,2625,5064,3833,5130,3219,3261,7611,9745,3748,6427,187,231,544,860,737,1351,868,2018,1115,1835,1141,1045,2754,3777,2530,4462,45284,24310,2833,1129,15015,15,1
2021-03-26T23:59:59+01:00,1051,1102,1745,2425,2193,3547,2565,4853,3747,4907,3197,3244,7608,9740,3747,6426,187,230,543,860,736,1351,868,2018,1115,1832,1137,1044,2751,3769,2529,4459,45258,24286,2831,1129,14007,13,1
2021-03-25T23:59:59+01:00,1025,1071,1694,2322,2111,3378,2459,4630,3637,4712,3097,3154,7481,9608,3740,6412,185,227,538,859,729,1341,862,2001,1100,1808,1092,1000,2525,3423,2332,4168,44998,23047,2499,1129,13033,13,1
2021-03-24T23:59:59+01:00,1003,1053,1674,2280,2080,3327,2425,4563,3593,4643,3010,3085,7353,9437,3722,6393,185,223,532,856,722,1331,851,1986,1082,1787,1052,958,2139,2880,1943,3657,44463,21043,2370,1127,12807,13,1
2021-03-23T23:59:59+01:00,993,1047,1656,2248,2057,3293,2389,4520,3554,4591,2943,3012,7261,9338,3704,6365,183,220,528,851,715,1320,837,1967,1046,1757,971,868,1780,2391,1597,3195,43953,19120,2359,1093,12658,12,1
2021-03-22T23:59:59+01:00,990,1040,1641,2233,2043,3275,2367,4492,3517,4551,2898,2978,7199,9268,3689,6348,180,217,527,841,699,1297,823,1953,1017,1730,925,797,1310,1818,1249,2715,43619,17046,2339,1039,12570,12,1
2021-03-21T23:59:59+01:00,990,1040,1640,2230,2043,3274,2364,4488,3506,4544,2885,2971,7151,9212,3683,6342,180,215,526,839,698,1293,821,1949,1006,1725,902,778,1233,1733,1195,2645,43474,16744,2336,981,12552,12,1
2021-03-20T23:59:59+01:00,989,1039,1639,2230,2043,3274,2364,4488,3504,4542,2885,2970,7151,9211,3683,6342,180,215,526,839,698,1293,821,1949,994,1712,867,750,1200,1710,1187,2643,43474,16742,2332,829,12547,12,1
2021-03-19T23:59:59+01:00,988,1031,1632,2218,2032,3270,2362,4481,3497,4534,2875,2959,7138,9194,3682,6339,180,214,525,839,698,1291,821,1948,987,1707,823,712,1141,1660,1177,2633,43411,16700,2327,643,12493,12,1
2021-03-18T23:59:59+01:00,949,999,1557,2106,1908,3103,2214,4235,3268,4283,2723,2801,6836,8829,3615,6240,179,213,520,834,691,1284,812,1937,965,1691,805,690,1066,1554,1037,2434,42015,16133,2017,566,11633,12,1
2021-03-17T23:59:59+01:00,895,966,1487,2049,1845,3037,2149,4173,3173,4187,2588,2669,6411,8335,3551,6124,178,211,517,829,689,1280,808,1932,960,1683,776,671,932,1401,881,2221,40244,15391,2014,565,11380,12,1
2021-03-16T23:59:59+01:00,870,943,1452,2010,1806,2988,2096,4118,3079,4089,2454,2510,5940,7690,3462,5974,172,206,512,828,685,1273,803,1923,952,1670,771,658,844,1275,738,2056,38259,14788,1954,565,11267,12,1
2021-03-15T23:59:59+01:00,853,936,1434,1988,1768,2933,2058,4046,2979,3980,2322,2339,5456,7147,3389,5861,171,205,511,821,683,1264,799,1913,942,1654,760,648,774,1164,588,1859,36492,14217,1856,527,11141,12,0
2021-03-14T23:59:59+01:00,848,922,1409,1959,1744,2904,2028,3986,2918,3914,2144,2146,5270,6921,3357,5830,171,205,510,818,681,1253,798,1906,939,1644,743,640,758,1145,564,1804,35473,14073,1758,502,11069,4,0
2021-03-13T23:59:59+01:00,840,916,1388,1948,1728,2891,2003,3958,2846,3866,2074,2072,5223,6867,3355,5829,171,205,510,818,681,1253,798,1906,939,1644,741,639,758,1142,563,1804,35223,14066,1518,502,11063,4,0
2021-03-12T23:59:59+01:00,816,901,1344,1892,1667,2792,1906,3806,2689,3700,1876,1835,5040,6645,3325,5786,171,205,509,818,681,1253,797,1906,939,1643,734,636,745,1127,556,1801,33900,14016,1278,501,10842,4,0
2021-03-11T23:59:59+01:00,781,841,1275,1810,1584,2645,1823,3604,2527,3527,1612,1527,4674,6175,3190,5603,162,199,503,809,671,1244,783,1871,918,1603,606,576,676,1086,536,1770,31790,13519,1181,491,10227,3,0
2021-03-10T23:59:59+01:00,765,790,1252,1752,1550,2588,1773,3535,2446,3437,1544,1438,4204,5635,3072,5352,162,197,494,787,653,1231,775,1851,911,1587,538,562,643,1077,529,1764,29981,13370,1176,388,9976,3,0
2021-03-09T23:59:59+01:00,753,768,1232,1722,1522,2542,1734,3484,2373,3385,1452,1342,3645,4886,2885,5046,160,196,489,766,643,1207,761,1819,899,1559,534,560,641,1072,526,1758,27818,13311,1174,276,9779,3,0
2021-03-08T23:59:59+01:00,748,741,1219,1703,1506,2522,1707,3448,2335,3342,1360,1241,2976,4058,2648,4676,156,193,475,742,622,1174,742,1769,875,1522,529,558,641,1071,526,1758,25368,13303,1174,49,9688,1,0
2021-03-07T23:59:59+01:00,745,737,1211,1694,1498,2508,1699,3440,2324,3334,1347,1225,2876,3938,2626,4626,156,193,475,742,622,1174,742,1769,875,1522,529,558,640,1071,526,1758,25019,13303,1172,49,9637,0,0
2021-03-06T23:59:59+01:00,744,737,1210,1691,1495,2505,1695,3437,2321,3333,1344,1225,2876,3938,2626,4626,155,193,475,742,622,1174,742,1769,875,1522,529,558,640,1071,526,1758,25015,13302,1172,49,9616,0,0
2021-03-05T23:59:59+01:00,680,711,1184,1677,1474,2496,1670,3422,2292,3324,1339,1223,2868,3930,2623,4621,155,193,475,742,622,1173,742,1769,875,1520,528,558,640,1071,526,1758,24985,13298,1168,49,9381,0,0
2021-03-04T23:59:59+01:00,615,662,1118,1608,1417,2414,1630,3342,2218,3247,1289,1175,2651,3566,2440,4334,154,188,472,728,610,1161,731,1741,866,1507,518,547,628,1061,521,1749,23767,13134,1161,48,8798,0,0
2021-03-03T23:59:59+01:00,579,623,1050,1544,1320,2332,1530,3256,2094,3163,1245,1130,2283,3045,2087,3888,154,188,470,725,610,1161,730,1739,864,1505,516,546,626,1058,521,1747,21908,13113,1159,47,8102,0,0
2021-03-02T23:59:59+01:00,561,590,1013,1499,1264,2290,1473,3204,1998,3102,1162,1030,1918,2566,1696,3367,152,186,465,719,605,1150,720,1729,859,1485,507,537,615,1037,502,1715,19845,12936,1156,47,7732,0,0
2021-03-01T23:59:59+01:00,554,542,995,1460,1218,2230,1427,3139,1943,3029,1118,956,1425,1971,1317,2831,150,186,465,719,605,1149,720,1726,858,1485,505,537,612,1028,498,1704,17577,12900,1153,47,7425,0,0
2021-02-28T23:59:59+01:00,547,529,978,1421,1192,2169,1399,3081,1888,2956,1097,934,1311,1830,1244,2742,150,186,464,718,605,1149,719,1724,857,1484,503,537,612,1028,498,1704,17098,12891,1151,47,7069,0,0
2021-02-27T23:59:59+01:00,547,527,977,1421,1192,2167,1399,3080,1888,2955,1097,934,1311,1829,1243,2742,150,186,463,717,602,1147,717,1722,855,1483,503,537,612,1028,498,1704,17096,12891,1151,33,7062,0,0
2021-02-26T23:59:59+01:00,398,476,847,1378,1109,2124,1333,3039,1829,2913,1092,927,1308,1828,1243,2741,150,186,463,717,602,1147,717,1721,855,1482,503,537,612,1028,498,1704,17086,12890,1151,32,6348,0,0
2021-02-25T23:59:59+01:00,307,421,754,1287,1025,2035,1234,2865,1691,2751,1054,895,1226,1704,1130,2553,143,176,451,704,586,1122,710,1696,837,1459,491,523,584,997,484,1685,16497,12626,1151,22,5284,0,0
2021-02-24T23:59:59+01:00,258,375,682,1212,951,1947,1180,2748,1626,2634,1027,875,1103,1559,974,2340,141,176,448,701,582,1121,709,1690,836,1455,486,518,576,992,481,1673,15793,12566,1149,19,4549,0,0
2021-02-23T23:59:59+01:00,246,354,660,1154,923,1868,1132,2636,1551,2525,1003,847,1026,1431,834,2179,141,176,448,699,582,1121,709,1687,834,1454,485,516,574,991,481,1672,15238,12556,1117,14,4014,0,0
2021-02-22T23:59:59+01:00,231,333,636,1124,891,1785,1082,2544,1467,2402,958,818,908,1288,653,1926,141,176,447,698,580,1120,707,1687,828,1452,484,515,573,989,480,1670,14496,12544,1048,3,3502,0,0
2021-02-21T23:59:59+01:00,225,322,602,1060,841,1679,1039,2443,1388,2295,941,797,876,1237,600,1862,141,175,444,691,579,1116,707,1682,828,1451,483,515,572,989,479,1669,14290,12518,1007,3,2910,0,0
2021-02-20T23:59:59+01:00,225,319,599,1059,839,1675,1036,2438,1375,2278,905,768,843,1214,592,1860,141,175,444,691,579,1116,707,1682,828,1451,483,515,571,989,479,1669,14290,12517,851,3,2884,0,0
2021-02-19T23:59:59+01:00,216,311,589,1051,826,1660,1015,2421,1342,2235,662,667,704,1152,567,1843,141,175,444,690,579,1113,706,1680,825,1448,483,515,571,988,478,1669,13815,12502,669,3,2777,0,0
2021-02-18T23:59:59+01:00,199,261,550,930,742,1434,885,2162,1094,1860,582,599,665,1112,548,1826,136,174,431,678,564,1096,700,1654,809,1420,480,512,570,986,478,1669,13658,12354,573,3,1218,0,0
2021-02-17T23:59:59+01:00,194,224,530,882,706,1337,827,1994,1009,1728,560,579,665,1109,546,1823,129,172,420,668,556,1080,681,1623,796,1398,477,510,568,983,478,1668,13642,12204,573,3,498,0,0
2021-02-16T23:59:59+01:00,188,221,523,867,691,1307,808,1955,976,1688,548,574,659,1107,545,1821,124,167,406,662,545,1064,669,1605,787,1384,470,505,561,970,472,1641,13614,12030,573,2,291,0,0
2021-02-15T23:59:59+01:00,173,212,517,840,685,1273,794,1920,947,1641,547,572,658,1107,545,1821,121,166,399,653,535,1045,640,1578,773,1366,468,503,561,970,472,1641,13612,11889,534,2,106,0,0
2021-02-14T23:59:59+01:00,168,205,514,828,684,1264,791,1911,929,1632,546,572,658,1104,544,1821,114,163,388,642,518,1027,622,1564,766,1354,468,501,559,968,472,1641,13606,11765,533,2,32,0,0
2021-02-13T23:59:59+01:00,167,205,513,828,684,1264,791,1911,929,1632,546,572,658,1104,544,1821,114,163,387,641,518,1027,622,1564,766,1354,468,501,559,968,472,1641,13605,11763,533,2,31,0,0
2021-02-12T23:59:59+01:00,166,204,509,827,683,1262,787,1910,927,1629,545,572,658,1104,544,1821,110,161,385,635,514,1021,608,1550,762,1337,466,500,548,948,468,1616,13598,11627,532,2,18,0,0
2021-02-11T23:59:59+01:00,164,203,505,820,676,1258,785,1906,921,1627,540,566,651,1098,539,1815,90,125,356,564,468,942,557,1433,718,1243,441,455,507,894,427,1521,13546,10740,520,1,8,0,0
2021-02-10T23:59:59+01:00,161,201,495,803,660,1243,773,1879,906,1603,532,560,641,1086,534,1805,80,114,328,506,441,835,515,1258,644,1088,391,405,441,783,381,1362,13423,9571,458,1,1,0,0
2021-02-09T23:59:59+01:00,160,195,487,764,644,1204,753,1818,895,1561,519,549,635,1072,526,1788,75,98,309,440,406,751,475,1154,579,989,360,352,402,698,350,1248,13314,8686,256,0,0,0,0
2021-02-08T23:59:59+01:00,156,191,470,739,622,1169,733,1768,875,1517,513,548,633,1066,522,1774,62,72,264,372,358,615,416,926,506,811,303,297,339,547,293,1053,13246,7234,50,0,0,0,0
2021-02-07T23:59:59+01:00,156,190,469,738,620,1168,732,1760,873,1515,512,548,633,1066,522,1773,61,64,246,337,339,571,400,894,487,778,302,289,337,540,291,1050,13225,6986,50,0,0,0,0
2021-02-06T23:59:59+01:00,156,190,469,738,620,1168,732,1760,873,1515,512,548,633,1066,522,1773,61,64,246,337,339,571,400,893,485,776,302,288,336,538,290,1050,13225,6976,50,0,0,0,0
2021-02-05T23:59:59+01:00,156,190,469,738,620,1168,732,1760,873,1514,512,548,633,1066,522,1773,59,64,244,335,333,567,392,871,476,756,292,283,326,516,275,1014,13224,6803,50,0,0,0,0
2021-02-04T23:59:59+01:00,150,185,465,729,613,1160,728,1746,867,1505,505,541,612,1041,513,1755,43,50,210,304,292,471,351,730,384,610,228,215,243,355,205,750,13066,5441,49,0,0,0,0
2021-02-03T23:59:59+01:00,149,185,459,723,605,1151,724,1735,859,1489,496,533,599,1028,505,1747,35,32,155,215,238,348,263,557,309,462,180,169,171,268,156,566,12939,4124,48,0,0,0,0
2021-02-02T23:59:59+01:00,149,184,457,722,605,1151,721,1729,853,1486,495,532,595,1025,504,1743,26,26,136,169,193,279,220,424,258,373,140,130,129,201,121,447,12903,3272,48,0,0,0,0
2021-02-01T23:59:59+01:00,147,184,456,721,600,1148,720,1720,851,1481,494,530,590,1022,503,1738,21,19,99,125,137,188,153,299,169,259,89,93,87,127,66,243,12857,2174,48,0,0,0,0
2021-01-31T23:59:59+01:00,147,184,456,718,597,1147,720,1716,851,1480,492,530,589,1020,503,1737,15,15,66,84,95,123,116,222,142,203,84,87,83,119,64,229,12839,1747,48,0,0,0,0
2021-01-30T23:59:59+01:00,147,184,455,718,595,1145,719,1715,851,1480,492,530,588,1020,503,1737,15,15,66,84,95,121,114,218,139,200,83,86,83,113,58,219,12838,1709,41,0,0,0,0
2021-01-29T23:59:59+01:00,147,184,455,716,594,1142,717,1713,849,1479,492,530,588,1020,503,1737,13,15,55,79,78,117,97,207,116,188,78,79,82,109,57,218,12833,1588,33,0,0,0,0
2021-01-28T23:59:59+01:00,140,179,442,699,577,1117,711,1686,826,1450,485,524,585,1017,500,1734,8,3,12,19,24,45,30,95,48,89,45,50,54,79,42,163,12647,806,25,0,0,0,0
2021-01-27T23:59:59+01:00,133,177,431,689,569,1108,695,1652,819,1427,482,522,581,1012,500,1729,4,1,4,11,10,23,13,39,23,31,12,17,24,31,18,51,12503,312,23,0,0,0,0
2021-01-26T23:59:59+01:00,127,173,417,676,556,1094,686,1629,808,1406,476,517,575,995,494,1695,4,1,4,10,7,21,11,36,17,28,12,15,23,30,18,50,12310,287,14,0,0,0,0
2021-01-25T23:59:59+01:00,124,171,408,664,545,1074,658,1601,790,1389,474,514,573,994,494,1695,3,1,3,9,7,16,6,27,12,22,9,6,13,19,9,32,12165,194,3,0,0,0,0
2021-01-24T23:59:59+01:00,117,168,398,654,531,1056,641,1588,777,1378,473,511,572,994,494,1695,2,0,1,6,7,4,4,7,5,9,1,2,11,12,6,18,12044,95,3,0,0,0,0
2021-01-23T23:59:59+01:00,117,168,398,653,531,1056,641,1588,777,1378,473,511,572,994,494,1695,1,0,1,6,7,4,4,7,5,9,1,2,11,12,6,18,12043,94,3,0,0,0,0
2021-01-22T23:59:59+01:00,113,166,392,647,528,1050,627,1574,771,1361,473,508,561,973,488,1669,1,0,1,6,7,4,4,7,5,9,1,2,11,12,6,18,11898,94,3,0,0,0,0
2021-01-21T23:59:59+01:00,101,158,377,629,505,1017,597,1525,748,1319,457,470,528,929,455,1603,1,0,1,6,7,4,4,7,5,9,1,2,11,12,6,18,11415,94,3,0,0,0,0
2021-01-20T23:59:59+01:00,82,116,343,540,461,877,539,1291,660,1134,397,411,445,794,395,1386,1,0,1,5,7,4,4,7,5,9,1,2,11,12,6,18,9868,93,3,0,0,0,0
2021-01-19T23:59:59+01:00,77,104,314,464,421,788,499,1177,608,1031,373,374,410,716,365,1295,1,0,1,3,7,4,4,7,5,9,1,0,8,8,5,17,9013,80,3,0,0,0,0
2021-01-18T23:59:59+01:00,63,74,269,377,366,638,426,946,515,834,307,307,345,565,310,1103,1,0,1,3,7,4,4,7,5,9,1,0,8,8,5,17,7443,80,2,0,0,0,0
2021-01-17T23:59:59+01:00,61,65,250,342,344,586,407,904,492,796,304,298,344,558,308,1095,0,0,0,0,0,0,0,0,0,0,0,0,0,0,0,0,7152,0,2,0,0,0,0
2021-01-16T23:59:59+01:00,61,65,250,342,344,586,407,903,490,794,304,297,342,554,307,1095,0,0,0,0,0,0,0,0,0,0,0,0,0,0,0,0,7139,0,2,0,0,0,0
2021-01-15T23:59:59+01:00,59,65,249,339,338,580,396,880,479,769,290,291,325,527,286,1057,0,0,0,0,0,0,0,0,0,0,0,0,0,0,0,0,6928,0,2,0,0,0,0
2021-01-14T23:59:59+01:00,45,52,235,318,314,505,362,755,392,624,227,218,242,356,209,766,0,0,0,0,0,0,0,0,0,0,0,0,0,0,0,0,5620,0,0,0,0,0,0
2021-01-13T23:59:59+01:00,39,42,211,263,272,408,298,607,321,500,177,175,174,273,166,599,0,0,0,0,0,0,0,0,0,0,0,0,0,0,0,0,4525,0,0,0,0,0,0
2021-01-12T23:59:59+01:00,35,40,206,249,258,376,276,530,290,456,141,134,135,208,129,467,0,0,0,0,0,0,0,0,0,0,0,0,0,0,0,0,3930,0,0,0,0,0,0
2021-01-11T23:59:59+01:00,29,36,195,229,239,324,228,444,240,382,110,105,101,135,76,296,0,0,0,0,0,0,0,0,0,0,0,0,0,0,0,0,3169,0,0,0,0,0,0
2021-01-10T23:59:59+01:00,27,31,157,167,196,250,190,348,198,305,98,99,98,130,74,282,0,0,0,0,0,0,0,0,0,0,0,0,0,0,0,0,2650,0,0,0,0,0,0
2021-01-09T23:59:59+01:00,27,31,150,163,194,242,186,341,196,300,98,99,98,130,74,282,0,0,0,0,0,0,0,0,0,0,0,0,0,0,0,0,2611,0,0,0,0,0,0
2021-01-08T23:59:59+01:00,24,28,121,140,173,229,162,312,168,279,93,89,97,126,73,281,0,0,0,0,0,0,0,0,0,0,0,0,0,0,0,0,2395,0,0,0,0,0,0
2021-01-07T23:59:59+01:00,9,3,16,24,31,55,37,104,61,112,48,51,60,85,47,192,0,0,0,0,0,0,0,0,0,0,0,0,0,0,0,0,935,0,0,0,0,0,0
2021-01-06T23:59:59+01:00,4,1,5,11,9,22,13,39,20,31,13,14,25,35,20,58,0,0,0,0,0,0,0,0,0,0,0,0,0,0,0,0,320,0,0,0,0,0,0
2021-01-05T23:59:59+01:00,3,1,4,9,8,18,10,31,15,26,10,14,22,30,19,52,0,0,0,0,0,0,0,0,0,0,0,0,0,0,0,0,272,0,0,0,0,0,0
2021-01-04T23:59:59+01:00,2,1,2,7,8,10,4,15,8,16,5,3,11,16,8,28,0,0,0,0,0,0,0,0,0,0,0,0,0,0,0,0,144,0,0,0,0,0,0
2021-01-03T23:59:59+01:00,2,0,1,6,8,4,4,7,5,9,1,2,11,12,7,18,0,0,0,0,0,0,0,0,0,0,0,0,0,0,0,0,97,0,0,0,0,0,0
2021-01-02T23:59:59+01:00,2,0,1,6,8,4,4,7,5,9,1,2,11,12,7,18,0,0,0,0,0,0,0,0,0,0,0,0,0,0,0,0,97,0,0,0,0,0,0
2021-01-01T23:59:59+01:00,1,0,1,6,8,4,4,7,5,9,1,2,11,12,7,18,0,0,0,0,0,0,0,0,0,0,0,0,0,0,0,0,96,0,0,0,0,0,0
2020-12-31T23:59:59+01:00,1,0,1,5,8,4,4,7,5,9,1,2,11,12,7,18,0,0,0,0,0,0,0,0,0,0,0,0,0,0,0,0,95,0,0,0,0,0,0
2020-12-30T23:59:59+01:00,1,0,1,5,8,4,4,7,5,9,1,2,11,12,7,18,0,0,0,0,0,0,0,0,0,0,0,0,0,0,0,0,95,0,0,0,0,0,0
2020-12-29T23:59:59+01:00,1,0,1,3,8,4,4,7,5,9,1,0,8,8,6,17,0,0,0,0,0,0,0,0,0,0,0,0,0,0,0,0,82,0,0,0,0,0,0
2020-12-28T23:59:59+01:00,1,0,1,3,8,4,4,7,5,9,1,0,8,8,6,17,0,0,0,0,0,0,0,0,0,0,0,0,0,0,0,0,82,0,0,0,0,0,0
2020-12-27T23:59:59+01:00,1,0,1,3,8,4,4,7,5,9,1,0,8,8,6,17,0,0,0,0,0,0,0,0,0,0,0,0,0,0,0,0,82,0,0,0,0,0,0
