Datum,<15_m,<15_w,15-24_1_m,15-24_1_w,25-34_1_m,25-34_1_w,35-44_1_m,35-44_1_w,45-54_1_m,45-54_1_w,55-64_1_m,55-64_1_w,65-74_1_m,65-74_1_w,75-84_1_m,75-84_1_w,>84_1_m,>84_1_w,<24_2_m,<24_2_w,25-34_2_m,25-34_2_w,35-44_2_m,35-44_2_w,45-54_2_m,45-54_2_w,55-64_2_m,55-64_2_w,65-74_2_m,65-74_2_w,75-84_2_m,75-84_2_w,>84_2_m,>84_2_w,bp_1,bp_2,mo_1,mo_2,az_1,az_2,ja,unb_1,unb_2
2021-10-17T23:59:59+02:00,2297,2172,17559,16243,22775,21025,24487,24036,28064,28741,30952,31892,21671,24744,15505,19509,4533,7875,15802,14627,21303,19473,23127,22547,26698,27220,29776,30654,21023,24035,15072,18847,4358,7566,238301,223853,32796,31609,55079,52101,17880,33,41
2021-10-16T23:59:59+02:00,2297,2172,17558,16243,22775,21025,24487,24036,28064,28741,30952,31892,21671,24744,15505,19509,4533,7875,15802,14627,21303,19473,23127,22547,26698,27220,29776,30654,21023,24035,15072,18847,4358,7566,238300,223853,32796,31609,55079,52101,17880,33,41
2021-10-15T23:59:59+02:00,2289,2163,17538,16228,22761,21013,24465,24020,28048,28731,30947,31888,21666,24737,15505,19509,4533,7874,15790,14613,21292,19462,23121,22543,26696,27215,29771,30650,21020,24034,15071,18847,4358,7566,238146,223756,32788,31609,55079,52101,17878,33,41
2021-10-14T23:59:59+02:00,2279,2145,17499,16195,22731,20984,24446,24000,28030,28713,30934,31873,21658,24733,15495,19501,4525,7864,15731,14566,21266,19421,23087,22509,26678,27179,29749,30627,21009,24026,15066,18837,4356,7564,237841,223367,32787,31595,55079,52087,17873,33,41
2021-10-13T23:59:59+02:00,2250,2127,17421,16126,22671,20921,24401,23959,27995,28671,30905,31843,21645,24723,15490,19496,4524,7860,15638,14479,21217,19370,23047,22473,26638,27141,29724,30601,21002,24008,15064,18822,4356,7560,237344,222848,32763,31570,55079,52087,17818,32,41
2021-10-12T23:59:59+02:00,2240,2108,17379,16082,22647,20894,24376,23931,27979,28651,30893,31824,21640,24718,15477,19478,4521,7853,15587,14418,21199,19338,23022,22452,26615,27116,29702,30581,20994,23999,15063,18819,4354,7559,237010,222499,32762,31561,55078,52083,17817,32,41
2021-10-11T23:59:59+02:00,2229,2096,17350,16051,22632,20873,24361,23912,27961,28632,30879,31813,21635,24708,15475,19465,4516,7841,15545,14382,21160,19284,22999,22415,26589,27076,29673,30565,20983,23989,15057,18812,4350,7556,236752,222091,32762,31561,55078,52083,17813,32,41
2021-10-10T23:59:59+02:00,2225,2088,17332,16033,22612,20859,24356,23904,27953,28618,30875,31806,21629,24703,15474,19462,4513,7836,15488,14338,21095,19224,22961,22377,26544,27050,29652,30543,20973,23978,15051,18805,4350,7556,236610,221643,32758,31538,55078,52082,17808,32,41
2021-10-09T23:59:59+02:00,2223,2088,17332,16032,22610,20858,24356,23904,27953,28618,30875,31806,21629,24703,15474,19462,4513,7836,15487,14336,21095,19224,22961,22377,26544,27049,29652,30543,20973,23978,15051,18805,4350,7556,236604,221636,32758,31538,55078,52082,17808,32,41
2021-10-08T23:59:59+02:00,2218,2080,17321,16009,22584,20846,24338,23895,27938,28603,30860,31797,21627,24698,15474,19462,4513,7836,15482,14323,21081,19209,22950,22369,26535,27033,29648,30536,20971,23972,15049,18804,4350,7556,236469,221537,32746,31538,55077,52082,17783,32,41
2021-10-07T23:59:59+02:00,2194,2059,17266,15965,22553,20800,24312,23867,27906,28578,30838,31774,21622,24695,15467,19451,4507,7829,15409,14245,21015,19139,22906,22321,26505,26996,29620,30513,20960,23957,15044,18794,4347,7555,236081,220998,32736,31491,55074,52074,17768,32,41
2021-10-06T23:59:59+02:00,2170,2036,17207,15919,22508,20747,24287,23825,27874,28547,30821,31748,21611,24681,15458,19439,4506,7815,15346,14172,20963,19079,22868,22285,26475,26957,29596,30484,20950,23943,15033,18788,4345,7553,235643,220499,32717,31466,55074,52074,17741,32,41
2021-10-05T23:59:59+02:00,2150,2020,17162,15881,22463,20719,24254,23786,27852,28523,30808,31731,21606,24673,15458,19434,4505,7814,15318,14142,20910,19054,22838,22257,26447,26932,29571,30460,20942,23925,15030,18780,4342,7553,235378,220231,32717,31466,55074,52074,17644,32,41
2021-10-04T23:59:59+02:00,2123,1985,17106,15843,22413,20690,24231,23761,27836,28489,30790,31713,21602,24664,15456,19431,4504,7811,15281,14120,20885,19026,22824,22232,26429,26913,29559,30446,20935,23915,15026,18776,4342,7545,235040,220021,32717,31466,55074,52072,17591,32,41
2021-10-03T23:59:59+02:00,2118,1974,17079,15804,22384,20658,24197,23739,27822,28469,30773,31704,21599,24657,15455,19426,4504,7809,15249,14081,20861,18997,22800,22214,26415,26891,29545,30436,20925,23902,15024,18773,4342,7545,234835,219803,32711,31456,55073,52070,17526,32,41
2021-10-02T23:59:59+02:00,2118,1974,17079,15804,22384,20658,24196,23739,27822,28469,30773,31704,21599,24657,15455,19426,4504,7809,15249,14081,20861,18997,22800,22214,26415,26891,29545,30435,20925,23902,15024,18773,4342,7545,234834,219802,32711,31456,55073,52070,17526,32,41
2021-10-01T23:59:59+02:00,2113,1969,17065,15787,22381,20646,24182,23718,27817,28462,30769,31699,21596,24655,15455,19424,4503,7809,15245,14079,20858,18995,22799,22214,26413,26889,29545,30431,20924,23900,15024,18773,4342,7545,234717,219776,32710,31456,55073,52070,17524,32,41
2021-09-30T23:59:59+02:00,2093,1953,17008,15737,22339,20594,24142,23683,27787,28429,30747,31676,21587,24647,15450,19417,4501,7804,15175,14012,20821,18958,22768,22173,26390,26855,29526,30410,20920,23891,15021,18765,4338,7540,234340,219389,32698,31433,55073,52066,17457,32,41
2021-09-29T23:59:59+02:00,2026,1911,16919,15661,22271,20528,24088,23633,27726,28380,30711,31648,21572,24634,15443,19403,4498,7802,15107,13958,20779,18906,22732,22121,26354,26826,29491,30383,20913,23879,15010,18757,4337,7537,233722,218997,32683,31411,55072,52063,17351,32,41
2021-09-28T23:59:59+02:00,2009,1894,16838,15596,22201,20476,24025,23591,27688,28339,30694,31631,21563,24619,15438,19394,4498,7799,15040,13911,20721,18865,22689,22095,26324,26791,29470,30362,20900,23864,15004,18747,4335,7533,233295,218664,32682,31411,55072,52062,17218,32,41
2021-09-27T23:59:59+02:00,1947,1826,16774,15536,22166,20440,23999,23563,27660,28303,30675,31614,21557,24613,15436,19391,4497,7797,15013,13879,20699,18828,22674,22069,26305,26779,29452,30346,20896,23854,15000,18739,4334,7530,232803,218392,32682,31411,55072,52061,17211,32,41
2021-09-26T23:59:59+02:00,1927,1805,16705,15472,22115,20380,23959,23512,27631,28277,30660,31605,21547,24606,15435,19388,4497,7795,14944,13813,20647,18774,22625,22013,26266,26742,29433,30319,20889,23844,14992,18736,4334,7527,232435,217995,32665,31384,55071,52048,17119,32,41
2021-09-25T23:59:59+02:00,1927,1805,16703,15472,22113,20379,23957,23511,27631,28277,30660,31605,21547,24606,15435,19388,4497,7795,14943,13813,20646,18774,22625,22013,26265,26740,29433,30319,20888,23844,14992,18736,4334,7527,232428,217991,32665,31383,55071,52048,17118,32,41
2021-09-24T23:59:59+02:00,1926,1802,16676,15452,22071,20350,23923,23490,27611,28256,30643,31590,21545,24602,15433,19387,4497,7795,14915,13786,20597,18742,22584,21987,26237,26720,29411,30299,20883,23838,14990,18734,4333,7526,232366,217864,32665,31383,55071,52048,16921,32,41
2021-09-23T23:59:59+02:00,1896,1765,16600,15366,22010,20275,23874,23422,27566,28201,30618,31550,21532,24591,15426,19372,4494,7793,14837,13723,20536,18699,22555,21940,26203,26676,29386,30272,20880,23827,14984,18726,4333,7525,231806,217463,32627,31349,55071,52048,16821,32,41
2021-09-22T23:59:59+02:00,1863,1734,16497,15290,21920,20198,23798,23367,27498,28141,30578,31515,21516,24569,15424,19359,4492,7790,14711,13616,20447,18621,22492,21870,26141,26615,29337,30237,20861,23817,14978,18718,4330,7516,231200,216786,32606,31307,55071,52041,16646,32,41
2021-09-21T23:59:59+02:00,1834,1690,16418,15215,21861,20138,23748,23318,27458,28105,30540,31475,21505,24549,15421,19349,4486,7782,14654,13569,20390,18581,22449,21827,26108,26590,29312,30211,20849,23803,14971,18707,4327,7512,230730,216502,32606,31307,55071,52041,16458,32,41
2021-09-20T23:59:59+02:00,1807,1675,16344,15151,21806,20091,23700,23278,27420,28062,30507,31457,21496,24536,15415,19343,4485,7780,14597,13516,20343,18537,22413,21799,26060,26558,29287,30186,20841,23791,14969,18701,4324,7509,230324,216185,32604,31306,55071,52040,16326,32,41
2021-09-19T23:59:59+02:00,1780,1653,16280,15101,21756,20031,23667,23245,27389,28034,30486,31432,21486,24525,15411,19332,4485,7777,14538,13472,20298,18485,22362,21776,26035,26526,29270,30172,20835,23778,14965,18698,4323,7505,229959,215903,32582,31273,55070,52040,16230,32,41
2021-09-18T23:59:59+02:00,1780,1653,16279,15099,21755,20030,23665,23243,27389,28033,30486,31432,21486,24525,15411,19332,4485,7777,14538,13470,20298,18485,22361,21775,26035,26524,29270,30172,20835,23778,14965,18698,4323,7505,229953,215902,32582,31272,55070,52040,16226,32,41
2021-09-17T23:59:59+02:00,1775,1646,16258,15080,21730,20011,23645,23231,27376,28017,30477,31426,21483,24522,15408,19329,4484,7777,14517,13456,20288,18479,22352,21771,26028,26520,29260,30166,20832,23775,14964,18697,4323,7505,229782,215800,32582,31272,55070,52040,16212,32,41
2021-09-16T23:59:59+02:00,1736,1615,16160,14983,21647,19911,23575,23148,27312,27957,30438,31388,21470,24505,15403,19319,4479,7777,14433,13383,20245,18424,22316,21720,25998,26475,29239,30135,20821,23765,14957,18690,4321,7501,228979,215346,32561,31194,55070,52028,16184,32,41
2021-09-15T23:59:59+02:00,1705,1598,16095,14906,21594,19857,23530,23103,27282,27924,30413,31364,21457,24484,15391,19310,4478,7775,14359,13297,20179,18364,22277,21668,25959,26432,29207,30112,20808,23750,14945,18682,4320,7499,228451,214786,32544,31149,55070,52023,16172,32,41
2021-09-14T23:59:59+02:00,1692,1583,16060,14860,21547,19818,23500,23068,27250,27886,30387,31340,21443,24473,15388,19298,4475,7774,14321,13258,20155,18342,22254,21642,25939,26417,29196,30102,20797,23742,14942,18675,4319,7497,228038,214504,32543,31148,55070,52023,16162,32,41
2021-09-13T23:59:59+02:00,1671,1570,16018,14808,21521,19787,23469,23035,27234,27850,30373,31326,21442,24463,15383,19296,4474,7771,14292,13243,20129,18326,22234,21622,25924,26405,29186,30079,20788,23731,14941,18668,4317,7495,227695,214280,32543,31148,55070,52023,16154,32,41
2021-09-12T23:59:59+02:00,1661,1557,15994,14786,21505,19765,23454,23011,27219,27835,30363,31318,21435,24455,15383,19291,4474,7771,14259,13214,20106,18289,22214,21596,25911,26382,29175,30070,20781,23723,14936,18661,4315,7490,227502,214040,32527,31117,55070,52022,16149,32,41
2021-09-11T23:59:59+02:00,1660,1557,15982,14782,21497,19757,23453,23010,27217,27834,30360,31316,21434,24454,15383,19291,4474,7771,14254,13212,20104,18286,22212,21596,25911,26381,29175,30070,20780,23723,14936,18661,4315,7490,227465,214029,32527,31117,55067,52022,16144,32,41
2021-09-10T23:59:59+02:00,1660,1557,15959,14777,21483,19746,23435,23007,27200,27824,30347,31311,21433,24452,15379,19289,4474,7770,14231,13205,20088,18276,22198,21592,25896,26368,29157,30067,20779,23719,14933,18658,4314,7489,227435,213990,32527,31117,55067,52022,16045,32,41
2021-09-09T23:59:59+02:00,1615,1518,15877,14700,21423,19677,23382,22957,27140,27774,30318,31282,21424,24435,15365,19275,4472,7768,14150,13133,20016,18208,22131,21537,25847,26327,29121,30035,20763,23691,14915,18644,4312,7487,226903,213524,32496,31034,55066,52002,15908,32,41
2021-09-08T23:59:59+02:00,1577,1471,15749,14606,21352,19600,23329,22882,27090,27731,30278,31234,21407,24417,15356,19264,4471,7768,14061,13042,19933,18154,22066,21485,25800,26288,29085,29985,20744,23670,14911,18636,4311,7486,226358,213124,32426,30942,55066,51997,15703,32,41
2021-09-07T23:59:59+02:00,1564,1451,15699,14554,21298,19575,23292,22859,27063,27698,30261,31218,21396,24395,15350,19256,4469,7768,13993,12994,19870,18115,22024,21455,25763,26255,29056,29957,20732,23656,14907,18629,4310,7486,226114,212840,32421,30912,55066,51992,15536,32,41
2021-09-06T23:59:59+02:00,1551,1441,15650,14508,21278,19544,23269,22830,27038,27679,30245,31196,21386,24392,15346,19249,4469,7766,13962,12957,19851,18090,21995,21433,25743,26235,29041,29942,20724,23648,14903,18625,4310,7483,225863,212637,32421,30912,55066,51992,15458,32,41
2021-09-05T23:59:59+02:00,1530,1426,15620,14481,21260,19522,23259,22805,27029,27667,30240,31188,21381,24386,15340,19247,4469,7762,13924,12921,19821,18054,21970,21405,25724,26217,29028,29923,20720,23640,14901,18623,4310,7483,225649,212421,32414,30832,55065,51991,15455,32,41
2021-09-04T23:59:59+02:00,1530,1426,15612,14478,21246,19517,23252,22800,27023,27661,30234,31185,21380,24383,15340,19246,4469,7762,13916,12918,19807,18048,21963,21400,25718,26211,29022,29919,20719,23637,14901,18622,4310,7483,225648,212420,32414,30831,55065,51991,15387,32,41
2021-09-03T23:59:59+02:00,1527,1423,15596,14464,21213,19493,23222,22779,26999,27649,30219,31170,21373,24375,15340,19240,4469,7761,13901,12904,19780,18029,21939,21385,25701,26201,29007,29908,20713,23630,14901,18619,4310,7483,225575,212401,32413,30826,55065,51990,15229,32,41
2021-09-02T23:59:59+02:00,1511,1403,15524,14405,21166,19443,23187,22732,26958,27608,30182,31144,21360,24365,15334,19227,4467,7755,13808,12840,19735,17968,21894,21342,25659,26155,28968,29881,20701,23619,14896,18607,4309,7482,225154,211946,32408,30821,55063,51970,15116,32,41
2021-09-01T23:59:59+02:00,1460,1346,15383,14251,21048,19347,23117,22677,26891,27536,30131,31094,21342,24340,15326,19213,4464,7750,13662,12719,19612,17871,21809,21272,25601,26086,28917,29818,20676,23590,14884,18592,4305,7476,224379,211363,32382,30624,55062,51957,14863,32,41
2021-08-31T23:59:59+02:00,1436,1331,15321,14180,20984,19295,23074,22635,26841,27494,30097,31062,21330,24328,15320,19204,4464,7749,13588,12653,19564,17830,21777,21236,25568,26063,28889,29792,20670,23580,14881,18584,4304,7475,223923,211018,32381,30624,55061,51952,14750,32,41
2021-08-30T23:59:59+02:00,1413,1312,15253,14134,20936,19241,23042,22597,26804,27461,30064,31032,21318,24319,15316,19195,4462,7742,13531,12612,19518,17780,21744,21211,25538,26026,28855,29767,20659,23565,14871,18575,4303,7471,223561,210716,32381,30622,55061,51950,14608,32,41
2021-08-29T23:59:59+02:00,1397,1300,15209,14088,20898,19210,23018,22573,26786,27437,30046,31017,21314,24310,15316,19193,4462,7741,13478,12567,19496,17759,21717,21191,25517,26007,28842,29750,20651,23557,14868,18571,4301,7470,223271,210449,32380,30622,55061,51949,14573,32,41
2021-08-28T23:59:59+02:00,1397,1300,15203,14085,20887,19203,23012,22569,26783,27428,30043,31016,21313,24310,15316,19193,4462,7741,13472,12563,19485,17752,21711,21187,25514,25998,28839,29749,20650,23557,14868,18571,4301,7470,223271,210448,32380,30622,55061,51949,14519,32,41
2021-08-27T23:59:59+02:00,1388,1293,15171,14058,20859,19187,22979,22553,26757,27416,30027,30996,21307,24302,15312,19192,4459,7738,13443,12532,19448,17735,21683,21166,25486,25985,28822,29731,20644,23548,14865,18570,4300,7470,223133,210306,32380,30621,55058,51948,14393,32,41
2021-08-26T23:59:59+02:00,1375,1275,15126,14013,20812,19149,22950,22515,26724,27377,29995,30959,21292,24286,15305,19184,4456,7730,13374,12472,19372,17679,21623,21109,25430,25937,28783,29695,20631,23527,14856,18557,4299,7466,222840,210023,32361,30497,55058,51874,14234,32,41
2021-08-25T23:59:59+02:00,1330,1230,14979,13890,20699,19055,22871,22421,26645,27293,29937,30903,21271,24260,15295,19174,4452,7724,13251,12388,19287,17602,21557,21037,25360,25883,28739,29652,20604,23506,14848,18543,4298,7463,221983,209452,32346,30449,55058,51866,14013,31,39
2021-08-24T23:59:59+02:00,1306,1206,14915,13839,20657,19003,22816,22375,26610,27257,29908,30872,21255,24245,15289,19164,4451,7723,13156,12329,19226,17520,21520,20985,25316,25840,28709,29614,20586,23486,14841,18531,4296,7458,221567,208970,32316,30391,55058,51851,13921,31,35
2021-08-23T23:59:59+02:00,1288,1187,14847,13801,20618,18974,22788,22350,26575,27237,29883,30845,21236,24231,15284,19151,4450,7722,13039,12251,19164,17461,21468,20936,25276,25785,28664,29571,20567,23469,14834,18519,4293,7458,221258,208451,32300,30300,55058,51851,13822,31,35
2021-08-22T23:59:59+02:00,1279,1179,14832,13781,20602,18954,22776,22330,26560,27222,29866,30841,21229,24227,15282,19143,4448,7721,12980,12182,19112,17427,21439,20901,25255,25759,28638,29549,20559,23458,14833,18515,4293,7458,221083,208127,32281,30191,55058,51848,13821,31,35
2021-08-21T23:59:59+02:00,1279,1179,14823,13771,20590,18946,22766,22324,26556,27217,29855,30834,21229,24225,15282,19143,4448,7721,12970,12172,19101,17419,21431,20895,25249,25754,28628,29542,20559,23456,14833,18515,4293,7458,221078,208123,32281,30191,55058,51848,13742,31,35
2021-08-20T23:59:59+02:00,1272,1174,14794,13736,20555,18916,22743,22301,26530,27194,29838,30818,21226,24216,15280,19137,4448,7721,12952,12156,19077,17399,21413,20874,25235,25736,28610,29523,20555,23450,14832,18512,4293,7458,220884,208018,32281,30189,55058,51848,13647,31,35
2021-08-19T23:59:59+02:00,1254,1158,14735,13687,20516,18887,22712,22266,26507,27165,29813,30794,21215,24208,15277,19132,4447,7718,12819,12038,18989,17322,21327,20816,25164,25669,28550,29473,20534,23437,14826,18503,4291,7455,220578,207382,32249,30052,55058,51787,13577,31,35
2021-08-18T23:59:59+02:00,1231,1139,14651,13595,20401,18827,22638,22205,26441,27108,29754,30736,21190,24188,15271,19120,4445,7715,12681,11919,18851,17240,21232,20726,25077,25586,28467,29405,20501,23392,14815,18488,4290,7450,220165,206773,32231,29930,55056,51779,13174,31,35
2021-08-17T23:59:59+02:00,1220,1126,14611,13558,20358,18783,22603,22171,26407,27080,29737,30716,21178,24174,15260,19111,4441,7714,12572,11835,18769,17179,21154,20665,25025,25533,28430,29364,20482,23377,14806,18475,4288,7448,219885,206241,32196,29800,55056,51771,13082,31,34
2021-08-16T23:59:59+02:00,1208,1115,14563,13510,20322,18754,22574,22139,26386,27051,29703,30685,21165,24163,15253,19099,4439,7712,12477,11736,18678,17107,21083,20580,24961,25474,28363,29301,20459,23355,14796,18457,4287,7445,219617,205622,32194,29673,55056,51770,12945,31,33
2021-08-15T23:59:59+02:00,1198,1102,14525,13483,20294,18724,22546,22120,26373,27035,29693,30671,21160,24151,15248,19097,4438,7710,12411,11669,18625,17077,21032,20542,24925,25431,28344,29279,20449,23342,14792,18451,4285,7443,219395,205173,32194,29672,55056,51769,12894,31,33
2021-08-14T23:59:59+02:00,1198,1101,14518,13479,20285,18718,22537,22113,26359,27028,29688,30663,21157,24150,15247,19096,4438,7710,12404,11665,18615,17069,21022,20535,24911,25424,28339,29270,20446,23341,14791,18450,4285,7443,219394,205171,32194,29669,55056,51769,12812,31,33
2021-08-13T23:59:59+02:00,1195,1098,14509,13469,20271,18708,22525,22108,26352,27018,29673,30655,21148,24145,15246,19096,4438,7710,12389,11652,18604,17060,21009,20526,24905,25408,28325,29266,20440,23334,14789,18450,4285,7442,219337,205105,32194,29669,55056,51769,12748,31,33
2021-08-12T23:59:59+02:00,1175,1076,14452,13414,20230,18668,22502,22073,26324,26988,29642,30633,21136,24126,15242,19089,4438,7705,12222,11509,18466,16948,20916,20442,24825,25323,28258,29210,20419,23302,14776,18438,4282,7436,219012,204312,32182,29481,55056,51700,12634,31,33
2021-08-11T23:59:59+02:00,1159,1054,14383,13351,20188,18614,22458,22034,26291,26963,29614,30593,21123,24109,15239,19078,4435,7701,12084,11369,18381,16860,20836,20368,24776,25250,28216,29146,20387,23275,14769,18427,4280,7431,218611,203412,32109,29476,55056,51695,12582,31,33
2021-08-10T23:59:59+02:00,1144,1036,14305,13278,20133,18567,22426,21990,26260,26933,29582,30564,21109,24100,15239,19070,4434,7699,11972,11252,18284,16790,20774,20302,24725,25194,28173,29094,20360,23247,14755,18409,4279,7425,218189,202663,32077,29453,55056,51670,12518,31,33
2021-08-09T23:59:59+02:00,1127,1017,14220,13216,20052,18510,22377,21942,26208,26889,29545,30530,21091,24083,15233,19061,4429,7697,11790,11090,18112,16693,20650,20220,24629,25098,28093,29018,20324,23207,14741,18397,4276,7416,217741,201674,32057,29344,55055,51575,12345,31,32
2021-08-08T23:59:59+02:00,1113,1010,14177,13177,20031,18475,22351,21922,26193,26869,29529,30516,21084,24077,15230,19057,4428,7696,11707,11004,18024,16609,20585,20163,24566,25051,28047,28974,20302,23184,14728,18386,4276,7412,217512,201019,32025,29266,55054,51557,12315,31,32
2021-08-07T23:59:59+02:00,1113,1010,14162,13172,20021,18470,22345,21917,26181,26855,29515,30504,21082,24073,15226,19052,4427,7696,11693,10998,18007,16605,20579,20157,24553,25036,28030,28962,20300,23180,14724,18381,4275,7412,217510,201004,32024,29265,55054,51557,12204,31,32
2021-08-06T23:59:59+02:00,1113,1010,14152,13160,20008,18451,22331,21903,26159,26846,29502,30493,21079,24069,15223,19050,4427,7695,11681,10984,17985,16584,20563,20141,24532,25027,28017,28951,20297,23176,14721,18379,4275,7412,217503,200977,32020,29265,55054,51556,12065,31,32
2021-08-05T23:59:59+02:00,1101,991,14081,13118,19958,18417,22287,21860,26124,26790,29474,30469,21065,24054,15215,19042,4425,7692,11507,10876,17873,16484,20452,20042,24427,24937,27948,28902,20271,23152,14710,18365,4272,7410,217189,200192,31976,29173,55051,51418,11918,31,32
2021-08-04T23:59:59+02:00,1085,974,14016,13048,19856,18333,22220,21801,26083,26748,29425,30422,21042,24036,15205,19029,4425,7689,11321,10701,17643,16344,20277,19915,24309,24813,27840,28805,20243,23119,14697,18353,4269,7408,216922,199146,31813,29113,55050,51175,11624,30,32
2021-08-03T23:59:59+02:00,1061,956,13945,12986,19819,18283,22186,21760,26048,26706,29391,30393,21026,24012,15195,19015,4422,7679,11137,10527,17470,16216,20138,19783,24161,24691,27721,28698,20200,23072,14680,18321,4267,7402,216545,197712,31785,29079,55049,51120,11476,30,32
2021-08-02T23:59:59+02:00,1037,936,13859,12919,19761,18225,22135,21720,25994,26645,29339,30343,20995,23981,15185,18995,4419,7677,10968,10358,17299,16091,19991,19670,24044,24576,27634,28597,20154,23019,14661,18302,4264,7392,216063,196522,31754,29030,55049,51044,11271,30,32
2021-08-01T23:59:59+02:00,1027,921,13797,12872,19725,18208,22116,21699,25969,26624,29320,30326,20986,23969,15181,18988,4419,7676,10823,10212,17138,15982,19841,19561,23900,24470,27526,28517,20140,22995,14653,18288,4264,7388,215826,195631,31704,28938,55049,50694,11215,30,32
2021-07-31T23:59:59+02:00,1027,921,13772,12863,19707,18200,22099,21688,25956,26612,29312,30315,20984,23964,15180,18987,4418,7676,10797,10200,17117,15969,19823,19548,23888,24458,27518,28506,20138,22990,14652,18287,4263,7388,215822,195612,31704,28938,55049,50694,11077,30,32
2021-07-30T23:59:59+02:00,1019,911,13712,12818,19661,18178,22069,21669,25926,26590,29284,30297,20977,23956,15174,18985,4416,7675,10711,10127,17053,15926,19764,19513,23821,24417,27470,28481,20123,22968,14643,18283,4260,7386,215643,195225,31701,28938,55049,50628,10895,30,32
2021-07-29T23:59:59+02:00,995,893,13607,12732,19597,18117,21996,21615,25875,26534,29232,30260,20959,23946,15167,18978,4416,7673,10444,9869,16753,15681,19469,19296,23520,24188,27219,28318,20068,22912,14631,18262,4260,7385,215200,193477,31629,28828,55049,49940,10685,30,32
2021-07-28T23:59:59+02:00,967,863,13476,12604,19471,18008,21910,21532,25795,26455,29157,30192,20936,23910,15154,18966,4414,7671,10154,9667,16492,15492,19208,19107,23292,23997,27064,28174,20019,22839,14612,18239,4257,7380,214550,192141,31594,28744,55045,49425,10263,30,32
2021-07-27T23:59:59+02:00,936,842,13358,12510,19406,17948,21844,21479,25729,26397,29117,30147,20921,23890,15149,18946,4413,7665,9898,9456,16240,15264,18981,18921,23099,23824,26901,28037,19977,22786,14590,18212,4251,7371,213955,190479,31539,28586,55044,49089,10131,29,32
2021-07-26T23:59:59+02:00,911,824,13253,12416,19354,17891,21770,21415,25680,26364,29062,30087,20892,23867,15131,18927,4413,7661,9662,9207,16001,15062,18733,18720,22873,23657,26750,27910,19906,22726,14562,18176,4246,7365,213352,188730,31467,28486,55043,48711,10029,28,32
2021-07-25T23:59:59+02:00,892,813,13177,12344,19275,17842,21713,21363,25640,26316,29025,30041,20875,23851,15124,18921,4410,7660,9476,9065,15800,14912,18530,18579,22704,23546,26601,27790,19856,22678,14546,18163,4243,7362,213050,187822,31405,28334,55043,48295,9757,28,32
2021-07-24T23:59:59+02:00,892,813,13167,12335,19265,17836,21702,21358,25625,26309,29020,30035,20871,23850,15123,18920,4410,7660,9466,9051,15790,14905,18517,18573,22687,23537,26595,27782,19853,22675,14545,18162,4243,7362,213047,187805,31405,28331,55043,48295,9669,28,32
2021-07-23T23:59:59+02:00,884,812,13102,12298,19187,17802,21662,21325,25589,26269,28987,29999,20857,23834,15115,18916,4408,7657,9415,9023,15706,14861,18463,18532,22636,23495,26551,27743,19837,22659,14538,18156,4241,7359,212920,187643,31404,28325,55043,48294,9309,28,32
2021-07-22T23:59:59+02:00,872,798,13007,12216,19128,17735,21617,21295,25540,26222,28963,29977,20844,23816,15113,18910,4405,7655,9097,8749,15304,14614,18100,18277,22305,23248,26345,27608,19780,22603,14525,18134,4238,7354,212453,185817,31319,28072,55040,47377,9274,28,32
2021-07-21T23:59:59+02:00,850,771,12805,12050,18979,17612,21483,21196,25434,26119,28886,29906,20802,23781,15096,18887,4401,7650,8719,8434,14871,14285,17721,18002,21948,22916,26071,27397,19687,22515,14499,18096,4235,7345,211827,183910,31210,27721,55037,46718,8607,28,32
2021-07-20T23:59:59+02:00,820,746,12656,11916,18869,17527,21413,21120,25372,26053,28848,29855,20777,23748,15088,18871,4398,7647,8390,8123,14402,13946,17340,17730,21644,22687,25827,27211,19606,22406,14470,18061,4233,7339,211143,181755,31100,27558,55033,45840,8421,28,31
2021-07-19T23:59:59+02:00,791,719,12535,11797,18778,17454,21351,21061,25318,25999,28798,29818,20752,23719,15078,18857,4394,7641,8064,7869,14035,13692,16993,17481,21317,22485,25600,27069,19537,22330,14448,18039,4227,7333,210422,179713,30994,27399,55033,45130,8384,28,31
2021-07-18T23:59:59+02:00,773,700,12422,11689,18679,17375,21284,21008,25262,25946,28761,29764,20730,23699,15066,18846,4392,7639,7894,7716,13879,13569,16842,17359,21155,22372,25470,26987,19497,22290,14434,18023,4227,7330,209838,178776,30845,27295,55033,44764,8292,28,31
2021-07-17T23:59:59+02:00,773,700,12419,11689,18678,17372,21284,21008,25262,25946,28761,29764,20730,23699,15066,18846,4392,7639,7887,7715,13875,13564,16841,17358,21154,22371,25469,26985,19495,22289,14434,18023,4227,7330,209834,178754,30845,27294,55033,44763,8289,28,31
2021-07-16T23:59:59+02:00,766,695,12347,11635,18637,17340,21249,20981,25229,25923,28735,29745,20728,23696,15066,18844,4392,7639,7735,7614,13722,13493,16697,17299,21016,22312,25362,26937,19477,22270,14433,18017,4227,7327,209626,178306,30845,27221,55033,44371,8116,28,31
2021-07-15T23:59:59+02:00,751,675,12274,11565,18573,17282,21193,20933,25181,25882,28707,29717,20713,23679,15061,18835,4391,7636,7391,7299,13114,13087,16030,16876,20379,21942,24906,26625,19331,22130,14390,17971,4224,7320,209146,176074,30759,26323,55026,42599,8090,28,31
2021-07-14T23:59:59+02:00,722,655,12061,11428,18400,17172,21071,20835,25077,25778,28618,29616,20679,23646,15042,18819,4388,7633,6975,6944,12450,12633,15338,16387,19746,21484,24441,26282,19113,21904,14358,17923,4216,7309,208328,173248,30593,25985,55023,40653,7669,28,31
2021-07-13T23:59:59+02:00,678,620,11923,11296,18279,17089,20960,20740,24980,25682,28548,29550,20650,23607,15022,18809,4386,7623,6513,6521,11817,12132,14644,15882,19141,21072,24000,25955,18936,21689,14314,17861,4212,7300,207310,169583,30455,25814,55013,38989,7637,28,28
2021-07-12T23:59:59+02:00,644,589,11798,11158,18164,16999,20868,20633,24879,25582,28466,29483,20624,23573,15014,18797,4381,7616,6097,6106,11213,11596,14019,15344,18586,20580,23582,25593,18738,21499,14249,17803,4203,7296,206291,165895,30326,24987,55010,38032,7614,28,28
2021-07-11T23:59:59+02:00,608,562,11683,11066,18100,16937,20811,20576,24825,25535,28409,29435,20605,23553,15005,18788,4381,7615,5908,5938,10958,11394,13787,15144,18340,20391,23373,25408,18665,21417,14222,17777,4202,7290,205653,164505,30207,24520,55008,37608,7601,26,28
2021-07-10T23:59:59+02:00,607,561,11676,11065,18096,16935,20807,20575,24822,25534,28408,29435,20605,23553,15004,18786,4381,7615,5901,5937,10953,11387,13777,15140,18339,20389,23371,25406,18663,21416,14221,17777,4202,7290,205633,164475,30205,24519,55008,37601,7594,26,28
2021-07-09T23:59:59+02:00,579,538,11566,10940,18022,16851,20737,20514,24748,25458,28358,29390,20582,23533,15001,18776,4381,7614,5867,5904,10924,11353,13726,15119,18308,20357,23352,25384,18658,21406,14219,17774,4202,7289,204765,164240,30204,24469,55008,37566,7586,26,28
2021-07-08T23:59:59+02:00,544,510,11402,10805,17897,16746,20601,20412,24642,25330,28240,29312,20538,23483,14985,18747,4378,7606,5523,5647,10408,10957,13104,14669,17643,19797,22744,24918,18342,21015,14123,17691,4197,7279,203996,161930,30178,23661,54979,35480,7000,26,27
2021-07-07T23:59:59+02:00,484,457,11233,10660,17814,16659,20531,20344,24569,25252,28179,29248,20510,23447,14980,18735,4376,7598,5216,5354,9880,10505,12524,14188,16961,19276,22178,24419,18028,20650,14021,17594,4190,7256,202982,159468,30154,22194,54962,33634,6953,26,27
2021-07-06T23:59:59+02:00,443,423,11109,10510,17703,16566,20438,20241,24490,25159,28088,29169,20484,23408,14971,18718,4374,7595,4817,4925,9281,9990,11811,13586,16252,18661,21663,23924,17709,20345,13920,17478,4181,7246,201848,155277,30147,21253,54953,32339,6916,26,27
2021-07-05T23:59:59+02:00,421,396,11019,10421,17612,16495,20357,20169,24429,25108,28047,29132,20460,23387,14959,18710,4373,7592,4529,4604,8783,9539,11251,13032,15543,18017,21042,23315,17316,19949,13787,17320,4173,7238,201107,151382,30144,20572,54944,30609,6867,26,27
2021-07-04T23:59:59+02:00,408,390,10943,10366,17547,16441,20307,20119,24398,25072,28031,29114,20451,23376,14954,18707,4372,7591,4383,4513,8655,9373,11059,12857,15300,17807,20776,23043,17043,19658,13727,17228,4169,7234,200627,150066,30138,20267,54943,29630,6854,26,27
2021-07-03T23:59:59+02:00,406,389,10936,10355,17537,16435,20305,20116,24396,25072,28028,29113,20451,23375,14954,18707,4372,7591,4379,4506,8648,9369,11056,12857,15296,17807,20773,23040,17043,19655,13727,17228,4169,7234,200599,150053,30136,20267,54943,29624,6835,26,27
2021-07-02T23:59:59+02:00,363,326,10791,10245,17421,16333,20201,20040,24323,25007,27965,29054,20425,23349,14948,18693,4372,7588,4292,4425,8486,9232,10920,12745,15173,17700,20662,22936,17001,19625,13720,17213,4169,7231,199714,149064,30136,20266,54943,29566,6626,26,27
2021-07-01T23:59:59+02:00,316,283,10657,10110,17294,16239,20079,19951,24239,24932,27901,29002,20405,23325,14932,18678,4369,7584,4088,4224,8184,8894,10551,12334,14604,17200,20153,22398,16713,19326,13512,16999,4159,7209,198641,146004,30078,19582,54937,28337,6615,26,27
2021-06-30T23:59:59+02:00,233,221,10402,9871,17120,16088,19945,19820,24123,24808,27822,28913,20383,23293,14913,18660,4368,7583,3891,4027,7882,8557,10143,11872,14115,16644,19580,21764,16391,18983,13239,16721,4146,7182,196989,142325,30023,19331,54929,26870,6600,26,27
2021-06-29T23:59:59+02:00,189,184,10254,9695,16984,15993,19842,19727,24054,24732,27764,28845,20356,23266,14899,18640,4368,7579,3689,3767,7482,8105,9669,11335,13461,15973,18966,21060,16073,18656,12992,16431,4139,7168,195837,138038,30018,19032,54925,25317,6567,25,27
2021-06-28T23:59:59+02:00,140,132,10061,9513,16857,15887,19738,19623,23960,24638,27696,28783,20326,23236,14885,18622,4366,7577,3488,3513,7081,7661,9233,10842,12912,15435,18468,20542,15822,18390,12873,16298,4133,7157,194655,134201,29905,18609,54922,24490,6534,25,27
2021-06-27T23:59:59+02:00,122,115,9922,9401,16797,15827,19677,19572,23902,24588,27669,28758,20313,23220,14882,18618,4365,7574,3397,3446,6904,7466,9043,10643,12683,15195,18206,20283,15699,18285,12808,16211,4133,7153,194021,133008,29845,18261,54916,23756,6516,25,27
2021-06-26T23:59:59+02:00,122,115,9921,9397,16795,15823,19674,19571,23900,24587,27669,28758,20313,23220,14882,18618,4365,7574,3395,3446,6901,7465,9040,10642,12680,15192,18204,20282,15696,18284,12808,16209,4133,7153,194004,132988,29844,18261,54916,23751,6516,25,27
2021-06-25T23:59:59+02:00,118,112,9874,9357,16757,15790,19640,19540,23864,24559,27645,28740,20307,23213,14880,18615,4365,7574,3374,3400,6827,7355,8943,10487,12565,14996,18059,20074,15672,18255,12800,16206,4132,7152,193685,132806,29809,17907,54916,23054,6516,25,27
2021-06-24T23:59:59+02:00,108,101,9745,9234,16571,15662,19505,19416,23742,24470,27587,28679,20293,23197,14873,18606,4364,7572,3247,3255,6608,7025,8631,10033,12031,14373,17505,19367,15447,18023,12653,16075,4129,7140,192845,130404,29464,17046,54915,21600,6477,25,27
2021-06-23T23:59:59+02:00,102,96,9616,9096,16428,15536,19388,19312,23645,24365,27521,28632,20278,23175,14869,18601,4361,7571,3042,3018,6254,6542,8130,9465,11327,13549,16741,18386,15151,17682,12503,15933,4119,7115,191926,125850,29297,16072,54904,20580,6440,25,27
2021-06-22T23:59:59+02:00,71,70,9327,8791,16195,15334,19202,19160,23501,24240,27449,28548,20254,23150,14861,18582,4357,7565,2808,2735,5769,5993,7506,8702,10414,12507,15721,17184,14855,17324,12396,15809,4106,7092,190238,119419,29089,15580,54900,19505,6407,23,22
2021-06-21T23:59:59+02:00,67,63,9201,8634,16023,15184,19012,19007,23371,24117,27388,28469,20230,23122,14856,18572,4357,7561,2662,2546,5388,5528,7043,8117,9684,11628,14991,16250,14576,17011,12289,15688,4101,7075,189042,114714,28867,15020,54897,18428,6405,23,22
2021-06-20T23:59:59+02:00,64,61,9064,8505,15886,15066,18901,18919,23298,24046,27348,28418,20219,23101,14845,18565,4354,7560,2603,2478,5216,5346,6829,7851,9377,11296,14625,15847,14441,16877,12249,15651,4096,7069,188151,113009,28749,14787,54896,17644,6401,23,22
2021-06-19T23:59:59+02:00,64,61,9063,8500,15883,15057,18899,18919,23296,24045,27348,28417,20219,23101,14845,18565,4354,7560,2600,2477,5215,5341,6828,7850,9377,11295,14623,15843,14439,16877,12249,15651,4096,7069,188130,112991,28747,14785,54895,17643,6401,23,22
2021-06-18T23:59:59+02:00,64,57,9032,8488,15870,15048,18884,18911,23289,24036,27342,28412,20219,23098,14844,18565,4354,7560,2571,2444,5160,5282,6750,7750,9278,11139,14452,15615,14360,16776,12238,15629,4094,7066,188009,112206,28746,14784,54894,17203,6401,23,22
2021-06-17T23:59:59+02:00,57,54,8850,8326,15634,14880,18685,18753,23133,23905,27206,28319,20195,23077,14837,18553,4352,7557,2431,2296,4835,4982,6363,7347,8730,10536,13624,14742,14123,16483,12165,15507,4090,7055,186669,109340,28741,13827,54887,16079,6053,23,22
2021-06-16T23:59:59+02:00,49,52,8624,8110,15403,14653,18474,18553,22942,23736,27100,28209,20166,23034,14823,18533,4348,7551,2316,2187,4594,4779,6010,7004,8201,10051,12906,13902,13773,16100,12080,15418,4085,7043,184885,105889,28641,13027,54884,15596,5927,23,22
2021-06-15T23:59:59+02:00,40,39,8279,7776,15026,14294,18152,18265,22690,23525,26941,28076,20136,23000,14810,18517,4346,7540,2134,2017,4243,4431,5504,6442,7320,9160,11712,12625,13232,15482,11959,15255,4070,7020,182288,99649,28605,12362,54882,14931,5654,23,22
2021-06-14T23:59:59+02:00,34,34,8100,7607,14766,14062,17949,18092,22539,23404,26829,27994,20115,22967,14797,18509,4342,7532,2019,1892,3986,4181,5119,5972,6662,8438,10787,11570,12916,15134,11888,15161,4060,7001,180706,94811,28581,12002,54880,14479,5482,23,22
2021-06-13T23:59:59+02:00,34,34,8026,7551,14682,13973,17833,17981,22458,23325,26800,27964,20102,22956,14793,18503,4342,7532,1975,1865,3904,4084,5001,5832,6429,8198,10492,11236,12759,14956,11830,15105,4059,7000,179948,93430,28571,11710,54876,14100,5471,23,22
2021-06-12T23:59:59+02:00,34,34,8025,7550,14682,13972,17833,17981,22456,23324,26799,27961,20102,22955,14793,18503,4342,7532,1974,1863,3902,4084,4999,5831,6426,8194,10489,11230,12756,14955,11830,15103,4059,7000,179937,93409,28571,11710,54876,14091,5471,23,22
2021-06-11T23:59:59+02:00,34,33,7959,7509,14593,13925,17757,17931,22387,23290,26755,27938,20100,22951,14793,18502,4342,7532,1958,1851,3866,4026,4956,5764,6365,8112,10389,11125,12716,14920,11819,15097,4059,7000,179600,93191,28494,11704,54875,13775,5339,23,22
2021-06-10T23:59:59+02:00,29,26,7620,7213,14198,13561,17324,17556,22056,23009,26559,27757,20056,22906,14780,18484,4339,7520,1857,1769,3650,3861,4681,5489,6040,7743,9770,10514,12196,14260,11750,14989,4051,6993,177003,90026,28000,11324,54863,13145,5104,23,20
2021-06-09T23:59:59+02:00,28,23,7253,6865,13738,13125,16809,17090,21666,22640,26343,27543,19983,22836,14762,18449,4336,7512,1691,1654,3455,3682,4426,5221,5653,7334,8993,9795,11531,13424,11631,14849,4041,6981,173761,85771,27458,10689,54850,12978,4909,23,20
2021-06-08T23:59:59+02:00,23,19,6878,6462,13225,12636,16342,16621,21309,22300,26127,27340,19926,22757,14731,18414,4333,7505,1599,1579,3235,3451,4107,4870,5146,6846,8107,8873,10646,12347,11487,14691,4037,6966,170351,80116,26968,10393,54841,12700,4765,23,19
2021-06-07T23:59:59+02:00,20,16,6602,6177,12791,12262,15944,16222,20982,22003,25965,27184,19889,22703,14710,18394,4326,7499,1538,1508,3043,3279,3832,4641,4744,6469,7393,8119,9734,11200,11375,14545,4026,6948,167787,75372,26547,10021,54821,12477,4511,23,19
2021-06-06T23:59:59+02:00,20,16,6461,6046,12649,12109,15782,16065,20818,21841,25879,27097,19869,22666,14699,18384,4325,7495,1523,1486,2970,3238,3738,4575,4638,6390,7251,7990,9477,10931,11329,14495,4023,6943,166562,74690,26443,9597,54800,12304,4393,23,19
2021-06-05T23:59:59+02:00,20,16,6452,6042,12635,12096,15772,16056,20815,21836,25879,27094,19869,22666,14699,18384,4325,7495,1521,1484,2967,3237,3737,4574,4635,6390,7246,7985,9470,10926,11329,14495,4023,6943,166503,74661,26432,9595,54800,12300,4393,23,19
2021-06-04T23:59:59+02:00,20,16,6420,6002,12576,12047,15712,16007,20787,21805,25860,27077,19865,22660,14696,18384,4325,7495,1520,1478,2955,3225,3718,4560,4625,6376,7209,7942,9438,10856,11291,14454,4022,6942,166405,74385,26174,9582,54776,12255,4376,23,19
2021-06-03T23:59:59+02:00,20,15,6186,5780,12275,11797,15389,15697,20455,21467,25603,26865,19819,22586,14676,18364,4324,7491,1478,1435,2881,3159,3621,4482,4516,6277,7009,7760,9061,10408,11239,14380,4022,6937,163923,73087,25927,9286,54774,12116,4162,23,19
2021-06-02T23:59:59+02:00,20,15,6123,5719,12204,11732,15316,15630,20383,21406,25586,26841,19815,22583,14673,18361,4323,7490,1464,1424,2864,3146,3604,4467,4481,6260,6974,7722,8980,10298,11230,14355,4021,6936,163572,72723,25743,9277,54773,12106,4109,23,16
2021-06-01T23:59:59+02:00,16,15,5669,5224,11469,11033,14490,14898,19664,20742,25176,26459,19725,22493,14639,18314,4315,7482,1350,1316,2566,2876,3225,4133,3993,5801,6146,6919,7790,8673,10986,14008,4007,6919,158536,67316,25093,8370,54745,11587,3426,23,14
2021-05-31T23:59:59+02:00,14,15,5420,4927,11027,10607,13963,14404,19186,20245,24869,26119,19632,22407,14600,18268,4306,7466,1290,1261,2412,2741,3022,3963,3708,5508,5588,6386,6774,7387,10742,13688,3998,6885,155074,63277,24398,7447,54740,11380,3240,23,14
2021-05-30T23:59:59+02:00,14,15,5341,4851,10842,10485,13798,14226,18837,19923,24626,25870,19601,22377,14592,18248,4305,7464,1270,1247,2385,2708,2974,3917,3640,5452,5485,6297,6601,7157,10705,13613,3996,6875,153579,62540,23894,7385,54713,11182,3206,23,14
2021-05-29T23:59:59+02:00,14,15,5338,4851,10842,10481,13793,14223,18837,19922,24625,25868,19601,22377,14592,18248,4305,7464,1269,1243,2384,2705,2972,3914,3640,5450,5484,6295,6596,7154,10705,13613,3996,6875,153561,62530,23894,7382,54712,11168,3206,23,14
2021-05-28T23:59:59+02:00,14,15,5322,4837,10821,10443,13768,14204,18820,19905,24617,25858,19600,22376,14590,18245,4305,7463,1264,1243,2383,2698,2971,3912,3634,5444,5470,6279,6580,7137,10696,13591,3995,6871,153376,62426,23892,7382,54708,11147,3204,23,14
2021-05-27T23:59:59+02:00,11,14,5029,4554,10298,9987,13181,13673,18130,19291,24035,25321,19501,22262,14557,18199,4294,7451,1099,1103,2099,2505,2672,3620,3339,5088,5139,5999,6280,6720,10467,13308,3990,6855,150115,60570,22899,7346,54602,10209,2149,23,13
2021-05-26T23:59:59+02:00,11,14,4766,4298,9860,9606,12663,13153,17516,18681,23401,24644,19376,22113,14510,18144,4288,7434,1020,1023,1940,2352,2472,3423,3077,4844,4751,5647,5723,6071,10094,12774,3974,6819,146012,57424,22139,7308,54480,9439,1824,23,13
2021-05-25T23:59:59+02:00,11,13,4552,4068,9449,9132,12202,12646,16978,18102,22880,24005,19244,21941,14479,18065,4279,7420,971,979,1878,2262,2363,3287,2904,4640,4405,5271,5140,5339,9642,12174,3958,6794,141964,53869,21305,7293,54352,9014,1822,23,13
2021-05-24T23:59:59+02:00,11,13,4440,3911,9239,8927,11998,12386,16676,17780,22551,23602,19168,21862,14464,18045,4277,7419,955,931,1818,2221,2289,3226,2818,4559,4283,5155,4995,5179,9551,12047,3955,6786,140459,53161,20344,7240,54175,8590,1768,23,13
2021-05-23T23:59:59+02:00,11,13,4429,3910,9233,8924,11986,12376,16665,17773,22535,23581,19163,21857,14463,18043,4277,7419,954,926,1816,2216,2284,3224,2811,4555,4276,5138,4987,5165,9544,12034,3954,6785,140352,53081,20341,7227,54174,8584,1768,23,13
2021-05-22T23:59:59+02:00,11,13,4425,3907,9229,8920,11978,12370,16661,17769,22533,23579,19163,21857,14463,18043,4277,7419,954,926,1815,2214,2281,3224,2810,4555,4276,5136,4985,5164,9543,12034,3954,6785,140323,53075,20341,7227,54162,8577,1768,23,13
2021-05-21T23:59:59+02:00,11,13,4394,3868,9157,8844,11905,12283,16570,17694,22470,23511,19143,21839,14459,18036,4277,7417,909,916,1783,2203,2249,3215,2780,4530,4228,5107,4961,5140,9530,12027,3953,6784,139666,53008,20341,7227,54143,8353,1718,23,13
2021-05-20T23:59:59+02:00,8,12,4140,3688,8710,8487,11422,11869,15898,17192,21889,22931,18958,21671,14427,17996,4272,7406,762,852,1527,2043,2006,3058,2538,4312,3977,4874,4804,4977,9415,11883,3945,6760,136266,52280,19967,7128,53726,7322,994,23,13
2021-05-19T23:59:59+02:00,8,12,3897,3447,8217,8024,10842,11324,15226,16485,21213,22208,18757,21440,14386,17946,4266,7388,713,806,1467,1963,1929,2958,2472,4186,3836,4715,4629,4764,9212,11653,3925,6731,130874,51202,19784,6995,53429,6777,976,23,13
2021-05-18T23:59:59+02:00,7,11,3608,3185,7670,7486,10113,10625,14265,15547,20270,21151,18496,21156,14331,17886,4260,7366,658,757,1413,1876,1854,2847,2342,4046,3660,4513,4357,4472,9009,11403,3912,6704,123828,49970,19688,6794,52990,6147,904,23,12
2021-05-17T23:59:59+02:00,7,11,3417,2978,7212,7017,9608,10084,13536,14758,19583,20351,18310,20894,14284,17820,4250,7351,602,702,1332,1813,1779,2766,2232,3971,3524,4400,4111,4241,8864,11190,3899,6675,118587,49167,19448,6581,52525,5457,888,23,12
2021-05-16T23:59:59+02:00,7,10,3287,2905,7005,6840,9405,9869,13282,14523,19354,20122,18233,20815,14270,17801,4249,7345,589,656,1293,1765,1734,2705,2195,3878,3459,4317,4020,4140,8843,11162,3897,6673,116964,49022,19208,6413,52243,4999,884,23,12
2021-05-15T23:59:59+02:00,7,10,3286,2902,6999,6832,9403,9863,13279,14521,19351,20112,18231,20814,14270,17801,4249,7345,589,656,1291,1764,1731,2704,2193,3878,3458,4317,4018,4138,8843,11162,3897,6673,116920,49014,19208,6412,52241,4995,883,23,12
2021-05-14T23:59:59+02:00,7,10,3245,2858,6886,6688,9273,9725,13129,14339,19179,19977,18207,20789,14269,17793,4248,7342,569,643,1270,1743,1702,2682,2159,3852,3414,4279,3968,4084,8836,11155,3897,6672,116514,48975,18459,6261,52157,4870,811,23,12
2021-05-13T23:59:59+02:00,7,10,3126,2696,6558,6369,8837,9327,12582,13858,18576,19380,18079,20645,14236,17757,4243,7340,537,618,1216,1687,1645,2608,2072,3746,3266,4159,3864,3947,8813,11135,3894,6668,113634,48879,17762,5871,51552,4461,656,22,10
2021-05-12T23:59:59+02:00,7,10,3099,2665,6525,6331,8788,9274,12443,13745,18392,19176,18046,20611,14228,17747,4243,7340,536,616,1215,1684,1640,2605,2063,3740,3252,4151,3851,3933,8805,11129,3894,6667,112922,48852,17537,5844,51534,4422,655,22,10
2021-05-11T23:59:59+02:00,5,10,2709,2408,5726,5835,7818,8463,11049,12578,16826,17701,17541,20048,14144,17642,4224,7317,500,557,1088,1579,1477,2449,1876,3561,3031,3889,3744,3819,8736,11036,3890,6662,105520,48621,16913,5648,49459,3486,131,21,10
2021-05-10T23:59:59+02:00,5,8,2522,2241,5253,5456,7126,7840,10022,11662,15531,16329,17162,19597,14081,17528,4216,7293,475,531,1046,1540,1434,2398,1817,3458,2911,3758,3662,3746,8697,10988,3886,6658,99716,48505,16003,5419,48002,2943,130,21,10
2021-05-09T23:59:59+02:00,5,8,2439,2210,5116,5372,6939,7721,9611,11325,14985,15802,17043,19457,14061,17500,4213,7288,459,513,1014,1483,1363,2314,1758,3336,2799,3604,3576,3654,8674,10956,3883,6655,98142,48420,15415,5149,47390,2337,127,21,10
2021-05-08T23:59:59+02:00,5,8,2435,2209,5115,5372,6939,7719,9606,11321,14984,15801,17043,19457,14061,17500,4213,7288,458,512,1013,1483,1363,2313,1758,3336,2798,3603,3574,3654,8674,10956,3883,6655,98126,48415,15414,5149,47388,2334,127,21,10
2021-05-07T23:59:59+02:00,5,8,2263,2147,4844,5277,6575,7566,9157,11107,14541,15481,16866,19255,14049,17471,4213,7286,446,510,1002,1471,1348,2298,1723,3326,2749,3568,3528,3614,8595,10875,3883,6652,97420,48392,14896,4800,45652,2266,122,21,10
2021-05-06T23:59:59+02:00,5,8,2029,2015,4295,4930,5922,7191,8389,10549,13567,14659,16468,18804,14000,17377,4201,7273,417,462,961,1371,1261,2135,1617,3102,2528,3285,3351,3414,8416,10682,3874,6638,94841,47952,13659,4194,43109,1307,53,20,10
2021-05-05T23:59:59+02:00,5,8,1906,1905,4013,4707,5491,6820,7694,9960,12450,13601,15791,17967,13896,17276,4192,7249,409,450,948,1344,1233,2093,1582,3026,2468,3201,3300,3374,8337,10585,3868,6628,90429,47821,12337,4045,42107,934,38,20,10
2021-05-04T23:59:59+02:00,5,8,1819,1819,3746,4471,5084,6464,7033,9385,11230,12358,14872,16839,13787,17139,4188,7235,404,440,929,1324,1215,2051,1564,2988,2424,3146,3256,3327,8248,10474,3862,6614,84620,47683,11699,3845,41119,705,25,19,10
2021-05-03T23:59:59+02:00,4,8,1767,1766,3594,4345,4853,6252,6649,9054,10501,11622,14146,15860,13699,17024,4179,7218,398,430,925,1310,1201,2018,1543,2946,2391,3101,3203,3287,8133,10372,3857,6608,80187,47555,11495,3624,40819,516,21,19,9
2021-05-02T23:59:59+02:00,4,8,1757,1747,3520,4320,4770,6199,6579,8994,10383,11507,13959,15666,13667,16997,4178,7213,396,422,919,1295,1197,2001,1540,2933,2375,3084,3188,3270,8096,10340,3856,6604,79627,47536,11219,3526,40587,431,16,19,9
2021-05-01T23:59:59+02:00,4,8,1754,1747,3519,4319,4769,6198,6576,8993,10378,11503,13956,15666,13666,16996,4178,7210,395,422,919,1295,1196,2000,1540,2933,2375,3084,3188,3270,8096,10340,3856,6603,79601,47533,11219,3526,40586,431,15,19,9
2021-04-30T23:59:59+02:00,4,8,1752,1740,3513,4310,4762,6186,6555,8978,10340,11465,13905,15592,13640,16965,4177,7209,395,420,917,1293,1196,2000,1540,2933,2373,3083,3188,3268,8095,10338,3856,6603,79274,47526,11219,3525,40576,426,14,18,9
2021-04-29T23:59:59+02:00,4,7,1627,1699,3272,4195,4486,6032,6238,8727,9924,11073,13321,14888,13536,16809,4171,7201,386,409,908,1272,1176,1966,1515,2897,2344,3035,3174,3257,8082,10320,3853,6599,76487,47410,10834,3523,39860,240,13,16,9
2021-04-28T23:59:59+02:00,4,7,1502,1652,3099,4095,4251,5852,5881,8452,9336,10580,12444,13705,13379,16600,4162,7187,377,399,891,1259,1160,1937,1478,2853,2274,2966,3021,3124,7969,10204,3846,6588,71987,46992,10648,3110,39526,226,11,16,9
2021-04-27T23:59:59+02:00,4,7,1464,1609,2990,3975,4047,5710,5574,8193,8716,9910,11406,12393,13149,16243,4151,7165,365,384,882,1238,1145,1902,1451,2780,2228,2905,2982,3079,7942,10172,3839,6583,67179,46777,10460,2936,39041,146,11,15,9
2021-04-26T23:59:59+02:00,4,7,1439,1575,2877,3897,3875,5566,5263,7979,8224,9468,10651,11466,13005,16039,4140,7147,364,379,872,1228,1128,1891,1421,2759,2199,2874,2932,3027,7892,10122,3833,6578,63763,46674,10270,2682,38563,125,11,15,9
2021-04-25T23:59:59+02:00,4,7,1428,1569,2810,3866,3778,5507,5126,7932,8029,9363,10455,11232,12968,15985,4139,7142,363,374,863,1222,1110,1877,1406,2740,2176,2847,2890,2994,7844,10074,3832,6573,63260,46594,10069,2474,37986,99,11,14,9
2021-04-24T23:59:59+02:00,4,7,1427,1569,2810,3864,3777,5506,5124,7930,8025,9359,10448,11229,12968,15985,4139,7142,363,374,863,1222,1110,1874,1404,2739,2175,2847,2890,2994,7844,10074,3832,6573,63234,46589,10069,2473,37985,98,11,14,9
2021-04-23T23:59:59+02:00,4,7,1410,1558,2743,3829,3694,5476,5006,7882,7891,9299,10362,11118,12944,15944,4137,7138,362,374,862,1219,1110,1874,1403,2739,2175,2847,2890,2994,7843,10074,3832,6573,63103,46584,9788,2472,37526,97,11,14,9
2021-04-22T23:59:59+02:00,4,7,1368,1527,2635,3763,3534,5371,4773,7728,7538,9064,9789,10424,12677,15645,4131,7114,356,373,854,1210,1100,1861,1392,2713,2148,2826,2854,2961,7753,9965,3820,6556,61476,46173,9129,2463,36462,88,11,14,9
2021-04-21T23:59:59+02:00,4,7,1335,1490,2555,3687,3415,5268,4555,7548,7128,8736,8899,9392,12262,15066,4118,7072,351,371,849,1193,1091,1840,1374,2683,2117,2798,2795,2905,7638,9800,3802,6528,58746,45691,8260,2338,35506,88,11,14,9
2021-04-20T23:59:59+02:00,4,7,1313,1464,2485,3612,3315,5171,4381,7365,6742,8404,8006,8264,11796,14476,4104,7058,345,366,837,1180,1081,1818,1350,2660,2084,2755,2734,2848,7488,9613,3770,6472,55891,44969,7495,2332,34558,83,10,13,9
2021-04-19T23:59:59+02:00,4,7,1296,1448,2449,3575,3254,5104,4274,7263,6503,8171,7372,7489,11543,14119,4093,7040,343,364,833,1170,1075,1806,1327,2647,2050,2728,2679,2804,7372,9447,3747,6433,53940,44410,7122,2318,33919,80,10,13,9
2021-04-18T23:59:59+02:00,4,6,1286,1436,2418,3551,3213,5083,4220,7207,6367,8042,7019,7101,11449,14016,4090,7028,343,363,831,1166,1074,1799,1325,2634,2044,2723,2673,2790,7345,9415,3745,6429,53422,44286,6664,2316,33427,80,10,13,9
2021-04-17T23:59:59+02:00,4,6,1285,1434,2418,3550,3212,5079,4215,7204,6360,8032,7004,7091,11447,14014,4090,7028,343,363,830,1165,1074,1799,1323,2633,2043,2721,2670,2788,7344,9415,3745,6429,53400,44273,6662,2315,33389,80,10,12,9
2021-04-16T23:59:59+02:00,4,6,1282,1433,2407,3542,3204,5071,4196,7186,6309,7999,6928,7006,11435,14000,4088,7026,343,362,826,1163,1072,1799,1321,2632,2040,2721,2669,2781,7342,9413,3744,6429,53344,44249,6425,2311,33331,80,10,12,9
2021-04-15T23:59:59+02:00,2,4,1246,1412,2353,3493,3109,5012,4035,7058,6053,7767,6384,6448,11185,13711,4073,6994,335,360,807,1143,1033,1740,1276,2560,1966,2626,2589,2712,7254,9326,3734,6412,52257,43660,6035,2125,32025,74,10,12,6
2021-04-14T23:59:59+02:00,2,4,1225,1398,2318,3466,3040,4950,3928,6953,5863,7559,5740,5745,10792,13220,4041,6944,328,357,795,1134,1016,1714,1245,2519,1914,2574,2512,2642,7105,9131,3715,6386,50849,42998,5829,2002,30489,74,9,12,6
2021-04-13T23:59:59+02:00,2,4,1211,1389,2286,3435,2984,4887,3817,6872,5616,7338,5205,5199,10450,12806,4018,6916,307,343,776,1105,994,1692,1222,2484,1878,2533,2446,2576,6986,8994,3679,6325,49830,42311,5625,1945,28959,71,9,12,6
2021-04-12T23:59:59+02:00,2,4,1196,1383,2260,3412,2934,4842,3689,6791,5406,7188,4877,4905,10199,12526,4009,6892,291,339,762,1101,977,1676,1208,2462,1828,2486,2368,2515,6871,8853,3665,6303,49364,41734,5426,1896,27707,64,7,11,6
2021-04-11T23:59:59+02:00,2,4,1190,1370,2240,3392,2901,4822,3629,6720,5262,7079,4645,4705,10014,12327,4003,6881,284,337,757,1093,967,1662,1197,2434,1805,2454,2315,2456,6787,8745,3651,6283,49281,41319,5189,1835,26701,63,6,9,6
2021-04-10T23:59:59+02:00,2,4,1190,1369,2237,3388,2899,4818,3623,6717,5252,7067,4639,4696,10006,12314,4003,6880,281,333,741,1086,954,1657,1173,2414,1734,2402,2227,2370,6727,8698,3650,6279,49226,41149,5187,1506,26676,61,6,9,6
2021-04-09T23:59:59+02:00,2,4,1187,1366,2230,3386,2891,4809,3614,6706,5223,7043,4614,4668,9980,12284,4002,6880,272,330,721,1076,938,1636,1139,2367,1642,2326,2007,2101,6572,8537,3628,6246,49152,40294,5182,1173,26540,61,6,9,6
2021-04-08T23:59:59+02:00,2,4,1163,1346,2176,3330,2805,4719,3473,6576,4987,6810,4224,4260,9433,11710,3983,6826,247,309,670,1016,880,1563,1066,2271,1507,2206,1730,1764,6107,7976,3540,6101,48690,37723,4653,1170,24469,50,6,9,6
2021-04-07T23:59:59+02:00,2,4,1153,1332,2142,3312,2763,4682,3384,6514,4824,6676,3932,3959,8870,11159,3966,6797,214,280,611,961,820,1494,1007,2210,1401,2107,1590,1589,5508,7275,3451,5944,48483,35239,4178,1166,22797,49,4,9,6
2021-04-06T23:59:59+02:00,2,4,1131,1315,2097,3287,2724,4650,3319,6467,4698,6583,3678,3704,8379,10649,3950,6766,206,275,582,941,795,1446,962,2153,1318,2020,1443,1400,4924,6482,3337,5738,48288,32811,3641,1158,21462,46,3,9,6
2021-04-05T23:59:59+02:00,2,4,1128,1310,2091,3284,2714,4648,3305,6452,4675,6565,3646,3677,8350,10611,3946,6764,203,262,575,926,776,1422,946,2117,1278,1980,1396,1337,4710,6212,3289,5681,48198,31901,3635,1156,21327,46,3,9,6
2021-04-04T23:59:59+02:00,2,4,1128,1310,2091,3283,2714,4647,3305,6452,4674,6564,3641,3675,8348,10609,3946,6764,203,262,574,926,776,1422,946,2117,1278,1979,1396,1337,4709,6212,3289,5681,48192,31898,3635,1156,21318,46,3,9,6
2021-04-03T23:59:59+02:00,2,4,1128,1310,2090,3283,2714,4647,3305,6452,4674,6564,3640,3673,8348,10608,3946,6764,203,262,574,925,776,1422,946,2117,1278,1979,1396,1337,4709,6212,3289,5681,48191,31897,3634,1156,21315,46,3,9,6
2021-04-02T23:59:59+02:00,2,4,1128,1310,2090,3281,2714,4646,3305,6449,4674,6562,3638,3669,8346,10607,3946,6764,203,262,574,925,776,1420,946,2117,1278,1978,1396,1335,4707,6211,3288,5681,48175,31889,3634,1155,21314,46,3,9,6
2021-04-01T23:59:59+02:00,1,4,1115,1275,2025,3161,2606,4446,3157,6200,4516,6323,3594,3633,8247,10501,3935,6747,198,253,570,916,765,1414,936,2103,1255,1962,1375,1308,4468,5892,3168,5516,47805,30902,3628,1151,20041,39,3,9,6
2021-03-31T23:59:59+02:00,1,4,1098,1245,1987,3062,2531,4303,3067,5987,4385,6093,3512,3551,8094,10304,3915,6711,190,250,563,905,761,1396,924,2083,1213,1929,1319,1245,3977,5291,3040,5280,47199,29172,3501,1151,19138,38,3,9,4
2021-03-30T23:59:59+02:00,1,3,1076,1212,1936,2878,2429,4078,2917,5629,4184,5704,3418,3456,7929,10099,3888,6657,186,245,554,895,750,1374,902,2063,1165,1884,1233,1161,3455,4574,2813,4945,46559,27014,3335,1151,17588,29,3,9,4
2021-03-29T23:59:59+02:00,1,3,1059,1169,1873,2748,2345,3921,2779,5375,4021,5429,3318,3356,7768,9870,3859,6609,185,240,548,884,740,1360,884,2039,1128,1856,1159,1072,2871,3892,2634,4650,45915,24974,3100,1145,16477,19,2,9,4
2021-03-28T23:59:59+02:00,1,3,1040,1137,1802,2586,2263,3717,2658,5080,3869,5152,3253,3290,7703,9806,3855,6603,185,240,546,881,739,1358,882,2033,1125,1853,1150,1060,2816,3824,2621,4623,45807,24777,2891,1142,15109,14,2,9,3
2021-03-27T23:59:59+01:00,1,3,1040,1137,1802,2585,2262,3716,2655,5080,3866,5152,3249,3290,7702,9806,3855,6603,185,240,545,881,739,1358,881,2033,1122,1853,1150,1060,2816,3824,2621,4623,45798,24772,2891,1142,15104,14,2,9,3
2021-03-26T23:59:59+01:00,1,3,1035,1114,1760,2470,2198,3558,2592,4870,3780,4928,3228,3273,7699,9801,3854,6602,185,239,545,881,738,1358,881,2033,1122,1850,1146,1059,2813,3816,2620,4620,45771,24749,2888,1142,14096,12,2,9,3
2021-03-25T23:59:59+01:00,1,3,1010,1083,1709,2367,2115,3389,2483,4641,3668,4731,3126,3181,7571,9667,3847,6588,183,236,540,879,731,1348,875,2015,1105,1826,1100,1015,2584,3468,2420,4327,45512,23496,2551,1142,13109,12,1,7,3
2021-03-24T23:59:59+01:00,1,3,987,1064,1689,2324,2084,3339,2447,4574,3624,4661,3039,3111,7442,9496,3828,6570,183,232,534,874,724,1338,863,2000,1086,1805,1060,973,2190,2922,2027,3807,44974,21464,2421,1140,12880,12,1,7,3
2021-03-23T23:59:59+01:00,1,3,977,1058,1671,2292,2060,3305,2414,4530,3583,4611,2972,3038,7348,9394,3810,6542,181,229,530,869,717,1326,849,1981,1049,1774,979,883,1826,2431,1674,3341,44462,19519,2410,1106,12730,12,1,6,3
2021-03-22T23:59:59+01:00,1,3,975,1049,1656,2275,2046,3287,2392,4502,3546,4569,2928,3004,7286,9324,3796,6525,178,226,529,858,701,1303,835,1967,1020,1747,931,811,1349,1857,1320,2851,44129,17420,2388,1049,12640,12,1,6,3
2021-03-21T23:59:59+01:00,1,3,975,1049,1655,2272,2046,3286,2388,4498,3534,4561,2914,2995,7238,9269,3790,6519,178,223,528,856,700,1299,833,1963,1009,1742,908,792,1271,1772,1264,2782,43983,17118,2385,988,12618,12,1,6,3
2021-03-20T23:59:59+01:00,1,3,974,1048,1654,2271,2046,3286,2388,4498,3532,4559,2913,2994,7238,9268,3790,6519,178,223,528,856,700,1299,833,1963,996,1727,873,764,1239,1749,1255,2780,43981,17115,2381,834,12613,12,1,6,3
2021-03-19T23:59:59+01:00,1,3,973,1040,1647,2257,2035,3282,2386,4492,3525,4552,2903,2983,7226,9250,3789,6516,178,221,527,856,700,1297,833,1962,989,1722,829,725,1176,1697,1245,2770,43918,17072,2377,641,12558,12,1,6,3
2021-03-18T23:59:59+01:00,1,3,935,1008,1572,2143,1911,3114,2237,4244,3295,4300,2750,2825,6924,8885,3723,6415,177,220,522,851,693,1290,824,1951,966,1706,811,703,1099,1589,1100,2564,42523,16489,2065,563,11690,12,1,6,3
2021-03-17T23:59:59+01:00,1,3,882,976,1501,2083,1848,3048,2172,4183,3200,4204,2615,2692,6497,8390,3658,6300,176,218,519,846,691,1286,820,1946,961,1698,782,684,964,1436,944,2349,40748,15744,2061,562,11437,12,1,6,3
2021-03-16T23:59:59+01:00,1,3,857,952,1467,2042,1810,2999,2118,4128,3105,4106,2481,2533,6021,7738,3567,6149,170,215,514,845,687,1279,815,1937,954,1685,777,671,876,1310,800,2183,38749,15140,2000,562,11321,12,1,6,3
2021-03-15T23:59:59+01:00,1,3,840,945,1449,2020,1772,2944,2080,4057,3004,3997,2347,2362,5533,7194,3494,6032,169,214,514,837,685,1270,811,1927,944,1669,766,661,806,1198,646,1980,36976,14558,1899,524,11193,12,0,6,3
2021-03-14T23:59:59+01:00,1,3,835,931,1425,1993,1748,2915,2049,3998,2941,3929,2168,2165,5347,6966,3463,5999,169,214,513,834,683,1259,810,1920,941,1660,748,652,790,1179,622,1925,35950,14413,1798,500,11122,3,0,6,3
2021-03-13T23:59:59+01:00,1,3,827,924,1403,1981,1732,2902,2022,3970,2867,3881,2096,2091,5298,6911,3461,5998,169,214,513,833,683,1259,809,1920,941,1660,748,652,790,1179,622,1925,35695,14411,1551,500,11116,3,0,6,3
2021-03-12T23:59:59+01:00,1,3,803,908,1357,1922,1669,2804,1923,3819,2709,3715,1899,1851,5112,6687,3429,5955,169,214,512,833,683,1259,808,1920,941,1659,740,649,777,1164,614,1922,34364,14359,1307,499,10889,3,0,6,3
2021-03-11T23:59:59+01:00,1,3,769,849,1289,1837,1585,2656,1839,3618,2546,3542,1634,1541,4746,6217,3294,5776,160,207,506,824,673,1250,793,1884,921,1618,610,587,708,1122,593,1890,32259,13853,1207,489,10270,2,0,6,2
2021-03-10T23:59:59+01:00,1,3,754,797,1266,1781,1552,2598,1789,3547,2464,3454,1562,1452,4273,5672,3175,5523,160,205,497,803,655,1237,784,1864,914,1602,541,572,675,1113,586,1885,30439,13702,1201,387,10017,2,0,6,2
2021-03-09T23:59:59+01:00,1,3,740,776,1245,1751,1525,2552,1749,3496,2390,3402,1468,1353,3718,4925,2980,5214,157,203,492,782,645,1213,770,1832,902,1574,537,570,673,1108,583,1879,28265,13641,1198,275,9819,2,0,6,2
2021-03-08T23:59:59+01:00,0,3,736,748,1231,1731,1507,2532,1721,3458,2350,3359,1375,1251,3045,4094,2740,4843,153,200,478,759,623,1180,751,1782,878,1537,533,568,673,1107,583,1879,25797,13633,1198,49,9723,0,0,6,2
2021-03-07T23:59:59+01:00,0,3,733,744,1222,1721,1499,2517,1710,3450,2339,3351,1362,1235,2942,3972,2717,4793,153,200,478,759,623,1180,751,1782,878,1537,533,568,673,1107,583,1879,25442,13633,1196,49,9666,0,0,6,2
2021-03-06T23:59:59+01:00,0,3,732,744,1221,1716,1496,2514,1706,3447,2335,3350,1359,1235,2942,3972,2717,4793,152,200,478,759,623,1180,751,1782,878,1537,533,568,673,1107,583,1879,25437,13632,1196,49,9643,0,0,6,2
2021-03-05T23:59:59+01:00,0,3,670,718,1195,1701,1475,2504,1681,3432,2306,3340,1354,1232,2934,3964,2714,4788,152,200,478,758,623,1179,751,1782,878,1535,532,568,673,1107,583,1879,25408,13627,1192,49,9405,0,0,6,2
2021-03-04T23:59:59+01:00,0,3,604,671,1128,1632,1419,2421,1640,3352,2231,3263,1303,1185,2716,3600,2532,4503,150,194,475,744,612,1167,740,1754,869,1522,522,557,661,1097,578,1870,24191,13462,1184,48,8822,0,0,6,2
2021-03-03T23:59:59+01:00,0,3,567,632,1061,1569,1322,2340,1539,3266,2106,3177,1259,1139,2342,3078,2176,4051,150,194,473,741,612,1167,739,1752,867,1521,519,554,659,1094,578,1868,22315,13439,1182,47,8126,0,0,4,2
2021-03-02T23:59:59+01:00,0,3,549,599,1023,1523,1266,2297,1481,3214,2009,3116,1175,1039,1976,2599,1787,3529,148,192,468,735,607,1156,729,1742,862,1500,510,545,648,1073,558,1835,20250,13259,1179,47,7752,0,0,4,2
2021-03-01T23:59:59+01:00,0,3,542,550,1005,1484,1220,2236,1435,3148,1954,3043,1130,965,1477,2004,1399,2985,146,192,468,735,607,1155,729,1739,861,1500,508,545,645,1064,554,1824,17958,13223,1176,47,7442,0,0,4,2
2021-02-28T23:59:59+01:00,0,3,535,536,988,1444,1194,2174,1407,3090,1899,2970,1109,943,1362,1863,1325,2897,146,192,467,734,607,1155,728,1737,860,1499,506,545,645,1064,554,1824,17478,13214,1173,47,7084,0,0,4,2
2021-02-27T23:59:59+01:00,0,3,535,534,987,1443,1194,2173,1407,3089,1899,2969,1109,943,1362,1862,1323,2897,145,192,466,733,604,1153,726,1735,858,1498,506,545,645,1064,554,1824,17475,13213,1173,33,7077,0,0,4,2
2021-02-26T23:59:59+01:00,0,3,392,483,856,1400,1111,2131,1340,3048,1840,2927,1104,937,1359,1861,1323,2896,145,192,466,733,604,1153,726,1734,858,1497,506,545,645,1064,554,1824,17464,13212,1173,32,6370,0,0,4,2
2021-02-25T23:59:59+01:00,0,3,302,429,760,1306,1027,2041,1241,2875,1702,2767,1066,905,1277,1737,1205,2706,138,182,454,720,588,1128,719,1709,838,1473,492,531,616,1032,540,1805,16870,12941,1173,22,5302,0,0,4,2
2021-02-24T23:59:59+01:00,0,2,256,384,687,1230,953,1953,1187,2757,1636,2649,1039,885,1154,1591,1047,2488,136,182,451,716,584,1127,718,1704,837,1469,487,526,608,1027,537,1793,16156,12881,1171,19,4567,0,0,4,2
2021-02-23T23:59:59+01:00,0,2,244,362,666,1172,924,1874,1140,2645,1561,2539,1013,857,1076,1464,904,2325,136,181,451,714,584,1127,718,1701,835,1468,486,523,606,1026,537,1792,15600,12870,1136,14,4028,0,0,4,1
2021-02-22T23:59:59+01:00,0,0,229,342,643,1142,892,1791,1090,2553,1474,2416,967,827,957,1320,717,2069,136,181,450,713,582,1126,717,1701,829,1466,485,522,605,1024,536,1790,14846,12858,1063,4,3516,0,0,4,1
2021-02-21T23:59:59+01:00,0,0,223,331,608,1075,842,1687,1047,2452,1394,2309,950,806,924,1268,665,2003,136,180,447,706,581,1122,717,1696,829,1465,484,522,604,1024,535,1789,14637,12832,1020,4,2923,0,0,4,1
2021-02-20T23:59:59+01:00,0,0,223,328,605,1074,840,1682,1043,2447,1379,2290,914,777,891,1245,657,2001,136,180,447,706,581,1122,717,1696,829,1465,484,521,603,1024,535,1789,14636,12831,860,4,2896,0,0,4,0
2021-02-19T23:59:59+01:00,0,0,213,320,595,1066,827,1667,1022,2430,1346,2247,672,674,748,1181,632,1985,136,180,447,705,581,1119,716,1694,826,1462,484,520,603,1023,534,1789,14162,12816,671,3,2788,0,0,4,0
2021-02-18T23:59:59+01:00,0,0,196,271,555,944,742,1440,892,2172,1096,1872,593,606,707,1139,612,1968,131,180,434,693,566,1102,710,1668,811,1434,481,517,602,1022,534,1789,14003,12671,571,3,1228,0,0,3,0
2021-02-17T23:59:59+01:00,0,0,190,231,535,895,705,1343,833,2004,1011,1740,571,586,707,1136,610,1965,124,178,423,683,558,1086,691,1637,798,1411,478,515,600,1019,534,1788,13986,12520,571,3,502,0,0,3,0
2021-02-16T23:59:59+01:00,0,0,183,228,527,879,690,1312,814,1966,978,1701,559,581,702,1134,609,1962,119,173,409,678,547,1070,678,1619,789,1397,472,509,593,1005,526,1757,13957,12339,571,2,294,0,0,3,0
2021-02-15T23:59:59+01:00,0,0,169,219,522,852,684,1278,800,1931,949,1654,558,578,700,1134,609,1962,116,172,402,668,536,1051,649,1592,775,1379,470,506,593,1005,526,1757,13954,12195,532,2,110,0,0,3,0
2021-02-14T23:59:59+01:00,0,0,164,211,519,839,683,1269,797,1922,931,1645,557,577,700,1131,608,1962,109,168,391,657,519,1033,631,1577,768,1366,470,504,591,1003,526,1757,13948,12068,530,2,34,0,0,3,0
2021-02-13T23:59:59+01:00,0,0,163,211,518,839,683,1269,797,1922,931,1645,557,577,700,1131,608,1962,109,168,390,657,519,1033,631,1577,768,1366,470,504,591,1003,526,1757,13947,12067,530,2,33,0,0,3,0
2021-02-12T23:59:59+01:00,0,0,162,210,513,838,682,1266,793,1921,929,1642,556,577,700,1131,608,1962,106,166,387,651,515,1027,617,1562,765,1349,468,503,580,983,521,1730,13940,11928,529,2,18,0,0,3,0
2021-02-11T23:59:59+01:00,0,0,160,209,509,831,675,1262,791,1918,923,1640,551,571,693,1125,603,1956,87,130,358,579,469,947,565,1445,721,1255,444,458,537,929,478,1632,13889,11033,517,1,8,0,0,3,0
2021-02-10T23:59:59+01:00,0,0,157,207,499,814,659,1247,779,1891,908,1616,543,565,682,1113,598,1946,78,118,329,519,442,840,523,1269,648,1098,395,408,470,812,429,1471,13764,9848,456,1,1,0,0,3,0
2021-02-09T23:59:59+01:00,0,0,156,201,491,776,643,1208,759,1830,897,1575,531,553,676,1099,589,1927,73,101,310,452,407,756,481,1165,583,998,364,354,427,725,396,1350,13652,8942,256,0,0,0,0,3,0
2021-02-08T23:59:59+01:00,0,0,152,197,474,751,621,1173,739,1780,877,1531,525,552,674,1093,585,1911,59,75,264,383,357,621,421,936,510,819,306,299,361,571,331,1144,13582,7457,50,0,0,0,0,3,0
2021-02-07T23:59:59+01:00,0,0,152,196,472,750,619,1172,738,1772,875,1529,524,552,674,1093,585,1910,58,67,246,348,338,576,405,904,490,784,306,292,359,564,329,1140,13560,7206,50,0,0,0,0,3,0
2021-02-06T23:59:59+01:00,0,0,152,196,472,750,619,1172,738,1772,875,1529,524,552,674,1093,585,1910,58,67,246,347,338,576,405,903,488,782,306,291,358,562,328,1140,13560,7195,50,0,0,0,0,3,0
2021-02-05T23:59:59+01:00,0,0,152,196,472,750,619,1172,738,1772,875,1528,524,552,673,1093,585,1910,56,67,244,345,331,572,397,881,479,762,296,286,347,538,311,1100,13558,7012,50,0,0,0,0,3,0
2021-02-04T23:59:59+01:00,0,0,146,191,468,742,612,1164,734,1758,869,1519,517,545,651,1068,576,1892,41,51,211,311,289,476,355,740,385,616,233,217,262,373,230,813,13400,5603,49,0,0,0,0,3,0
2021-02-03T23:59:59+01:00,0,0,144,190,462,735,604,1155,730,1746,861,1503,506,537,636,1055,569,1884,33,32,155,220,236,346,265,565,309,466,182,171,185,280,179,607,13266,4231,48,0,0,0,0,3,0
2021-02-02T23:59:59+01:00,0,0,144,187,460,734,604,1155,727,1740,854,1499,505,535,632,1052,568,1880,24,26,136,173,191,278,221,429,257,375,142,131,137,208,142,478,13226,3348,48,0,0,0,0,2,0
2021-02-01T23:59:59+01:00,0,0,142,187,459,733,599,1152,726,1732,852,1494,504,533,627,1049,567,1873,20,19,100,128,137,187,155,299,168,259,90,94,93,132,77,258,13179,2216,48,0,0,0,0,2,0
2021-01-31T23:59:59+01:00,0,0,141,187,459,730,596,1151,726,1728,852,1493,502,532,626,1047,567,1872,14,15,67,88,95,122,118,222,141,203,85,87,89,124,75,244,13160,1789,48,0,0,0,0,1,0
2021-01-30T23:59:59+01:00,0,0,141,187,458,730,594,1149,725,1727,852,1493,502,532,625,1047,567,1872,14,15,67,88,95,120,116,218,138,200,84,86,89,118,69,234,13159,1751,41,0,0,0,0,1,0
2021-01-29T23:59:59+01:00,0,0,141,187,458,728,593,1146,723,1725,850,1492,502,532,625,1047,567,1872,12,15,55,82,78,116,98,207,115,188,79,79,87,114,68,233,13154,1626,33,0,0,0,0,1,0
2021-01-28T23:59:59+01:00,0,0,134,183,445,711,576,1120,717,1698,828,1463,495,526,622,1044,564,1869,7,3,12,20,24,44,31,95,47,87,46,50,56,84,50,176,12969,832,25,0,0,0,0,1,0
2021-01-27T23:59:59+01:00,0,0,127,181,434,701,568,1111,701,1664,821,1439,492,524,618,1039,564,1864,3,1,4,12,10,23,13,40,23,30,13,17,24,34,21,55,12824,323,23,0,0,0,0,1,0
2021-01-26T23:59:59+01:00,0,0,121,177,420,689,555,1097,692,1641,810,1418,487,518,612,1022,556,1829,3,1,4,11,7,21,11,37,17,27,13,15,23,33,21,54,12629,298,14,0,0,0,0,1,0
2021-01-25T23:59:59+01:00,0,0,118,175,411,677,544,1078,665,1613,792,1401,485,514,610,1021,556,1829,2,1,3,9,7,16,6,28,12,21,9,6,13,22,11,35,12484,201,4,0,0,0,0,1,0
2021-01-24T23:59:59+01:00,0,0,111,172,401,667,530,1060,648,1600,779,1389,484,511,609,1021,556,1829,2,0,1,6,7,4,4,7,5,8,1,2,11,15,7,21,12362,101,4,0,0,0,0,1,0
2021-01-23T23:59:59+01:00,0,0,111,172,401,667,530,1060,648,1600,779,1389,484,511,609,1021,556,1829,1,0,1,6,7,4,4,7,5,8,1,2,11,15,7,21,12362,100,4,0,0,0,0,1,0
2021-01-22T23:59:59+01:00,0,0,108,170,394,661,527,1054,634,1585,773,1371,484,506,598,1000,549,1801,1,0,1,6,7,4,4,7,5,8,1,2,11,15,7,21,12212,100,3,0,0,0,0,0,0
2021-01-21T23:59:59+01:00,0,0,97,162,379,642,504,1020,604,1535,752,1328,467,471,566,961,514,1743,1,0,1,6,7,4,4,7,5,8,1,2,11,15,7,21,11742,100,3,0,0,0,0,0,0
2021-01-20T23:59:59+01:00,0,0,79,120,344,553,460,880,546,1300,664,1141,405,412,481,818,451,1520,1,0,1,5,7,4,4,7,5,8,1,2,11,15,7,21,10171,99,3,0,0,0,0,0,0
2021-01-19T23:59:59+01:00,0,0,74,106,316,475,419,792,504,1188,612,1038,381,375,444,739,421,1424,1,0,1,3,7,4,4,7,5,8,1,0,8,10,6,18,9305,83,3,0,0,0,0,0,0
2021-01-18T23:59:59+01:00,0,0,60,76,269,388,364,643,429,956,519,841,313,308,374,585,355,1216,1,0,1,3,7,4,4,7,5,8,1,0,8,10,6,18,7694,83,2,0,0,0,0,0,0
2021-01-17T23:59:59+01:00,0,0,59,67,250,353,342,590,410,913,495,802,310,300,372,579,352,1208,0,0,0,0,0,0,0,0,0,0,0,0,0,0,0,0,7400,0,2,0,0,0,0,0,0
2021-01-16T23:59:59+01:00,0,0,59,67,250,352,342,590,410,912,493,800,310,299,370,575,351,1208,0,0,0,0,0,0,0,0,0,0,0,0,0,0,0,0,7386,0,2,0,0,0,0,0,0
2021-01-15T23:59:59+01:00,0,0,57,67,249,349,336,584,399,889,482,775,296,293,352,546,328,1166,0,0,0,0,0,0,0,0,0,0,0,0,0,0,0,0,7166,0,2,0,0,0,0,0,0
2021-01-14T23:59:59+01:00,0,0,43,54,235,325,311,509,365,765,393,630,235,220,262,376,237,842,0,0,0,0,0,0,0,0,0,0,0,0,0,0,0,0,5802,0,0,0,0,0,0,0,0
2021-01-13T23:59:59+01:00,0,0,37,43,210,269,271,408,299,615,322,503,180,177,189,287,192,650,0,0,0,0,0,0,0,0,0,0,0,0,0,0,0,0,4652,0,0,0,0,0,0,0,0
2021-01-12T23:59:59+01:00,0,0,32,41,205,254,256,376,276,535,290,457,143,135,143,219,150,509,0,0,0,0,0,0,0,0,0,0,0,0,0,0,0,0,4021,0,0,0,0,0,0,0,0
2021-01-11T23:59:59+01:00,0,0,27,37,195,233,238,324,229,446,240,382,111,106,108,143,88,320,0,0,0,0,0,0,0,0,0,0,0,0,0,0,0,0,3227,0,0,0,0,0,0,0,0
2021-01-10T23:59:59+01:00,0,0,26,31,157,172,195,249,191,350,198,305,99,99,105,138,86,305,0,0,0,0,0,0,0,0,0,0,0,0,0,0,0,0,2706,0,0,0,0,0,0,0,0
2021-01-09T23:59:59+01:00,0,0,26,31,150,168,193,241,187,342,196,300,99,99,105,138,86,305,0,0,0,0,0,0,0,0,0,0,0,0,0,0,0,0,2666,0,0,0,0,0,0,0,0
2021-01-08T23:59:59+01:00,0,0,23,28,119,144,172,228,162,313,168,279,94,89,103,134,85,304,0,0,0,0,0,0,0,0,0,0,0,0,0,0,0,0,2445,0,0,0,0,0,0,0,0
2021-01-07T23:59:59+01:00,0,0,8,3,16,26,32,54,37,105,60,111,49,51,64,92,54,212,0,0,0,0,0,0,0,0,0,0,0,0,0,0,0,0,974,0,0,0,0,0,0,0,0
2021-01-06T23:59:59+01:00,0,0,3,1,5,13,10,22,13,39,20,31,14,14,27,38,23,65,0,0,0,0,0,0,0,0,0,0,0,0,0,0,0,0,338,0,0,0,0,0,0,0,0
2021-01-05T23:59:59+01:00,0,0,3,1,4,10,9,18,10,31,15,26,11,14,23,33,21,57,0,0,0,0,0,0,0,0,0,0,0,0,0,0,0,0,286,0,0,0,0,0,0,0,0
2021-01-04T23:59:59+01:00,0,0,2,1,2,7,9,10,4,15,8,16,5,3,12,19,8,31,0,0,0,0,0,0,0,0,0,0,0,0,0,0,0,0,152,0,0,0,0,0,0,0,0
2021-01-03T23:59:59+01:00,0,0,2,0,1,6,8,4,4,7,5,9,1,2,12,15,7,21,0,0,0,0,0,0,0,0,0,0,0,0,0,0,0,0,104,0,0,0,0,0,0,0,0
2021-01-02T23:59:59+01:00,0,0,2,0,1,6,8,4,4,7,5,9,1,2,12,15,7,21,0,0,0,0,0,0,0,0,0,0,0,0,0,0,0,0,104,0,0,0,0,0,0,0,0
2021-01-01T23:59:59+01:00,0,0,1,0,1,6,8,4,4,7,5,9,1,2,12,15,7,21,0,0,0,0,0,0,0,0,0,0,0,0,0,0,0,0,103,0,0,0,0,0,0,0,0
2020-12-31T23:59:59+01:00,0,0,1,0,1,5,8,4,4,7,5,9,1,2,12,15,7,21,0,0,0,0,0,0,0,0,0,0,0,0,0,0,0,0,102,0,0,0,0,0,0,0,0
2020-12-30T23:59:59+01:00,0,0,1,0,1,5,8,4,4,7,5,9,1,2,12,15,7,21,0,0,0,0,0,0,0,0,0,0,0,0,0,0,0,0,102,0,0,0,0,0,0,0,0
2020-12-29T23:59:59+01:00,0,0,1,0,1,3,8,4,4,7,5,9,1,0,9,10,6,18,0,0,0,0,0,0,0,0,0,0,0,0,0,0,0,0,86,0,0,0,0,0,0,0,0
2020-12-28T23:59:59+01:00,0,0,1,0,1,3,8,4,4,7,5,9,1,0,9,10,6,18,0,0,0,0,0,0,0,0,0,0,0,0,0,0,0,0,86,0,0,0,0,0,0,0,0
2020-12-27T23:59:59+01:00,0,0,1,0,1,3,8,4,4,7,5,9,1,0,9,10,6,18,0,0,0,0,0,0,0,0,0,0,0,0,0,0,0,0,86,0,0,0,0,0,0,0,0
