Datum,<15_m,<15_w,15-24_1_m,15-24_1_w,25-34_1_m,25-34_1_w,35-44_1_m,35-44_1_w,45-54_1_m,45-54_1_w,55-64_1_m,55-64_1_w,65-74_1_m,65-74_1_w,75-84_1_m,75-84_1_w,>84_1_m,>84_1_w,<24_2_m,<24_2_w,25-34_2_m,25-34_2_w,35-44_2_m,35-44_2_w,45-54_2_m,45-54_2_w,55-64_2_m,55-64_2_w,65-74_2_m,65-74_2_w,75-84_2_m,75-84_2_w,>84_2_m,>84_2_w,bp_1,bp_2,mo_1,mo_2,az_1,az_2,ja,unb_1,unb_2
2021-10-12T23:59:59+02:00,2239,2104,17372,16078,22642,20887,24374,23927,27972,28648,30890,31823,21644,24719,15492,19492,4529,7864,15582,14413,21191,19333,23023,22449,26608,27112,29695,30576,20991,23998,15060,18815,4351,7553,237027,222439,32759,31554,55075,52081,17811,32,41
2021-10-11T23:59:59+02:00,2228,2092,17344,16047,22629,20866,24359,23909,27955,28630,30876,31813,21639,24710,15490,19484,4524,7857,15540,14380,21155,19280,23000,22412,26583,27072,29666,30560,20980,23988,15054,18808,4348,7551,236787,222041,32759,31554,55075,52081,17807,32,41
2021-10-10T23:59:59+02:00,2224,2084,17326,16029,22609,20852,24355,23901,27947,28616,30873,31806,21633,24705,15489,19481,4521,7852,15484,14336,21091,19220,22962,22374,26538,27046,29646,30538,20970,23977,15048,18801,4348,7551,236647,221596,32755,31531,55075,52080,17802,32,41
2021-10-09T23:59:59+02:00,2222,2084,17326,16028,22607,20851,24355,23901,27947,28616,30873,31806,21633,24705,15489,19481,4521,7852,15483,14334,21091,19220,22962,22374,26538,27045,29646,30538,20970,23977,15048,18801,4348,7551,236641,221589,32755,31531,55075,52080,17802,32,41
2021-10-08T23:59:59+02:00,2218,2077,17315,16005,22581,20839,24337,23892,27932,28601,30858,31797,21631,24700,15489,19481,4521,7852,15478,14322,21076,19205,22951,22367,26529,27029,29642,30531,20968,23971,15046,18800,4348,7551,236508,221494,32743,31531,55074,52080,17777,32,41
2021-10-07T23:59:59+02:00,2194,2057,17261,15961,22550,20793,24311,23865,27902,28577,30836,31774,21626,24697,15482,19470,4515,7845,15405,14244,21010,19136,22907,22319,26499,26992,29614,30508,20957,23956,15041,18790,4345,7550,236124,220957,32733,31484,55073,52072,17762,32,41
2021-10-06T23:59:59+02:00,2169,2034,17202,15915,22505,20740,24286,23822,27870,28546,30819,31747,21615,24683,15473,19458,4514,7831,15342,14171,20958,19076,22869,22284,26469,26953,29590,30479,20947,23942,15030,18784,4343,7548,235683,220460,32714,31459,55073,52072,17735,32,41
2021-10-05T23:59:59+02:00,2149,2018,17157,15877,22460,20712,24253,23783,27848,28522,30806,31730,21610,24675,15473,19453,4513,7830,15314,14141,20905,19051,22839,22256,26441,26928,29565,30455,20939,23924,15027,18776,4340,7548,235418,220192,32714,31459,55073,52072,17638,32,41
2021-10-04T23:59:59+02:00,2122,1983,17101,15839,22410,20683,24230,23758,27832,28488,30788,31712,21606,24666,15472,19450,4512,7827,15277,14119,20880,19023,22825,22231,26423,26909,29554,30441,20932,23914,15023,18772,4340,7540,235081,219983,32714,31459,55073,52070,17585,32,41
2021-10-03T23:59:59+02:00,2117,1972,17074,15800,22381,20651,24196,23736,27818,28468,30771,31703,21603,24659,15471,19445,4512,7825,15245,14080,20856,18994,22801,22213,26409,26887,29540,30431,20922,23901,15021,18769,4340,7540,234876,219765,32708,31449,55072,52068,17520,32,41
2021-10-02T23:59:59+02:00,2117,1972,17074,15800,22381,20651,24195,23736,27818,28468,30771,31703,21603,24659,15471,19445,4512,7825,15245,14080,20856,18994,22801,22213,26409,26887,29540,30430,20922,23901,15021,18769,4340,7540,234875,219764,32708,31449,55072,52068,17520,32,41
2021-10-01T23:59:59+02:00,2112,1967,17061,15783,22378,20640,24182,23716,27813,28461,30767,31698,21600,24657,15471,19443,4511,7825,15241,14078,20853,18992,22800,22213,26407,26885,29540,30426,20921,23899,15021,18769,4340,7540,234762,219738,32707,31449,55072,52068,17518,32,41
2021-09-30T23:59:59+02:00,2092,1951,17004,15733,22336,20588,24142,23681,27783,28428,30744,31675,21591,24649,15466,19436,4509,7820,15171,14011,20816,18955,22769,22172,26384,26851,29521,30405,20917,23890,15018,18761,4336,7535,234384,219351,32695,31426,55072,52064,17451,32,41
2021-09-29T23:59:59+02:00,2025,1909,16915,15657,22268,20522,24088,23631,27722,28379,30709,31647,21576,24636,15459,19423,4506,7818,15103,13957,20774,18903,22733,22120,26348,26822,29486,30378,20910,23878,15007,18753,4335,7532,233768,218960,32680,31404,55071,52061,17345,32,41
2021-09-28T23:59:59+02:00,2008,1892,16834,15592,22198,20470,24025,23589,27684,28339,30692,31630,21567,24621,15454,19414,4506,7815,15036,13910,20716,18862,22690,22094,26318,26787,29465,30357,20897,23863,15001,18743,4333,7528,233342,218627,32679,31404,55071,52060,17212,32,41
2021-09-27T23:59:59+02:00,1946,1824,16770,15532,22163,20434,23999,23561,27656,28303,30673,31613,21561,24615,15452,19411,4505,7813,15009,13878,20694,18825,22675,22068,26299,26775,29447,30341,20893,23853,14997,18735,4332,7525,232850,218355,32679,31404,55071,52059,17205,32,41
2021-09-26T23:59:59+02:00,1926,1803,16701,15468,22112,20375,23959,23510,27627,28277,30658,31604,21551,24608,15451,19408,4505,7811,14940,13812,20642,18771,22626,22012,26260,26738,29428,30314,20886,23843,14989,18732,4332,7522,232483,217958,32662,31377,55070,52046,17113,32,41
2021-09-25T23:59:59+02:00,1926,1803,16699,15468,22110,20374,23957,23509,27627,28277,30658,31604,21551,24608,15451,19408,4505,7811,14940,13812,20641,18771,22626,22012,26259,26736,29428,30314,20885,23843,14989,18732,4332,7522,232476,217954,32662,31377,55070,52046,17112,32,41
2021-09-24T23:59:59+02:00,1925,1800,16672,15449,22068,20346,23923,23488,27607,28256,30641,31589,21549,24604,15449,19407,4505,7811,14912,13785,20592,18739,22585,21986,26231,26716,29406,30294,20880,23837,14987,18730,4331,7521,232416,217827,32662,31377,55070,52046,16915,32,41
2021-09-23T23:59:59+02:00,1895,1763,16596,15364,22007,20271,23874,23420,27562,28201,30616,31549,21536,24593,15442,19392,4502,7809,14834,13722,20531,18696,22556,21939,26197,26672,29381,30267,20877,23826,14981,18722,4331,7520,231857,217426,32624,31343,55070,52046,16815,32,41
2021-09-22T23:59:59+02:00,1862,1732,16493,15288,21917,20195,23799,23365,27494,28141,30575,31514,21520,24571,15440,19379,4500,7806,14708,13615,20442,18618,22493,21869,26135,26611,29332,30232,20858,23816,14975,18714,4328,7511,231252,216749,32603,31301,55070,52039,16640,32,41
2021-09-21T23:59:59+02:00,1833,1688,16414,15214,21858,20135,23750,23316,27454,28105,30537,31474,21509,24551,15437,19369,4494,7798,14651,13567,20385,18578,22449,21826,26102,26586,29307,30206,20846,23802,14968,18703,4325,7507,230784,216463,32603,31301,55070,52039,16452,32,41
2021-09-20T23:59:59+02:00,1806,1673,16341,15150,21803,20088,23702,23276,27416,28062,30504,31456,21500,24539,15431,19363,4493,7796,14594,13514,20338,18534,22413,21798,26054,26554,29282,30181,20838,23790,14966,18697,4322,7504,230380,216146,32601,31300,55070,52038,16320,32,41
2021-09-19T23:59:59+02:00,1779,1651,16277,15100,21753,20028,23669,23243,27385,28034,30483,31431,21490,24528,15427,19352,4493,7793,14535,13470,20293,18482,22362,21775,26029,26522,29265,30167,20832,23777,14962,18694,4321,7500,230015,215864,32579,31267,55069,52038,16224,32,41
2021-09-18T23:59:59+02:00,1779,1651,16276,15098,21752,20027,23667,23241,27385,28033,30483,31431,21490,24528,15427,19352,4493,7793,14535,13468,20293,18482,22361,21774,26029,26520,29265,30167,20832,23777,14962,18694,4321,7500,230009,215863,32579,31266,55069,52038,16220,32,41
2021-09-17T23:59:59+02:00,1774,1644,16255,15080,21727,20008,23647,23229,27372,28017,30474,31425,21487,24525,15424,19349,4492,7793,14514,13454,20283,18476,22352,21770,26022,26516,29255,30161,20829,23774,14961,18693,4321,7500,229839,215761,32579,31266,55069,52038,16206,32,41
2021-09-16T23:59:59+02:00,1735,1614,16157,14983,21644,19908,23577,23146,27308,27957,30435,31388,21474,24508,15419,19339,4487,7793,14430,13381,20240,18421,22316,21719,25992,26471,29234,30130,20818,23764,14954,18686,4319,7496,229038,215307,32558,31188,55069,52026,16178,32,41
2021-09-15T23:59:59+02:00,1704,1597,16092,14906,21591,19855,23532,23101,27278,27924,30410,31363,21461,24487,15407,19330,4486,7791,14356,13295,20174,18361,22277,21667,25954,26428,29202,30107,20805,23749,14942,18678,4318,7494,228510,214747,32541,31144,55069,52021,16166,32,41
2021-09-14T23:59:59+02:00,1691,1582,16057,14860,21544,19816,23502,23066,27246,27886,30384,31339,21447,24476,15404,19318,4483,7790,14318,13256,20150,18339,22254,21641,25934,26413,29191,30097,20794,23741,14939,18671,4317,7492,228097,214465,32540,31143,55069,52021,16156,32,41
2021-09-13T23:59:59+02:00,1671,1569,16015,14808,21518,19785,23471,23034,27230,27850,30370,31325,21446,24466,15399,19316,4482,7787,14289,13241,20124,18323,22234,21621,25919,26401,29181,30074,20785,23730,14938,18664,4315,7490,227756,214241,32540,31143,55069,52021,16148,32,41
2021-09-12T23:59:59+02:00,1661,1556,15992,14786,21502,19763,23456,23010,27215,27835,30360,31317,21439,24458,15399,19311,4482,7787,14256,13212,20101,18286,22214,21595,25906,26378,29170,30065,20778,23722,14933,18657,4313,7485,227564,214001,32524,31112,55069,52020,16143,32,41
2021-09-11T23:59:59+02:00,1660,1556,15980,14782,21494,19755,23455,23009,27213,27834,30357,31315,21438,24457,15399,19311,4482,7787,14251,13210,20099,18283,22212,21595,25906,26377,29170,30065,20777,23722,14933,18657,4313,7485,227527,213990,32524,31112,55066,52020,16138,32,41
2021-09-10T23:59:59+02:00,1660,1556,15957,14777,21480,19744,23437,23006,27196,27824,30344,31310,21437,24455,15395,19309,4482,7786,14228,13203,20083,18273,22198,21591,25891,26364,29152,30062,20776,23718,14930,18654,4312,7484,227497,213951,32524,31112,55066,52020,16039,32,41
2021-09-09T23:59:59+02:00,1615,1517,15875,14700,21420,19675,23384,22956,27136,27774,30315,31281,21428,24438,15381,19295,4480,7784,14148,13131,20011,18205,22131,21536,25842,26323,29116,30030,20760,23690,14912,18640,4310,7482,226965,213486,32493,31029,55065,52000,15902,32,41
2021-09-08T23:59:59+02:00,1577,1470,15747,14606,21349,19599,23331,22881,27086,27731,30275,31233,21411,24420,15372,19284,4479,7784,14059,13040,19928,18151,22066,21484,25795,26284,29081,29980,20741,23669,14908,18632,4309,7481,226421,213087,32423,30937,55065,51995,15697,32,41
2021-09-07T23:59:59+02:00,1564,1450,15697,14555,21295,19573,23294,22858,27059,27698,30258,31217,21400,24398,15366,19276,4477,7784,13991,12992,19865,18112,22024,21454,25758,26251,29052,29952,20729,23655,14904,18625,4308,7481,226177,212803,32418,30907,55065,51990,15530,32,41
2021-09-06T23:59:59+02:00,1551,1440,15648,14509,21275,19542,23271,22829,27034,27679,30242,31195,21390,24395,15362,19269,4477,7782,13960,12955,19846,18087,21995,21432,25738,26231,29037,29937,20721,23647,14900,18621,4308,7478,225926,212600,32418,30907,55065,51990,15452,32,41
2021-09-05T23:59:59+02:00,1530,1425,15618,14482,21257,19520,23261,22804,27025,27667,30237,31187,21385,24389,15357,19267,4477,7778,13922,12919,19816,18051,21970,21404,25719,26213,29024,29918,20717,23639,14898,18619,4308,7478,225713,212384,32411,30827,55064,51989,15449,32,41
2021-09-04T23:59:59+02:00,1530,1425,15610,14479,21243,19515,23254,22799,27019,27661,30231,31184,21384,24386,15357,19266,4477,7778,13914,12916,19802,18045,21963,21399,25713,26207,29018,29914,20716,23636,14898,18618,4308,7478,225712,212383,32411,30826,55064,51989,15381,32,41
2021-09-03T23:59:59+02:00,1527,1422,15594,14465,21210,19491,23224,22778,26995,27649,30216,31169,21377,24378,15357,19260,4477,7777,13899,12902,19775,18026,21939,21384,25696,26197,29003,29903,20710,23629,14898,18615,4308,7478,225639,212364,32410,30821,55064,51988,15223,32,41
2021-09-02T23:59:59+02:00,1511,1402,15522,14406,21163,19441,23189,22731,26954,27608,30179,31143,21364,24368,15351,19247,4475,7771,13806,12838,19730,17965,21894,21341,25654,26151,28964,29876,20698,23618,14893,18603,4307,7477,225218,211909,32405,30816,55062,51968,15110,32,41
2021-09-01T23:59:59+02:00,1460,1345,15381,14252,21046,19345,23119,22676,26887,27536,30128,31093,21346,24343,15343,19233,4472,7766,13660,12717,19608,17868,21809,21271,25596,26082,28914,29813,20673,23589,14881,18588,4303,7471,224444,211326,32379,30620,55061,51956,14857,32,41
2021-08-31T23:59:59+02:00,1436,1330,15319,14181,20982,19293,23076,22634,26837,27494,30094,31061,21334,24331,15337,19224,4472,7765,13586,12651,19560,17827,21777,21235,25563,26059,28886,29787,20667,23579,14878,18580,4302,7470,223988,210981,32378,30620,55060,51951,14744,32,41
2021-08-30T23:59:59+02:00,1413,1311,15251,14135,20934,19239,23044,22596,26800,27461,30061,31031,21322,24322,15333,19215,4470,7758,13529,12610,19514,17777,21744,21210,25533,26022,28852,29762,20656,23564,14868,18571,4301,7466,223626,210679,32378,30618,55060,51949,14602,32,41
2021-08-29T23:59:59+02:00,1397,1299,15207,14089,20896,19208,23020,22572,26782,27437,30043,31016,21318,24313,15333,19213,4470,7757,13476,12565,19492,17756,21717,21190,25512,26003,28839,29745,20648,23556,14865,18567,4299,7465,223336,210412,32377,30618,55060,51948,14567,32,41
2021-08-28T23:59:59+02:00,1397,1299,15201,14086,20885,19201,23014,22568,26779,27428,30040,31015,21317,24313,15333,19213,4470,7757,13470,12561,19481,17749,21711,21186,25509,25994,28836,29744,20647,23556,14865,18567,4299,7465,223336,210411,32377,30618,55060,51948,14513,32,41
2021-08-27T23:59:59+02:00,1388,1292,15169,14059,20857,19185,22981,22552,26753,27416,30024,30995,21311,24305,15329,19212,4467,7754,13441,12530,19444,17732,21683,21165,25481,25981,28819,29726,20641,23547,14862,18566,4298,7465,223198,210269,32377,30617,55057,51947,14387,32,41
2021-08-26T23:59:59+02:00,1375,1274,15124,14014,20810,19147,22952,22514,26720,27377,29992,30958,21296,24289,15322,19204,4464,7746,13372,12470,19368,17676,21623,21108,25425,25933,28780,29690,20628,23526,14853,18553,4297,7461,222905,209986,32358,30493,55057,51873,14228,32,41
2021-08-25T23:59:59+02:00,1330,1229,14976,13891,20698,19053,22873,22420,26641,27293,29934,30902,21275,24263,15312,19194,4460,7740,13250,12386,19284,17599,21557,21036,25355,25879,28736,29647,20601,23505,14845,18539,4296,7458,222047,209416,32343,30445,55057,51865,14008,31,39
2021-08-24T23:59:59+02:00,1306,1205,14912,13840,20656,19001,22817,22374,26606,27257,29905,30871,21259,24248,15306,19184,4459,7739,13155,12327,19223,17517,21520,20984,25311,25836,28706,29609,20583,23485,14838,18527,4294,7453,221630,208934,32313,30387,55057,51850,13916,31,35
2021-08-23T23:59:59+02:00,1288,1186,14844,13802,20617,18972,22789,22349,26571,27237,29880,30844,21240,24234,15301,19171,4458,7738,13038,12249,19161,17458,21468,20935,25271,25781,28661,29566,20564,23468,14831,18515,4291,7453,221321,208415,32297,30296,55057,51850,13817,31,35
2021-08-22T23:59:59+02:00,1279,1178,14829,13782,20601,18952,22777,22329,26556,27222,29863,30840,21233,24230,15299,19163,4456,7737,12979,12180,19109,17424,21439,20900,25250,25755,28635,29544,20556,23457,14830,18511,4291,7453,221146,208091,32278,30187,55057,51847,13816,31,35
2021-08-21T23:59:59+02:00,1279,1178,14820,13772,20589,18944,22767,22323,26552,27217,29852,30833,21233,24228,15299,19163,4456,7737,12969,12170,19098,17416,21431,20894,25244,25750,28625,29537,20556,23455,14830,18511,4291,7453,221141,208087,32278,30187,55057,51847,13737,31,35
2021-08-20T23:59:59+02:00,1272,1173,14791,13737,20554,18914,22744,22300,26526,27194,29835,30817,21230,24219,15297,19157,4456,7737,12951,12154,19074,17396,21413,20873,25230,25732,28607,29518,20552,23449,14829,18508,4291,7453,220947,207982,32278,30185,55057,51847,13642,31,35
2021-08-19T23:59:59+02:00,1254,1157,14732,13688,20515,18885,22713,22265,26503,27165,29810,30793,21219,24211,15294,19152,4455,7734,12818,12036,18986,17319,21327,20815,25159,25665,28547,29468,20531,23436,14823,18499,4289,7450,220641,207346,32246,30048,55057,51786,13572,31,35
2021-08-18T23:59:59+02:00,1231,1138,14648,13596,20400,18825,22639,22204,26437,27108,29751,30735,21194,24191,15288,19140,4453,7731,12680,11917,18848,17237,21232,20725,25072,25582,28464,29400,20498,23391,14812,18484,4288,7445,220228,206737,32228,29926,55055,51778,13169,31,35
2021-08-17T23:59:59+02:00,1220,1125,14607,13558,20357,18781,22604,22170,26403,27080,29734,30715,21182,24177,15277,19131,4449,7730,12571,11833,18766,17176,21154,20664,25020,25529,28427,29359,20479,23376,14803,18471,4286,7443,219946,206205,32193,29796,55055,51770,13077,31,34
2021-08-16T23:59:59+02:00,1208,1114,14559,13510,20321,18752,22575,22138,26382,27051,29700,30684,21169,24166,15270,19119,4447,7728,12476,11734,18675,17104,21083,20579,24956,25470,28360,29296,20456,23354,14793,18453,4285,7440,219678,205586,32191,29669,55055,51769,12940,31,33
2021-08-15T23:59:59+02:00,1198,1101,14522,13483,20293,18722,22547,22119,26369,27035,29690,30670,21164,24154,15265,19117,4446,7726,12410,11667,18622,17074,21032,20541,24920,25427,28341,29274,20446,23341,14789,18447,4283,7438,219457,205137,32191,29668,55055,51768,12889,31,33
2021-08-14T23:59:59+02:00,1198,1100,14515,13479,20284,18716,22538,22112,26355,27028,29685,30662,21161,24153,15264,19116,4446,7726,12403,11663,18612,17066,21022,20534,24906,25420,28336,29265,20443,23340,14788,18446,4283,7438,219456,205135,32191,29665,55055,51768,12807,31,33
2021-08-13T23:59:59+02:00,1195,1097,14506,13469,20270,18706,22526,22107,26348,27018,29670,30654,21152,24148,15263,19116,4446,7726,12388,11650,18601,17057,21009,20525,24900,25404,28322,29261,20437,23333,14786,18446,4283,7437,219399,205069,32191,29665,55055,51768,12743,31,33
2021-08-12T23:59:59+02:00,1175,1075,14449,13414,20229,18666,22503,22072,26320,26988,29639,30632,21140,24129,15259,19109,4446,7721,12221,11507,18463,16946,20916,20441,24820,25319,28255,29205,20416,23301,14773,18434,4280,7431,219074,204277,32179,29477,55055,51699,12629,31,33
2021-08-11T23:59:59+02:00,1159,1053,14380,13351,20187,18612,22459,22033,26287,26963,29611,30592,21127,24112,15256,19098,4443,7717,12083,11367,18378,16858,20836,20367,24771,25246,28213,29141,20384,23274,14766,18423,4278,7426,218673,203377,32106,29472,55055,51694,12577,31,33
2021-08-10T23:59:59+02:00,1144,1035,14302,13279,20132,18567,22427,21989,26256,26933,29579,30563,21113,24103,15256,19090,4442,7715,11971,11251,18281,16790,20774,20301,24720,25190,28170,29089,20357,23246,14752,18405,4277,7420,218251,202628,32074,29449,55055,51669,12516,31,33
2021-08-09T23:59:59+02:00,1127,1016,14217,13217,20051,18510,22378,21941,26204,26889,29542,30529,21095,24086,15250,19081,4437,7713,11789,11089,18109,16693,20650,20219,24624,25094,28090,29013,20321,23206,14738,18393,4274,7411,217803,201639,32054,29340,55054,51574,12343,31,32
2021-08-08T23:59:59+02:00,1113,1009,14174,13178,20030,18475,22352,21921,26189,26869,29526,30515,21088,24080,15247,19077,4436,7712,11706,11003,18021,16609,20585,20162,24561,25047,28044,28969,20299,23183,14725,18382,4274,7407,217574,200984,32022,29262,55053,51556,12313,31,32
2021-08-07T23:59:59+02:00,1113,1009,14160,13173,20020,18470,22346,21916,26177,26855,29512,30503,21086,24076,15243,19072,4435,7712,11692,10997,18004,16605,20579,20156,24548,25032,28027,28957,20297,23179,14721,18377,4273,7407,217572,200969,32022,29261,55053,51556,12202,31,32
2021-08-06T23:59:59+02:00,1113,1009,14150,13161,20007,18451,22332,21902,26155,26846,29499,30492,21083,24072,15240,19070,4435,7711,11680,10983,17982,16584,20563,20140,24527,25023,28014,28946,20294,23175,14718,18375,4273,7407,217565,200942,32018,29261,55053,51555,12063,31,32
2021-08-05T23:59:59+02:00,1101,990,14079,13119,19957,18417,22288,21859,26120,26790,29471,30468,21069,24057,15232,19062,4433,7708,11506,10875,17870,16484,20452,20041,24422,24933,27945,28897,20268,23151,14707,18361,4270,7405,217251,200157,31974,29169,55050,51417,11916,31,32
2021-08-04T23:59:59+02:00,1085,973,14014,13049,19855,18333,22221,21800,26080,26748,29422,30421,21046,24039,15222,19049,4433,7705,11320,10700,17640,16344,20277,19914,24304,24809,27837,28800,20240,23118,14694,18349,4267,7403,216984,199111,31812,29109,55049,51174,11622,30,32
2021-08-03T23:59:59+02:00,1061,955,13944,12987,19818,18283,22187,21759,26045,26706,29388,30392,21030,24015,15212,19035,4430,7695,11136,10526,17467,16216,20138,19782,24156,24687,27718,28693,20197,23071,14677,18317,4265,7397,216607,197677,31784,29075,55049,51119,11474,30,32
2021-08-02T23:59:59+02:00,1037,935,13858,12920,19760,18225,22136,21719,25991,26645,29336,30342,20999,23984,15202,19015,4427,7693,10967,10357,17295,16091,19991,19669,24039,24572,27631,28592,20151,23018,14658,18298,4262,7387,216125,196487,31753,29025,55049,51043,11269,30,32
2021-08-01T23:59:59+02:00,1027,920,13796,12873,19724,18208,22117,21698,25966,26624,29317,30325,20990,23972,15198,19008,4427,7692,10822,10211,17134,15982,19841,19560,23895,24466,27523,28512,20137,22994,14650,18284,4262,7383,215888,195596,31703,28933,55049,50693,11213,30,32
2021-07-31T23:59:59+02:00,1027,920,13771,12864,19706,18200,22100,21687,25953,26612,29309,30314,20988,23967,15197,19007,4426,7692,10796,10199,17113,15969,19823,19547,23883,24454,27515,28501,20135,22989,14649,18283,4261,7383,215884,195577,31703,28933,55049,50693,11075,30,32
2021-07-30T23:59:59+02:00,1019,910,13711,12819,19660,18178,22070,21668,25923,26590,29281,30296,20981,23959,15191,19005,4424,7691,10710,10126,17049,15926,19764,19512,23816,24413,27467,28476,20120,22967,14640,18279,4258,7381,215705,195190,31700,28933,55049,50627,10893,30,32
2021-07-29T23:59:59+02:00,995,892,13606,12733,19596,18117,21997,21614,25872,26534,29229,30259,20963,23949,15184,18998,4424,7689,10443,9868,16749,15681,19469,19295,23515,24184,27216,28313,20065,22911,14628,18258,4258,7380,215262,193442,31628,28823,55049,49939,10683,30,32
2021-07-28T23:59:59+02:00,967,862,13475,12605,19470,18008,21911,21531,25792,26455,29154,30191,20940,23913,15171,18986,4422,7687,10153,9666,16488,15492,19208,19106,23287,23993,27061,28169,20017,22838,14609,18235,4255,7375,214612,192107,31593,28739,55045,49424,10261,30,32
2021-07-27T23:59:59+02:00,936,841,13357,12511,19405,17948,21845,21478,25726,26397,29114,30146,20925,23893,15166,18966,4421,7681,9897,9455,16236,15264,18981,18920,23094,23820,26897,28032,19975,22785,14587,18208,4249,7366,214017,190445,31538,28581,55044,49087,10129,29,32
2021-07-26T23:59:59+02:00,911,823,13252,12417,19353,17891,21771,21414,25677,26364,29059,30086,20896,23870,15148,18947,4421,7677,9661,9206,15997,15062,18733,18719,22868,23653,26746,27905,19904,22725,14559,18172,4244,7360,213414,188696,31466,28481,55043,48709,10027,28,32
2021-07-25T23:59:59+02:00,892,812,13177,12345,19274,17842,21714,21362,25637,26316,29022,30040,20879,23854,15141,18941,4418,7676,9475,9064,15796,14912,18530,18578,22699,23542,26597,27785,19854,22677,14543,18159,4241,7357,213113,187788,31404,28329,55043,48293,9755,28,32
2021-07-24T23:59:59+02:00,892,812,13167,12336,19264,17836,21703,21357,25622,26309,29017,30034,20875,23853,15140,18940,4418,7676,9465,9050,15786,14905,18517,18572,22682,23533,26591,27777,19851,22674,14542,18158,4241,7357,213110,187771,31404,28326,55043,48293,9667,28,32
2021-07-23T23:59:59+02:00,884,811,13102,12299,19186,17802,21663,21324,25586,26269,28984,29998,20861,23837,15132,18936,4416,7673,9414,9022,15702,14861,18463,18532,22631,23491,26547,27738,19835,22658,14535,18152,4239,7354,212983,187609,31403,28321,55043,48292,9307,28,32
2021-07-22T23:59:59+02:00,872,797,13007,12217,19127,17735,21618,21294,25537,26222,28960,29976,20848,23819,15130,18930,4413,7671,9096,8748,15300,14614,18100,18277,22300,23244,26341,27603,19778,22602,14522,18130,4236,7349,212516,185783,31318,28068,55040,47375,9272,28,32
2021-07-21T23:59:59+02:00,850,770,12805,12051,18978,17612,21484,21195,25431,26119,28883,29905,20806,23784,15113,18907,4409,7666,8718,8433,14867,14285,17721,18002,21943,22912,26067,27392,19685,22514,14496,18092,4233,7340,211890,183876,31209,27717,55037,46716,8605,28,32
2021-07-20T23:59:59+02:00,820,745,12656,11917,18868,17527,21414,21119,25369,26053,28845,29854,20781,23751,15105,18891,4406,7663,8389,8122,14398,13946,17340,17730,21639,22683,25823,27206,19604,22405,14467,18057,4231,7334,211206,181721,31099,27554,55033,45838,8419,28,31
2021-07-19T23:59:59+02:00,791,718,12535,11798,18777,17454,21352,21060,25315,25999,28795,29817,20756,23722,15095,18877,4402,7657,8063,7868,14032,13691,16993,17481,21312,22481,25596,27064,19535,22329,14445,18035,4225,7328,210485,179680,30993,27395,55033,45128,8382,28,31
2021-07-18T23:59:59+02:00,773,699,12422,11690,18678,17375,21285,21007,25259,25946,28758,29763,20734,23702,15083,18866,4400,7655,7893,7715,13876,13568,16842,17359,21150,22368,25466,26982,19495,22289,14431,18019,4225,7325,209901,178743,30844,27291,55033,44762,8290,28,31
2021-07-17T23:59:59+02:00,773,699,12419,11690,18677,17372,21285,21007,25259,25946,28758,29763,20734,23702,15083,18866,4400,7655,7886,7714,13872,13563,16841,17358,21149,22367,25465,26980,19494,22289,14431,18019,4225,7325,209897,178723,30844,27290,55033,44761,8287,28,31
2021-07-16T23:59:59+02:00,766,694,12347,11636,18636,17340,21250,20980,25226,25923,28732,29744,20732,23699,15083,18864,4400,7655,7734,7613,13719,13492,16697,17299,21011,22308,25358,26932,19476,22270,14430,18013,4225,7322,209689,178275,30844,27217,55033,44369,8114,28,31
2021-07-15T23:59:59+02:00,751,674,12274,11566,18572,17282,21194,20932,25178,25882,28704,29716,20717,23682,15078,18855,4399,7652,7390,7298,13111,13086,16030,16876,20374,21938,24902,26620,19330,22130,14387,17967,4222,7315,209209,176043,30758,26319,55026,42597,8088,28,31
2021-07-14T23:59:59+02:00,722,654,12061,11429,18399,17172,21072,20834,25074,25778,28614,29615,20683,23649,15059,18839,4396,7649,6974,6943,12447,12633,15338,16387,19741,21480,24438,26277,19112,21904,14355,17919,4214,7304,208390,173219,30592,25981,55023,40651,7667,28,31
2021-07-13T23:59:59+02:00,678,619,11923,11297,18278,17089,20961,20739,24977,25682,28544,29549,20654,23610,15039,18829,4394,7639,6512,6520,11814,12132,14644,15882,19136,21068,23997,25950,18935,21689,14311,17857,4210,7295,207372,169554,30454,25810,55013,38987,7635,28,28
2021-07-12T23:59:59+02:00,644,588,11798,11159,18163,16999,20869,20632,24876,25582,28462,29482,20628,23576,15031,18817,4389,7632,6096,6105,11210,11596,14019,15344,18581,20576,23579,25588,18738,21499,14246,17799,4201,7291,206353,165867,30325,24983,55010,38030,7612,28,28
2021-07-11T23:59:59+02:00,608,561,11683,11067,18099,16937,20812,20575,24822,25535,28405,29434,20609,23556,15022,18808,4389,7631,5907,5937,10955,11394,13787,15144,18335,20387,23370,25403,18665,21417,14219,17773,4200,7285,205715,164477,30206,24516,55008,37606,7599,26,28
2021-07-10T23:59:59+02:00,607,560,11676,11066,18095,16935,20808,20574,24819,25534,28404,29434,20609,23556,15021,18806,4389,7631,5900,5936,10950,11387,13777,15140,18334,20385,23368,25401,18663,21416,14218,17773,4200,7285,205695,164447,30204,24515,55008,37599,7592,26,28
2021-07-09T23:59:59+02:00,579,537,11566,10941,18021,16851,20738,20513,24745,25458,28354,29389,20586,23536,15018,18796,4389,7630,5866,5903,10921,11353,13726,15119,18303,20353,23349,25379,18658,21406,14216,17770,4200,7284,204827,164212,30203,24465,55008,37564,7584,26,28
2021-07-08T23:59:59+02:00,544,509,11402,10806,17896,16746,20602,20411,24639,25330,28236,29311,20542,23486,15002,18767,4386,7622,5522,5646,10405,10957,13104,14669,17638,19793,22741,24913,18342,21015,14120,17687,4195,7274,204058,161902,30177,23657,54979,35478,6998,26,27
2021-07-07T23:59:59+02:00,484,456,11233,10661,17813,16659,20532,20343,24566,25252,28175,29247,20514,23450,14997,18755,4384,7614,5215,5353,9877,10505,12524,14188,16957,19272,22175,24414,18028,20650,14018,17590,4188,7251,203044,159440,30153,22191,54962,33632,6951,26,27
2021-07-06T23:59:59+02:00,443,422,11109,10511,17702,16566,20439,20240,24487,25159,28084,29168,20488,23411,14988,18738,4382,7611,4816,4924,9278,9990,11811,13586,16248,18658,21660,23919,17709,20345,13917,17474,4179,7241,201910,155250,30146,21250,54953,32337,6914,26,27
2021-07-05T23:59:59+02:00,421,395,11019,10422,17611,16495,20358,20168,24426,25108,28043,29131,20464,23390,14976,18730,4381,7608,4528,4603,8780,9539,11251,13032,15539,18014,21039,23310,17316,19949,13784,17316,4171,7233,201169,151355,30143,20569,54944,30607,6865,26,27
2021-07-04T23:59:59+02:00,408,389,10943,10367,17546,16441,20308,20118,24395,25072,28027,29113,20455,23379,14971,18727,4380,7607,4382,4512,8652,9373,11059,12857,15297,17804,20773,23038,17043,19658,13724,17224,4167,7229,200689,150040,30137,20264,54943,29628,6852,26,27
2021-07-03T23:59:59+02:00,406,388,10936,10356,17536,16435,20306,20115,24393,25072,28024,29112,20455,23378,14971,18727,4380,7607,4378,4505,8645,9369,11056,12857,15293,17804,20770,23035,17043,19655,13724,17224,4167,7229,200661,150027,30135,20264,54943,29622,6833,26,27
2021-07-02T23:59:59+02:00,363,325,10791,10246,17420,16333,20202,20039,24320,25007,27961,29053,20429,23352,14965,18713,4380,7604,4291,4424,8483,9232,10920,12745,15170,17697,20659,22931,17001,19625,13717,17209,4167,7226,199776,149038,30135,20263,54943,29564,6624,26,27
2021-07-01T23:59:59+02:00,316,282,10657,10111,17293,16239,20080,19950,24236,24932,27897,29001,20409,23328,14949,18698,4377,7600,4087,4223,8183,8894,10551,12334,14601,17197,20150,22393,16713,19326,13509,16995,4157,7204,198703,145980,30077,19579,54937,28335,6613,26,27
2021-06-30T23:59:59+02:00,233,220,10402,9872,17119,16088,19946,19819,24120,24808,27818,28913,20387,23296,14930,18680,4376,7599,3890,4027,7881,8557,10143,11872,14112,16641,19577,21759,16391,18983,13236,16717,4144,7177,197052,142302,30022,19328,54929,26868,6598,26,27
2021-06-29T23:59:59+02:00,189,183,10254,9696,16983,15993,19843,19726,24051,24732,27760,28845,20360,23269,14916,18660,4376,7595,3688,3767,7481,8105,9669,11334,13458,15970,18963,21055,16073,18656,12989,16427,4137,7163,195900,138014,30017,19029,54925,25315,6565,25,27
2021-06-28T23:59:59+02:00,140,131,10061,9514,16856,15887,19739,19622,23957,24638,27692,28783,20330,23239,14902,18642,4374,7593,3487,3513,7080,7661,9233,10841,12909,15432,18465,20537,15822,18390,12870,16294,4131,7152,194718,134177,29904,18606,54922,24488,6532,25,27
2021-06-27T23:59:59+02:00,122,114,9922,9402,16796,15827,19678,19571,23899,24588,27665,28758,20317,23223,14899,18638,4373,7590,3396,3446,6903,7466,9043,10642,12680,15192,18203,20278,15699,18285,12805,16207,4131,7148,194084,132984,29844,18258,54916,23754,6514,25,27
2021-06-26T23:59:59+02:00,122,114,9921,9398,16794,15823,19675,19570,23897,24587,27665,28758,20317,23223,14899,18638,4373,7590,3394,3446,6900,7465,9040,10641,12677,15189,18201,20277,15696,18284,12805,16205,4131,7148,194067,132964,29843,18258,54916,23749,6514,25,27
2021-06-25T23:59:59+02:00,118,111,9874,9358,16756,15790,19641,19540,23861,24559,27641,28740,20311,23216,14897,18635,4373,7590,3373,3400,6826,7355,8943,10486,12562,14993,18056,20069,15672,18255,12797,16202,4130,7147,193748,132782,29809,17904,54916,23052,6514,25,27
2021-06-24T23:59:59+02:00,108,100,9745,9235,16570,15662,19506,19416,23739,24470,27583,28679,20297,23200,14890,18626,4372,7588,3246,3255,6608,7025,8631,10032,12028,14370,17502,19362,15447,18023,12650,16071,4127,7135,192908,130380,29464,17044,54915,21598,6475,25,27
2021-06-23T23:59:59+02:00,102,95,9616,9097,16427,15537,19389,19312,23642,24365,27517,28632,20282,23178,14886,18621,4369,7587,3041,3018,6254,6542,8130,9464,11324,13546,16739,18381,15151,17682,12500,15929,4117,7110,191990,125826,29297,16071,54904,20578,6438,25,27
2021-06-22T23:59:59+02:00,71,69,9327,8792,16194,15335,19203,19160,23498,24240,27445,28548,20258,23153,14878,18602,4365,7581,2807,2735,5769,5993,7506,8701,10411,12504,15719,17179,14855,17324,12393,15805,4104,7087,190302,119395,29089,15579,54900,19503,6405,23,22
2021-06-21T23:59:59+02:00,67,62,9201,8635,16022,15185,19013,19007,23368,24117,27384,28469,20234,23125,14873,18592,4365,7577,2661,2546,5388,5528,7043,8116,9681,11626,14989,16245,14576,17011,12286,15684,4099,7070,189106,114691,28867,15019,54897,18426,6403,23,22
2021-06-20T23:59:59+02:00,64,61,9064,8506,15885,15067,18902,18919,23295,24046,27344,28418,20223,23104,14862,18585,4362,7576,2602,2478,5216,5346,6829,7850,9374,11294,14623,15842,14441,16877,12246,15647,4094,7064,188216,112986,28749,14786,54896,17642,6399,23,22
2021-06-19T23:59:59+02:00,64,61,9063,8501,15882,15058,18900,18919,23293,24045,27344,28417,20223,23104,14862,18585,4362,7576,2599,2477,5215,5341,6828,7849,9374,11293,14621,15838,14439,16877,12246,15647,4094,7064,188195,112968,28747,14784,54895,17641,6399,23,22
2021-06-18T23:59:59+02:00,64,57,9032,8489,15869,15049,18885,18911,23286,24036,27338,28412,20223,23101,14861,18585,4362,7576,2570,2444,5160,5282,6750,7749,9275,11137,14450,15610,14360,16776,12235,15625,4092,7061,188074,112183,28746,14783,54894,17201,6399,23,22
2021-06-17T23:59:59+02:00,57,54,8850,8327,15633,14881,18686,18753,23130,23905,27202,28319,20199,23080,14854,18573,4360,7573,2430,2296,4835,4982,6363,7346,8727,10534,13622,14738,14123,16483,12162,15503,4088,7050,186734,109318,28741,13826,54887,16077,6051,23,22
2021-06-16T23:59:59+02:00,49,52,8624,8111,15402,14654,18475,18553,22939,23736,27096,28209,20170,23037,14840,18553,4356,7567,2315,2187,4594,4779,6010,7003,8199,10049,12904,13899,13773,16100,12077,15414,4083,7038,184950,105867,28641,13026,54884,15596,5925,23,22
2021-06-15T23:59:59+02:00,40,39,8279,7777,15025,14295,18153,18265,22687,23525,26937,28076,20140,23003,14827,18537,4354,7556,2133,2017,4243,4431,5504,6441,7318,9158,11711,12622,13232,15482,11956,15251,4068,7015,182353,99628,28605,12361,54882,14931,5652,23,22
2021-06-14T23:59:59+02:00,34,34,8100,7608,14766,14062,17950,18092,22536,23404,26825,27994,20119,22970,14814,18529,4350,7548,2018,1892,3986,4181,5119,5971,6660,8436,10786,11567,12916,15134,11885,15157,4058,6996,180771,94790,28581,12001,54880,14479,5480,23,22
2021-06-13T23:59:59+02:00,34,34,8026,7552,14682,13973,17834,17981,22455,23325,26796,27964,20106,22959,14810,18523,4350,7548,1974,1865,3904,4084,5001,5831,6427,8196,10491,11233,12759,14956,11827,15101,4057,6995,180013,93409,28571,11709,54876,14100,5469,23,22
2021-06-12T23:59:59+02:00,34,34,8025,7551,14682,13972,17834,17981,22453,23324,26795,27961,20106,22958,14810,18523,4350,7548,1973,1863,3902,4084,4999,5830,6424,8192,10488,11227,12756,14955,11827,15099,4057,6995,180002,93388,28571,11709,54876,14091,5469,23,22
2021-06-11T23:59:59+02:00,34,33,7959,7510,14593,13925,17758,17931,22384,23290,26751,27938,20104,22954,14810,18522,4350,7548,1957,1851,3866,4026,4956,5763,6363,8110,10388,11122,12716,14920,11816,15093,4057,6995,179665,93170,28494,11703,54875,13775,5337,23,22
2021-06-10T23:59:59+02:00,29,26,7620,7214,14198,13561,17325,17556,22053,23009,26555,27757,20060,22909,14797,18504,4347,7536,1856,1769,3650,3861,4681,5488,6038,7741,9769,10511,12196,14260,11747,14985,4049,6988,177068,90005,28000,11323,54863,13145,5102,23,20
2021-06-09T23:59:59+02:00,28,23,7253,6866,13738,13125,16810,17090,21663,22640,26340,27543,19987,22839,14779,18469,4344,7528,1690,1654,3455,3682,4426,5220,5651,7333,8992,9792,11531,13424,11628,14845,4039,6976,173826,85751,27458,10688,54851,12978,4907,23,20
2021-06-08T23:59:59+02:00,23,19,6878,6463,13225,12636,16343,16621,21306,22300,26124,27340,19930,22760,14748,18434,4341,7521,1598,1579,3235,3451,4107,4869,5144,6845,8106,8870,10646,12347,11484,14687,4035,6961,170416,80096,26968,10392,54842,12700,4763,23,19
2021-06-07T23:59:59+02:00,20,16,6602,6178,12791,12262,15945,16222,20979,22003,25962,27184,19893,22706,14727,18414,4334,7515,1537,1508,3043,3279,3832,4640,4742,6468,7392,8116,9734,11200,11372,14541,4024,6943,167852,75352,26547,10020,54822,12477,4509,23,19
2021-06-06T23:59:59+02:00,20,16,6461,6047,12649,12109,15783,16065,20815,21841,25876,27097,19873,22669,14716,18404,4333,7511,1522,1486,2970,3238,3738,4574,4636,6389,7250,7987,9477,10931,11326,14491,4021,6938,166627,74670,26443,9596,54801,12304,4391,23,19
2021-06-05T23:59:59+02:00,20,16,6452,6043,12635,12096,15773,16056,20812,21836,25876,27094,19873,22669,14716,18404,4333,7511,1520,1484,2967,3237,3737,4573,4633,6389,7245,7982,9470,10926,11326,14491,4021,6938,166568,74641,26432,9594,54801,12300,4391,23,19
2021-06-04T23:59:59+02:00,20,16,6420,6003,12576,12047,15713,16007,20784,21805,25857,27077,19869,22663,14713,18404,4333,7511,1519,1478,2955,3225,3718,4559,4623,6375,7208,7939,9438,10856,11288,14450,4020,6937,166470,74365,26174,9581,54777,12255,4374,23,19
2021-06-03T23:59:59+02:00,20,15,6186,5781,12275,11797,15390,15697,20452,21467,25600,26865,19823,22589,14693,18384,4332,7507,1477,1435,2881,3159,3621,4481,4514,6276,7008,7758,9061,10408,11236,14376,4020,6932,163988,73067,25927,9286,54775,12116,4160,23,19
2021-06-02T23:59:59+02:00,20,15,6123,5720,12204,11732,15317,15630,20380,21406,25583,26841,19819,22586,14690,18381,4331,7506,1463,1424,2864,3146,3604,4466,4479,6259,6973,7720,8980,10298,11227,14351,4019,6931,163637,72703,25743,9277,54774,12106,4107,23,16
2021-06-01T23:59:59+02:00,16,15,5669,5225,11469,11033,14491,14898,19661,20742,25173,26459,19729,22496,14656,18334,4323,7498,1349,1316,2566,2876,3225,4132,3991,5800,6145,6917,7790,8673,10983,14004,4005,6914,158601,67296,25093,8370,54746,11587,3424,23,14
2021-05-31T23:59:59+02:00,14,15,5420,4928,11027,10607,13964,14404,19183,20245,24866,26119,19636,22410,14617,18288,4314,7482,1289,1261,2412,2741,3022,3962,3706,5507,5587,6385,6774,7387,10739,13684,3996,6880,155139,63258,24398,7447,54741,11380,3238,23,14
2021-05-30T23:59:59+02:00,14,15,5341,4852,10842,10485,13799,14226,18834,19923,24623,25870,19605,22380,14609,18268,4313,7480,1269,1247,2385,2708,2974,3916,3638,5451,5484,6296,6601,7157,10702,13609,3994,6870,153644,62521,23894,7385,54714,11182,3204,23,14
2021-05-29T23:59:59+02:00,14,15,5338,4852,10842,10481,13794,14223,18834,19922,24622,25868,19605,22380,14609,18268,4313,7480,1268,1243,2384,2705,2972,3913,3638,5449,5483,6294,6596,7154,10702,13609,3994,6870,153626,62511,23894,7382,54713,11168,3204,23,14
2021-05-28T23:59:59+02:00,14,15,5322,4838,10821,10443,13769,14204,18817,19905,24614,25858,19604,22379,14607,18265,4313,7479,1263,1243,2383,2698,2971,3911,3632,5443,5469,6278,6580,7137,10693,13587,3993,6866,153441,62407,23892,7382,54709,11147,3202,23,14
2021-05-27T23:59:59+02:00,11,14,5030,4555,10298,9987,13182,13673,18127,19291,24032,25321,19505,22264,14574,18219,4302,7467,1099,1103,2099,2505,2672,3619,3337,5087,5138,5998,6280,6720,10464,13304,3988,6850,150179,60551,22899,7346,54603,10209,2148,23,13
2021-05-26T23:59:59+02:00,11,14,4767,4299,9860,9606,12664,13153,17513,18681,23398,24644,19380,22115,14527,18164,4296,7450,1020,1023,1940,2352,2472,3422,3075,4843,4750,5646,5723,6071,10091,12770,3972,6814,146076,57405,22139,7308,54481,9439,1823,23,13
2021-05-25T23:59:59+02:00,11,13,4552,4069,9449,9132,12203,12646,16975,18102,22877,24005,19248,21943,14496,18085,4287,7436,971,979,1878,2262,2363,3286,2903,4639,4404,5270,5140,5339,9639,12170,3956,6789,142028,53851,21304,7293,54353,9014,1821,23,13
2021-05-24T23:59:59+02:00,11,13,4440,3912,9239,8927,11999,12386,16673,17780,22548,23602,19172,21864,14481,18065,4285,7435,955,931,1818,2221,2289,3225,2817,4558,4282,5154,4995,5179,9548,12043,3953,6781,140523,53143,20343,7240,54176,8590,1767,23,13
2021-05-23T23:59:59+02:00,11,13,4429,3911,9233,8924,11987,12376,16662,17773,22532,23581,19167,21859,14480,18063,4285,7435,954,926,1816,2216,2284,3223,2810,4554,4275,5137,4987,5165,9541,12030,3952,6780,140416,53063,20340,7227,54175,8584,1767,23,13
2021-05-22T23:59:59+02:00,11,13,4425,3908,9229,8920,11979,12370,16658,17769,22530,23579,19167,21859,14480,18063,4285,7435,954,926,1815,2214,2281,3223,2809,4554,4275,5135,4985,5164,9540,12030,3952,6780,140387,53057,20340,7227,54163,8577,1767,23,13
2021-05-21T23:59:59+02:00,11,13,4394,3869,9157,8844,11906,12283,16567,17694,22467,23511,19147,21841,14476,18056,4285,7433,909,916,1783,2203,2249,3214,2779,4529,4227,5106,4961,5140,9527,12023,3951,6779,139730,52990,20340,7227,54144,8353,1717,23,13
2021-05-20T23:59:59+02:00,8,12,4140,3689,8710,8487,11423,11869,15896,17192,21886,22931,18962,21673,14444,18016,4280,7422,762,852,1527,2043,2006,3057,2537,4311,3976,4873,4804,4977,9412,11879,3943,6755,136331,52262,19966,7128,53727,7322,993,23,13
2021-05-19T23:59:59+02:00,8,12,3897,3448,8217,8024,10843,11324,15224,16485,21210,22208,18761,21442,14403,17966,4274,7404,713,806,1467,1963,1929,2957,2471,4185,3835,4715,4629,4764,9209,11649,3923,6726,130939,51185,19783,6995,53430,6777,975,23,13
2021-05-18T23:59:59+02:00,7,11,3608,3186,7670,7486,10114,10625,14263,15547,20267,21151,18500,21158,14348,17906,4268,7382,658,757,1413,1876,1854,2846,2341,4045,3659,4513,4357,4472,9006,11399,3910,6699,123893,49953,19687,6794,52991,6147,903,23,12
2021-05-17T23:59:59+02:00,7,11,3417,2979,7212,7017,9609,10084,13534,14758,19580,20351,18314,20896,14301,17840,4258,7367,602,702,1332,1813,1779,2765,2231,3970,3523,4400,4111,4241,8862,11186,3897,6670,118652,49151,19447,6581,52526,5457,887,23,12
2021-05-16T23:59:59+02:00,7,10,3287,2906,7005,6840,9406,9869,13280,14523,19351,20122,18237,20817,14287,17821,4257,7361,589,656,1293,1765,1734,2704,2194,3877,3458,4317,4020,4140,8841,11158,3895,6668,117029,49006,19207,6413,52244,4999,883,23,12
2021-05-15T23:59:59+02:00,7,10,3286,2903,6999,6832,9404,9863,13277,14521,19348,20112,18235,20816,14287,17821,4257,7361,589,656,1291,1764,1731,2703,2192,3877,3457,4317,4018,4138,8841,11158,3895,6668,116985,48998,19207,6412,52242,4995,882,23,12
2021-05-14T23:59:59+02:00,7,10,3245,2859,6886,6688,9274,9725,13127,14339,19176,19977,18211,20791,14286,17813,4256,7358,569,643,1270,1743,1702,2681,2158,3851,3413,4279,3968,4084,8834,11151,3895,6667,116579,48959,18458,6261,52158,4870,810,23,12
2021-05-13T23:59:59+02:00,7,10,3126,2697,6558,6369,8838,9327,12580,13858,18573,19380,18083,20647,14253,17777,4251,7356,537,618,1216,1687,1645,2607,2071,3745,3265,4159,3864,3947,8811,11131,3892,6663,113699,48863,17761,5871,51553,4461,655,22,10
2021-05-12T23:59:59+02:00,7,10,3099,2666,6525,6331,8789,9274,12441,13745,18389,19176,18050,20613,14245,17767,4251,7356,536,616,1215,1684,1640,2604,2062,3739,3251,4151,3851,3933,8803,11125,3892,6662,112987,48836,17536,5844,51535,4422,654,22,10
2021-05-11T23:59:59+02:00,5,10,2709,2409,5726,5835,7819,8463,11047,12578,16823,17701,17545,20050,14161,17662,4232,7333,500,557,1088,1579,1477,2448,1875,3560,3030,3889,3744,3819,8734,11032,3888,6657,105585,48605,16912,5648,49460,3486,130,21,10
2021-05-10T23:59:59+02:00,5,8,2522,2242,5253,5456,7127,7840,10020,11662,15529,16329,17166,19599,14098,17548,4224,7309,475,531,1046,1540,1434,2397,1816,3457,2910,3758,3662,3746,8695,10984,3884,6653,99781,48489,16003,5419,48003,2943,129,21,10
2021-05-09T23:59:59+02:00,5,8,2439,2211,5116,5372,6940,7721,9610,11325,14983,15802,17047,19459,14078,17520,4221,7304,459,513,1014,1483,1363,2313,1758,3335,2798,3604,3576,3654,8672,10952,3881,6650,98207,48404,15415,5149,47391,2337,127,21,10
2021-05-08T23:59:59+02:00,5,8,2435,2210,5115,5372,6940,7719,9606,11321,14982,15801,17047,19459,14078,17520,4221,7304,458,512,1013,1483,1363,2312,1758,3335,2797,3603,3574,3654,8672,10952,3881,6650,98192,48399,15414,5149,47389,2334,127,21,10
2021-05-07T23:59:59+02:00,5,8,2263,2148,4844,5277,6576,7566,9157,11107,14539,15481,16870,19257,14066,17491,4221,7302,446,510,1002,1471,1348,2297,1723,3325,2748,3568,3528,3614,8593,10871,3881,6647,97486,48376,14896,4800,45653,2266,122,21,10
2021-05-06T23:59:59+02:00,5,8,2029,2016,4295,4930,5923,7191,8389,10549,13565,14659,16472,18806,14017,17397,4209,7289,417,462,961,1371,1261,2134,1617,3101,2527,3285,3351,3414,8414,10678,3872,6633,94907,47936,13659,4194,43110,1307,53,20,10
2021-05-05T23:59:59+02:00,5,8,1906,1906,4013,4707,5492,6820,7694,9960,12449,13601,15795,17969,13913,17296,4200,7265,409,450,948,1344,1233,2092,1582,3025,2467,3201,3300,3374,8335,10581,3866,6623,90496,47805,12337,4045,42108,934,38,20,10
2021-05-04T23:59:59+02:00,5,8,1819,1820,3746,4471,5085,6464,7032,9385,11229,12358,14876,16841,13804,17159,4196,7251,404,440,929,1324,1215,2050,1564,2987,2423,3146,3256,3327,8246,10470,3860,6609,84686,47667,11699,3845,41120,705,25,19,10
2021-05-03T23:59:59+02:00,4,8,1767,1767,3594,4345,4854,6252,6648,9054,10500,11622,14150,15862,13716,17044,4187,7234,398,430,925,1310,1201,2017,1543,2945,2390,3101,3203,3287,8131,10368,3855,6603,80253,47539,11495,3624,40820,516,21,19,9
2021-05-02T23:59:59+02:00,4,8,1757,1748,3520,4320,4771,6199,6578,8994,10382,11507,13963,15668,13684,17017,4186,7229,396,422,919,1295,1197,2000,1540,2932,2374,3084,3188,3270,8094,10336,3854,6599,79693,47520,11219,3526,40588,431,16,19,9
2021-05-01T23:59:59+02:00,4,8,1754,1748,3519,4319,4770,6198,6575,8993,10377,11503,13960,15668,13683,17016,4186,7226,395,422,919,1295,1196,1999,1540,2932,2374,3084,3188,3270,8094,10336,3854,6598,79667,47517,11219,3526,40587,431,15,19,9
2021-04-30T23:59:59+02:00,4,8,1752,1741,3513,4310,4763,6186,6554,8978,10339,11465,13909,15594,13657,16985,4185,7225,395,420,917,1293,1196,1999,1540,2932,2372,3083,3188,3268,8093,10334,3854,6598,79340,47510,11219,3525,40577,426,14,18,9
2021-04-29T23:59:59+02:00,4,7,1627,1700,3272,4195,4487,6032,6237,8727,9923,11073,13325,14890,13553,16829,4179,7217,386,409,908,1272,1176,1965,1515,2896,2343,3035,3174,3257,8080,10316,3851,6594,76553,47394,10834,3523,39861,240,13,16,9
2021-04-28T23:59:59+02:00,4,7,1502,1653,3099,4095,4252,5852,5880,8453,9335,10581,12448,13707,13396,16620,4170,7203,377,399,891,1259,1160,1936,1478,2852,2273,2966,3021,3124,7967,10200,3844,6583,72055,46976,10648,3110,39527,226,11,16,9
2021-04-27T23:59:59+02:00,4,7,1464,1610,2990,3975,4048,5710,5573,8194,8715,9911,11410,12395,13166,16263,4159,7181,365,384,882,1238,1145,1901,1451,2779,2227,2905,2982,3079,7940,10168,3837,6578,67247,46761,10460,2936,39042,146,11,15,9
2021-04-26T23:59:59+02:00,4,7,1439,1576,2877,3897,3876,5566,5262,7980,8223,9469,10655,11468,13022,16059,4148,7163,364,379,872,1228,1128,1890,1421,2758,2198,2874,2932,3027,7890,10118,3831,6573,63831,46658,10270,2682,38564,125,11,15,9
2021-04-25T23:59:59+02:00,4,7,1428,1570,2810,3866,3779,5507,5125,7933,8028,9364,10459,11234,12985,16005,4147,7158,363,374,863,1222,1110,1876,1406,2739,2175,2847,2890,2994,7842,10070,3830,6568,63328,46578,10069,2474,37987,99,11,14,9
2021-04-24T23:59:59+02:00,4,7,1427,1570,2810,3864,3778,5506,5123,7931,8024,9360,10452,11231,12985,16005,4147,7158,363,374,863,1222,1110,1873,1404,2738,2174,2847,2890,2994,7842,10070,3830,6568,63302,46573,10069,2473,37986,98,11,14,9
2021-04-23T23:59:59+02:00,4,7,1410,1559,2743,3829,3695,5476,5005,7883,7890,9300,10366,11120,12961,15964,4145,7154,362,374,862,1219,1110,1873,1403,2738,2174,2847,2890,2994,7841,10070,3830,6568,63171,46568,9788,2472,37527,97,11,14,9
2021-04-22T23:59:59+02:00,4,7,1368,1528,2635,3763,3535,5371,4772,7729,7537,9065,9793,10426,12694,15665,4139,7130,356,373,854,1210,1100,1860,1392,2712,2147,2826,2854,2961,7751,9961,3818,6552,61544,46158,9129,2463,36463,88,11,14,9
2021-04-21T23:59:59+02:00,4,7,1335,1491,2555,3687,3416,5268,4554,7549,7127,8738,8903,9394,12279,15086,4126,7088,351,371,849,1193,1091,1839,1374,2682,2117,2798,2795,2905,7636,9796,3800,6524,58815,45677,8260,2338,35507,88,11,14,9
2021-04-20T23:59:59+02:00,4,7,1313,1465,2485,3612,3316,5171,4380,7366,6741,8406,8010,8266,11813,14496,4112,7074,345,366,837,1180,1081,1817,1350,2659,2084,2755,2734,2848,7486,9609,3768,6468,55960,44955,7495,2332,34559,83,10,13,9
2021-04-19T23:59:59+02:00,4,7,1296,1449,2449,3575,3255,5104,4273,7264,6502,8173,7376,7491,11560,14139,4101,7056,343,364,833,1170,1075,1805,1327,2646,2050,2728,2679,2804,7370,9443,3745,6429,54009,44396,7122,2318,33920,80,10,13,9
2021-04-18T23:59:59+02:00,4,6,1286,1437,2418,3551,3214,5083,4219,7208,6366,8044,7023,7103,11466,14036,4098,7044,343,363,831,1166,1074,1798,1325,2633,2044,2723,2673,2790,7343,9411,3743,6425,53491,44272,6664,2316,33428,80,10,13,9
2021-04-17T23:59:59+02:00,4,6,1285,1435,2418,3550,3213,5079,4214,7205,6359,8034,7008,7093,11464,14034,4098,7044,343,363,830,1165,1074,1798,1323,2632,2043,2721,2670,2788,7342,9411,3743,6425,53469,44259,6662,2315,33390,80,10,12,9
2021-04-16T23:59:59+02:00,4,6,1282,1434,2407,3542,3205,5071,4195,7187,6308,8001,6932,7008,11452,14020,4096,7042,343,362,826,1163,1072,1798,1321,2631,2040,2721,2669,2781,7340,9409,3742,6425,53413,44235,6425,2311,33332,80,10,12,9
2021-04-15T23:59:59+02:00,2,4,1246,1413,2353,3493,3110,5012,4034,7059,6052,7769,6388,6450,11202,13731,4081,7010,335,360,807,1143,1033,1739,1276,2559,1966,2626,2589,2712,7252,9322,3732,6408,52326,43646,6035,2125,32026,74,10,12,6
2021-04-14T23:59:59+02:00,2,4,1225,1399,2318,3466,3041,4950,3927,6954,5862,7561,5744,5747,10809,13240,4049,6960,328,357,795,1134,1016,1713,1245,2518,1914,2574,2512,2642,7103,9127,3713,6382,50918,42984,5829,2002,30490,74,9,12,6
2021-04-13T23:59:59+02:00,2,4,1211,1390,2286,3435,2985,4887,3816,6873,5615,7340,5209,5201,10467,12826,4026,6932,307,343,776,1105,994,1692,1222,2483,1878,2533,2446,2576,6984,8990,3677,6321,49899,42298,5625,1945,28960,71,9,12,6
2021-04-12T23:59:59+02:00,2,4,1196,1384,2260,3412,2935,4842,3688,6792,5405,7190,4881,4907,10217,12545,4017,6908,291,339,762,1101,977,1676,1208,2461,1828,2486,2368,2515,6869,8849,3663,6299,49434,41721,5426,1896,27707,64,7,11,6
2021-04-11T23:59:59+02:00,2,4,1190,1371,2240,3392,2902,4822,3628,6721,5261,7081,4649,4707,10032,12346,4011,6897,284,337,757,1093,967,1662,1197,2433,1805,2454,2315,2456,6785,8741,3649,6279,49351,41306,5189,1835,26701,63,6,9,6
2021-04-10T23:59:59+02:00,2,4,1190,1370,2237,3388,2900,4818,3622,6718,5251,7069,4643,4698,10024,12333,4011,6896,281,333,741,1086,954,1657,1173,2413,1734,2402,2227,2370,6726,8694,3648,6275,49296,41137,5187,1506,26676,61,6,9,6
2021-04-09T23:59:59+02:00,2,4,1187,1367,2230,3386,2892,4809,3613,6707,5222,7045,4618,4670,9998,12303,4010,6896,272,330,721,1076,938,1636,1139,2366,1642,2326,2007,2101,6571,8533,3626,6242,49222,40282,5182,1173,26540,61,6,9,6
2021-04-08T23:59:59+02:00,2,4,1163,1347,2176,3330,2806,4719,3472,6577,4986,6812,4228,4262,9451,11729,3991,6842,247,309,670,1016,880,1563,1066,2270,1507,2206,1730,1764,6106,7972,3538,6097,48760,37711,4653,1170,24469,50,6,9,6
2021-04-07T23:59:59+02:00,2,4,1153,1333,2142,3312,2764,4682,3383,6515,4823,6678,3936,3961,8888,11178,3974,6813,214,280,611,961,820,1494,1007,2209,1401,2107,1590,1589,5507,7272,3449,5940,48553,35228,4178,1166,22797,49,4,9,6
2021-04-06T23:59:59+02:00,2,4,1131,1316,2097,3287,2725,4650,3318,6468,4697,6585,3682,3706,8397,10668,3958,6782,206,275,582,941,795,1446,962,2152,1318,2020,1443,1400,4923,6479,3335,5734,48358,32800,3641,1158,21462,46,3,9,6
2021-04-05T23:59:59+02:00,2,4,1128,1311,2091,3284,2715,4648,3304,6453,4674,6567,3650,3679,8368,10630,3954,6780,203,262,575,926,776,1422,946,2116,1278,1980,1396,1337,4709,6209,3287,5677,48268,31890,3635,1156,21327,46,3,9,6
2021-04-04T23:59:59+02:00,2,4,1128,1311,2091,3283,2715,4647,3304,6453,4673,6566,3645,3677,8366,10628,3954,6780,203,262,574,926,776,1422,946,2116,1278,1979,1396,1337,4708,6209,3287,5677,48262,31887,3635,1156,21318,46,3,9,6
2021-04-03T23:59:59+02:00,2,4,1128,1311,2090,3283,2715,4647,3304,6453,4673,6566,3644,3675,8366,10626,3954,6780,203,262,574,925,776,1422,946,2116,1278,1979,1396,1337,4708,6209,3287,5677,48260,31886,3634,1156,21315,46,3,9,6
2021-04-02T23:59:59+02:00,2,4,1128,1311,2090,3281,2715,4646,3304,6450,4673,6564,3642,3671,8364,10625,3954,6780,203,262,574,925,776,1420,946,2116,1278,1978,1396,1335,4706,6208,3286,5677,48244,31878,3634,1155,21314,46,3,9,6
2021-04-01T23:59:59+02:00,1,4,1115,1276,2025,3161,2607,4446,3156,6201,4515,6325,3598,3635,8265,10519,3943,6763,198,253,570,916,765,1414,936,2102,1255,1962,1375,1308,4467,5889,3166,5512,47874,30891,3628,1151,20041,39,3,9,6
2021-03-31T23:59:59+02:00,1,4,1098,1246,1987,3062,2532,4303,3066,5988,4385,6095,3515,3553,8112,10322,3923,6728,190,250,563,905,761,1396,924,2082,1213,1929,1319,1245,3976,5288,3038,5276,47269,29161,3501,1151,19138,38,3,9,4
2021-03-30T23:59:59+02:00,1,3,1076,1212,1936,2878,2430,4078,2916,5630,4184,5706,3421,3458,7947,10117,3896,6674,186,245,554,895,750,1374,902,2062,1165,1884,1233,1161,3454,4572,2811,4941,46629,27004,3335,1151,17587,29,3,9,4
2021-03-29T23:59:59+02:00,1,3,1059,1169,1873,2748,2346,3921,2778,5376,4021,5431,3321,3358,7785,9887,3867,6626,185,240,548,884,740,1360,884,2038,1128,1856,1159,1072,2870,3890,2632,4647,45983,24965,3100,1145,16476,19,2,9,4
2021-03-28T23:59:59+02:00,1,3,1040,1137,1802,2586,2264,3717,2657,5081,3869,5154,3256,3292,7720,9823,3863,6620,185,240,546,881,739,1358,882,2032,1125,1853,1150,1060,2815,3822,2619,4620,45875,24768,2891,1142,15108,14,2,9,3
2021-03-27T23:59:59+01:00,1,3,1040,1137,1802,2585,2263,3716,2654,5081,3866,5154,3252,3292,7719,9823,3863,6620,185,240,545,881,739,1358,881,2032,1122,1853,1150,1060,2815,3822,2619,4620,45866,24763,2891,1142,15103,14,2,9,3
2021-03-26T23:59:59+01:00,1,3,1035,1114,1760,2470,2199,3558,2591,4871,3780,4930,3231,3275,7716,9818,3862,6619,185,239,545,881,738,1358,881,2032,1122,1850,1146,1059,2812,3814,2618,4617,45839,24740,2888,1142,14095,12,2,9,3
2021-03-25T23:59:59+01:00,1,3,1010,1083,1709,2367,2116,3389,2482,4642,3668,4733,3129,3183,7588,9684,3855,6605,183,236,540,879,731,1348,875,2014,1105,1826,1100,1015,2583,3466,2418,4324,45580,23487,2551,1142,13108,12,1,7,3
2021-03-24T23:59:59+01:00,1,3,987,1064,1689,2324,2085,3339,2447,4575,3624,4664,3042,3113,7459,9513,3836,6587,183,232,534,874,724,1338,863,1999,1086,1805,1060,973,2189,2920,2025,3805,45042,21456,2421,1140,12881,12,1,7,3
2021-03-23T23:59:59+01:00,1,3,977,1058,1671,2292,2061,3305,2414,4531,3584,4614,2975,3040,7364,9411,3818,6559,181,229,530,869,717,1326,849,1980,1049,1774,979,883,1826,2429,1673,3339,44530,19513,2410,1106,12731,12,1,6,3
2021-03-22T23:59:59+01:00,1,3,975,1049,1656,2275,2047,3287,2392,4503,3547,4572,2931,3006,7301,9341,3804,6542,178,226,529,858,701,1303,835,1966,1020,1747,931,811,1349,1855,1319,2850,44196,17415,2388,1049,12641,12,1,6,3
2021-03-21T23:59:59+01:00,1,3,975,1049,1655,2272,2047,3286,2388,4499,3535,4564,2917,2997,7253,9286,3798,6536,178,223,528,856,700,1299,833,1962,1009,1742,908,792,1271,1770,1263,2781,44050,17113,2385,988,12619,12,1,6,3
2021-03-20T23:59:59+01:00,1,3,974,1048,1654,2271,2047,3286,2388,4499,3533,4562,2916,2996,7253,9285,3798,6536,178,223,528,856,700,1299,833,1962,996,1727,873,764,1239,1747,1254,2779,44048,17110,2381,834,12614,12,1,6,3
2021-03-19T23:59:59+01:00,1,3,973,1040,1647,2257,2036,3282,2386,4493,3526,4555,2906,2985,7241,9267,3797,6533,178,221,527,856,700,1297,833,1961,989,1722,829,725,1176,1695,1244,2769,43985,17067,2377,641,12559,12,1,6,3
2021-03-18T23:59:59+01:00,1,3,935,1008,1572,2143,1912,3114,2237,4245,3296,4303,2753,2827,6939,8902,3731,6432,177,220,522,851,693,1290,824,1950,966,1706,811,703,1099,1587,1099,2563,42590,16484,2065,563,11691,12,1,6,3
2021-03-17T23:59:59+01:00,1,3,882,976,1501,2083,1849,3048,2172,4184,3201,4207,2618,2694,6512,8408,3666,6317,176,218,519,846,691,1286,820,1945,961,1698,782,684,964,1434,943,2348,40816,15739,2061,562,11438,12,1,6,3
2021-03-16T23:59:59+01:00,1,3,857,952,1467,2042,1811,2999,2118,4129,3106,4109,2484,2535,6036,7756,3575,6166,170,215,514,845,687,1279,815,1936,954,1685,777,671,876,1308,799,2182,38817,15135,2000,562,11322,12,1,6,3
2021-03-15T23:59:59+01:00,1,3,840,945,1449,2020,1773,2944,2080,4058,3005,4000,2350,2364,5548,7212,3502,6049,169,214,514,837,685,1270,811,1926,944,1669,766,661,806,1196,645,1979,37044,14553,1899,524,11194,12,0,6,3
2021-03-14T23:59:59+01:00,1,3,835,931,1425,1993,1749,2915,2049,3999,2942,3932,2171,2167,5362,6984,3471,6016,169,214,513,834,683,1259,810,1919,941,1660,748,652,790,1177,621,1924,36018,14408,1798,500,11123,3,0,6,3
2021-03-13T23:59:59+01:00,1,3,827,924,1403,1981,1733,2902,2022,3971,2868,3884,2099,2093,5313,6929,3469,6015,169,214,513,833,683,1259,809,1919,941,1660,748,652,790,1177,621,1924,35763,14406,1551,500,11117,3,0,6,3
2021-03-12T23:59:59+01:00,1,3,803,908,1357,1922,1670,2804,1923,3820,2710,3718,1902,1853,5127,6705,3437,5972,169,214,512,833,683,1259,808,1919,941,1659,740,649,777,1162,613,1921,34432,14354,1307,499,10890,3,0,6,3
2021-03-11T23:59:59+01:00,1,3,769,849,1289,1837,1586,2656,1839,3619,2547,3545,1637,1543,4759,6233,3300,5790,160,207,506,824,673,1250,793,1883,921,1618,610,587,708,1120,592,1889,32318,13848,1207,489,10271,2,0,6,2
2021-03-10T23:59:59+01:00,1,3,754,797,1266,1781,1553,2598,1789,3548,2465,3456,1565,1454,4286,5688,3181,5536,160,205,497,803,655,1237,784,1863,914,1602,541,572,675,1111,585,1884,30496,13697,1201,387,10018,2,0,6,2
2021-03-09T23:59:59+01:00,1,3,740,776,1245,1751,1526,2552,1749,3497,2391,3404,1471,1355,3727,4934,2986,5227,157,203,492,782,645,1213,770,1831,902,1574,537,570,673,1106,582,1878,28311,13636,1198,275,9820,2,0,6,2
2021-03-08T23:59:59+01:00,0,3,736,748,1231,1731,1508,2532,1721,3459,2351,3361,1378,1253,3053,4104,2746,4858,153,200,478,759,623,1180,751,1781,878,1537,533,568,673,1105,582,1878,25845,13628,1198,49,9724,0,0,6,2
2021-03-07T23:59:59+01:00,0,3,733,744,1222,1721,1500,2517,1710,3451,2340,3353,1365,1237,2950,3982,2723,4808,153,200,478,759,623,1180,751,1781,878,1537,533,568,673,1105,582,1878,25490,13628,1196,49,9667,0,0,6,2
2021-03-06T23:59:59+01:00,0,3,732,744,1221,1716,1497,2514,1706,3448,2336,3352,1362,1237,2950,3982,2723,4808,152,200,478,759,623,1180,751,1781,878,1537,533,568,673,1105,582,1878,25485,13627,1196,49,9644,0,0,6,2
2021-03-05T23:59:59+01:00,0,3,670,718,1195,1701,1476,2504,1681,3433,2307,3342,1357,1234,2942,3974,2720,4803,152,200,478,758,623,1179,751,1781,878,1535,532,568,673,1105,582,1878,25456,13622,1192,49,9406,0,0,6,2
2021-03-04T23:59:59+01:00,0,3,604,671,1128,1632,1420,2421,1640,3352,2232,3265,1307,1186,2721,3609,2535,4516,150,194,475,744,612,1167,740,1753,869,1522,522,557,661,1095,577,1869,24229,13457,1184,48,8823,0,0,6,2
2021-03-03T23:59:59+01:00,0,3,567,632,1061,1569,1323,2340,1539,3266,2107,3179,1262,1140,2347,3087,2179,4064,150,194,473,741,612,1167,739,1751,867,1521,519,554,659,1092,577,1867,22352,13434,1182,47,8127,0,0,4,2
2021-03-02T23:59:59+01:00,0,3,549,599,1023,1523,1267,2297,1481,3214,2010,3118,1178,1041,1980,2607,1789,3541,148,192,468,735,607,1156,729,1741,862,1500,510,545,648,1071,557,1834,20284,13254,1179,47,7753,0,0,4,2
2021-03-01T23:59:59+01:00,0,3,542,550,1005,1484,1221,2236,1435,3148,1955,3045,1133,967,1481,2013,1403,2997,146,192,468,735,607,1155,729,1738,861,1500,508,545,645,1062,553,1823,17995,13218,1176,47,7443,0,0,4,2
2021-02-28T23:59:59+01:00,0,3,535,536,988,1444,1195,2174,1407,3090,1900,2972,1112,945,1366,1872,1329,2909,146,192,467,734,607,1155,728,1736,860,1499,506,545,645,1062,553,1823,17515,13209,1173,47,7085,0,0,4,2
2021-02-27T23:59:59+01:00,0,3,535,534,987,1443,1195,2173,1407,3089,1900,2971,1112,945,1366,1871,1327,2909,145,192,466,733,604,1153,726,1734,858,1498,506,545,645,1062,553,1823,17512,13208,1173,33,7078,0,0,4,2
2021-02-26T23:59:59+01:00,0,3,392,483,856,1400,1112,2131,1340,3048,1841,2929,1107,939,1363,1870,1327,2908,145,192,466,733,604,1153,726,1733,858,1497,506,545,645,1062,553,1823,17501,13207,1173,32,6371,0,0,4,2
2021-02-25T23:59:59+01:00,0,3,302,429,760,1306,1028,2041,1241,2875,1702,2767,1069,907,1281,1745,1207,2716,138,182,454,720,588,1128,719,1708,838,1473,492,531,616,1030,539,1804,16900,12936,1173,22,5302,0,0,4,2
2021-02-24T23:59:59+01:00,0,2,256,384,687,1230,954,1953,1187,2757,1636,2649,1042,887,1158,1599,1049,2498,136,182,451,716,584,1127,718,1703,837,1469,487,526,608,1025,536,1792,16186,12876,1171,19,4567,0,0,4,2
2021-02-23T23:59:59+01:00,0,2,244,362,666,1172,925,1874,1140,2645,1561,2539,1016,859,1077,1471,906,2333,136,181,451,714,584,1127,718,1700,835,1468,486,523,606,1024,536,1791,15624,12865,1136,14,4028,0,0,4,1
2021-02-22T23:59:59+01:00,0,0,229,342,643,1142,893,1791,1090,2553,1474,2416,970,829,958,1327,719,2077,136,181,450,713,582,1126,717,1700,829,1466,485,522,605,1022,535,1789,14870,12853,1063,4,3516,0,0,4,1
2021-02-21T23:59:59+01:00,0,0,223,331,608,1075,843,1687,1047,2452,1394,2309,953,808,925,1275,667,2011,136,180,447,706,581,1122,717,1695,829,1465,484,522,604,1022,534,1788,14661,12827,1020,4,2923,0,0,4,1
2021-02-20T23:59:59+01:00,0,0,223,328,605,1074,841,1682,1043,2447,1379,2290,917,779,892,1252,659,2009,136,180,447,706,581,1122,717,1695,829,1465,484,521,603,1022,534,1788,14660,12826,860,4,2896,0,0,4,0
2021-02-19T23:59:59+01:00,0,0,213,320,595,1066,828,1667,1022,2430,1346,2247,672,676,749,1188,634,1992,136,180,447,705,581,1119,716,1693,826,1462,484,520,603,1021,533,1788,14182,12811,671,3,2788,0,0,4,0
2021-02-18T23:59:59+01:00,0,0,196,271,555,944,743,1440,892,2172,1096,1872,593,608,708,1146,614,1975,131,180,434,693,566,1102,710,1667,811,1434,481,517,602,1020,533,1788,14023,12666,571,3,1228,0,0,3,0
2021-02-17T23:59:59+01:00,0,0,190,231,535,895,706,1343,833,2004,1011,1740,571,588,708,1143,612,1972,124,178,423,683,558,1086,691,1636,798,1411,478,515,600,1017,533,1787,14006,12515,571,3,502,0,0,3,0
2021-02-16T23:59:59+01:00,0,0,183,228,527,879,691,1312,814,1966,978,1701,559,583,702,1141,611,1969,119,173,409,678,547,1070,678,1618,789,1397,472,509,593,1003,525,1756,13976,12334,571,2,294,0,0,3,0
2021-02-15T23:59:59+01:00,0,0,169,219,522,852,685,1278,800,1931,949,1654,558,580,700,1141,611,1969,116,172,402,668,536,1051,649,1591,775,1379,470,506,593,1003,525,1756,13973,12190,532,2,110,0,0,3,0
2021-02-14T23:59:59+01:00,0,0,164,211,519,839,684,1269,797,1922,931,1645,557,579,700,1138,610,1969,109,168,391,657,519,1033,631,1576,768,1366,470,504,591,1001,525,1756,13967,12063,530,2,34,0,0,3,0
2021-02-13T23:59:59+01:00,0,0,163,211,518,839,684,1269,797,1922,931,1645,557,579,700,1138,610,1969,109,168,390,657,519,1033,631,1576,768,1366,470,504,591,1001,525,1756,13966,12062,530,2,33,0,0,3,0
2021-02-12T23:59:59+01:00,0,0,162,210,513,838,683,1266,793,1921,929,1642,556,579,700,1138,610,1969,106,166,387,651,515,1027,617,1561,765,1349,468,503,580,981,520,1729,13959,11923,529,2,18,0,0,3,0
2021-02-11T23:59:59+01:00,0,0,160,209,509,831,676,1262,791,1918,923,1640,551,573,693,1132,605,1963,87,130,358,579,469,947,565,1444,721,1255,444,458,537,927,477,1631,13908,11028,517,1,8,0,0,3,0
2021-02-10T23:59:59+01:00,0,0,157,207,499,814,660,1247,779,1891,908,1616,543,567,682,1120,600,1953,78,118,329,519,442,840,523,1268,648,1098,395,408,470,810,428,1470,13783,9843,456,1,1,0,0,3,0
2021-02-09T23:59:59+01:00,0,0,156,201,491,776,644,1208,759,1830,897,1575,531,555,676,1105,591,1934,73,101,310,452,407,756,481,1164,583,998,364,354,427,723,395,1349,13670,8937,256,0,0,0,0,3,0
2021-02-08T23:59:59+01:00,0,0,152,197,474,751,622,1173,739,1780,877,1531,525,554,674,1099,587,1918,59,75,264,383,357,621,421,935,510,819,306,299,361,569,330,1143,13600,7452,50,0,0,0,0,3,0
2021-02-07T23:59:59+01:00,0,0,152,196,472,750,620,1172,738,1772,875,1529,524,554,674,1099,587,1917,58,67,246,348,338,576,405,903,490,784,306,292,359,562,328,1139,13578,7201,50,0,0,0,0,3,0
2021-02-06T23:59:59+01:00,0,0,152,196,472,750,620,1172,738,1772,875,1529,524,554,674,1099,587,1917,58,67,246,347,338,576,405,902,488,782,306,291,358,560,327,1139,13578,7190,50,0,0,0,0,3,0
2021-02-05T23:59:59+01:00,0,0,152,196,472,750,620,1172,738,1772,875,1528,524,554,673,1099,587,1917,56,67,244,345,331,572,397,880,479,762,296,286,347,536,310,1099,13576,7007,50,0,0,0,0,3,0
2021-02-04T23:59:59+01:00,0,0,146,191,468,742,613,1164,734,1758,869,1519,517,547,651,1074,578,1899,41,51,211,311,289,476,355,739,385,616,233,217,262,371,229,812,13418,5598,49,0,0,0,0,3,0
2021-02-03T23:59:59+01:00,0,0,144,190,462,735,605,1155,730,1746,861,1503,506,539,636,1061,571,1891,33,32,155,220,236,346,265,565,309,466,182,171,185,278,178,606,13284,4227,48,0,0,0,0,3,0
2021-02-02T23:59:59+01:00,0,0,144,187,460,734,605,1155,727,1740,854,1499,505,537,632,1058,570,1887,24,26,136,173,191,278,221,429,257,375,142,131,137,208,141,477,13244,3346,48,0,0,0,0,2,0
2021-02-01T23:59:59+01:00,0,0,142,187,459,733,600,1152,726,1732,852,1494,504,535,627,1055,569,1880,20,19,100,128,137,187,155,299,168,259,90,94,93,132,77,258,13197,2216,48,0,0,0,0,2,0
2021-01-31T23:59:59+01:00,0,0,141,187,459,730,597,1151,726,1728,852,1493,502,534,626,1053,569,1879,14,15,67,88,95,122,118,222,141,203,85,87,89,124,75,244,13178,1789,48,0,0,0,0,1,0
2021-01-30T23:59:59+01:00,0,0,141,187,458,730,595,1149,725,1727,852,1493,502,534,625,1053,569,1879,14,15,67,88,95,120,116,218,138,200,84,86,89,118,69,234,13177,1751,41,0,0,0,0,1,0
2021-01-29T23:59:59+01:00,0,0,141,187,458,728,594,1146,723,1725,850,1492,502,534,625,1053,569,1879,12,15,55,82,78,116,98,207,115,188,79,79,87,114,68,233,13172,1626,33,0,0,0,0,1,0
2021-01-28T23:59:59+01:00,0,0,134,183,445,711,577,1120,717,1698,828,1463,495,528,622,1050,566,1876,7,3,12,20,24,44,31,95,47,87,46,50,56,84,50,176,12987,832,25,0,0,0,0,1,0
2021-01-27T23:59:59+01:00,0,0,127,181,434,701,569,1111,701,1664,821,1439,492,526,618,1045,566,1871,3,1,4,12,10,23,13,40,23,30,13,17,24,34,21,55,12842,323,23,0,0,0,0,1,0
2021-01-26T23:59:59+01:00,0,0,121,177,420,689,556,1097,692,1641,810,1418,487,520,612,1028,558,1836,3,1,4,11,7,21,11,37,17,27,13,15,23,33,21,54,12647,298,14,0,0,0,0,1,0
2021-01-25T23:59:59+01:00,0,0,118,175,411,677,545,1078,665,1613,792,1401,485,516,610,1027,558,1836,2,1,3,9,7,16,6,28,12,21,9,6,13,22,11,35,12502,201,4,0,0,0,0,1,0
2021-01-24T23:59:59+01:00,0,0,111,172,401,667,531,1060,648,1600,779,1389,484,513,609,1027,558,1836,2,0,1,6,7,4,4,7,5,8,1,2,11,15,7,21,12380,101,4,0,0,0,0,1,0
2021-01-23T23:59:59+01:00,0,0,111,172,401,667,531,1060,648,1600,779,1389,484,513,609,1027,558,1836,1,0,1,6,7,4,4,7,5,8,1,2,11,15,7,21,12380,100,4,0,0,0,0,1,0
2021-01-22T23:59:59+01:00,0,0,108,170,394,661,528,1054,634,1585,773,1371,484,508,598,1006,551,1808,1,0,1,6,7,4,4,7,5,8,1,2,11,15,7,21,12230,100,3,0,0,0,0,0,0
2021-01-21T23:59:59+01:00,0,0,97,162,379,642,505,1020,604,1535,752,1328,467,473,566,967,515,1749,1,0,1,6,7,4,4,7,5,8,1,2,11,15,7,21,11758,100,3,0,0,0,0,0,0
2021-01-20T23:59:59+01:00,0,0,79,120,344,553,461,880,546,1300,664,1141,405,414,481,825,452,1526,1,0,1,5,7,4,4,7,5,8,1,2,11,15,7,21,10188,99,3,0,0,0,0,0,0
2021-01-19T23:59:59+01:00,0,0,74,106,316,475,420,792,504,1188,612,1038,381,377,444,746,422,1430,1,0,1,3,7,4,4,7,5,8,1,0,8,10,6,18,9322,83,3,0,0,0,0,0,0
2021-01-18T23:59:59+01:00,0,0,60,76,269,388,365,643,429,956,519,842,313,310,374,592,356,1222,1,0,1,3,7,4,4,7,5,8,1,0,8,10,6,18,7712,83,2,0,0,0,0,0,0
2021-01-17T23:59:59+01:00,0,0,59,67,250,353,343,590,410,913,495,803,310,301,372,585,353,1214,0,0,0,0,0,0,0,0,0,0,0,0,0,0,0,0,7416,0,2,0,0,0,0,0,0
2021-01-16T23:59:59+01:00,0,0,59,67,250,352,343,590,410,912,493,801,310,300,370,581,352,1214,0,0,0,0,0,0,0,0,0,0,0,0,0,0,0,0,7402,0,2,0,0,0,0,0,0
2021-01-15T23:59:59+01:00,0,0,57,67,249,349,337,584,399,889,482,776,296,294,352,552,329,1172,0,0,0,0,0,0,0,0,0,0,0,0,0,0,0,0,7182,0,2,0,0,0,0,0,0
2021-01-14T23:59:59+01:00,0,0,43,54,235,325,312,509,365,764,393,630,235,220,262,376,236,841,0,0,0,0,0,0,0,0,0,0,0,0,0,0,0,0,5800,0,0,0,0,0,0,0,0
2021-01-13T23:59:59+01:00,0,0,37,43,210,269,272,408,299,615,322,503,180,177,189,287,191,649,0,0,0,0,0,0,0,0,0,0,0,0,0,0,0,0,4651,0,0,0,0,0,0,0,0
2021-01-12T23:59:59+01:00,0,0,32,41,205,254,257,376,276,535,290,457,143,135,143,219,149,508,0,0,0,0,0,0,0,0,0,0,0,0,0,0,0,0,4020,0,0,0,0,0,0,0,0
2021-01-11T23:59:59+01:00,0,0,27,37,195,233,239,324,229,446,240,382,111,106,108,143,88,320,0,0,0,0,0,0,0,0,0,0,0,0,0,0,0,0,3228,0,0,0,0,0,0,0,0
2021-01-10T23:59:59+01:00,0,0,26,31,157,172,196,249,191,350,198,305,99,99,105,138,86,305,0,0,0,0,0,0,0,0,0,0,0,0,0,0,0,0,2707,0,0,0,0,0,0,0,0
2021-01-09T23:59:59+01:00,0,0,26,31,150,168,194,241,187,342,196,300,99,99,105,138,86,305,0,0,0,0,0,0,0,0,0,0,0,0,0,0,0,0,2667,0,0,0,0,0,0,0,0
2021-01-08T23:59:59+01:00,0,0,23,28,119,144,173,228,162,313,168,279,94,89,103,134,85,304,0,0,0,0,0,0,0,0,0,0,0,0,0,0,0,0,2446,0,0,0,0,0,0,0,0
2021-01-07T23:59:59+01:00,0,0,8,3,16,26,32,54,37,105,60,111,49,51,64,92,54,212,0,0,0,0,0,0,0,0,0,0,0,0,0,0,0,0,974,0,0,0,0,0,0,0,0
2021-01-06T23:59:59+01:00,0,0,3,1,5,13,10,22,13,39,20,31,14,14,27,38,23,65,0,0,0,0,0,0,0,0,0,0,0,0,0,0,0,0,338,0,0,0,0,0,0,0,0
2021-01-05T23:59:59+01:00,0,0,3,1,4,10,9,18,10,31,15,26,11,14,23,33,21,57,0,0,0,0,0,0,0,0,0,0,0,0,0,0,0,0,286,0,0,0,0,0,0,0,0
2021-01-04T23:59:59+01:00,0,0,2,1,2,7,9,10,4,15,8,16,5,3,12,19,8,31,0,0,0,0,0,0,0,0,0,0,0,0,0,0,0,0,152,0,0,0,0,0,0,0,0
2021-01-03T23:59:59+01:00,0,0,2,0,1,6,8,4,4,7,5,9,1,2,12,15,7,21,0,0,0,0,0,0,0,0,0,0,0,0,0,0,0,0,104,0,0,0,0,0,0,0,0
2021-01-02T23:59:59+01:00,0,0,2,0,1,6,8,4,4,7,5,9,1,2,12,15,7,21,0,0,0,0,0,0,0,0,0,0,0,0,0,0,0,0,104,0,0,0,0,0,0,0,0
2021-01-01T23:59:59+01:00,0,0,1,0,1,6,8,4,4,7,5,9,1,2,12,15,7,21,0,0,0,0,0,0,0,0,0,0,0,0,0,0,0,0,103,0,0,0,0,0,0,0,0
2020-12-31T23:59:59+01:00,0,0,1,0,1,5,8,4,4,7,5,9,1,2,12,15,7,21,0,0,0,0,0,0,0,0,0,0,0,0,0,0,0,0,102,0,0,0,0,0,0,0,0
2020-12-30T23:59:59+01:00,0,0,1,0,1,5,8,4,4,7,5,9,1,2,12,15,7,21,0,0,0,0,0,0,0,0,0,0,0,0,0,0,0,0,102,0,0,0,0,0,0,0,0
2020-12-29T23:59:59+01:00,0,0,1,0,1,3,8,4,4,7,5,9,1,0,9,10,6,18,0,0,0,0,0,0,0,0,0,0,0,0,0,0,0,0,86,0,0,0,0,0,0,0,0
2020-12-28T23:59:59+01:00,0,0,1,0,1,3,8,4,4,7,5,9,1,0,9,10,6,18,0,0,0,0,0,0,0,0,0,0,0,0,0,0,0,0,86,0,0,0,0,0,0,0,0
2020-12-27T23:59:59+01:00,0,0,1,0,1,3,8,4,4,7,5,9,1,0,9,10,6,18,0,0,0,0,0,0,0,0,0,0,0,0,0,0,0,0,86,0,0,0,0,0,0,0,0
