Datum,<15_m,<15_w,15-24_1_m,15-24_1_w,25-34_1_m,25-34_1_w,35-44_1_m,35-44_1_w,45-54_1_m,45-54_1_w,55-64_1_m,55-64_1_w,65-74_1_m,65-74_1_w,75-84_1_m,75-84_1_w,>84_1_m,>84_1_w,<24_2_m,<24_2_w,25-34_2_m,25-34_2_w,35-44_2_m,35-44_2_w,45-54_2_m,45-54_2_w,55-64_2_m,55-64_2_w,65-74_2_m,65-74_2_w,75-84_2_m,75-84_2_w,>84_2_m,>84_2_w,bp_1,bp_2,mo_1,mo_2,az_1,az_2,ja,unb_1,unb_2
2021-09-10T23:59:59+02:00,1656,1547,16028,14817,21403,19681,23404,23008,27144,27797,30329,31280,21365,24402,15239,19205,4332,7546,14309,13242,20023,18203,22151,21585,25837,26341,29126,30019,20708,23662,14796,18545,4191,7272,226669,213185,32438,31041,55093,52018,15962,23,33
2021-09-09T23:59:59+02:00,1611,1509,15950,14743,21345,19618,23355,22961,27088,27748,30300,31249,21356,24386,15225,19192,4330,7544,14232,13172,19954,18140,22086,21530,25789,26300,29091,29988,20692,23635,14779,18532,4189,7271,226162,212741,32408,30959,55093,52000,15826,23,33
2021-09-08T23:59:59+02:00,1573,1462,15828,14651,21282,19546,23303,22886,27038,27705,30260,31203,21339,24369,15216,19181,4329,7544,14143,13088,19874,18086,22021,21481,25742,26262,29057,29941,20673,23614,14775,18524,4188,7270,225641,212356,32337,30872,55093,51995,15623,23,33
2021-09-07T23:59:59+02:00,1561,1443,15780,14600,21234,19523,23268,22865,27014,27675,30245,31190,21328,24348,15210,19174,4327,7544,14075,13047,19814,18047,21981,21454,25709,26230,29030,29915,20663,23600,14771,18517,4187,7270,225425,212094,32332,30843,55093,51992,15458,23,33
2021-09-06T23:59:59+02:00,1548,1433,15729,14555,21214,19494,23247,22834,26989,27656,30228,31168,21318,24344,15205,19165,4327,7542,14044,13011,19794,18023,21953,21433,25689,26210,29016,29900,20653,23591,14768,18513,4187,7267,225169,211893,32332,30843,55093,51991,15381,23,33
2021-09-05T23:59:59+02:00,1528,1419,15700,14529,21199,19472,23238,22809,26981,27644,30223,31159,21313,24338,15200,19163,4327,7539,14006,12975,19767,17989,21930,21407,25671,26194,29003,29882,20649,23583,14766,18511,4187,7267,224965,211681,32325,30773,55092,51990,15378,23,33
2021-09-04T23:59:59+02:00,1528,1419,15692,14526,21186,19467,23231,22805,26976,27638,30217,31155,21312,24335,15200,19162,4327,7539,13998,12972,19754,17984,21923,21403,25666,26188,28997,29878,20648,23580,14766,18510,4187,7267,224964,211680,32325,30773,55092,51990,15313,23,33
2021-09-03T23:59:59+02:00,1525,1416,15675,14512,21155,19442,23203,22786,26952,27626,30204,31140,21305,24327,15200,19156,4327,7538,13982,12959,19730,17964,21901,21389,25649,26179,28983,29867,20642,23572,14766,18507,4186,7267,224895,211663,32323,30768,55092,51989,15158,23,33
2021-09-02T23:59:59+02:00,1509,1396,15603,14454,21111,19393,23167,22740,26911,27585,30167,31115,21292,24317,15194,19142,4325,7532,13888,12896,19689,17909,21857,21347,25608,26135,28944,29840,20630,23561,14759,18493,4185,7262,224478,211213,32318,30763,55090,51970,15046,23,33
2021-09-01T23:59:59+02:00,1458,1340,15465,14304,21000,19299,23096,22685,26845,27515,30117,31065,21274,24292,15186,19128,4322,7527,13747,12778,19571,17818,21774,21280,25553,26066,28894,29777,20605,23531,14747,18478,4181,7256,223718,210640,32291,30577,55089,51958,14799,23,33
2021-08-31T23:59:59+02:00,1435,1325,15404,14233,20941,19245,23055,22645,26797,27476,30084,31033,21263,24280,15180,19120,4322,7526,13674,12713,19523,17776,21743,21246,25521,26043,28867,29751,20599,23520,14744,18470,4180,7255,223278,210301,32291,30577,55088,51953,14686,23,33
2021-08-30T23:59:59+02:00,1412,1306,15334,14189,20897,19189,23023,22607,26762,27443,30052,31004,21251,24272,15176,19111,4320,7519,13617,12671,19481,17728,21711,21221,25492,26005,28833,29726,20588,23506,14734,18461,4179,7252,222918,210000,32291,30577,55088,51951,14549,23,33
2021-08-29T23:59:59+02:00,1396,1295,15291,14145,20859,19160,22999,22583,26744,27420,30035,30989,21247,24263,15176,19109,4320,7518,13565,12627,19458,17704,21682,21201,25472,25986,28820,29709,20580,23498,14731,18457,4177,7251,222637,209733,32290,30575,55088,51950,14513,23,33
2021-08-28T23:59:59+02:00,1396,1295,15283,14142,20847,19153,22993,22579,26741,27411,30032,30988,21246,24263,15176,19109,4320,7518,13557,12623,19446,17697,21675,21197,25469,25977,28817,29708,20579,23498,14731,18457,4177,7251,222636,209730,32290,30575,55088,51950,14457,23,33
2021-08-27T23:59:59+02:00,1387,1288,15251,14116,20820,19137,22962,22563,26717,27400,30016,30969,21240,24255,15172,19108,4317,7515,13528,12591,19409,17680,21647,21176,25441,25964,28800,29690,20573,23489,14728,18455,4176,7251,222503,209584,32290,30574,55087,51949,14332,23,33
2021-08-26T23:59:59+02:00,1374,1270,15207,14071,20774,19099,22931,22525,26684,27362,29984,30932,21225,24239,15165,19100,4314,7507,13460,12531,19334,17624,21590,21118,25385,25916,28761,29654,20560,23468,14719,18442,4175,7247,222214,209305,32271,30450,55085,51878,14172,23,33
2021-08-25T23:59:59+02:00,1328,1225,15061,13953,20664,19008,22853,22433,26608,27279,29926,30877,21205,24213,15155,19091,4310,7501,13337,12448,19246,17548,21526,21045,25317,25861,28717,29613,20534,23447,14711,18428,4174,7244,221372,208732,32256,30402,55085,51870,13957,22,31
2021-08-24T23:59:59+02:00,1304,1201,14997,13902,20622,18957,22798,22388,26572,27244,29898,30846,21189,24198,15149,19081,4309,7500,13240,12387,19186,17468,21489,20994,25273,25819,28688,29575,20516,23427,14704,18416,4172,7239,220959,208251,32226,30346,55085,51855,13865,22,26
2021-08-23T23:59:59+02:00,1286,1183,14931,13864,20584,18928,22770,22364,26537,27225,29873,30820,21170,24184,15144,19068,4308,7499,13124,12310,19124,17410,21437,20945,25233,25765,28643,29532,20497,23410,14697,18404,4169,7239,220655,207733,32210,30256,55085,51855,13768,22,26
2021-08-22T23:59:59+02:00,1276,1175,14915,13844,20567,18909,22758,22345,26522,27210,29857,30816,21163,24180,15142,19060,4306,7498,13064,12239,19070,17376,21407,20911,25211,25739,28617,29511,20489,23399,14696,18400,4169,7239,220481,207410,32192,30145,55085,51852,13765,22,26
2021-08-21T23:59:59+02:00,1276,1175,14907,13835,20555,18901,22748,22339,26518,27205,29846,30809,21163,24178,15142,19060,4306,7498,13055,12230,19059,17368,21399,20905,25205,25734,28607,29504,20488,23397,14696,18400,4169,7239,220476,207405,32192,30145,55085,51852,13688,22,26
2021-08-20T23:59:59+02:00,1269,1170,14880,13802,20523,18873,22725,22317,26492,27182,29829,30793,21160,24169,15140,19054,4306,7498,13037,12213,19037,17349,21382,20884,25190,25716,28589,29485,20484,23391,14695,18397,4169,7239,220291,207302,32192,30143,55085,51851,13594,22,26
2021-08-19T23:59:59+02:00,1251,1154,14821,13752,20485,18843,22693,22283,26470,27153,29803,30770,21149,24161,15138,19049,4305,7495,12905,12100,18945,17275,21296,20827,25120,25650,28529,29435,20463,23379,14689,18388,4167,7236,219985,206677,32162,30006,55085,51789,13523,22,26
2021-08-18T23:59:59+02:00,1229,1136,14738,13661,20371,18783,22621,22222,26407,27098,29745,30713,21124,24141,15132,19037,4303,7492,12773,11982,18811,17192,21203,20737,25035,25567,28448,29369,20431,23335,14679,18373,4166,7231,219579,206080,32144,29887,55084,51781,13126,22,26
2021-08-17T23:59:59+02:00,1218,1123,14698,13623,20329,18740,22586,22188,26375,27071,29728,30693,21112,24127,15121,19028,4299,7491,12665,11898,18731,17130,21130,20676,24984,25515,28411,29328,20412,23320,14670,18360,4164,7229,219301,205555,32111,29760,55084,51773,13034,22,25
2021-08-16T23:59:59+02:00,1205,1112,14651,13575,20293,18712,22557,22156,26355,27042,29694,30662,21100,24116,15114,19016,4297,7489,12573,11798,18642,17059,21061,20590,24918,25457,28344,29266,20389,23298,14660,18342,4163,7226,219035,204939,32109,29633,55084,51772,12898,22,25
2021-08-15T23:59:59+02:00,1195,1099,14614,13546,20265,18681,22531,22137,26342,27026,29684,30648,21095,24104,15109,19014,4296,7487,12506,11730,18588,17028,21013,20550,24882,25414,28326,29244,20379,23285,14656,18336,4161,7224,218811,204486,32109,29632,55084,51771,12849,22,25
2021-08-14T23:59:59+02:00,1195,1098,14607,13542,20256,18675,22522,22130,26328,27019,29679,30640,21092,24103,15108,19013,4296,7487,12499,11726,18579,17021,21003,20543,24868,25407,28321,29235,20376,23284,14655,18335,4161,7224,218810,204484,32109,29631,55084,51771,12767,22,25
2021-08-13T23:59:59+02:00,1192,1095,14598,13532,20242,18665,22511,22125,26321,27009,29664,30632,21083,24098,15107,19013,4296,7487,12484,11712,18568,17013,20991,20535,24862,25391,28307,29230,20370,23277,14653,18335,4161,7223,218752,204416,32109,29631,55084,51771,12705,22,25
2021-08-12T23:59:59+02:00,1172,1073,14540,13479,20201,18625,22487,22093,26295,26980,29633,30610,21071,24079,15103,19007,4296,7482,12312,11569,18428,16905,20897,20448,24782,25306,28240,29174,20349,23245,14640,18323,4158,7217,218434,203622,32098,29439,55084,51701,12590,22,25
2021-08-11T23:59:59+02:00,1155,1051,14470,13417,20164,18573,22445,22053,26263,26955,29605,30573,21057,24062,15100,18996,4293,7478,12173,11430,18347,16818,20818,20374,24732,25234,28197,29112,20317,23218,14633,18312,4156,7212,218040,202726,32025,29434,55084,51696,12541,22,25
2021-08-10T23:59:59+02:00,1140,1034,14392,13347,20115,18529,22416,22012,26234,26926,29574,30545,21045,24053,15100,18988,4292,7476,12066,11318,18255,16750,20759,20311,24680,25178,28154,29060,20292,23190,14619,18294,4155,7206,217625,201984,31996,29412,55084,51671,12493,22,25
2021-08-09T23:59:59+02:00,1123,1015,14307,13285,20034,18475,22367,21964,26182,26882,29538,30512,21027,24036,15094,18979,4287,7474,11884,11159,18087,16655,20639,20229,24585,25082,28074,28986,20256,23151,14605,18282,4152,7197,217178,201007,31977,29303,55082,51577,12324,22,24
2021-08-08T23:59:59+02:00,1109,1008,14266,13248,20014,18441,22340,21944,26167,26862,29522,30498,21020,24030,15091,18975,4286,7473,11801,11071,18000,16574,20575,20173,24520,25036,28028,28942,20234,23128,14593,18271,4152,7193,216953,200352,31945,29229,55081,51558,12295,22,24
2021-08-07T23:59:59+02:00,1109,1008,14251,13242,20004,18436,22333,21939,26155,26848,29508,30486,21018,24026,15087,18970,4285,7473,11787,11066,17983,16569,20569,20167,24507,25021,28011,28930,20232,23124,14589,18266,4151,7193,216948,200338,31945,29228,55081,51558,12184,22,24
2021-08-06T23:59:59+02:00,1109,1007,14240,13230,19992,18417,22319,21925,26133,26839,29496,30475,21015,24022,15084,18967,4285,7473,11774,11052,17963,16549,20553,20151,24485,25012,27999,28919,20229,23120,14586,18264,4151,7193,216941,200313,31941,29228,55081,51557,12045,22,24
2021-08-05T23:59:59+02:00,1098,988,14170,13190,19943,18384,22276,21885,26098,26784,29468,30451,21002,24007,15076,18959,4283,7470,11600,10939,17852,16452,20440,20056,24378,24920,27929,28870,20204,23095,14575,18250,4148,7191,216633,199519,31902,29136,55079,51424,11898,22,24
2021-08-04T23:59:59+02:00,1084,972,14106,13121,19843,18302,22212,21829,26062,26743,29419,30404,20979,23989,15066,18946,4283,7467,11412,10766,17624,16317,20267,19928,24262,24796,27821,28774,20176,23062,14562,18238,4145,7189,216374,198477,31746,29077,55077,51181,11611,21,24
2021-08-03T23:59:59+02:00,1060,954,14036,13061,19809,18255,22178,21788,26028,26701,29385,30375,20963,23966,15056,18932,4280,7457,11227,10592,17452,16190,20128,19797,24115,24674,27701,28669,20133,23016,14544,18206,4143,7183,215999,197043,31720,29041,55077,51126,11469,21,24
2021-08-02T23:59:59+02:00,1036,934,13949,12993,19752,18197,22127,21748,25974,26641,29333,30325,20932,23935,15046,18912,4277,7455,11057,10422,17280,16062,19979,19682,23999,24557,27615,28568,20086,22963,14525,18187,4140,7173,215518,195852,31690,28984,55077,51050,11262,21,24
2021-08-01T23:59:59+02:00,1026,919,13889,12946,19717,18180,22108,21727,25950,26621,29314,30309,20923,23923,15042,18905,4277,7454,10914,10277,17119,15953,19830,19574,23855,24450,27508,28488,20072,22939,14517,18173,4140,7169,215284,194966,31643,28891,55077,50701,11206,21,24
2021-07-31T23:59:59+02:00,1026,919,13863,12937,19700,18172,22091,21716,25937,26610,29306,30298,20921,23918,15041,18904,4276,7454,10887,10265,17099,15940,19812,19561,23843,24438,27500,28477,20070,22934,14516,18172,4139,7169,215280,194947,31643,28891,55077,50701,11069,21,24
2021-07-30T23:59:59+02:00,1018,910,13804,12893,19655,18149,22062,21697,25907,26588,29278,30280,20914,23910,15035,18902,4274,7453,10800,10193,17034,15897,19753,19526,23776,24397,27451,28452,20055,22912,14507,18168,4136,7167,215102,194557,31642,28891,55077,50635,10888,21,24
2021-07-29T23:59:59+02:00,994,892,13697,12807,19589,18088,21990,21646,25856,26533,29227,30243,20896,23900,15028,18895,4274,7451,10535,9936,16737,15654,19461,19313,23475,24170,27200,28290,20000,22856,14495,18148,4136,7166,214659,192829,31570,28778,55077,49947,10680,21,24
2021-07-28T23:59:59+02:00,967,862,13566,12678,19467,17983,21905,21563,25775,26451,29151,30174,20873,23864,15015,18883,4272,7449,10243,9732,16476,15468,19201,19125,23246,23981,27044,28145,19951,22783,14476,18126,4133,7161,214013,191492,31536,28692,55071,49436,10258,21,24
2021-07-27T23:59:59+02:00,936,841,13446,12583,19404,17923,21840,21510,25710,26393,29111,30129,20858,23844,15010,18863,4271,7443,9987,9520,16226,15245,18975,18940,23054,23809,26880,28006,19909,22730,14454,18099,4127,7152,213418,189834,31482,28535,55070,49102,10126,20,24
2021-07-26T23:59:59+02:00,911,823,13344,12488,19351,17866,21767,21446,25661,26360,29056,30070,20830,23821,14992,18844,4271,7439,9750,9271,15994,15043,18727,18739,22828,23641,26728,27876,19838,22670,14426,18063,4122,7146,212817,188084,31411,28436,55069,48726,10024,20,24
2021-07-25T23:59:59+02:00,892,812,13266,12417,19271,17820,21710,21395,25621,26312,29019,30024,20813,23805,14986,18838,4268,7438,9563,9129,15793,14894,18526,18598,22659,23530,26579,27756,19788,22622,14410,18050,4119,7143,212515,187180,31351,28283,55069,48308,9753,20,24
2021-07-24T23:59:59+02:00,892,812,13256,12408,19261,17814,21701,21390,25606,26305,29014,30018,20809,23804,14985,18837,4268,7438,9553,9116,15784,14886,18515,18592,22642,23521,26573,27748,19785,22619,14409,18049,4119,7142,212511,187162,31351,28280,55069,48308,9668,20,24
2021-07-23T23:59:59+02:00,884,811,13193,12372,19183,17781,21663,21357,25569,26266,28981,29982,20795,23788,14977,18833,4266,7435,9505,9088,15702,14841,18462,18553,22589,23480,26529,27709,19770,22603,14402,18043,4117,7139,212387,187002,31350,28276,55069,48307,9311,20,24
2021-07-22T23:59:59+02:00,872,798,13096,12292,19126,17714,21615,21327,25520,26219,28957,29960,20783,23770,14975,18827,4263,7433,9186,8815,15299,14594,18097,18297,22255,23233,26324,27574,19713,22547,14389,18021,4114,7134,211921,185171,31266,28021,55066,47392,9275,20,24
2021-07-21T23:59:59+02:00,850,771,12895,12126,18978,17589,21483,21227,25413,26116,28880,29890,20741,23735,14958,18804,4259,7428,8802,8493,14863,14265,17720,18025,21899,22904,26051,27365,19620,22459,14363,17983,4111,7125,211300,183262,31156,27669,55062,46734,8606,20,24
2021-07-20T23:59:59+02:00,820,746,12749,11993,18871,17506,21414,21151,25352,26051,28843,29839,20716,23702,14950,18788,4256,7425,8473,8186,14398,13929,17337,17751,21599,22674,25808,27179,19538,22350,14334,17948,4109,7119,210627,181116,31048,27508,55058,45855,8420,20,23
2021-07-19T23:59:59+02:00,791,718,12627,11874,18779,17433,21356,21091,25297,25997,28792,29802,20691,23674,14940,18774,4252,7419,8142,7927,14031,13672,16990,17502,21275,22473,25581,27037,19469,22275,14312,17926,4103,7113,209906,179075,30942,27344,55058,45143,8382,20,23
2021-07-18T23:59:59+02:00,773,699,12516,11765,18678,17357,21293,21039,25241,25946,28754,29749,20669,23654,14929,18763,4250,7417,7972,7774,13874,13553,16838,17379,21114,22360,25451,26956,19429,22235,14298,17910,4103,7110,209331,178140,30794,27238,55058,44780,8290,20,23
2021-07-17T23:59:59+02:00,773,699,12512,11765,18677,17354,21293,21039,25241,25946,28754,29749,20669,23654,14929,18763,4250,7417,7964,7773,13870,13548,16837,17378,21113,22359,25450,26954,19428,22235,14298,17910,4103,7110,209327,178120,30794,27237,55058,44779,8286,20,23
2021-07-16T23:59:59+02:00,766,694,12438,11709,18638,17323,21256,21012,25208,25923,28728,29730,20667,23651,14929,18761,4250,7417,7814,7671,13717,13474,16694,17320,20975,22301,25343,26906,19410,22216,14297,17904,4103,7107,209117,177672,30794,27165,55057,44387,8113,20,23
2021-07-15T23:59:59+02:00,751,674,12367,11638,18575,17265,21201,20962,25160,25882,28699,29702,20652,23633,14924,18752,4249,7414,7471,7352,13110,13071,16025,16896,20340,21932,24889,26594,19264,22075,14254,17858,4100,7100,208635,175444,30708,26267,55050,42612,8088,20,23
2021-07-14T23:59:59+02:00,722,654,12156,11502,18403,17157,21080,20865,25057,25779,28609,29601,20618,23600,14905,18736,4246,7411,7053,6989,12444,12612,15337,16411,19706,21473,24427,26251,19046,21849,14222,17810,4092,7089,207826,172609,30540,25929,55047,40664,7669,20,23
2021-07-13T23:59:59+02:00,678,620,12016,11371,18282,17075,20967,20768,24961,25684,28539,29536,20589,23561,14885,18726,4244,7401,6586,6555,11809,12113,14643,15900,19104,21057,23988,25925,18867,21634,14178,17747,4088,7080,206810,168932,30403,25755,55036,38994,7635,20,20
2021-07-12T23:59:59+02:00,645,589,11892,11233,18165,16985,20876,20660,24857,25586,28456,29470,20562,23527,14877,18714,4239,7394,6170,6139,11210,11579,14024,15359,18550,20565,23572,25562,18671,21443,14114,17689,4079,7076,205792,165252,30272,24931,55032,38039,7612,20,20
2021-07-11T23:59:59+02:00,609,562,11775,11142,18098,16923,20818,20603,24803,25540,28399,29423,20543,23507,14868,18705,4239,7393,5975,5971,10952,11377,13792,15159,18303,20376,23363,25377,18599,21363,14087,17663,4078,7070,205153,163860,30151,24461,55030,37613,7599,18,20
2021-07-10T23:59:59+02:00,608,562,11768,11141,18095,16921,20815,20603,24800,25539,28398,29423,20543,23507,14867,18703,4239,7393,5968,5970,10950,11371,13783,15155,18302,20374,23361,25375,18597,21362,14086,17663,4078,7070,205135,163834,30150,24460,55030,37606,7593,18,20
2021-07-09T23:59:59+02:00,580,539,11658,11019,18020,16837,20745,20541,24726,25463,28349,29378,20520,23487,14864,18694,4239,7392,5935,5939,10920,11338,13733,15134,18271,20341,23342,25352,18592,21352,14084,17660,4078,7069,204269,163599,30150,24410,55030,37573,7585,18,20
2021-07-08T23:59:59+02:00,545,511,11495,10883,17898,16733,20615,20443,24619,25337,28232,29301,20476,23437,14848,18666,4236,7384,5580,5681,10407,10945,13113,14681,17609,19785,22734,24889,18275,20963,13988,17577,4073,7059,203507,161292,30125,23604,55005,35479,7005,18,20
2021-07-07T23:59:59+02:00,485,458,11330,10739,17816,16648,20546,20374,24546,25259,28170,29237,20448,23401,14843,18654,4234,7376,5269,5386,9882,10495,12534,14203,16929,19265,22169,24390,17963,20599,13886,17480,4066,7036,202502,158834,30103,22141,54986,33637,6956,18,20
2021-07-06T23:59:59+02:00,445,424,11205,10590,17702,16554,20454,20270,24468,25168,28080,29158,20422,23363,14834,18637,4232,7373,4868,4955,9271,9977,11822,13602,16222,18648,21652,23894,17644,20295,13786,17365,4057,7026,201370,154630,30097,21197,54977,32342,6918,18,20
2021-07-05T23:59:59+02:00,423,397,11113,10504,17615,16483,20373,20199,24407,25116,28039,29120,20398,23342,14822,18629,4231,7370,4575,4633,8776,9525,11260,13049,15512,18004,21031,23285,17250,19900,13653,17207,4049,7018,200633,150732,30093,20518,54968,30606,6870,18,20
2021-07-04T23:59:59+02:00,410,391,11037,10449,17548,16430,20323,20150,24375,25080,28023,29102,20389,23331,14816,18626,4230,7369,4430,4540,8645,9359,11068,12873,15272,17794,20766,23013,16978,19607,13593,17115,4045,7014,200150,149417,30089,20211,54967,29627,6856,18,20
2021-07-03T23:59:59+02:00,409,390,11030,10440,17538,16422,20321,20147,24373,25079,28020,29101,20389,23330,14816,18626,4230,7368,4426,4534,8638,9357,11065,12873,15268,17794,20763,23010,16978,19604,13593,17115,4045,7014,200118,149405,30088,20211,54967,29621,6839,18,20
2021-07-02T23:59:59+02:00,365,327,10883,10330,17424,16319,20219,20072,24300,25014,27957,29041,20363,23304,14810,18612,4230,7365,4337,4453,8479,9217,10930,12763,15145,17687,20651,22906,16937,19575,13586,17100,4045,7011,199230,148414,30088,20210,54967,29564,6633,18,20
2021-07-01T23:59:59+02:00,318,283,10746,10193,17295,16226,20096,19982,24216,24939,27894,28990,20343,23280,14794,18597,4227,7361,4133,4251,8181,8878,10559,12350,14576,17189,20143,22364,16649,19276,13378,16887,4035,6989,198152,145353,30029,19525,54961,28336,6621,18,20
2021-06-30T23:59:59+02:00,235,221,10492,9953,17127,16076,19964,19850,24101,24817,27813,28901,20320,23248,14775,18579,4226,7360,3937,4054,7878,8536,10147,11885,14087,16630,19569,21730,16327,18938,13105,16611,4022,6963,196509,141669,29972,19269,54953,26870,6607,18,20
2021-06-29T23:59:59+02:00,190,184,10344,9778,16992,15980,19860,19758,24033,24740,27755,28832,20294,23221,14761,18559,4226,7356,3733,3791,7480,8085,9673,11348,13432,15963,18955,21024,16010,18611,12857,16321,4015,6949,195356,137381,29967,18970,54949,25316,6575,17,20
2021-06-28T23:59:59+02:00,140,132,10146,9595,16871,15873,19756,19657,23940,24646,27687,28770,20264,23191,14747,18540,4224,7354,3529,3533,7080,7642,9240,10854,12881,15425,18458,20509,15760,18346,12738,16187,4009,6938,194177,133548,29853,18545,54946,24488,6541,17,20
2021-06-27T23:59:59+02:00,122,115,10008,9483,16814,15814,19696,19606,23882,24596,27660,28746,20251,23175,14744,18536,4223,7351,3436,3465,6904,7448,9051,10653,12651,15185,18195,20249,15640,18242,12673,16101,4009,6934,193549,132356,29794,18196,54940,23754,6523,17,20
2021-06-26T23:59:59+02:00,122,115,10006,9478,16813,15810,19694,19605,23879,24595,27660,28746,20251,23175,14744,18536,4223,7351,3433,3465,6902,7447,9048,10651,12648,15182,18193,20248,15637,18241,12673,16100,4009,6934,193531,132335,29793,18196,54940,23750,6523,17,20
2021-06-25T23:59:59+02:00,118,112,9959,9437,16776,15777,19661,19576,23843,24567,27636,28728,20245,23168,14742,18533,4223,7351,3413,3419,6828,7336,8952,10496,12534,14986,18048,20040,15614,18212,12665,16097,4008,6933,193214,132155,29759,17842,54940,23054,6523,17,20
2021-06-24T23:59:59+02:00,108,101,9831,9311,16588,15651,19529,19453,23720,24476,27579,28668,20231,23152,14735,18524,4222,7349,3287,3272,6615,7005,8640,10040,12002,14365,17493,19334,15389,17981,12520,15967,4005,6921,192375,129759,29414,16982,54939,21603,6484,17,20
2021-06-23T23:59:59+02:00,102,95,9702,9172,16448,15525,19412,19347,23623,24371,27514,28621,20216,23130,14731,18519,4219,7348,3080,3030,6262,6519,8137,9472,11302,13544,16731,18353,15092,17640,12369,15824,3995,6896,191455,125202,29247,16011,54928,20577,6448,17,20
2021-06-22T23:59:59+02:00,71,69,9411,8866,16219,15323,19226,19199,23479,24245,27443,28536,20193,23105,14723,18500,4215,7342,2846,2741,5777,5972,7514,8710,10394,12504,15705,17151,14797,17281,12262,15700,3982,6873,189770,118768,29040,15521,54924,19502,6416,15,14
2021-06-21T23:59:59+02:00,67,62,9283,8703,16047,15177,19038,19045,23348,24122,27382,28457,20169,23077,14718,18490,4215,7338,2701,2548,5394,5504,7048,8123,9663,11625,14974,16216,14519,16968,12155,15579,3977,6857,188573,114052,28815,14962,54921,18421,6414,15,14
2021-06-20T23:59:59+02:00,64,61,9147,8569,15911,15060,18926,18954,23274,24051,27342,28406,20158,23056,14707,18483,4212,7337,2643,2479,5223,5321,6833,7856,9355,11294,14607,15812,14384,16834,12115,15542,3972,6851,187677,112348,28695,14730,54921,17631,6410,15,14
2021-06-19T23:59:59+02:00,64,61,9147,8567,15909,15051,18924,18954,23272,24050,27342,28405,20158,23056,14707,18483,4212,7337,2639,2476,5221,5316,6832,7856,9355,11293,14605,15808,14382,16834,12115,15542,3972,6851,187661,112327,28693,14728,54920,17630,6410,15,14
2021-06-18T23:59:59+02:00,64,57,9119,8555,15895,15042,18909,18946,23265,24041,27335,28400,20158,23053,14706,18483,4212,7337,2610,2442,5166,5257,6754,7756,9256,11137,14433,15579,14303,16733,12104,15521,3970,6848,187541,111541,28692,14727,54919,17189,6410,15,14
2021-06-17T23:59:59+02:00,57,54,8944,8393,15660,14874,18711,18790,23109,23910,27199,28307,20134,23031,14699,18471,4210,7334,2473,2289,4839,4957,6367,7353,8706,10531,13602,14707,14066,16441,12031,15399,3966,6836,186213,108671,28687,13767,54911,16062,6061,15,14
2021-06-16T23:59:59+02:00,49,52,8714,8177,15424,14649,18499,18590,22919,23743,27093,28197,20105,22988,14685,18451,4206,7328,2359,2181,4597,4755,6014,7007,8181,10045,12884,13868,13716,16058,11946,15310,3961,6824,184425,105224,28588,12966,54908,15581,5933,15,14
2021-06-15T23:59:59+02:00,40,39,8365,7838,15044,14291,18178,18299,22670,23530,26934,28063,20075,22954,14672,18435,4204,7317,2175,2014,4245,4400,5506,6442,7300,9157,11690,12589,13176,15442,11824,15147,3946,6801,181816,98978,28552,12302,54907,14914,5658,15,14
2021-06-14T23:59:59+02:00,34,34,8184,7670,14788,14060,17975,18126,22519,23410,26822,27982,20054,22921,14659,18427,4200,7309,2060,1888,3990,4152,5118,5968,6644,8435,10763,11535,12859,15095,11752,15053,3936,6782,180236,94135,28528,11939,54905,14462,5490,15,14
2021-06-13T23:59:59+02:00,34,34,8107,7615,14707,13974,17858,18015,22438,23330,26792,27952,20041,22910,14655,18421,4200,7309,2012,1860,3907,4053,4998,5828,6412,8192,10470,11200,12702,14917,11694,14997,3935,6781,179478,92742,28519,11647,54901,14084,5479,15,14
2021-06-12T23:59:59+02:00,34,34,8106,7614,14706,13974,17858,18015,22436,23329,26791,27949,20041,22909,14655,18421,4200,7309,2011,1858,3906,4053,4996,5827,6409,8189,10467,11194,12699,14916,11694,14995,3935,6781,179467,92723,28519,11647,54901,14075,5479,15,14
2021-06-11T23:59:59+02:00,34,33,8040,7573,14617,13926,17783,17965,22366,23295,26747,27926,20039,22905,14655,18420,4200,7309,1995,1849,3870,3995,4954,5759,6348,8107,10368,11089,12660,14881,11683,14989,3935,6781,179130,92508,28441,11641,54900,13761,5347,15,14
2021-06-10T23:59:59+02:00,29,26,7698,7274,14220,13562,17354,17589,22036,23013,26552,27745,19995,22860,14642,18402,4197,7297,1890,1766,3655,3833,4681,5488,6028,7739,9753,10478,12144,14220,11614,14881,3927,6774,176529,89350,27946,11260,54887,13140,5114,15,13
2021-06-09T23:59:59+02:00,28,23,7327,6924,13754,13120,16837,17121,21644,22644,26338,27531,19922,22789,14624,18367,4194,7289,1720,1652,3455,3655,4426,5220,5642,7334,8978,9764,11478,13388,11495,14741,3917,6762,173271,85104,27397,10624,54874,12973,4919,15,13
2021-06-08T23:59:59+02:00,23,19,6949,6515,13240,12635,16368,16652,21286,22306,26122,27327,19864,22711,14594,18332,4191,7282,1628,1576,3232,3425,4107,4866,5135,6846,8092,8844,10595,12311,11352,14584,3913,6747,169852,79450,26909,10328,54865,12694,4775,15,12
2021-06-07T23:59:59+02:00,20,16,6669,6222,12810,12259,15967,16253,20959,22009,25960,27171,19828,22658,14573,18313,4184,7276,1566,1504,3042,3252,3830,4638,4735,6470,7379,8093,9687,11166,11241,14437,3902,6729,167285,74711,26482,9957,54845,12477,4520,15,12
2021-06-06T23:59:59+02:00,20,16,6527,6089,12667,12108,15805,16094,20794,21846,25874,27084,19808,22621,14562,18303,4183,7272,1551,1481,2969,3210,3734,4574,4628,6389,7237,7964,9430,10897,11195,14387,3899,6724,166055,74029,26378,9530,54824,12303,4401,15,12
2021-06-05T23:59:59+02:00,20,16,6518,6084,12655,12095,15796,16085,20791,21841,25874,27081,19808,22621,14562,18303,4183,7272,1549,1479,2966,3209,3733,4573,4625,6389,7232,7959,9424,10892,11195,14387,3899,6724,166000,74001,26365,9528,54824,12299,4401,15,12
2021-06-04T23:59:59+02:00,20,16,6487,6044,12597,12044,15736,16037,20763,21809,25855,27064,19804,22615,14559,18303,4183,7272,1548,1473,2953,3199,3714,4559,4615,6375,7197,7916,9392,10822,11157,14346,3898,6723,165905,73727,26105,9515,54800,12256,4383,15,12
2021-06-03T23:59:59+02:00,20,15,6253,5819,12298,11795,15414,15725,20430,21470,25599,26851,19758,22541,14539,18283,4182,7268,1506,1428,2881,3134,3617,4482,4503,6276,6996,7735,9015,10376,11105,14273,3898,6718,163420,72429,25858,9219,54798,12119,4169,15,12
2021-06-02T23:59:59+02:00,20,15,6191,5759,12232,11729,15340,15658,20358,21409,25582,26827,19753,22538,14536,18280,4181,7267,1492,1418,2865,3121,3600,4468,4468,6259,6963,7697,8936,10266,11096,14248,3897,6717,163076,72068,25672,9212,54796,12110,4116,15,10
2021-06-01T23:59:59+02:00,16,15,5733,5261,11489,11029,14514,14926,19640,20740,25171,26442,19662,22449,14502,18233,4173,7259,1379,1310,2565,2853,3222,4131,3980,5797,6135,6895,7748,8644,10852,13901,3883,6700,158024,66666,25017,8306,54768,11590,3430,15,8
2021-05-31T23:59:59+02:00,14,15,5483,4960,11043,10604,13985,14430,19160,20242,24865,26102,19568,22364,14463,18187,4164,7243,1319,1256,2412,2721,3020,3961,3700,5506,5579,6363,6742,7372,10610,13580,3874,6666,154545,62632,24322,7414,54764,11386,3246,15,8
2021-05-30T23:59:59+02:00,14,15,5403,4883,10860,10479,13821,14251,18813,19922,24622,25855,19537,22334,14455,18167,4163,7241,1298,1242,2387,2691,2973,3915,3632,5450,5476,6274,6571,7142,10573,13506,3872,6656,153050,61900,23820,7353,54737,11189,3213,15,8
2021-05-29T23:59:59+02:00,14,15,5401,4883,10860,10475,13817,14248,18813,19921,24621,25853,19537,22334,14455,18167,4163,7241,1297,1239,2386,2690,2971,3912,3632,5448,5475,6272,6566,7138,10573,13506,3872,6656,153034,61890,23820,7350,54736,11177,3213,15,8
2021-05-28T23:59:59+02:00,14,15,5385,4870,10838,10439,13791,14229,18796,19904,24613,25844,19536,22333,14453,18164,4163,7240,1292,1239,2386,2684,2970,3910,3626,5442,5461,6256,6550,7121,10564,13484,3871,6652,152849,61786,23818,7350,54734,11158,3211,15,8
2021-05-27T23:59:59+02:00,11,14,5092,4586,10320,9986,13205,13697,18106,19291,24032,25306,19437,22219,14420,18118,4152,7227,1123,1099,2104,2494,2670,3620,3330,5085,5130,5976,6251,6705,10336,13201,3866,6637,149594,59937,22822,7314,54628,10213,2160,15,7
2021-05-26T23:59:59+02:00,11,14,4827,4325,9882,9604,12684,13176,17493,18681,23398,24628,19313,22070,14374,18063,4146,7210,1043,1017,1944,2341,2470,3423,3068,4840,4741,5626,5695,6056,9966,12669,3850,6601,145479,56794,22066,7277,54506,9443,1833,15,7
2021-05-25T23:59:59+02:00,11,13,4612,4095,9467,9127,12223,12670,16956,18102,22876,23988,19180,21897,14343,17984,4137,7196,992,972,1882,2251,2359,3287,2896,4637,4396,5251,5117,5322,9518,12068,3834,6576,141421,53244,21235,7262,54375,9018,1831,15,7
2021-05-24T23:59:59+02:00,11,13,4498,3936,9255,8923,12018,12410,16655,17780,22547,23589,19104,21818,14328,17964,4135,7195,976,924,1822,2209,2286,3226,2810,4556,4275,5135,4972,5163,9427,11941,3832,6568,139917,52538,20274,7209,54196,8595,1777,15,7
2021-05-23T23:59:59+02:00,11,13,4487,3935,9249,8919,12006,12400,16644,17773,22531,23568,19098,21813,14327,17962,4135,7195,974,920,1820,2205,2283,3223,2804,4552,4268,5119,4964,5149,9420,11928,3831,6567,139808,52462,20271,7195,54195,8590,1777,15,7
2021-05-22T23:59:59+02:00,11,13,4482,3932,9246,8916,11998,12394,16641,17769,22529,23566,19098,21813,14327,17962,4135,7195,974,920,1819,2204,2281,3223,2803,4552,4268,5117,4962,5148,9419,11928,3831,6567,139781,52456,20271,7195,54183,8585,1777,15,7
2021-05-21T23:59:59+02:00,11,13,4449,3893,9178,8841,11925,12305,16550,17694,22465,23498,19078,21795,14323,17955,4135,7193,929,910,1786,2192,2250,3214,2772,4527,4220,5089,4937,5124,9406,11921,3830,6566,139124,52389,20271,7195,54164,8359,1727,15,7
2021-05-20T23:59:59+02:00,8,12,4192,3709,8733,8485,11442,11888,15880,17191,21882,22918,18893,21628,14292,17915,4130,7182,782,845,1529,2032,2006,3058,2531,4308,3969,4857,4780,4960,9291,11777,3822,6541,135719,51657,19895,7097,53749,7329,1002,15,7
2021-05-19T23:59:59+02:00,8,12,3945,3464,8235,8016,10861,11339,15207,16487,21204,22193,18692,21397,14251,17865,4124,7164,730,798,1469,1951,1929,2955,2465,4183,3827,4699,4605,4747,9088,11548,3802,6512,130301,50574,19712,6963,53452,6784,984,15,7
2021-05-18T23:59:59+02:00,7,11,3657,3197,7686,7477,10130,10639,14247,15551,20257,21135,18433,21114,14196,17805,4118,7142,676,750,1414,1865,1854,2845,2337,4043,3651,4496,4336,4454,8886,11299,3789,6485,123247,49344,19618,6763,53010,6158,912,15,7
2021-05-17T23:59:59+02:00,7,11,3466,2986,7224,7009,9622,10099,13516,14760,19570,20333,18247,20852,14149,17739,4108,7128,617,695,1333,1802,1780,2763,2228,3969,3514,4383,4088,4223,8743,11087,3776,6456,117994,48545,19377,6549,52544,5464,896,15,7
2021-05-16T23:59:59+02:00,7,10,3337,2912,7016,6831,9418,9884,13262,14525,19342,20104,18169,20773,14135,17720,4107,7122,604,650,1294,1753,1735,2702,2191,3876,3450,4300,3997,4122,8723,11061,3774,6454,116369,48401,19135,6382,52263,5008,892,15,7
2021-05-15T23:59:59+02:00,7,10,3336,2909,7010,6824,9416,9878,13258,14523,19339,20095,18167,20772,14135,17720,4107,7122,604,650,1292,1753,1733,2702,2189,3876,3449,4300,3995,4120,8723,11061,3774,6454,116326,48395,19135,6381,52261,5005,891,15,7
2021-05-14T23:59:59+02:00,7,10,3295,2865,6897,6681,9287,9741,13109,14341,19167,19960,18143,20747,14134,17712,4106,7119,582,637,1270,1734,1705,2681,2155,3850,3405,4262,3945,4066,8716,11054,3774,6453,115921,48356,18387,6231,52178,4879,820,15,7
2021-05-13T23:59:59+02:00,7,10,3171,2700,6571,6360,8849,9343,12563,13860,18562,19363,18013,20603,14101,17676,4101,7117,546,612,1215,1680,1647,2608,2067,3743,3255,4143,3841,3930,8695,11034,3771,6449,113044,48261,17690,5844,51569,4473,653,14,7
2021-05-12T23:59:59+02:00,7,10,3144,2668,6538,6322,8801,9289,12424,13747,18377,19159,17980,20569,14093,17666,4101,7117,545,610,1214,1678,1642,2605,2059,3737,3241,4135,3828,3917,8687,11028,3771,6448,112331,48236,17463,5817,51551,4434,653,14,7
2021-05-11T23:59:59+02:00,5,10,2752,2412,5736,5820,7832,8476,11032,12585,16807,17684,17474,20008,14011,17561,4083,7094,508,552,1086,1571,1478,2448,1872,3558,3020,3873,3721,3804,8618,10936,3767,6443,104929,48006,16841,5621,49474,3498,125,13,7
2021-05-10T23:59:59+02:00,5,8,2564,2243,5261,5439,7135,7850,9998,11668,15512,16312,17096,19558,13948,17447,4076,7070,481,526,1043,1532,1434,2397,1813,3456,2901,3742,3639,3731,8579,10889,3763,6439,99111,47891,15934,5392,48008,2954,124,13,6
2021-05-09T23:59:59+02:00,5,8,2480,2213,5123,5354,6948,7731,9590,11329,14966,15785,16978,19419,13928,17419,4073,7065,465,508,1010,1475,1363,2313,1755,3334,2790,3588,3554,3639,8556,10857,3760,6436,97536,47806,15349,5123,47394,2348,122,13,6
2021-05-08T23:59:59+02:00,5,8,2476,2212,5122,5354,6948,7729,9586,11326,14965,15784,16978,19419,13928,17419,4073,7065,464,507,1010,1475,1363,2312,1755,3334,2789,3587,3552,3639,8556,10857,3760,6436,97522,47802,15348,5123,47392,2345,122,13,6
2021-05-07T23:59:59+02:00,5,8,2304,2150,4849,5260,6586,7575,9137,11111,14522,15464,16801,19217,13916,17390,4073,7063,452,505,999,1464,1348,2297,1720,3324,2739,3552,3507,3599,8478,10776,3760,6433,96815,47779,14828,4775,45657,2277,118,13,6
2021-05-06T23:59:59+02:00,5,8,2067,2016,4297,4910,5933,7199,8368,10553,13545,14642,16405,18767,13867,17296,4061,7050,422,457,958,1364,1261,2135,1614,3100,2517,3269,3329,3399,8300,10585,3751,6420,94240,47339,13588,4170,43100,1319,49,12,6
2021-05-05T23:59:59+02:00,5,8,1942,1903,4010,4686,5500,6828,7677,9966,12427,13584,15729,17932,13764,17194,4052,7026,413,445,945,1337,1232,2092,1579,3024,2457,3185,3279,3359,8221,10487,3745,6410,89826,47208,12263,4022,42098,942,34,12,6
2021-05-04T23:59:59+02:00,5,8,1856,1818,3742,4450,5090,6469,7016,9392,11209,12341,14811,16805,13654,17057,4048,7012,408,436,926,1318,1213,2049,1561,2987,2412,3130,3236,3312,8132,10376,3739,6396,84016,47071,11625,3824,41111,712,20,11,6
2021-05-03T23:59:59+02:00,4,8,1803,1766,3592,4325,4857,6256,6632,9060,10480,11605,14086,15827,13568,16941,4039,6995,402,426,923,1305,1199,2015,1540,2946,2379,3084,3183,3272,8019,10274,3734,6390,79586,46945,11420,3603,40810,522,18,10,5
2021-05-02T23:59:59+02:00,4,8,1793,1747,3518,4300,4774,6203,6562,8999,10363,11490,13899,15633,13536,16914,4038,6990,400,418,917,1290,1196,1998,1537,2933,2363,3067,3168,3255,7983,10242,3733,6386,79028,46926,11143,3506,40576,437,14,10,5
2021-05-01T23:59:59+02:00,4,8,1790,1747,3517,4299,4774,6202,6559,8998,10358,11486,13896,15633,13535,16913,4038,6987,399,418,917,1290,1196,1997,1537,2933,2363,3067,3168,3255,7983,10242,3733,6385,79002,46923,11143,3506,40575,437,14,10,5
2021-04-30T23:59:59+02:00,4,8,1788,1741,3511,4289,4767,6189,6538,8983,10320,11448,13845,15559,13509,16882,4037,6986,399,416,916,1288,1196,1997,1537,2933,2361,3066,3168,3253,7982,10240,3733,6385,78674,46916,11143,3505,40565,433,13,9,5
2021-04-29T23:59:59+02:00,4,7,1660,1699,3268,4174,4490,6039,6224,8731,9906,11058,13266,14856,13405,16728,4031,6978,390,405,907,1267,1176,1963,1512,2896,2332,3018,3153,3241,7969,10222,3731,6381,75896,46800,10757,3503,39852,245,12,7,5
2021-04-28T23:59:59+02:00,4,7,1532,1651,3092,4074,4253,5861,5864,8459,9318,10568,12390,13674,13249,16519,4022,6964,381,395,891,1255,1160,1934,1476,2852,2262,2949,3001,3109,7857,10106,3724,6370,71401,46386,10569,3092,39514,231,10,7,5
2021-04-27T23:59:59+02:00,4,7,1492,1606,2983,3956,4049,5718,5557,8200,8698,9897,11351,12368,13020,16163,4011,6942,369,380,882,1234,1145,1899,1449,2780,2216,2888,2962,3066,7830,10076,3718,6366,66595,46176,10381,2920,39029,151,10,7,5
2021-04-26T23:59:59+02:00,4,7,1465,1573,2869,3879,3876,5574,5246,7986,8209,9456,10595,11442,12876,15959,4000,6924,368,375,872,1223,1129,1888,1419,2760,2189,2858,2913,3016,7784,10027,3712,6361,63182,46079,10191,2672,38550,130,10,7,5
2021-04-25T23:59:59+02:00,4,7,1453,1567,2802,3849,3781,5514,5111,7939,8013,9350,10399,11207,12839,15905,3999,6919,367,370,863,1216,1111,1874,1404,2741,2166,2831,2871,2983,7735,9979,3711,6356,62678,45999,9988,2462,37975,104,10,7,5
2021-04-24T23:59:59+02:00,4,7,1452,1567,2802,3848,3781,5513,5109,7937,8009,9346,10393,11204,12839,15905,3999,6919,367,370,863,1216,1111,1872,1402,2740,2165,2831,2871,2983,7735,9979,3711,6356,62655,45995,9988,2461,37974,103,10,7,5
2021-04-23T23:59:59+02:00,4,7,1436,1557,2734,3814,3699,5483,4991,7889,7875,9286,10307,11094,12815,15864,3997,6915,366,370,862,1213,1111,1872,1401,2740,2165,2831,2871,2983,7734,9979,3711,6356,62525,45990,9708,2460,37517,102,10,7,5
2021-04-22T23:59:59+02:00,4,7,1393,1528,2627,3747,3540,5379,4760,7735,7522,9050,9738,10402,12549,15565,3991,6892,359,369,853,1202,1100,1860,1386,2713,2137,2809,2829,2940,7643,9872,3700,6340,60907,45585,9049,2425,36456,89,10,7,5
2021-04-21T23:59:59+02:00,4,7,1359,1490,2545,3669,3422,5276,4543,7554,7113,8723,8852,9371,12138,14987,3978,6851,355,367,848,1185,1091,1839,1368,2683,2107,2781,2770,2883,7529,9707,3683,6312,58186,45105,8180,2301,35499,89,10,7,5
2021-04-20T23:59:59+02:00,4,7,1336,1464,2475,3594,3320,5178,4368,7372,6727,8393,7960,8243,11676,14396,3964,6837,350,362,836,1172,1082,1817,1344,2660,2074,2738,2709,2826,7381,9524,3652,6259,55330,44394,7415,2296,34554,84,9,6,5
2021-04-19T23:59:59+02:00,4,7,1320,1449,2437,3556,3259,5111,4262,7270,6487,8161,7328,7469,11424,14041,3954,6819,348,360,832,1162,1076,1805,1321,2647,2040,2713,2655,2782,7266,9360,3629,6220,53387,43840,7043,2283,33913,81,9,6,5
2021-04-18T23:59:59+02:00,4,6,1310,1437,2405,3530,3220,5090,4209,7213,6353,8032,6975,7080,11330,13937,3951,6807,348,359,830,1158,1075,1798,1319,2634,2034,2708,2649,2769,7240,9328,3627,6217,52872,43719,6583,2281,33419,81,9,6,5
2021-04-17T23:59:59+02:00,4,6,1309,1435,2405,3529,3219,5086,4204,7210,6346,8022,6961,7070,11328,13935,3951,6807,348,359,829,1157,1075,1798,1317,2633,2033,2706,2646,2767,7239,9328,3627,6217,52850,43706,6581,2280,33381,81,9,6,5
2021-04-16T23:59:59+02:00,4,6,1306,1434,2395,3522,3211,5078,4183,7192,6295,7989,6885,6985,11316,13921,3949,6805,348,358,826,1155,1073,1798,1314,2632,2030,2706,2645,2760,7236,9326,3626,6217,52792,43683,6345,2275,33324,80,9,6,5
2021-04-15T23:59:59+02:00,2,4,1269,1413,2340,3473,3115,5019,4023,7064,6039,7757,6341,6427,11068,13632,3935,6773,340,356,807,1134,1034,1739,1269,2560,1956,2611,2567,2691,7148,9239,3616,6200,51705,43094,5957,2089,32017,74,9,6,3
2021-04-14T23:59:59+02:00,2,4,1247,1400,2305,3445,3046,4957,3916,6958,5848,7548,5698,5724,10679,13146,3903,6722,332,353,795,1125,1017,1714,1239,2519,1905,2561,2490,2622,7000,9044,3597,6174,50301,42435,5750,1969,30483,74,8,6,3
2021-04-13T23:59:59+02:00,2,4,1233,1390,2273,3415,2990,4894,3806,6876,5599,7326,5165,5178,10338,12733,3880,6694,311,339,777,1097,994,1693,1214,2484,1869,2520,2424,2556,6882,8908,3561,6113,49285,41750,5545,1912,28952,71,8,6,3
2021-04-12T23:59:59+02:00,2,4,1217,1384,2247,3392,2940,4849,3679,6796,5389,7176,4837,4883,10089,12452,3871,6671,295,335,763,1093,977,1677,1200,2461,1819,2473,2347,2498,6768,8767,3546,6091,48821,41175,5347,1864,27699,64,6,5,3
2021-04-11T23:59:59+02:00,2,4,1210,1371,2228,3373,2907,4829,3617,6725,5244,7067,4606,4684,9904,12254,3866,6660,288,333,758,1085,967,1663,1189,2433,1797,2443,2293,2439,6685,8659,3532,6071,48738,40760,5111,1806,26692,63,5,5,3
2021-04-10T23:59:59+02:00,2,4,1210,1370,2225,3369,2905,4825,3611,6722,5234,7055,4601,4675,9896,12241,3866,6659,285,329,743,1078,954,1658,1166,2413,1726,2391,2210,2353,6628,8612,3531,6067,48683,40594,5110,1484,26667,60,5,5,3
2021-04-09T23:59:59+02:00,2,4,1207,1367,2218,3367,2897,4816,3602,6711,5204,7031,4577,4648,9870,12211,3865,6659,276,326,723,1068,939,1637,1133,2366,1635,2316,1992,2084,6474,8455,3509,6034,48608,39743,5105,1158,26533,60,5,5,3
2021-04-08T23:59:59+02:00,2,4,1182,1347,2163,3311,2812,4726,3462,6581,4968,6798,4189,4240,9327,11640,3847,6606,251,306,671,1007,881,1565,1060,2269,1501,2196,1717,1749,6014,7898,3422,5891,48150,37188,4579,1155,24466,49,5,5,3
2021-04-07T23:59:59+02:00,2,4,1172,1333,2131,3294,2769,4688,3373,6519,4804,6663,3896,3940,8766,11090,3830,6575,217,276,611,953,820,1494,1001,2208,1396,2097,1577,1574,5417,7203,3332,5739,47944,34713,4106,1150,22791,48,3,5,3
2021-04-06T23:59:59+02:00,2,4,1151,1316,2087,3269,2730,4656,3308,6472,4677,6571,3645,3686,8277,10580,3814,6545,210,270,583,934,795,1445,957,2151,1313,2010,1433,1387,4842,6413,3222,5534,47749,32308,3570,1142,21463,45,3,5,3
2021-04-05T23:59:59+02:00,2,4,1148,1311,2083,3266,2720,4654,3294,6458,4655,6552,3613,3659,8249,10543,3810,6543,207,257,576,918,776,1421,941,2115,1273,1970,1386,1324,4629,6143,3174,5479,47663,31400,3564,1140,21329,45,3,5,3
2021-04-04T23:59:59+02:00,2,4,1148,1311,2083,3265,2720,4653,3294,6458,4654,6551,3609,3657,8247,10541,3810,6543,207,257,575,918,776,1421,941,2115,1273,1969,1386,1324,4628,6143,3174,5479,47657,31397,3564,1140,21321,45,3,5,3
2021-04-03T23:59:59+02:00,2,4,1148,1311,2082,3265,2720,4653,3294,6458,4654,6551,3608,3655,8247,10539,3810,6543,207,257,575,918,776,1421,941,2115,1273,1969,1386,1324,4628,6143,3174,5479,47655,31397,3563,1140,21318,45,3,5,3
2021-04-02T23:59:59+02:00,2,4,1148,1311,2082,3263,2720,4652,3294,6455,4654,6549,3606,3651,8245,10538,3810,6543,207,257,575,918,776,1419,941,2115,1273,1968,1386,1322,4626,6142,3173,5479,47639,31389,3563,1139,21317,45,3,5,3
2021-04-01T23:59:59+02:00,1,4,1135,1274,2017,3141,2612,4453,3146,6206,4496,6310,3562,3615,8147,10433,3800,6527,202,248,571,910,765,1413,931,2101,1250,1952,1365,1295,4387,5822,3055,5314,47273,30404,3558,1135,20040,38,3,5,3
2021-03-31T23:59:59+02:00,1,4,1117,1242,1978,3040,2536,4310,3056,5993,4367,6081,3480,3534,7996,10234,3781,6493,194,245,564,898,761,1395,919,2081,1209,1918,1309,1232,3901,5228,2928,5081,46672,28689,3431,1135,19132,37,3,5,1
2021-03-30T23:59:59+02:00,1,3,1095,1208,1929,2859,2434,4084,2905,5635,4165,5693,3387,3440,7832,10030,3755,6442,190,240,556,887,750,1373,897,2061,1161,1873,1225,1149,3379,4519,2706,4749,46039,26549,3269,1135,17581,29,3,5,1
2021-03-29T23:59:59+02:00,1,3,1078,1164,1868,2724,2350,3925,2767,5381,4003,5420,3290,3341,7672,9802,3726,6395,189,235,550,876,740,1359,880,2037,1126,1845,1151,1063,2801,3842,2527,4455,45398,24526,3041,1130,16464,19,2,5,1
2021-03-28T23:59:59+02:00,1,3,1059,1131,1796,2559,2266,3719,2646,5081,3851,5143,3225,3276,7607,9737,3722,6389,189,235,548,873,739,1357,878,2031,1123,1843,1142,1051,2746,3774,2514,4428,45291,24329,2830,1127,15083,14,2,5,1
2021-03-27T23:59:59+01:00,1,3,1059,1131,1796,2558,2265,3718,2643,5081,3848,5143,3221,3276,7606,9737,3722,6389,189,235,547,873,739,1357,877,2031,1120,1843,1142,1051,2746,3774,2514,4428,45282,24324,2830,1127,15078,14,2,5,1
2021-03-26T23:59:59+01:00,1,3,1055,1109,1753,2443,2201,3560,2581,4870,3762,4919,3200,3258,7603,9732,3721,6388,189,234,546,873,738,1357,877,2031,1120,1840,1138,1050,2743,3766,2513,4425,45256,24300,2827,1127,14069,12,2,5,1
2021-03-25T23:59:59+01:00,1,3,1029,1077,1702,2340,2117,3392,2475,4642,3650,4722,3099,3168,7476,9601,3714,6374,187,231,541,872,731,1347,871,2014,1104,1816,1092,1006,2517,3419,2316,4133,45001,23058,2495,1127,13081,12,1,4,1
2021-03-24T23:59:59+01:00,1,3,1007,1058,1682,2298,2086,3342,2440,4575,3606,4653,3012,3099,7348,9430,3697,6355,187,227,535,868,724,1337,860,1999,1085,1795,1052,964,2133,2876,1927,3623,44466,21055,2366,1125,12855,12,1,4,1
2021-03-23T23:59:59+01:00,1,3,997,1052,1664,2266,2063,3307,2404,4532,3566,4602,2945,3026,7255,9329,3679,6327,185,224,531,863,717,1325,846,1980,1048,1765,971,874,1772,2387,1584,3160,43954,19129,2355,1091,12705,12,1,3,1
2021-03-22T23:59:59+01:00,1,3,994,1044,1649,2250,2049,3289,2382,4504,3529,4561,2900,2992,7193,9259,3664,6310,182,221,530,852,701,1302,832,1966,1019,1738,925,803,1304,1812,1238,2680,43618,17056,2335,1037,12616,12,1,3,1
2021-03-21T23:59:59+01:00,1,3,994,1044,1648,2247,2049,3288,2378,4500,3518,4554,2887,2983,7145,9203,3658,6304,182,218,529,850,700,1298,830,1962,1008,1733,902,784,1228,1726,1185,2611,43473,16755,2332,979,12595,12,1,3,1
2021-03-20T23:59:59+01:00,1,3,993,1043,1647,2246,2049,3288,2378,4500,3516,4552,2887,2982,7145,9202,3658,6304,182,218,529,850,700,1298,830,1962,996,1720,867,756,1197,1703,1177,2609,43472,16753,2328,829,12590,12,1,3,1
2021-03-19T23:59:59+01:00,1,3,992,1035,1640,2234,2038,3284,2376,4494,3509,4545,2877,2971,7132,9184,3657,6301,182,216,528,850,700,1296,830,1961,989,1715,823,719,1140,1653,1167,2599,43409,16710,2323,646,12537,12,1,3,1
2021-03-18T23:59:59+01:00,1,3,953,1003,1566,2123,1915,3117,2228,4248,3282,4294,2725,2813,6830,8819,3591,6202,181,215,523,845,693,1289,821,1950,967,1699,805,697,1065,1547,1027,2400,42016,16143,2014,569,11679,12,1,3,1
2021-03-17T23:59:59+01:00,1,3,899,970,1495,2066,1852,3051,2163,4186,3187,4198,2590,2679,6405,8328,3527,6088,180,213,520,840,691,1285,817,1945,962,1692,776,678,930,1394,871,2188,40249,15402,2011,568,11424,12,1,3,1
2021-03-16T23:59:59+01:00,1,3,874,947,1462,2027,1813,3001,2110,4131,3093,4100,2456,2520,5935,7682,3439,5938,174,210,515,839,687,1278,812,1936,955,1679,771,665,843,1268,729,2024,38265,14803,1952,568,11311,12,1,3,1
2021-03-15T23:59:59+01:00,1,3,857,940,1444,2005,1775,2946,2072,4059,2993,3991,2324,2350,5452,7140,3367,5825,173,209,515,832,685,1269,808,1926,945,1663,760,655,773,1157,581,1827,36501,14235,1856,530,11184,12,0,3,1
2021-03-14T23:59:59+01:00,1,3,852,926,1419,1976,1751,2917,2041,3999,2930,3925,2146,2156,5266,6914,3335,5794,173,209,514,829,683,1258,807,1919,942,1653,742,646,757,1138,557,1772,35479,14090,1758,505,11111,3,0,3,1
2021-03-13T23:59:59+01:00,1,3,844,919,1398,1965,1735,2904,2016,3971,2857,3877,2077,2082,5219,6861,3333,5793,173,209,514,828,683,1258,807,1919,942,1653,740,646,757,1135,557,1772,35229,14084,1518,505,11105,3,0,3,1
2021-03-12T23:59:59+01:00,1,3,820,904,1354,1908,1673,2805,1919,3819,2701,3710,1880,1845,5035,6639,3303,5750,173,209,513,828,683,1258,806,1919,942,1652,732,643,744,1120,549,1769,33905,14032,1279,504,10882,3,0,3,1
2021-03-11T23:59:59+01:00,1,3,785,845,1285,1825,1590,2658,1835,3618,2538,3538,1617,1536,4669,6170,3170,5568,164,203,507,819,673,1249,791,1883,921,1612,604,582,675,1079,529,1738,31796,13532,1184,494,10268,2,0,3,1
2021-03-10T23:59:59+01:00,1,3,769,794,1262,1767,1557,2599,1785,3547,2457,3449,1546,1447,4201,5632,3052,5318,164,201,498,797,654,1236,782,1863,914,1596,535,567,642,1070,522,1732,29989,13380,1177,390,10017,2,0,3,1
2021-03-09T23:59:59+01:00,1,3,757,771,1242,1736,1529,2553,1745,3496,2384,3397,1454,1350,3641,4884,2868,5013,162,199,493,776,644,1212,768,1831,902,1568,531,565,640,1065,519,1726,27829,13320,1174,278,9818,2,0,3,1
2021-03-08T23:59:59+01:00,0,3,753,743,1229,1717,1512,2533,1719,3460,2345,3354,1362,1250,2971,4055,2632,4642,158,196,479,752,622,1179,749,1780,878,1531,527,563,640,1064,519,1726,25376,13312,1174,50,9727,0,0,3,1
2021-03-07T23:59:59+01:00,0,3,750,739,1221,1708,1504,2519,1708,3452,2334,3346,1349,1234,2869,3935,2609,4592,158,196,479,752,622,1179,749,1780,878,1531,527,563,640,1064,519,1726,25024,13312,1172,50,9673,0,0,3,1
2021-03-06T23:59:59+01:00,0,3,749,739,1220,1705,1501,2516,1704,3449,2330,3345,1346,1234,2869,3935,2609,4592,157,196,479,752,622,1179,749,1780,878,1531,527,563,640,1064,519,1726,25019,13311,1172,50,9652,0,0,3,1
2021-03-05T23:59:59+01:00,0,3,684,713,1194,1691,1480,2507,1679,3434,2301,3336,1341,1231,2861,3927,2606,4587,157,196,479,751,622,1178,749,1780,878,1529,526,563,640,1064,519,1726,24989,13306,1168,50,9415,0,0,3,1
2021-03-04T23:59:59+01:00,0,3,618,665,1127,1622,1423,2425,1638,3355,2227,3259,1291,1183,2645,3563,2423,4300,155,190,476,737,611,1166,738,1752,869,1516,516,552,628,1054,514,1717,23773,13141,1161,49,8830,0,0,3,1
2021-03-03T23:59:59+01:00,0,3,582,626,1059,1558,1326,2343,1538,3269,2102,3175,1246,1138,2278,3043,2070,3856,155,190,474,734,611,1166,737,1750,867,1515,514,550,626,1051,514,1715,21917,13120,1160,48,8134,0,0,1,1
2021-03-02T23:59:59+01:00,0,3,564,593,1021,1512,1270,2300,1481,3217,2005,3114,1163,1038,1912,2562,1682,3333,153,188,469,728,606,1155,727,1740,862,1495,505,541,615,1030,495,1685,19851,12945,1157,48,7761,0,0,1,1
2021-03-01T23:59:59+01:00,0,3,557,545,1003,1473,1224,2239,1435,3152,1950,3041,1119,964,1421,1967,1307,2797,151,188,469,728,606,1154,727,1737,861,1495,503,541,612,1021,491,1674,17589,12909,1154,48,7453,0,0,1,1
2021-02-28T23:59:59+01:00,0,3,550,531,986,1434,1198,2177,1407,3094,1895,2968,1098,942,1307,1826,1234,2708,151,188,468,727,606,1154,726,1735,860,1494,501,541,612,1021,491,1674,17110,12900,1151,48,7096,0,0,1,1
2021-02-27T23:59:59+01:00,0,3,550,529,985,1434,1198,2176,1407,3093,1895,2967,1098,942,1307,1825,1233,2708,151,188,467,726,603,1152,724,1733,858,1493,501,541,612,1021,491,1674,17108,12900,1151,34,7090,0,0,1,1
2021-02-26T23:59:59+01:00,0,3,400,477,854,1390,1114,2133,1340,3052,1836,2925,1093,935,1304,1824,1233,2707,151,188,467,726,603,1152,724,1732,858,1492,501,541,612,1021,491,1674,17097,12899,1151,33,6371,0,0,1,1
2021-02-25T23:59:59+01:00,0,3,308,423,759,1296,1030,2044,1241,2878,1697,2763,1055,903,1223,1700,1120,2519,144,178,455,713,587,1127,717,1707,838,1468,489,527,584,990,477,1655,16509,12632,1151,23,5301,0,0,1,1
2021-02-24T23:59:59+01:00,0,2,259,378,687,1221,956,1955,1187,2760,1632,2645,1028,883,1100,1555,964,2306,142,178,452,710,583,1126,716,1702,837,1464,484,522,576,985,474,1643,15803,12573,1149,20,4565,0,0,1,1
2021-02-23T23:59:59+01:00,0,2,247,357,665,1163,928,1876,1140,2648,1557,2536,1003,855,1023,1426,827,2148,142,177,452,708,583,1126,716,1699,835,1463,483,520,574,984,474,1642,15255,12562,1117,15,4028,0,0,1,1
2021-02-22T23:59:59+01:00,0,0,233,338,642,1133,896,1793,1090,2556,1473,2413,958,826,905,1283,645,1895,142,177,451,707,581,1125,714,1699,829,1461,482,519,573,982,473,1640,14512,12550,1048,4,3518,0,0,1,1
2021-02-21T23:59:59+01:00,0,0,227,327,607,1066,846,1687,1047,2455,1394,2306,941,805,874,1232,593,1831,142,176,448,700,580,1121,714,1694,829,1460,481,519,572,982,472,1639,14306,12524,1008,4,2923,0,0,1,1
2021-02-20T23:59:59+01:00,0,0,227,324,604,1065,844,1682,1044,2450,1381,2289,905,776,842,1209,585,1829,142,176,448,700,580,1121,714,1694,829,1460,481,518,571,982,472,1639,14306,12523,853,4,2896,0,0,1,0
2021-02-19T23:59:59+01:00,0,0,217,316,594,1057,831,1667,1023,2433,1348,2246,662,674,705,1147,560,1812,142,176,448,699,580,1118,713,1692,826,1457,481,517,571,981,471,1639,13830,12508,673,3,2788,0,0,1,0
2021-02-18T23:59:59+01:00,0,0,200,266,555,936,746,1440,892,2174,1098,1871,582,606,667,1107,541,1795,137,176,435,687,565,1101,707,1666,810,1429,478,514,570,979,471,1639,13673,12361,577,3,1225,0,0,1,0
2021-02-17T23:59:59+01:00,0,0,195,228,535,887,708,1343,834,2007,1013,1739,560,586,667,1104,539,1792,130,174,424,677,557,1085,688,1635,797,1406,475,512,568,976,471,1638,13656,12210,577,3,503,0,0,1,0
2021-02-16T23:59:59+01:00,0,0,189,225,528,872,692,1312,815,1968,980,1699,548,581,661,1102,538,1790,125,169,410,671,546,1069,676,1617,788,1392,468,507,561,963,465,1611,13628,12036,577,2,294,0,0,1,0
2021-02-15T23:59:59+01:00,0,0,174,216,522,845,686,1278,801,1933,951,1652,547,578,658,1102,538,1790,122,168,403,661,536,1050,647,1590,774,1374,466,504,561,963,465,1611,13624,11893,538,2,108,0,0,1,0
2021-02-14T23:59:59+01:00,0,0,169,208,519,833,685,1269,798,1924,933,1643,546,577,658,1099,537,1790,115,165,392,650,519,1032,629,1576,767,1362,466,502,559,961,465,1611,13618,11769,536,2,33,0,0,1,0
2021-02-13T23:59:59+01:00,0,0,168,208,518,833,685,1269,798,1924,933,1643,546,577,658,1099,537,1790,115,165,391,649,519,1032,629,1576,767,1362,466,502,559,961,465,1611,13617,11767,536,2,32,0,0,1,0
2021-02-12T23:59:59+01:00,0,0,167,207,514,832,684,1266,794,1923,931,1640,545,577,658,1099,537,1790,111,163,388,643,515,1026,615,1561,763,1345,464,501,548,941,462,1586,13610,11630,535,2,18,0,0,1,0
2021-02-11T23:59:59+01:00,0,0,165,206,510,825,677,1262,792,1920,925,1638,540,571,651,1093,532,1784,91,127,359,572,469,947,561,1443,719,1251,439,456,507,887,420,1492,13559,10739,523,1,8,0,0,1,0
2021-02-10T23:59:59+01:00,0,0,162,204,500,808,661,1247,780,1893,910,1614,532,565,641,1081,527,1774,81,115,331,513,442,840,519,1268,645,1095,391,406,441,775,374,1337,13436,9572,461,1,1,0,0,1,0
2021-02-09T23:59:59+01:00,0,0,161,197,492,769,645,1208,760,1832,899,1572,520,553,635,1067,519,1758,76,99,312,447,407,756,479,1164,580,995,361,352,402,691,344,1224,13327,8689,259,0,0,0,0,1,0
2021-02-08T23:59:59+01:00,0,0,157,193,475,744,622,1173,740,1781,879,1528,514,552,633,1061,515,1745,63,73,267,378,359,620,419,935,507,816,304,297,339,543,289,1033,13260,7242,51,0,0,0,0,1,0
2021-02-07T23:59:59+01:00,0,0,157,192,473,743,620,1172,739,1773,877,1526,513,552,633,1061,515,1744,62,65,249,343,340,576,403,903,488,781,303,289,337,536,287,1030,13238,6992,51,0,0,0,0,1,0
2021-02-06T23:59:59+01:00,0,0,157,192,473,743,620,1172,739,1773,877,1526,513,552,633,1061,515,1744,62,65,249,343,340,576,403,902,486,779,303,288,336,534,286,1030,13238,6982,51,0,0,0,0,1,0
2021-02-05T23:59:59+01:00,0,0,157,192,473,743,620,1172,739,1773,877,1525,513,552,633,1061,515,1744,60,65,247,341,333,572,395,880,477,759,293,283,326,512,271,994,13237,6808,51,0,0,0,0,1,0
2021-02-04T23:59:59+01:00,0,0,151,187,469,735,613,1164,735,1759,871,1516,506,545,612,1036,506,1726,44,50,213,308,292,476,354,739,385,613,229,216,243,352,202,736,13080,5452,50,0,0,0,0,1,0
2021-02-03T23:59:59+01:00,0,0,149,186,463,729,605,1155,731,1747,862,1500,497,537,599,1023,499,1718,36,32,157,217,238,348,265,563,310,465,180,170,171,264,154,555,12950,4125,49,0,0,0,0,1,0
2021-02-02T23:59:59+01:00,0,0,149,183,461,728,605,1155,728,1741,855,1496,496,536,595,1020,498,1714,27,26,138,170,193,279,221,428,258,374,140,131,129,199,119,437,12910,3269,49,0,0,0,0,1,0
2021-02-01T23:59:59+01:00,0,0,147,183,460,727,600,1152,727,1733,853,1491,495,534,590,1017,497,1708,22,19,101,125,137,188,154,299,169,259,89,94,87,126,65,238,12864,2172,49,0,0,0,0,1,0
2021-01-31T23:59:59+01:00,0,0,147,183,460,724,597,1151,727,1729,853,1490,493,533,589,1015,497,1707,16,15,67,84,95,123,117,222,142,203,84,87,83,118,63,224,12846,1743,49,0,0,0,0,0,0
2021-01-30T23:59:59+01:00,0,0,147,183,459,724,595,1149,726,1728,853,1490,493,533,588,1015,497,1707,16,15,67,84,95,121,115,218,139,200,83,86,83,112,57,214,12845,1705,42,0,0,0,0,0,0
2021-01-29T23:59:59+01:00,0,0,147,183,459,722,594,1146,724,1726,851,1489,493,533,588,1015,497,1707,14,15,55,79,78,117,97,207,116,188,78,79,82,108,56,213,12840,1582,34,0,0,0,0,0,0
2021-01-28T23:59:59+01:00,0,0,140,179,446,705,577,1120,718,1699,828,1460,486,527,585,1012,494,1704,9,3,12,19,24,45,30,95,48,89,45,50,54,78,41,158,12654,800,26,0,0,0,0,0,0
2021-01-27T23:59:59+01:00,0,0,133,177,435,695,569,1111,702,1665,821,1436,483,525,581,1007,494,1699,5,1,4,11,10,23,13,40,23,31,12,17,24,31,18,48,12509,311,24,0,0,0,0,0,0
2021-01-26T23:59:59+01:00,0,0,127,173,421,682,556,1097,693,1642,810,1415,477,520,575,990,487,1665,5,1,4,10,7,21,11,37,17,28,12,15,23,30,18,47,12315,286,15,0,0,0,0,0,0
2021-01-25T23:59:59+01:00,0,0,124,171,412,670,545,1078,665,1614,792,1398,475,516,573,989,487,1665,4,1,3,9,7,16,6,28,12,22,9,6,13,19,9,29,12170,193,4,0,0,0,0,0,0
2021-01-24T23:59:59+01:00,0,0,117,168,402,660,531,1060,648,1601,779,1387,474,513,572,989,487,1665,3,0,1,6,7,4,4,7,5,9,1,2,11,12,6,16,12049,94,4,0,0,0,0,0,0
2021-01-23T23:59:59+01:00,0,0,117,168,402,659,531,1060,648,1601,779,1387,474,513,572,989,487,1665,2,0,1,6,7,4,4,7,5,9,1,2,11,12,6,16,12048,93,4,0,0,0,0,0,0
2021-01-22T23:59:59+01:00,0,0,113,166,395,653,528,1054,634,1586,773,1370,474,509,561,968,482,1639,2,0,1,6,7,4,4,7,5,9,1,2,11,12,6,16,11902,93,3,0,0,0,0,0,0
2021-01-21T23:59:59+01:00,0,0,101,158,380,635,505,1021,601,1536,750,1328,458,471,528,924,448,1574,2,0,1,6,7,4,4,7,5,9,1,2,11,12,6,16,11415,93,3,0,0,0,0,0,0
2021-01-20T23:59:59+01:00,0,0,82,116,346,546,461,881,543,1302,662,1141,400,412,445,789,389,1362,2,0,1,5,7,4,4,7,5,9,1,2,11,12,6,16,9874,92,3,0,0,0,0,0,0
2021-01-19T23:59:59+01:00,0,0,77,104,317,470,421,792,503,1188,610,1038,377,375,410,712,360,1272,2,0,1,3,7,4,4,7,5,9,1,0,8,8,5,15,9023,79,3,0,0,0,0,0,0
2021-01-18T23:59:59+01:00,0,0,63,74,272,383,366,642,429,956,516,841,310,308,345,564,307,1084,2,0,1,3,7,4,4,7,5,9,1,0,8,8,5,15,7458,79,2,0,0,0,0,0,0
2021-01-17T23:59:59+01:00,0,0,62,65,253,348,344,590,410,914,493,802,307,299,344,557,304,1076,0,0,0,0,0,0,0,0,0,0,0,0,0,0,0,0,7166,0,2,0,0,0,0,0,0
2021-01-16T23:59:59+01:00,0,0,62,65,253,348,344,590,410,913,491,800,307,298,342,553,303,1076,0,0,0,0,0,0,0,0,0,0,0,0,0,0,0,0,7153,0,2,0,0,0,0,0,0
2021-01-15T23:59:59+01:00,0,0,60,65,252,345,338,584,399,890,480,775,293,292,325,526,282,1038,0,0,0,0,0,0,0,0,0,0,0,0,0,0,0,0,6942,0,2,0,0,0,0,0,0
2021-01-14T23:59:59+01:00,0,0,46,52,238,322,314,509,365,764,393,628,230,220,242,355,206,755,0,0,0,0,0,0,0,0,0,0,0,0,0,0,0,0,5639,0,0,0,0,0,0,0,0
2021-01-13T23:59:59+01:00,0,0,40,42,213,266,273,409,300,613,322,502,179,177,174,271,164,591,0,0,0,0,0,0,0,0,0,0,0,0,0,0,0,0,4536,0,0,0,0,0,0,0,0
2021-01-12T23:59:59+01:00,0,0,36,40,208,251,259,377,277,534,290,456,143,136,135,208,127,461,0,0,0,0,0,0,0,0,0,0,0,0,0,0,0,0,3938,0,0,0,0,0,0,0,0
2021-01-11T23:59:59+01:00,0,0,30,36,197,230,240,325,229,445,240,382,111,107,101,135,75,294,0,0,0,0,0,0,0,0,0,0,0,0,0,0,0,0,3177,0,0,0,0,0,0,0,0
2021-01-10T23:59:59+01:00,0,0,28,31,159,168,197,250,191,349,198,305,99,99,98,129,73,277,0,0,0,0,0,0,0,0,0,0,0,0,0,0,0,0,2651,0,0,0,0,0,0,0,0
2021-01-09T23:59:59+01:00,0,0,28,31,152,164,195,242,187,342,196,300,99,99,98,129,73,277,0,0,0,0,0,0,0,0,0,0,0,0,0,0,0,0,2612,0,0,0,0,0,0,0,0
2021-01-08T23:59:59+01:00,0,0,25,28,121,141,174,229,162,313,168,279,94,89,97,125,72,276,0,0,0,0,0,0,0,0,0,0,0,0,0,0,0,0,2393,0,0,0,0,0,0,0,0
2021-01-07T23:59:59+01:00,0,0,10,3,16,24,32,55,37,105,61,112,49,51,60,85,46,187,0,0,0,0,0,0,0,0,0,0,0,0,0,0,0,0,933,0,0,0,0,0,0,0,0
2021-01-06T23:59:59+01:00,0,0,5,1,5,11,10,22,13,39,20,31,13,14,25,35,20,55,0,0,0,0,0,0,0,0,0,0,0,0,0,0,0,0,319,0,0,0,0,0,0,0,0
2021-01-05T23:59:59+01:00,0,0,4,1,4,9,9,18,10,31,15,26,10,14,22,30,19,49,0,0,0,0,0,0,0,0,0,0,0,0,0,0,0,0,271,0,0,0,0,0,0,0,0
2021-01-04T23:59:59+01:00,0,0,3,1,2,7,9,10,4,15,8,16,5,3,11,16,8,26,0,0,0,0,0,0,0,0,0,0,0,0,0,0,0,0,144,0,0,0,0,0,0,0,0
2021-01-03T23:59:59+01:00,0,0,3,0,1,6,8,4,4,7,5,9,1,2,11,12,7,16,0,0,0,0,0,0,0,0,0,0,0,0,0,0,0,0,96,0,0,0,0,0,0,0,0
2021-01-02T23:59:59+01:00,0,0,3,0,1,6,8,4,4,7,5,9,1,2,11,12,7,16,0,0,0,0,0,0,0,0,0,0,0,0,0,0,0,0,96,0,0,0,0,0,0,0,0
2021-01-01T23:59:59+01:00,0,0,2,0,1,6,8,4,4,7,5,9,1,2,11,12,7,16,0,0,0,0,0,0,0,0,0,0,0,0,0,0,0,0,95,0,0,0,0,0,0,0,0
2020-12-31T23:59:59+01:00,0,0,2,0,1,5,8,4,4,7,5,9,1,2,11,12,7,16,0,0,0,0,0,0,0,0,0,0,0,0,0,0,0,0,94,0,0,0,0,0,0,0,0
2020-12-30T23:59:59+01:00,0,0,2,0,1,5,8,4,4,7,5,9,1,2,11,12,7,16,0,0,0,0,0,0,0,0,0,0,0,0,0,0,0,0,94,0,0,0,0,0,0,0,0
2020-12-29T23:59:59+01:00,0,0,2,0,1,3,8,4,4,7,5,9,1,0,8,8,6,15,0,0,0,0,0,0,0,0,0,0,0,0,0,0,0,0,81,0,0,0,0,0,0,0,0
2020-12-28T23:59:59+01:00,0,0,2,0,1,3,8,4,4,7,5,9,1,0,8,8,6,15,0,0,0,0,0,0,0,0,0,0,0,0,0,0,0,0,81,0,0,0,0,0,0,0,0
2020-12-27T23:59:59+01:00,0,0,2,0,1,3,8,4,4,7,5,9,1,0,8,8,6,15,0,0,0,0,0,0,0,0,0,0,0,0,0,0,0,0,81,0,0,0,0,0,0,0,0
