Datum,<15_m,<15_w,15-24_1_m,15-24_1_w,25-34_1_m,25-34_1_w,35-44_1_m,35-44_1_w,45-54_1_m,45-54_1_w,55-64_1_m,55-64_1_w,65-74_1_m,65-74_1_w,75-84_1_m,75-84_1_w,>84_1_m,>84_1_w,<24_2_m,<24_2_w,25-34_2_m,25-34_2_w,35-44_2_m,35-44_2_w,45-54_2_m,45-54_2_w,55-64_2_m,55-64_2_w,65-74_2_m,65-74_2_w,75-84_2_m,75-84_2_w,>84_2_m,>84_2_w,bp_1,bp_2,mo_1,mo_2,az_1,az_2,ja,unb_1,unb_2
2021-09-15T23:59:59+02:00,1699,1590,16166,14949,21518,19795,23507,23107,27239,27899,30397,31336,21391,24434,15256,19227,4335,7551,14442,13343,20122,18294,22236,21666,25911,26410,29186,30078,20739,23692,14811,18576,4196,7282,227731,214059,32455,31073,55096,52028,16094,23,34
2021-09-14T23:59:59+02:00,1686,1576,16133,14903,21474,19759,23476,23073,27209,27864,30371,31312,21377,24423,15253,19217,4332,7550,14403,13306,20098,18272,22212,21640,25890,26396,29177,30068,20728,23684,14808,18569,4195,7280,227335,213780,32454,31072,55096,52028,16083,23,34
2021-09-13T23:59:59+02:00,1667,1564,16092,14853,21449,19726,23441,23042,27192,27828,30355,31299,21376,24413,15248,19215,4331,7547,14378,13292,20074,18257,22196,21621,25874,26384,29167,30045,20718,23673,14807,18561,4193,7278,226994,213567,32454,31072,55096,52028,16074,23,34
2021-09-12T23:59:59+02:00,1657,1551,16067,14831,21433,19705,23426,23017,27177,27814,30346,31291,21369,24405,15248,19210,4331,7547,14343,13263,20051,18221,22177,21596,25860,26363,29155,30036,20711,23665,14801,18554,4191,7272,226801,213325,32438,31041,55096,52027,16070,23,34
2021-09-11T23:59:59+02:00,1656,1551,16055,14827,21425,19697,23425,23016,27175,27813,30344,31290,21368,24404,15248,19210,4331,7547,14338,13261,20049,18218,22175,21596,25860,26362,29155,30036,20710,23665,14801,18554,4191,7272,226763,213314,32438,31041,55096,52027,16065,23,34
2021-09-10T23:59:59+02:00,1656,1551,16034,14822,21411,19685,23406,23013,27158,27803,30331,31284,21367,24402,15244,19208,4331,7546,14316,13254,20033,18208,22160,21592,25845,26348,29137,30032,20709,23661,14798,18551,4190,7271,226733,213273,32438,31041,55096,52027,15965,23,34
2021-09-09T23:59:59+02:00,1610,1512,15955,14746,21352,19618,23356,22965,27102,27753,30302,31254,21358,24386,15230,19195,4329,7544,14237,13181,19963,18144,22094,21537,25796,26307,29100,30001,20693,23633,14781,18537,4188,7270,226215,212813,32408,30959,55095,52009,15829,23,34
2021-09-08T23:59:59+02:00,1572,1464,15833,14654,21289,19546,23304,22890,27052,27710,30262,31208,21341,24368,15221,19184,4328,7544,14147,13095,19881,18090,22029,21486,25749,26268,29065,29953,20674,23612,14777,18529,4187,7269,225692,212417,32337,30872,55095,52004,15626,23,34
2021-09-07T23:59:59+02:00,1560,1444,15785,14603,21240,19523,23269,22869,27028,27680,30247,31195,21330,24347,15215,19176,4326,7544,14079,13054,19821,18051,21989,21459,25716,26236,29037,29927,20664,23598,14773,18522,4186,7269,225473,212154,32332,30843,55095,52001,15461,23,34
2021-09-06T23:59:59+02:00,1547,1434,15734,14558,21219,19494,23248,22838,27003,27661,30231,31173,21320,24344,15210,19169,4326,7542,14048,13017,19801,18027,21961,21438,25696,26216,29022,29912,20654,23589,14770,18518,4186,7266,225220,211951,32332,30843,55095,52000,15384,23,34
2021-09-05T23:59:59+02:00,1528,1420,15705,14532,21204,19472,23239,22813,26994,27649,30226,31165,21315,24338,15205,19167,4326,7539,14010,12981,19774,17992,21935,21410,25677,26199,29009,29893,20650,23581,14768,18516,4186,7266,225017,211736,32325,30766,55094,51999,15381,23,34
2021-09-04T23:59:59+02:00,1528,1420,15697,14529,21191,19467,23232,22809,26989,27643,30220,31162,21314,24335,15205,19166,4326,7539,14002,12978,19761,17987,21928,21406,25672,26193,29003,29889,20649,23578,14768,18515,4186,7266,225016,211735,32325,30766,55094,51999,15316,23,34
2021-09-03T23:59:59+02:00,1525,1417,15680,14515,21160,19442,23204,22790,26965,27631,30207,31147,21307,24327,15205,19160,4326,7538,13986,12965,19737,17967,21906,21392,25655,26184,28989,29878,20643,23570,14768,18512,4186,7266,224947,211719,32323,30761,55094,51998,15161,23,34
2021-09-02T23:59:59+02:00,1509,1397,15608,14457,21116,19394,23169,22743,26924,27590,30170,31121,21294,24317,15199,19147,4324,7532,13892,12901,19694,17910,21862,21349,25614,26140,28950,29851,20631,23559,14763,18499,4185,7263,224530,211269,32318,30756,55092,51978,15050,23,34
2021-09-01T23:59:59+02:00,1458,1341,15470,14307,21005,19300,23098,22688,26858,27520,30120,31071,21276,24292,15191,19133,4321,7527,13751,12783,19576,17819,21779,21282,25559,26071,28900,29788,20606,23530,14751,18484,4181,7257,223769,210697,32292,30570,55091,51966,14803,23,34
2021-08-31T23:59:59+02:00,1435,1326,15409,14236,20946,19246,23057,22648,26810,27481,30087,31039,21265,24280,15185,19124,4321,7526,13678,12718,19528,17777,21748,21248,25527,26048,28873,29762,20600,23519,14748,18476,4180,7256,223328,210358,32292,30570,55090,51961,14690,23,34
2021-08-30T23:59:59+02:00,1412,1307,15339,14192,20902,19190,23025,22610,26775,27448,30055,31010,21253,24272,15181,19115,4319,7519,13621,12676,19486,17729,21716,21223,25498,26010,28839,29737,20589,23505,14738,18467,4179,7253,222968,210057,32292,30570,55090,51959,14553,23,34
2021-08-29T23:59:59+02:00,1396,1296,15296,14148,20864,19161,23001,22586,26757,27425,30038,30995,21249,24263,15181,19113,4319,7518,13569,12632,19463,17705,21689,21203,25478,25991,28826,29720,20581,23497,14735,18463,4177,7252,222687,209792,32291,30568,55090,51958,14517,23,34
2021-08-28T23:59:59+02:00,1396,1296,15288,14145,20852,19154,22995,22582,26754,27416,30035,30994,21248,24263,15181,19113,4319,7518,13561,12628,19451,17698,21682,21199,25475,25982,28823,29719,20580,23497,14735,18463,4177,7252,222686,209789,32291,30568,55090,51958,14461,23,34
2021-08-27T23:59:59+02:00,1387,1289,15256,14119,20825,19138,22964,22566,26730,27405,30019,30975,21242,24255,15177,19112,4316,7515,13532,12596,19414,17681,21654,21178,25447,25969,28806,29701,20574,23488,14732,18461,4176,7252,222553,209643,32291,30567,55089,51957,14336,23,34
2021-08-26T23:59:59+02:00,1374,1271,15212,14074,20778,19100,22933,22528,26697,27367,29987,30938,21227,24239,15170,19104,4313,7507,13464,12536,19339,17625,21597,21120,25391,25921,28767,29665,20561,23467,14721,18446,4175,7248,222263,209360,32272,30443,55087,51886,14176,23,34
2021-08-25T23:59:59+02:00,1328,1226,15066,13956,20668,19009,22855,22436,26621,27284,29929,30883,21207,24213,15160,19095,4309,7501,13340,12453,19251,17549,21533,21047,25323,25866,28723,29623,20535,23446,14713,18432,4174,7245,221421,208786,32257,30395,55087,51878,13961,22,31
2021-08-24T23:59:59+02:00,1304,1202,15002,13905,20626,18958,22800,22391,26585,27249,29901,30852,21191,24198,15154,19085,4308,7500,13243,12392,19191,17469,21496,20996,25279,25824,28694,29585,20517,23426,14706,18420,4172,7240,221008,208305,32227,30339,55087,51863,13869,22,26
2021-08-23T23:59:59+02:00,1286,1183,14936,13867,20588,18929,22772,22367,26550,27230,29876,30826,21172,24184,15149,19072,4307,7499,13127,12315,19129,17411,21444,20947,25239,25770,28649,29542,20498,23409,14699,18408,4169,7240,220703,207787,32211,30249,55087,51863,13772,22,26
2021-08-22T23:59:59+02:00,1276,1175,14920,13847,20571,18910,22760,22348,26535,27215,29860,30822,21165,24180,15147,19064,4305,7498,13067,12244,19075,17377,21414,20913,25217,25744,28623,29521,20490,23398,14698,18404,4169,7240,220529,207464,32193,30138,55087,51860,13769,22,26
2021-08-21T23:59:59+02:00,1276,1175,14912,13838,20559,18902,22750,22342,26531,27210,29849,30815,21165,24178,15147,19064,4305,7498,13058,12235,19064,17369,21406,20907,25211,25739,28613,29514,20490,23396,14698,18404,4169,7240,220524,207460,32193,30138,55087,51860,13692,22,26
2021-08-20T23:59:59+02:00,1269,1170,14885,13805,20527,18874,22727,22320,26505,27187,29832,30799,21162,24169,15145,19058,4305,7498,13040,12218,19042,17350,21389,20886,25196,25721,28595,29495,20486,23390,14697,18401,4169,7240,220339,207357,32193,30136,55087,51859,13598,22,26
2021-08-19T23:59:59+02:00,1251,1154,14826,13755,20489,18844,22695,22286,26483,27158,29806,30776,21151,24161,15143,19053,4304,7495,12908,12104,18949,17276,21303,20828,25126,25655,28535,29445,20465,23378,14691,18392,4167,7237,220033,206728,32163,30000,55087,51797,13527,22,26
2021-08-18T23:59:59+02:00,1229,1136,14743,13663,20374,18784,22623,22225,26417,27101,29748,30719,21126,24141,15137,19041,4302,7492,12775,11986,18813,17193,21210,20738,25041,25572,28454,29378,20433,23334,14680,18377,4166,7232,219621,206127,32145,29881,55086,51789,13129,22,26
2021-08-17T23:59:59+02:00,1218,1123,14703,13625,20332,18740,22588,22191,26385,27074,29731,30699,21114,24127,15126,19032,4298,7491,12667,11902,18733,17131,21137,20677,24990,25519,28417,29337,20414,23319,14671,18364,4164,7230,219342,205600,32112,29754,55086,51781,13037,22,25
2021-08-16T23:59:59+02:00,1205,1112,14656,13577,20296,18712,22559,22159,26364,27045,29697,30668,21102,24116,15119,19020,4296,7489,12575,11802,18644,17060,21068,20591,24924,25460,28350,29275,20391,23297,14661,18346,4163,7227,219075,204983,32110,29627,55086,51780,12901,22,25
2021-08-15T23:59:59+02:00,1195,1099,14619,13548,20268,18681,22533,22140,26351,27029,29687,30654,21097,24104,15114,19018,4295,7487,12508,11734,18590,17029,21020,20551,24888,25417,28332,29253,20381,23284,14657,18340,4161,7225,218851,204530,32110,29626,55086,51779,12852,22,25
2021-08-14T23:59:59+02:00,1195,1098,14612,13544,20259,18675,22524,22133,26337,27022,29682,30646,21094,24103,15113,19017,4295,7487,12501,11730,18581,17022,21010,20544,24874,25410,28327,29244,20378,23283,14656,18339,4161,7225,218850,204528,32110,29625,55086,51779,12770,22,25
2021-08-13T23:59:59+02:00,1192,1095,14603,13534,20245,18665,22513,22128,26330,27012,29667,30638,21085,24098,15112,19017,4295,7487,12486,11716,18570,17014,20998,20536,24868,25394,28313,29239,20372,23276,14654,18339,4161,7224,218792,204460,32110,29625,55086,51779,12708,22,25
2021-08-12T23:59:59+02:00,1172,1073,14545,13481,20204,18625,22489,22096,26303,26983,29636,30616,21073,24079,15108,19011,4295,7482,12313,11573,18430,16906,20903,20449,24788,25309,28246,29183,20351,23244,14641,18327,4158,7218,218473,203664,32099,29433,55086,51709,12593,22,25
2021-08-11T23:59:59+02:00,1156,1051,14475,13419,20167,18573,22447,22056,26271,26958,29608,30579,21059,24062,15105,19000,4292,7478,12174,11434,18349,16819,20824,20374,24738,25237,28203,29121,20319,23217,14634,18316,4156,7213,218080,202766,32026,29428,55086,51704,12544,22,25
2021-08-10T23:59:59+02:00,1141,1034,14398,13349,20118,18529,22418,22013,26241,26929,29577,30551,21047,24053,15105,18992,4291,7476,12066,11321,18257,16751,20765,20309,24685,25181,28160,29069,20294,23189,14620,18298,4155,7207,217665,202021,31997,29406,55086,51679,12494,22,25
2021-08-09T23:59:59+02:00,1124,1015,14313,13288,20037,18475,22369,21965,26189,26885,29540,30518,21029,24036,15099,18983,4286,7474,11884,11161,18089,16656,20645,20227,24590,25085,28080,28995,20258,23150,14606,18286,4152,7198,217218,201043,31978,29297,55084,51585,12325,22,24
2021-08-08T23:59:59+02:00,1110,1008,14272,13251,20017,18441,22343,21945,26174,26865,29524,30504,21022,24030,15096,18979,4285,7473,11801,11072,18002,16575,20580,20171,24525,25039,28034,28951,20236,23127,14594,18275,4152,7194,216994,200386,31946,29223,55083,51566,12296,22,24
2021-08-07T23:59:59+02:00,1110,1008,14257,13245,20007,18436,22336,21940,26162,26851,29510,30492,21020,24026,15092,18974,4284,7473,11787,11067,17985,16570,20574,20165,24512,25024,28017,28939,20234,23123,14590,18270,4151,7194,216989,200372,31946,29222,55083,51566,12185,22,24
2021-08-06T23:59:59+02:00,1110,1007,14246,13233,19995,18417,22322,21926,26140,26842,29498,30481,21017,24022,15089,18971,4284,7473,11774,11053,17965,16550,20558,20149,24490,25015,28005,28928,20231,23119,14587,18268,4151,7194,216982,200347,31942,29222,55083,51565,12046,22,24
2021-08-05T23:59:59+02:00,1099,988,14176,13193,19946,18384,22279,21885,26105,26787,29470,30457,21004,24007,15081,18963,4282,7470,11600,10941,17854,16453,20445,20054,24383,24923,27935,28879,20206,23094,14576,18254,4148,7192,216673,199554,31903,29130,55081,51432,11899,22,24
2021-08-04T23:59:59+02:00,1085,972,14112,13124,19846,18302,22215,21829,26069,26746,29421,30410,20981,23989,15071,18950,4282,7467,11412,10768,17626,16318,20272,19926,24267,24799,27827,28783,20178,23061,14563,18242,4145,7190,216414,198512,31747,29071,55079,51189,11612,21,24
2021-08-03T23:59:59+02:00,1061,954,14042,13064,19812,18255,22180,21788,26035,26704,29387,30381,20965,23966,15061,18936,4279,7457,11227,10594,17454,16191,20132,19795,24120,24677,27707,28678,20135,23015,14545,18210,4143,7184,216039,197078,31721,29035,55079,51134,11469,21,24
2021-08-02T23:59:59+02:00,1037,934,13955,12996,19755,18197,22129,21748,25981,26644,29335,30331,20934,23935,15051,18916,4276,7455,11057,10424,17282,16064,19986,19682,24004,24561,27621,28577,20088,22962,14526,18191,4140,7174,215558,195887,31691,28985,55079,51058,11262,21,24
2021-08-01T23:59:59+02:00,1027,919,13895,12949,19720,18180,22110,21727,25957,26624,29316,30315,20925,23923,15047,18909,4276,7454,10914,10279,17121,15955,19837,19574,23860,24454,27514,28497,20074,22938,14518,18177,4140,7170,215324,195001,31644,28892,55079,50709,11206,21,24
2021-07-31T23:59:59+02:00,1027,919,13869,12940,19703,18172,22093,21716,25944,26613,29308,30304,20923,23918,15046,18908,4275,7454,10887,10267,17101,15942,19819,19561,23848,24442,27506,28486,20072,22933,14517,18176,4139,7170,215320,194982,31644,28892,55079,50709,11069,21,24
2021-07-30T23:59:59+02:00,1019,910,13809,12896,19658,18150,22064,21697,25914,26591,29280,30286,20916,23910,15040,18906,4273,7453,10800,10195,17036,15899,19760,19526,23781,24401,27457,28461,20057,22911,14508,18172,4136,7168,215142,194592,31643,28892,55079,50643,10888,21,24
2021-07-29T23:59:59+02:00,995,892,13702,12810,19592,18089,21992,21646,25863,26536,29229,30249,20898,23900,15033,18899,4273,7451,10535,9938,16739,15656,19468,19313,23480,24174,27206,28298,20002,22855,14496,18152,4136,7167,214699,192863,31571,28779,55079,49955,10680,21,24
2021-07-28T23:59:59+02:00,967,862,13570,12681,19469,17984,21907,21563,25782,26455,29153,30180,20875,23864,15020,18887,4271,7449,10244,9734,16478,15470,19208,19125,23251,23984,27050,28153,19953,22782,14477,18129,4133,7162,214050,191527,31537,28693,55074,49443,10258,21,24
2021-07-27T23:59:59+02:00,936,841,13450,12586,19406,17924,21842,21510,25717,26397,29113,30135,20860,23844,15015,18867,4270,7443,9988,9522,16228,15247,18982,18940,23059,23812,26886,28014,19911,22729,14455,18102,4127,7153,213455,189869,31483,28536,55073,49109,10126,20,24
2021-07-26T23:59:59+02:00,911,823,13348,12491,19353,17867,21769,21446,25668,26364,29058,30076,20831,23821,14997,18848,4270,7439,9751,9273,15996,15045,18734,18739,22833,23644,26734,27884,19840,22669,14427,18066,4122,7147,212853,188118,31412,28437,55072,48733,10024,20,24
2021-07-25T23:59:59+02:00,892,812,13270,12420,19273,17821,21712,21395,25628,26316,29021,30030,20814,23804,14990,18842,4267,7438,9564,9131,15794,14896,18533,18598,22664,23533,26585,27764,19790,22621,14411,18053,4119,7144,212549,187214,31352,28284,55072,48314,9753,20,24
2021-07-24T23:59:59+02:00,892,812,13260,12411,19263,17815,21703,21390,25613,26309,29016,30024,20810,23803,14989,18841,4267,7438,9554,9118,15785,14888,18522,18592,22647,23524,26579,27756,19787,22618,14410,18052,4119,7143,212545,187196,31352,28281,55072,48314,9668,20,24
2021-07-23T23:59:59+02:00,884,811,13197,12375,19185,17782,21665,21357,25576,26270,28983,29988,20796,23787,14981,18837,4265,7435,9506,9090,15703,14843,18469,18553,22594,23483,26535,27717,19772,22602,14403,18046,4117,7140,212421,187036,31351,28277,55072,48313,9311,20,24
2021-07-22T23:59:59+02:00,872,798,13100,12295,19128,17715,21617,21327,25527,26223,28959,29966,20784,23769,14979,18831,4262,7433,9187,8817,15300,14596,18104,18297,22260,23236,26330,27582,19715,22546,14390,18024,4114,7135,211955,185205,31267,28022,55069,47398,9275,20,24
2021-07-21T23:59:59+02:00,850,771,12899,12128,18980,17590,21485,21227,25420,26120,28882,29896,20742,23734,14962,18808,4258,7428,8803,8495,14864,14267,17727,18025,21904,22907,26057,27373,19622,22458,14364,17986,4111,7126,211333,183296,31157,27670,55065,46740,8606,20,24
2021-07-20T23:59:59+02:00,820,746,12753,11995,18873,17507,21416,21151,25358,26055,28845,29845,20717,23701,14954,18792,4255,7425,8474,8188,14399,13931,17344,17751,21604,22677,25814,27187,19540,22349,14335,17951,4109,7120,210659,181150,31049,27509,55061,45861,8420,20,23
2021-07-19T23:59:59+02:00,791,718,12631,11876,18781,17434,21358,21091,25303,26001,28794,29808,20692,23673,14944,18778,4251,7419,8142,7928,14032,13674,16995,17502,21280,22476,25587,27045,19471,22274,14313,17929,4103,7114,209938,179105,30943,27345,55061,45149,8382,20,23
2021-07-18T23:59:59+02:00,773,699,12520,11767,18680,17358,21295,21039,25247,25950,28756,29755,20670,23653,14933,18767,4249,7417,7972,7775,13875,13555,16843,17379,21119,22363,25457,26964,19431,22234,14299,17913,4103,7111,209363,178170,30795,27239,55061,44786,8290,20,23
2021-07-17T23:59:59+02:00,773,699,12516,11767,18679,17355,21295,21039,25247,25950,28756,29755,20670,23653,14933,18767,4249,7417,7964,7774,13871,13550,16842,17378,21118,22362,25456,26962,19430,22234,14299,17913,4103,7111,209359,178150,30795,27238,55061,44785,8286,20,23
2021-07-16T23:59:59+02:00,766,694,12442,11711,18640,17324,21258,21012,25214,25927,28730,29736,20668,23650,14933,18765,4249,7417,7814,7672,13718,13476,16699,17320,20980,22304,25349,26914,19412,22215,14298,17907,4103,7108,209149,177702,30795,27166,55060,44393,8113,20,23
2021-07-15T23:59:59+02:00,751,674,12371,11640,18577,17266,21203,20962,25166,25886,28701,29708,20653,23632,14928,18756,4248,7414,7471,7353,13111,13073,16030,16896,20345,21935,24895,26602,19266,22074,14255,17861,4100,7101,208667,175474,30709,26268,55053,42618,8088,20,23
2021-07-14T23:59:59+02:00,722,654,12160,11504,18405,17158,21082,20865,25063,25783,28611,29607,20619,23599,14909,18740,4245,7411,7053,6988,12445,12614,15342,16411,19711,21476,24431,26259,19048,21848,14223,17813,4092,7090,207858,172636,30541,25930,55050,40669,7669,20,23
2021-07-13T23:59:59+02:00,678,620,12020,11373,18284,17076,20969,20768,24967,25688,28541,29542,20590,23560,14889,18730,4243,7401,6586,6554,11810,12115,14648,15900,19109,21060,23992,25933,18869,21633,14179,17750,4088,7081,206842,168959,30404,25756,55039,38999,7635,20,20
2021-07-12T23:59:59+02:00,645,589,11896,11235,18167,16986,20878,20660,24863,25590,28459,29476,20563,23526,14881,18718,4238,7394,6170,6138,11211,11581,14028,15359,18555,20568,23575,25570,18673,21442,14115,17692,4079,7077,205824,165278,30273,24932,55036,38043,7612,20,20
2021-07-11T23:59:59+02:00,609,562,11779,11144,18100,16924,20820,20603,24808,25544,28402,29428,20544,23506,14872,18709,4238,7393,5975,5970,10953,11379,13796,15159,18308,20378,23366,25385,18601,21362,14088,17666,4078,7071,205183,163885,30152,24462,55034,37617,7599,18,20
2021-07-10T23:59:59+02:00,608,562,11772,11143,18097,16922,20817,20603,24805,25543,28401,29428,20544,23506,14871,18707,4238,7393,5968,5969,10951,11373,13787,15155,18307,20376,23364,25383,18599,21361,14087,17666,4078,7071,205165,163859,30151,24461,55034,37610,7593,18,20
2021-07-09T23:59:59+02:00,580,539,11662,11021,18022,16838,20747,20541,24731,25467,28352,29383,20521,23486,14868,18698,4238,7392,5935,5938,10921,11340,13737,15134,18276,20343,23345,25360,18594,21351,14085,17663,4078,7070,204299,163624,30151,24411,55034,37577,7585,18,20
2021-07-08T23:59:59+02:00,545,511,11499,10885,17900,16734,20617,20443,24623,25341,28235,29306,20477,23436,14852,18670,4235,7384,5580,5680,10408,10947,13117,14681,17614,19786,22737,24897,18277,20962,13989,17580,4073,7060,203536,161316,30126,23605,55009,35483,7005,18,20
2021-07-07T23:59:59+02:00,485,458,11333,10741,17818,16649,20548,20374,24550,25263,28173,29242,20449,23400,14847,18658,4233,7376,5269,5385,9883,10497,12538,14203,16933,19266,22172,24398,17965,20598,13887,17483,4066,7037,202531,158857,30103,22142,54990,33641,6956,18,20
2021-07-06T23:59:59+02:00,445,424,11208,10592,17704,16555,20456,20270,24472,25172,28083,29163,20423,23362,14838,18641,4231,7373,4868,4954,9272,9979,11826,13602,16226,18649,21655,23902,17646,20294,13786,17367,4057,7027,201399,154651,30097,21198,54981,32346,6918,18,20
2021-07-05T23:59:59+02:00,423,397,11116,10506,17617,16484,20375,20199,24411,25120,28042,29125,20399,23341,14826,18633,4230,7370,4575,4632,8777,9527,11264,13049,15516,18005,21034,23293,17252,19899,13653,17209,4049,7019,200662,150753,30093,20519,54972,30610,6870,18,20
2021-07-04T23:59:59+02:00,410,391,11040,10451,17550,16431,20325,20150,24380,25084,28026,29107,20390,23330,14820,18630,4229,7369,4429,4539,8646,9361,11072,12873,15275,17795,20769,23021,16980,19607,13593,17117,4045,7015,200180,149437,30089,20212,54971,29631,6856,18,20
2021-07-03T23:59:59+02:00,409,390,11033,10442,17540,16423,20323,20147,24378,25083,28023,29106,20390,23329,14820,18630,4229,7368,4425,4533,8639,9359,11069,12873,15271,17795,20766,23018,16980,19604,13593,17117,4045,7015,200148,149425,30088,20212,54971,29625,6839,18,20
2021-07-02T23:59:59+02:00,365,327,10886,10332,17426,16320,20221,20072,24305,25018,27960,29046,20364,23303,14814,18616,4229,7365,4336,4452,8479,9219,10934,12763,15148,17688,20654,22914,16939,19574,13586,17102,4045,7012,199260,148432,30088,20211,54971,29568,6633,18,20
2021-07-01T23:59:59+02:00,318,283,10749,10195,17297,16227,20098,19982,24221,24943,27897,28995,20344,23279,14798,18601,4226,7361,4132,4250,8181,8880,10563,12350,14579,17190,20146,22372,16651,19275,13378,16888,4035,6990,198182,145371,30029,19526,54965,28339,6621,18,20
2021-06-30T23:59:59+02:00,235,221,10495,9955,17129,16077,19966,19850,24106,24821,27816,28906,20321,23247,14779,18583,4225,7360,3936,4053,7878,8538,10151,11885,14089,16631,19572,21738,16329,18936,13105,16612,4022,6964,196539,141686,29972,19270,54957,26872,6607,18,20
2021-06-29T23:59:59+02:00,190,184,10347,9780,16994,15981,19862,19758,24038,24744,27758,28837,20295,23220,14765,18563,4225,7356,3732,3790,7480,8087,9677,11348,13434,15963,18958,21032,16012,18609,12857,16322,4015,6950,195386,137397,29967,18971,54953,25318,6575,17,20
2021-06-28T23:59:59+02:00,140,132,10149,9597,16873,15874,19757,19657,23945,24650,27690,28775,20265,23190,14751,18544,4223,7354,3528,3532,7080,7644,9244,10854,12883,15425,18461,20516,15762,18344,12738,16188,4009,6939,194206,133563,29853,18546,54950,24490,6541,17,20
2021-06-27T23:59:59+02:00,122,115,10011,9485,16816,15815,19697,19606,23887,24600,27663,28751,20252,23174,14748,18540,4222,7351,3435,3464,6904,7450,9055,10653,12653,15185,18198,20256,15642,18240,12673,16102,4009,6935,193578,132371,29794,18197,54944,23756,6523,17,20
2021-06-26T23:59:59+02:00,122,115,10009,9480,16815,15811,19695,19605,23884,24599,27663,28751,20252,23174,14748,18540,4222,7351,3432,3464,6902,7449,9052,10651,12650,15182,18196,20255,15639,18239,12673,16101,4009,6935,193560,132350,29793,18197,54944,23752,6523,17,20
2021-06-25T23:59:59+02:00,118,112,9962,9439,16778,15778,19662,19576,23848,24571,27639,28733,20246,23167,14746,18537,4222,7351,3412,3418,6828,7338,8956,10496,12536,14986,18051,20047,15616,18210,12665,16098,4008,6934,193243,132170,29759,17843,54944,23056,6523,17,20
2021-06-24T23:59:59+02:00,108,101,9834,9313,16590,15652,19530,19453,23725,24480,27582,28673,20232,23151,14739,18528,4221,7349,3286,3271,6615,7007,8644,10040,12002,14365,17496,19341,15391,17979,12520,15968,4005,6922,192404,129773,29414,16983,54943,21604,6484,17,20
2021-06-23T23:59:59+02:00,102,95,9705,9174,16450,15526,19413,19347,23628,24375,27517,28626,20217,23129,14735,18523,4218,7348,3079,3029,6262,6521,8141,9472,11303,13544,16733,18360,15094,17638,12369,15825,3995,6897,191484,125215,29247,16012,54932,20579,6448,17,20
2021-06-22T23:59:59+02:00,71,69,9414,8868,16221,15324,19227,19199,23484,24249,27446,28541,20194,23104,14727,18504,4214,7342,2845,2740,5777,5972,7517,8710,10395,12504,15708,17158,14799,17279,12262,15701,3982,6874,189799,118778,29040,15522,54928,19504,6416,15,15
2021-06-21T23:59:59+02:00,67,62,9286,8705,16048,15178,19039,19045,23353,24126,27385,28462,20170,23076,14722,18494,4214,7338,2700,2547,5394,5504,7051,8123,9664,11625,14977,16223,14521,16966,12155,15580,3977,6858,188601,114062,28815,14963,54925,18423,6414,15,15
2021-06-20T23:59:59+02:00,64,61,9150,8571,15912,15061,18927,18954,23279,24055,27345,28411,20159,23055,14711,18487,4211,7337,2642,2478,5223,5321,6836,7856,9356,11294,14610,15819,14386,16832,12115,15543,3972,6852,187705,112358,28695,14731,54925,17633,6410,15,15
2021-06-19T23:59:59+02:00,64,61,9149,8567,15910,15052,18925,18954,23277,24054,27345,28410,20159,23055,14711,18487,4211,7337,2639,2477,5222,5317,6835,7856,9356,11293,14608,15815,14384,16832,12115,15543,3972,6852,187686,112342,28693,14729,54924,17632,6410,15,15
2021-06-18T23:59:59+02:00,64,57,9121,8555,15896,15043,18910,18946,23270,24045,27338,28405,20159,23052,14710,18487,4211,7337,2610,2443,5167,5258,6757,7756,9257,11137,14436,15586,14305,16731,12104,15522,3970,6849,187566,111556,28692,14728,54923,17191,6410,15,15
2021-06-17T23:59:59+02:00,57,54,8946,8393,15661,14875,18712,18790,23114,23914,27202,28311,20135,23030,14703,18475,4209,7334,2473,2290,4840,4958,6370,7353,8707,10531,13605,14714,14068,16439,12031,15400,3966,6837,186237,108686,28687,13768,54915,16064,6061,15,15
2021-06-16T23:59:59+02:00,49,52,8716,8177,15425,14650,18500,18590,22924,23747,27096,28201,20106,22987,14689,18455,4205,7328,2359,2182,4598,4756,6017,7007,8182,10045,12887,13875,13718,16056,11946,15311,3961,6825,184449,105239,28588,12967,54912,15583,5933,15,15
2021-06-15T23:59:59+02:00,40,39,8367,7838,15045,14292,18179,18299,22675,23533,26937,28067,20076,22953,14676,18439,4203,7317,2175,2015,4246,4401,5509,6442,7301,9158,11693,12596,13178,15440,11824,15148,3946,6802,181840,98993,28552,12303,54910,14917,5658,15,15
2021-06-14T23:59:59+02:00,34,34,8186,7670,14789,14061,17976,18126,22524,23413,26825,27986,20055,22920,14663,18431,4199,7309,2060,1889,3991,4153,5121,5968,6645,8436,10765,11541,12861,15093,11752,15054,3936,6783,180260,94148,28528,11940,54908,14465,5490,15,15
2021-06-13T23:59:59+02:00,34,34,8109,7615,14708,13975,17859,18015,22443,23333,26795,27956,20042,22909,14659,18425,4199,7309,2012,1860,3908,4054,5001,5828,6413,8193,10472,11206,12704,14915,11694,14998,3935,6782,179502,92754,28519,11648,54904,14087,5479,15,15
2021-06-12T23:59:59+02:00,34,34,8108,7614,14707,13975,17859,18015,22441,23332,26794,27953,20042,22908,14659,18425,4199,7309,2011,1858,3907,4054,4999,5827,6410,8190,10469,11200,12701,14914,11694,14996,3935,6782,179491,92735,28519,11648,54904,14078,5479,15,15
2021-06-11T23:59:59+02:00,34,33,8042,7573,14618,13927,17784,17965,22371,23298,26750,27930,20040,22904,14659,18424,4199,7309,1995,1849,3871,3996,4957,5759,6349,8108,10370,11095,12662,14879,11683,14990,3935,6782,179154,92520,28441,11642,54903,13764,5347,15,15
2021-06-10T23:59:59+02:00,29,26,7700,7274,14221,13563,17355,17589,22041,23016,26555,27749,19996,22859,14646,18406,4196,7297,1890,1766,3656,3834,4684,5488,6029,7740,9754,10484,12146,14218,11614,14882,3927,6775,176553,89361,27946,11261,54890,13143,5114,15,14
2021-06-09T23:59:59+02:00,28,23,7329,6924,13755,13121,16838,17121,21649,22647,26341,27535,19923,22788,14628,18371,4193,7289,1720,1652,3456,3655,4429,5220,5643,7335,8979,9770,11480,13386,11495,14742,3917,6763,173295,85114,27397,10625,54877,12976,4919,15,14
2021-06-08T23:59:59+02:00,23,19,6951,6515,13241,12636,16369,16652,21291,22307,26125,27331,19865,22710,14597,18335,4190,7282,1628,1576,3233,3425,4110,4866,5136,6847,8093,8850,10597,12309,11352,14585,3913,6748,169872,79460,26909,10329,54868,12697,4775,15,13
2021-06-07T23:59:59+02:00,20,16,6671,6222,12811,12260,15969,16253,20964,22010,25963,27175,19829,22657,14576,18316,4183,7276,1566,1504,3043,3252,3833,4638,4736,6471,7379,8099,9689,11164,11241,14438,3902,6730,167306,74721,26482,9958,54848,12479,4520,15,13
2021-06-06T23:59:59+02:00,20,16,6529,6089,12668,12109,15806,16094,20799,21847,25877,27088,19809,22620,14565,18306,4182,7272,1551,1481,2970,3210,3737,4574,4629,6390,7237,7970,9432,10895,11195,14388,3899,6725,166075,74039,26378,9531,54827,12305,4401,15,13
2021-06-05T23:59:59+02:00,20,16,6520,6085,12656,12096,15797,16085,20796,21842,25877,27085,19809,22620,14565,18306,4182,7272,1549,1479,2967,3209,3736,4573,4626,6390,7232,7965,9426,10890,11195,14388,3899,6725,166020,74011,26366,9529,54827,12301,4401,15,13
2021-06-04T23:59:59+02:00,20,16,6489,6045,12598,12045,15737,16037,20768,21810,25858,27068,19805,22614,14562,18306,4182,7272,1548,1473,2954,3199,3717,4559,4616,6376,7196,7922,9394,10820,11157,14347,3898,6724,165925,73736,26106,9516,54803,12258,4383,15,13
2021-06-03T23:59:59+02:00,20,15,6255,5820,12299,11796,15415,15725,20435,21471,25602,26855,19759,22540,14542,18286,4181,7268,1506,1428,2882,3134,3620,4482,4504,6277,6995,7741,9017,10374,11105,14274,3898,6719,163440,72438,25859,9220,54801,12121,4169,15,13
2021-06-02T23:59:59+02:00,20,15,6193,5760,12233,11730,15341,15658,20363,21410,25585,26831,19754,22537,14539,18283,4180,7267,1492,1418,2865,3121,3603,4468,4469,6260,6962,7703,8938,10264,11096,14249,3897,6718,163096,72077,25673,9213,54799,12112,4116,15,10
2021-06-01T23:59:59+02:00,16,15,5734,5262,11490,11030,14515,14926,19645,20741,25174,26446,19663,22448,14505,18236,4172,7259,1379,1310,2565,2853,3225,4131,3981,5798,6134,6901,7750,8643,10852,13902,3883,6701,158043,66675,25018,8307,54771,11593,3430,15,8
2021-05-31T23:59:59+02:00,14,15,5484,4961,11044,10605,13986,14430,19165,20243,24868,26106,19569,22363,14466,18190,4163,7243,1319,1256,2412,2720,3023,3961,3701,5507,5579,6369,6744,7371,10610,13581,3874,6667,154564,62642,24323,7414,54767,11389,3246,15,8
2021-05-30T23:59:59+02:00,14,15,5404,4884,10861,10480,13822,14251,18817,19923,24625,25859,19538,22333,14458,18170,4162,7241,1298,1242,2387,2690,2976,3915,3633,5451,5476,6280,6573,7141,10573,13507,3872,6657,153068,61910,23821,7353,54740,11192,3213,15,8
2021-05-29T23:59:59+02:00,14,15,5402,4884,10861,10476,13818,14248,18817,19922,24624,25857,19538,22333,14458,18170,4162,7241,1297,1239,2386,2689,2974,3912,3633,5449,5475,6278,6568,7137,10573,13507,3872,6657,153052,61900,23821,7350,54739,11180,3213,15,8
2021-05-28T23:59:59+02:00,14,15,5385,4871,10839,10440,13792,14229,18800,19905,24616,25848,19537,22332,14456,18167,4162,7240,1292,1239,2386,2683,2973,3910,3627,5443,5461,6262,6552,7120,10564,13485,3871,6653,152866,61796,23819,7350,54737,11161,3211,15,8
2021-05-27T23:59:59+02:00,11,14,5092,4587,10321,9987,13206,13697,18110,19292,24035,25310,19438,22218,14423,18121,4151,7227,1123,1099,2104,2493,2673,3620,3331,5086,5130,5982,6253,6704,10336,13202,3866,6638,149611,59947,22823,7314,54631,10216,2160,15,7
2021-05-26T23:59:59+02:00,11,14,4827,4326,9883,9605,12685,13176,17497,18682,23401,24632,19314,22069,14376,18066,4145,7210,1043,1017,1944,2340,2473,3423,3069,4841,4741,5631,5697,6055,9966,12670,3850,6602,145495,56804,22067,7277,54509,9445,1833,15,7
2021-05-25T23:59:59+02:00,11,13,4612,4096,9468,9128,12224,12670,16960,18103,22879,23993,19182,21896,14345,17987,4136,7196,992,972,1882,2250,2362,3287,2897,4638,4396,5255,5117,5321,9518,12069,3834,6577,141438,53252,21236,7262,54379,9019,1831,15,7
2021-05-24T23:59:59+02:00,11,13,4498,3937,9256,8924,12019,12410,16659,17781,22550,23593,19106,21817,14330,17967,4134,7195,976,924,1822,2208,2289,3226,2811,4557,4275,5139,4972,5162,9427,11942,3832,6569,139934,52546,20274,7209,54200,8596,1777,15,7
2021-05-23T23:59:59+02:00,11,13,4487,3936,9250,8920,12007,12400,16648,17774,22534,23572,19100,21812,14329,17965,4134,7195,974,920,1820,2204,2286,3223,2805,4553,4268,5123,4964,5148,9420,11929,3831,6568,139825,52470,20271,7195,54199,8591,1777,15,7
2021-05-22T23:59:59+02:00,11,13,4482,3933,9247,8917,11999,12394,16645,17770,22532,23570,19100,21812,14329,17965,4134,7195,974,920,1819,2203,2284,3223,2804,4553,4268,5121,4962,5147,9419,11929,3831,6568,139798,52464,20271,7195,54187,8586,1777,15,7
2021-05-21T23:59:59+02:00,11,13,4449,3894,9179,8842,11926,12305,16554,17695,22468,23502,19080,21794,14325,17958,4134,7193,929,910,1786,2191,2253,3214,2773,4528,4220,5093,4937,5123,9406,11922,3830,6567,139141,52397,20271,7195,54168,8360,1727,15,7
2021-05-20T23:59:59+02:00,8,12,4192,3710,8734,8486,11443,11888,15884,17192,21885,22922,18895,21627,14294,17918,4129,7182,782,845,1529,2031,2009,3058,2532,4309,3969,4860,4780,4960,9291,11778,3822,6542,135736,51665,19895,7097,53753,7330,1002,15,7
2021-05-19T23:59:59+02:00,8,12,3945,3465,8236,8016,10862,11339,15211,16488,21207,22196,18694,21396,14253,17868,4123,7164,730,798,1469,1950,1932,2955,2466,4184,3827,4702,4605,4747,9088,11549,3802,6513,130316,50582,19712,6963,53456,6785,984,15,7
2021-05-18T23:59:59+02:00,7,11,3657,3198,7687,7477,10131,10639,14250,15552,20260,21138,18435,21113,14198,17808,4117,7142,676,750,1414,1864,1857,2845,2338,4044,3651,4499,4336,4454,8886,11300,3789,6486,123261,49352,19618,6763,53014,6159,912,15,7
2021-05-17T23:59:59+02:00,7,11,3466,2987,7225,7009,9623,10099,13519,14761,19573,20336,18249,20851,14151,17742,4107,7128,617,695,1333,1801,1783,2763,2229,3969,3514,4386,4088,4223,8743,11088,3776,6457,118008,48552,19377,6549,52548,5465,896,15,7
2021-05-16T23:59:59+02:00,7,10,3337,2913,7017,6831,9419,9884,13264,14526,19345,20107,18171,20772,14137,17723,4106,7122,604,650,1294,1752,1738,2702,2192,3876,3450,4303,3997,4122,8723,11061,3774,6455,116382,48408,19135,6382,52267,5008,892,15,7
2021-05-15T23:59:59+02:00,7,10,3336,2910,7011,6824,9417,9878,13260,14524,19342,20098,18169,20771,14137,17723,4106,7122,604,650,1292,1752,1735,2702,2190,3876,3449,4303,3995,4120,8723,11061,3774,6455,116339,48401,19135,6381,52265,5005,891,15,7
2021-05-14T23:59:59+02:00,7,10,3295,2866,6898,6681,9288,9741,13111,14342,19170,19963,18145,20746,14136,17715,4105,7119,582,637,1270,1733,1707,2681,2156,3850,3405,4265,3945,4066,8716,11054,3774,6454,115934,48362,18387,6231,52182,4879,820,15,7
2021-05-13T23:59:59+02:00,7,10,3171,2701,6572,6360,8850,9343,12564,13861,18565,19366,18015,20602,14103,17679,4100,7117,546,612,1215,1679,1649,2608,2068,3743,3255,4146,3841,3930,8695,11034,3771,6450,113056,48267,17690,5844,51573,4473,653,14,7
2021-05-12T23:59:59+02:00,7,10,3144,2669,6539,6322,8802,9289,12425,13748,18380,19162,17982,20568,14095,17669,4100,7117,545,610,1214,1677,1644,2605,2060,3737,3241,4138,3828,3917,8687,11028,3771,6449,112343,48242,17463,5817,51555,4434,653,14,7
2021-05-11T23:59:59+02:00,5,10,2752,2413,5737,5820,7833,8476,11033,12586,16810,17687,17476,20006,14013,17564,4082,7094,508,552,1086,1570,1480,2448,1873,3558,3020,3876,3721,3804,8618,10935,3767,6444,104940,48012,16841,5621,49478,3497,125,13,7
2021-05-10T23:59:59+02:00,5,8,2564,2244,5262,5439,7136,7850,9999,11669,15515,16315,17098,19556,13950,17450,4075,7070,481,526,1043,1531,1436,2397,1814,3456,2901,3745,3639,3731,8579,10888,3763,6440,99122,47897,15934,5392,48012,2953,124,13,6
2021-05-09T23:59:59+02:00,5,8,2480,2214,5124,5354,6949,7731,9591,11330,14969,15788,16980,19417,13930,17422,4072,7065,465,508,1010,1474,1365,2313,1756,3334,2790,3591,3554,3639,8556,10856,3760,6437,97547,47812,15349,5123,47398,2347,122,13,6
2021-05-08T23:59:59+02:00,5,8,2476,2213,5123,5354,6949,7729,9587,11327,14968,15787,16980,19417,13930,17422,4072,7065,464,507,1010,1474,1365,2312,1756,3334,2789,3590,3552,3639,8556,10856,3760,6437,97533,47808,15348,5123,47396,2344,122,13,6
2021-05-07T23:59:59+02:00,5,8,2304,2151,4850,5260,6587,7575,9138,11112,14524,15467,16803,19215,13918,17393,4072,7063,452,505,999,1463,1350,2297,1721,3324,2739,3555,3507,3599,8478,10775,3760,6434,96826,47785,14828,4775,45660,2276,118,13,6
2021-05-06T23:59:59+02:00,5,8,2067,2017,4298,4910,5934,7199,8369,10554,13547,14645,16407,18765,13869,17299,4060,7050,422,457,958,1363,1263,2135,1615,3100,2517,3272,3329,3399,8300,10584,3751,6421,94251,47345,13588,4170,43103,1318,49,12,6
2021-05-05T23:59:59+02:00,5,8,1942,1904,4011,4686,5501,6828,7678,9967,12430,13587,15731,17930,13766,17197,4051,7026,413,445,945,1336,1234,2092,1580,3024,2457,3188,3279,3359,8221,10486,3745,6411,89837,47214,12263,4022,42102,941,34,12,6
2021-05-04T23:59:59+02:00,5,8,1856,1819,3743,4450,5091,6469,7017,9393,11211,12344,14813,16803,13656,17060,4047,7012,408,436,926,1317,1214,2049,1562,2987,2413,3133,3236,3312,8132,10375,3739,6397,84027,47077,11625,3823,41114,712,20,11,6
2021-05-03T23:59:59+02:00,4,8,1803,1767,3593,4325,4858,6256,6633,9061,10482,11608,14088,15825,13570,16944,4038,6995,402,426,923,1304,1200,2015,1541,2946,2380,3087,3183,3272,8019,10273,3734,6391,79596,46951,11420,3602,40813,522,18,11,5
2021-05-02T23:59:59+02:00,4,8,1793,1748,3519,4300,4775,6203,6563,9000,10365,11493,13901,15631,13538,16917,4037,6990,400,418,917,1289,1197,1998,1538,2933,2364,3070,3168,3255,7983,10241,3733,6387,79038,46932,11143,3505,40579,437,14,11,5
2021-05-01T23:59:59+02:00,4,8,1790,1748,3518,4299,4775,6202,6560,8999,10360,11489,13898,15631,13537,16916,4037,6987,399,418,917,1289,1197,1997,1538,2933,2364,3070,3168,3255,7983,10241,3733,6386,79012,46929,11143,3505,40578,437,14,11,5
2021-04-30T23:59:59+02:00,4,8,1788,1742,3512,4289,4768,6189,6539,8984,10322,11451,13847,15557,13511,16885,4036,6986,399,416,916,1287,1197,1997,1538,2933,2362,3069,3168,3253,7982,10239,3733,6386,78684,46922,11143,3504,40568,433,13,10,5
2021-04-29T23:59:59+02:00,4,7,1660,1700,3269,4174,4491,6039,6225,8732,9908,11060,13268,14854,13407,16731,4030,6978,390,405,907,1266,1177,1963,1513,2896,2333,3021,3153,3241,7969,10221,3731,6382,75905,46806,10757,3502,39855,245,12,8,5
2021-04-28T23:59:59+02:00,4,7,1532,1652,3093,4074,4254,5861,5865,8460,9321,10570,12392,13672,13251,16522,4021,6964,381,395,891,1254,1161,1934,1477,2852,2263,2952,3001,3109,7857,10105,3724,6371,71411,46392,10569,3091,39517,231,10,8,5
2021-04-27T23:59:59+02:00,4,7,1492,1607,2983,3956,4050,5718,5558,8201,8701,9899,11353,12366,13022,16166,4010,6942,369,380,882,1233,1146,1899,1450,2780,2217,2891,2962,3066,7830,10075,3718,6367,66605,46182,10381,2919,39032,151,10,7,5
2021-04-26T23:59:59+02:00,4,7,1465,1574,2869,3879,3877,5574,5247,7987,8212,9458,10597,11440,12878,15962,3999,6924,368,375,872,1222,1130,1888,1420,2760,2190,2861,2913,3016,7784,10026,3712,6362,63192,46085,10191,2671,38553,130,10,7,5
2021-04-25T23:59:59+02:00,4,7,1453,1568,2802,3849,3782,5514,5112,7940,8016,9352,10401,11205,12841,15908,3998,6919,367,370,863,1215,1112,1874,1405,2741,2167,2834,2871,2983,7735,9978,3711,6357,62688,46005,9988,2461,37978,104,10,7,5
2021-04-24T23:59:59+02:00,4,7,1452,1568,2802,3848,3781,5513,5110,7938,8012,9348,10395,11202,12841,15908,3998,6919,367,370,863,1215,1112,1872,1403,2740,2166,2834,2871,2983,7735,9978,3711,6357,62664,46001,9988,2460,37977,103,10,7,5
2021-04-23T23:59:59+02:00,4,7,1436,1558,2734,3814,3699,5483,4992,7890,7878,9288,10309,11092,12817,15867,3996,6915,366,370,862,1212,1112,1872,1402,2740,2166,2834,2871,2983,7734,9978,3711,6357,62534,45996,9708,2459,37520,102,10,7,5
2021-04-22T23:59:59+02:00,4,7,1393,1529,2627,3747,3540,5379,4761,7736,7525,9052,9740,10400,12551,15568,3990,6892,359,369,853,1202,1101,1860,1387,2713,2138,2812,2829,2940,7643,9871,3700,6341,60916,45591,9049,2425,36459,89,10,7,5
2021-04-21T23:59:59+02:00,4,7,1359,1491,2545,3669,3422,5276,4544,7555,7115,8725,8854,9369,12140,14990,3977,6851,355,367,848,1185,1092,1839,1369,2683,2108,2784,2770,2883,7529,9706,3683,6313,58194,45111,8180,2301,35502,89,10,7,5
2021-04-20T23:59:59+02:00,4,7,1336,1465,2475,3594,3320,5178,4369,7373,6729,8395,7961,8241,11678,14399,3963,6837,350,362,836,1172,1083,1817,1345,2660,2075,2741,2709,2826,7381,9523,3652,6260,55337,44400,7415,2296,34557,84,9,6,5
2021-04-19T23:59:59+02:00,4,7,1320,1450,2437,3556,3259,5111,4263,7271,6489,8163,7329,7467,11426,14044,3953,6819,348,360,832,1162,1077,1805,1322,2647,2041,2716,2655,2782,7266,9359,3629,6221,53394,43846,7043,2283,33916,81,9,6,5
2021-04-18T23:59:59+02:00,4,6,1310,1438,2405,3530,3220,5090,4209,7214,6355,8034,6976,7078,11332,13940,3950,6807,348,359,830,1158,1076,1798,1320,2634,2035,2711,2649,2769,7240,9327,3627,6218,52879,43725,6583,2281,33421,81,9,6,5
2021-04-17T23:59:59+02:00,4,6,1309,1436,2405,3529,3219,5086,4204,7211,6348,8024,6962,7068,11330,13938,3950,6807,348,359,829,1157,1076,1798,1318,2633,2034,2709,2646,2767,7239,9327,3627,6218,52857,43712,6581,2280,33383,81,9,6,5
2021-04-16T23:59:59+02:00,4,6,1306,1435,2395,3522,3211,5078,4183,7193,6297,7991,6886,6983,11318,13924,3948,6805,348,358,826,1155,1074,1798,1315,2632,2031,2709,2645,2760,7236,9325,3626,6218,52799,43689,6345,2275,33326,80,9,6,5
2021-04-15T23:59:59+02:00,2,4,1269,1414,2340,3473,3115,5019,4023,7065,6041,7759,6342,6425,11070,13635,3934,6773,340,356,807,1134,1035,1739,1270,2560,1957,2614,2567,2691,7148,9238,3616,6201,51712,43100,5957,2089,32019,74,9,6,3
2021-04-14T23:59:59+02:00,2,4,1247,1401,2305,3445,3046,4957,3916,6959,5850,7550,5699,5722,10681,13149,3902,6722,332,353,795,1125,1018,1714,1240,2519,1906,2564,2490,2622,7000,9043,3597,6175,50308,42441,5750,1969,30485,74,8,6,3
2021-04-13T23:59:59+02:00,2,4,1233,1391,2273,3415,2990,4894,3806,6877,5601,7328,5166,5176,10340,12736,3879,6694,311,339,777,1097,995,1693,1215,2484,1870,2523,2424,2556,6882,8907,3561,6114,49292,41756,5545,1912,28954,71,8,6,3
2021-04-12T23:59:59+02:00,2,4,1217,1385,2247,3392,2940,4849,3679,6797,5391,7178,4838,4881,10091,12455,3870,6671,295,335,763,1093,978,1677,1201,2461,1820,2476,2347,2498,6768,8766,3546,6092,48828,41181,5347,1864,27701,64,6,5,3
2021-04-11T23:59:59+02:00,2,4,1210,1372,2228,3373,2907,4829,3617,6726,5246,7069,4607,4682,9906,12257,3865,6660,288,333,758,1085,968,1663,1190,2433,1798,2446,2293,2439,6685,8658,3532,6072,48745,40766,5111,1806,26694,63,5,5,3
2021-04-10T23:59:59+02:00,2,4,1210,1371,2225,3369,2905,4825,3611,6723,5236,7057,4602,4673,9898,12244,3865,6659,285,329,743,1078,955,1658,1167,2413,1727,2394,2210,2353,6628,8611,3531,6068,48690,40600,5110,1484,26669,60,5,5,3
2021-04-09T23:59:59+02:00,2,4,1207,1368,2218,3367,2897,4816,3602,6712,5206,7033,4578,4646,9872,12214,3864,6659,276,326,723,1068,940,1637,1134,2366,1636,2319,1992,2084,6474,8454,3509,6035,48615,39749,5105,1158,26535,60,5,5,3
2021-04-08T23:59:59+02:00,2,4,1182,1348,2163,3311,2812,4726,3462,6582,4970,6800,4190,4238,9329,11643,3846,6606,251,306,671,1007,882,1565,1061,2269,1501,2199,1717,1749,6014,7897,3422,5892,48157,37193,4579,1155,24468,49,5,5,3
2021-04-07T23:59:59+02:00,2,4,1172,1334,2131,3294,2769,4688,3373,6520,4806,6665,3897,3938,8768,11093,3829,6575,217,276,611,953,821,1494,1002,2208,1396,2100,1577,1574,5417,7202,3332,5740,47951,34718,4106,1150,22793,48,3,5,3
2021-04-06T23:59:59+02:00,2,4,1151,1317,2087,3269,2730,4656,3308,6472,4679,6573,3646,3684,8279,10583,3813,6545,210,270,583,934,796,1445,958,2151,1313,2013,1433,1387,4842,6412,3222,5535,47755,32313,3570,1142,21465,45,3,5,3
2021-04-05T23:59:59+02:00,2,4,1148,1312,2083,3266,2720,4654,3294,6458,4657,6554,3614,3657,8251,10546,3809,6543,207,257,576,918,777,1421,942,2115,1273,1973,1386,1324,4629,6142,3174,5480,47669,31405,3564,1140,21331,45,3,5,3
2021-04-04T23:59:59+02:00,2,4,1148,1312,2083,3265,2720,4653,3294,6458,4656,6553,3610,3655,8249,10544,3809,6543,207,257,575,918,777,1421,942,2115,1273,1972,1386,1324,4628,6142,3174,5480,47663,31402,3564,1140,21323,45,3,5,3
2021-04-03T23:59:59+02:00,2,4,1148,1312,2082,3265,2720,4653,3294,6458,4656,6553,3609,3653,8249,10542,3809,6543,207,257,575,918,777,1421,942,2115,1273,1972,1386,1324,4628,6142,3174,5480,47661,31402,3563,1140,21320,45,3,5,3
2021-04-02T23:59:59+02:00,2,4,1148,1312,2082,3263,2720,4652,3294,6455,4656,6551,3607,3649,8247,10541,3809,6543,207,257,575,918,777,1419,942,2115,1273,1971,1386,1322,4626,6141,3173,5480,47645,31394,3563,1139,21319,45,3,5,3
2021-04-01T23:59:59+02:00,1,4,1135,1275,2017,3141,2612,4453,3146,6206,4498,6312,3563,3613,8149,10436,3799,6527,202,248,571,910,766,1413,932,2101,1250,1955,1365,1295,4387,5822,3055,5315,47279,30410,3558,1135,20042,38,3,5,3
2021-03-31T23:59:59+02:00,1,4,1117,1243,1978,3040,2536,4310,3056,5993,4369,6083,3481,3532,7998,10237,3780,6493,194,245,564,898,762,1395,920,2081,1209,1921,1309,1232,3901,5228,2928,5082,46678,28695,3431,1135,19134,37,3,5,1
2021-03-30T23:59:59+02:00,1,3,1095,1209,1929,2859,2434,4084,2905,5635,4167,5695,3388,3438,7834,10033,3754,6442,190,240,556,887,751,1373,898,2061,1161,1876,1225,1149,3380,4519,2706,4750,46045,26556,3269,1135,17583,29,3,5,1
2021-03-29T23:59:59+02:00,1,3,1078,1165,1868,2724,2350,3925,2767,5381,4005,5422,3291,3339,7674,9805,3725,6395,189,235,550,876,741,1359,881,2037,1126,1848,1151,1063,2802,3842,2527,4456,45404,24533,3041,1130,16466,19,2,5,1
2021-03-28T23:59:59+02:00,1,3,1059,1132,1796,2559,2266,3719,2646,5081,3853,5145,3226,3274,7608,9740,3721,6389,189,235,548,873,740,1357,879,2031,1123,1846,1142,1051,2747,3774,2514,4429,45296,24336,2830,1127,15085,14,2,5,1
2021-03-27T23:59:59+01:00,1,3,1059,1132,1796,2558,2265,3718,2643,5081,3850,5145,3222,3274,7607,9740,3721,6389,189,235,547,873,740,1357,878,2031,1120,1846,1142,1051,2747,3774,2514,4429,45287,24331,2830,1127,15080,14,2,5,1
2021-03-26T23:59:59+01:00,1,3,1055,1110,1753,2443,2201,3560,2581,4870,3764,4921,3201,3257,7604,9735,3720,6388,189,234,546,873,739,1357,878,2031,1120,1843,1138,1050,2744,3766,2513,4426,45261,24307,2827,1127,14072,12,2,5,1
2021-03-25T23:59:59+01:00,1,3,1029,1078,1702,2340,2117,3392,2475,4642,3652,4724,3100,3167,7477,9604,3713,6374,187,231,541,872,732,1347,872,2014,1104,1819,1092,1006,2518,3419,2316,4134,45006,23065,2495,1127,13084,12,1,4,1
2021-03-24T23:59:59+01:00,1,3,1007,1058,1682,2298,2086,3342,2440,4575,3608,4655,3013,3098,7349,9433,3696,6355,187,227,535,868,725,1337,861,1999,1085,1798,1052,964,2134,2876,1927,3624,44471,21062,2366,1125,12857,12,1,4,1
2021-03-23T23:59:59+01:00,1,3,997,1052,1664,2266,2063,3307,2404,4532,3568,4604,2946,3025,7256,9332,3678,6327,185,224,531,863,718,1325,847,1980,1048,1768,971,874,1773,2387,1584,3161,43959,19136,2355,1091,12707,12,1,3,1
2021-03-22T23:59:59+01:00,1,3,994,1044,1649,2250,2049,3289,2382,4504,3531,4563,2901,2991,7194,9262,3663,6310,182,221,530,852,702,1302,833,1966,1019,1741,925,803,1305,1814,1238,2681,43623,17065,2335,1037,12618,12,1,3,1
2021-03-21T23:59:59+01:00,1,3,994,1044,1648,2247,2049,3288,2378,4500,3520,4556,2888,2982,7146,9206,3657,6304,182,218,529,850,701,1298,831,1962,1008,1736,902,784,1229,1728,1185,2612,43478,16764,2332,979,12597,12,1,3,1
2021-03-20T23:59:59+01:00,1,3,993,1043,1647,2246,2049,3288,2378,4500,3518,4554,2888,2981,7146,9205,3657,6304,182,218,529,850,701,1298,831,1962,996,1723,867,756,1198,1705,1177,2610,43477,16762,2328,829,12592,12,1,3,1
2021-03-19T23:59:59+01:00,1,3,992,1035,1640,2234,2038,3284,2376,4494,3511,4547,2878,2970,7133,9187,3656,6301,182,216,528,850,701,1296,831,1961,989,1718,823,719,1141,1655,1167,2600,43414,16719,2323,646,12539,12,1,3,1
2021-03-18T23:59:59+01:00,1,3,953,1003,1566,2123,1915,3117,2228,4248,3284,4296,2726,2812,6831,8822,3590,6202,181,215,523,845,694,1289,822,1950,967,1702,805,697,1066,1548,1027,2401,42021,16151,2014,569,11681,12,1,3,1
2021-03-17T23:59:59+01:00,1,3,899,970,1495,2066,1852,3051,2163,4186,3189,4199,2590,2678,6406,8331,3526,6088,180,213,520,840,692,1285,818,1945,962,1695,776,678,931,1395,871,2189,40252,15410,2011,568,11426,12,1,3,1
2021-03-16T23:59:59+01:00,1,3,874,947,1462,2027,1813,3001,2110,4131,3095,4101,2456,2519,5936,7685,3438,5938,174,210,515,839,688,1278,813,1936,955,1682,771,665,844,1269,729,2025,38268,14811,1952,568,11313,12,1,3,1
2021-03-15T23:59:59+01:00,1,3,857,940,1444,2005,1775,2946,2072,4059,2994,3992,2324,2349,5453,7143,3366,5825,173,209,515,832,686,1269,809,1926,945,1666,760,655,774,1158,581,1828,36503,14243,1856,530,11186,12,0,3,1
2021-03-14T23:59:59+01:00,1,3,852,926,1419,1976,1751,2917,2041,3999,2931,3926,2146,2155,5267,6917,3334,5794,173,209,514,829,684,1258,808,1919,942,1656,742,646,758,1139,557,1773,35481,14098,1758,505,11113,3,0,3,1
2021-03-13T23:59:59+01:00,1,3,844,919,1398,1965,1735,2904,2016,3971,2858,3878,2077,2081,5220,6864,3332,5793,173,209,514,828,684,1258,808,1919,942,1656,740,646,758,1136,557,1773,35231,14092,1518,505,11107,3,0,3,1
2021-03-12T23:59:59+01:00,1,3,820,904,1354,1908,1673,2805,1919,3819,2702,3711,1880,1844,5036,6642,3302,5750,173,209,513,828,684,1258,807,1919,942,1655,732,643,745,1121,549,1770,33907,14040,1279,504,10884,3,0,3,1
2021-03-11T23:59:59+01:00,1,3,785,845,1285,1825,1589,2658,1835,3618,2539,3539,1617,1535,4670,6173,3169,5568,164,203,507,819,674,1249,792,1883,921,1615,604,582,676,1080,529,1739,31798,13540,1184,494,10269,2,0,3,1
2021-03-10T23:59:59+01:00,1,3,769,794,1262,1767,1556,2599,1785,3547,2458,3450,1545,1446,4202,5635,3051,5318,164,201,498,797,655,1236,783,1863,914,1599,535,567,643,1071,522,1733,29991,13388,1177,390,10017,2,0,3,1
2021-03-09T23:59:59+01:00,1,3,757,771,1242,1736,1528,2553,1745,3496,2385,3398,1453,1349,3642,4887,2867,5013,162,199,493,776,645,1212,769,1831,902,1571,531,565,641,1066,519,1727,27831,13328,1174,278,9818,2,0,3,1
2021-03-08T23:59:59+01:00,0,3,753,743,1229,1717,1511,2533,1719,3460,2346,3355,1361,1249,2973,4058,2631,4642,158,196,479,752,623,1179,750,1780,878,1534,527,563,641,1065,519,1727,25379,13320,1174,50,9727,0,0,3,1
2021-03-07T23:59:59+01:00,0,3,750,739,1221,1708,1503,2519,1708,3452,2335,3347,1348,1233,2871,3938,2608,4592,158,196,479,752,623,1179,750,1780,878,1534,527,563,641,1065,519,1727,25027,13320,1172,50,9673,0,0,3,1
2021-03-06T23:59:59+01:00,0,3,749,739,1220,1705,1500,2516,1704,3449,2331,3346,1345,1233,2871,3938,2608,4592,157,196,479,752,623,1179,750,1780,878,1534,527,563,641,1065,519,1727,25022,13319,1172,50,9652,0,0,3,1
2021-03-05T23:59:59+01:00,0,3,684,713,1194,1691,1479,2507,1679,3434,2302,3337,1340,1230,2863,3930,2605,4587,157,196,479,751,623,1178,750,1780,878,1532,526,563,641,1065,519,1727,24992,13314,1168,50,9415,0,0,3,1
2021-03-04T23:59:59+01:00,0,3,618,665,1127,1622,1422,2425,1638,3355,2228,3260,1290,1182,2647,3566,2422,4300,155,190,476,737,612,1166,739,1752,869,1519,516,552,629,1055,514,1718,23776,13149,1161,49,8830,0,0,3,1
2021-03-03T23:59:59+01:00,0,3,582,626,1059,1558,1325,2343,1538,3269,2103,3176,1245,1137,2280,3046,2069,3856,155,190,474,734,612,1166,738,1750,867,1518,514,550,627,1052,514,1716,21920,13128,1160,48,8134,0,0,1,1
2021-03-02T23:59:59+01:00,0,3,564,593,1021,1512,1269,2300,1481,3217,2006,3115,1162,1037,1914,2565,1681,3333,153,188,469,728,607,1155,728,1740,862,1498,505,541,616,1031,495,1686,19854,12953,1157,48,7761,0,0,1,1
2021-03-01T23:59:59+01:00,0,3,557,545,1003,1473,1223,2239,1435,3152,1951,3042,1118,963,1422,1969,1306,2796,151,188,469,728,607,1154,728,1737,861,1498,503,541,613,1022,491,1675,17589,12917,1154,48,7453,0,0,1,1
2021-02-28T23:59:59+01:00,0,3,550,531,986,1434,1197,2177,1407,3094,1896,2969,1097,941,1308,1828,1233,2707,151,188,468,727,607,1154,727,1735,860,1497,501,541,613,1022,491,1675,17110,12908,1151,48,7096,0,0,1,1
2021-02-27T23:59:59+01:00,0,3,550,529,985,1434,1197,2176,1407,3093,1896,2968,1097,941,1308,1827,1232,2707,151,188,467,726,604,1152,725,1733,858,1496,501,541,613,1022,491,1675,17108,12908,1151,34,7090,0,0,1,1
2021-02-26T23:59:59+01:00,0,3,400,477,854,1390,1113,2133,1340,3052,1837,2926,1092,934,1305,1826,1232,2706,151,188,467,726,604,1152,725,1732,858,1495,501,541,613,1022,491,1675,17097,12907,1151,33,6371,0,0,1,1
2021-02-25T23:59:59+01:00,0,3,308,423,759,1296,1029,2044,1241,2878,1697,2764,1054,902,1224,1702,1119,2518,144,178,455,713,588,1127,718,1707,838,1471,489,527,585,991,477,1656,16509,12640,1151,23,5300,0,0,1,1
2021-02-24T23:59:59+01:00,0,2,259,378,687,1221,955,1955,1187,2760,1632,2646,1027,882,1101,1557,963,2305,142,178,452,710,584,1126,717,1702,837,1467,484,522,577,986,474,1644,15803,12581,1149,20,4564,0,0,1,1
2021-02-23T23:59:59+01:00,0,2,247,357,665,1163,927,1876,1140,2648,1557,2537,1002,854,1024,1428,826,2147,142,177,452,708,584,1126,717,1699,835,1466,483,520,575,985,474,1643,15255,12570,1117,15,4027,0,0,1,1
2021-02-22T23:59:59+01:00,0,0,233,338,642,1133,895,1793,1090,2556,1473,2414,957,825,906,1284,645,1895,142,177,451,707,582,1125,715,1699,829,1464,482,519,574,983,473,1641,14513,12558,1048,4,3517,0,0,1,1
2021-02-21T23:59:59+01:00,0,0,227,327,607,1066,845,1687,1047,2455,1394,2307,940,804,875,1233,593,1831,142,176,448,700,581,1121,715,1694,829,1463,481,519,573,983,472,1640,14307,12532,1008,4,2922,0,0,1,1
2021-02-20T23:59:59+01:00,0,0,227,324,604,1065,843,1682,1044,2450,1381,2290,904,775,843,1210,585,1829,142,176,448,700,581,1121,715,1694,829,1463,481,518,572,983,472,1640,14307,12531,853,4,2895,0,0,1,0
2021-02-19T23:59:59+01:00,0,0,217,316,594,1057,830,1667,1023,2433,1348,2247,661,673,706,1148,560,1812,142,176,448,699,581,1118,714,1692,826,1460,481,517,572,982,471,1640,13831,12516,673,3,2787,0,0,1,0
2021-02-18T23:59:59+01:00,0,0,200,266,555,936,745,1440,892,2174,1098,1872,581,605,668,1108,541,1795,137,176,435,687,566,1101,708,1666,810,1432,478,514,571,980,471,1640,13674,12369,577,3,1224,0,0,1,0
2021-02-17T23:59:59+01:00,0,0,195,228,535,887,708,1343,834,2007,1013,1740,559,585,668,1105,539,1792,130,174,424,677,558,1085,689,1635,797,1409,475,512,569,977,471,1639,13657,12218,577,3,503,0,0,1,0
2021-02-16T23:59:59+01:00,0,0,189,225,528,872,692,1312,815,1968,980,1700,547,580,662,1103,538,1790,125,169,410,671,547,1069,677,1617,788,1395,468,507,562,964,465,1612,13629,12044,577,2,294,0,0,1,0
2021-02-15T23:59:59+01:00,0,0,174,216,522,845,686,1278,801,1933,951,1653,546,577,659,1103,538,1790,122,168,403,661,537,1050,648,1590,774,1377,466,504,562,964,465,1612,13625,11901,538,2,108,0,0,1,0
2021-02-14T23:59:59+01:00,0,0,169,208,519,833,685,1269,798,1924,933,1644,545,576,659,1100,537,1790,115,165,392,650,520,1032,630,1576,767,1365,466,502,560,962,465,1612,13619,11777,536,2,33,0,0,1,0
2021-02-13T23:59:59+01:00,0,0,168,208,518,833,685,1269,798,1924,933,1644,545,576,659,1100,537,1790,115,165,391,649,520,1032,630,1576,767,1365,466,502,560,962,465,1612,13618,11775,536,2,32,0,0,1,0
2021-02-12T23:59:59+01:00,0,0,167,207,514,832,684,1266,794,1923,931,1641,544,576,659,1100,537,1790,111,163,388,643,516,1026,616,1561,763,1348,464,501,549,942,462,1587,13611,11638,535,2,18,0,0,1,0
2021-02-11T23:59:59+01:00,0,0,165,206,510,825,677,1262,792,1920,925,1639,539,570,652,1094,532,1784,91,127,359,572,470,947,562,1443,719,1254,439,456,508,888,420,1493,13560,10747,523,1,8,0,0,1,0
2021-02-10T23:59:59+01:00,0,0,162,204,500,808,661,1247,780,1893,910,1615,531,564,642,1082,527,1774,81,115,331,513,443,840,520,1268,645,1098,391,406,442,776,374,1338,13437,9580,461,1,1,0,0,1,0
2021-02-09T23:59:59+01:00,0,0,161,197,492,769,645,1208,760,1832,899,1573,519,552,636,1068,519,1758,76,99,312,447,408,756,480,1164,580,998,361,352,403,692,344,1225,13328,8697,259,0,0,0,0,1,0
2021-02-08T23:59:59+01:00,0,0,157,193,475,744,622,1173,740,1781,879,1529,513,551,634,1062,515,1745,63,73,267,378,359,620,420,935,507,819,304,297,340,544,289,1034,13261,7249,51,0,0,0,0,1,0
2021-02-07T23:59:59+01:00,0,0,157,192,473,743,620,1172,739,1773,877,1527,512,551,634,1062,515,1744,62,65,249,343,340,576,404,903,488,784,303,289,338,537,287,1031,13239,6999,51,0,0,0,0,1,0
2021-02-06T23:59:59+01:00,0,0,157,192,473,743,620,1172,739,1773,877,1527,512,551,634,1062,515,1744,62,65,249,343,340,576,404,902,486,782,303,288,337,535,286,1031,13239,6989,51,0,0,0,0,1,0
2021-02-05T23:59:59+01:00,0,0,157,192,473,743,620,1172,739,1773,877,1526,512,551,634,1062,515,1744,60,65,247,341,333,572,396,880,477,762,293,283,327,513,271,995,13238,6815,51,0,0,0,0,1,0
2021-02-04T23:59:59+01:00,0,0,151,187,469,735,613,1164,735,1759,871,1517,505,544,613,1037,506,1726,44,50,213,308,292,476,354,739,385,616,229,216,244,353,202,737,13081,5458,50,0,0,0,0,1,0
2021-02-03T23:59:59+01:00,0,0,149,186,463,729,605,1155,731,1747,862,1501,496,536,600,1024,499,1718,36,32,157,217,238,348,265,563,310,466,180,170,171,265,154,556,12951,4128,49,0,0,0,0,1,0
2021-02-02T23:59:59+01:00,0,0,149,183,461,728,605,1155,728,1741,855,1497,495,535,596,1021,498,1714,27,26,138,170,193,279,221,428,258,375,140,131,129,200,119,438,12911,3272,49,0,0,0,0,1,0
2021-02-01T23:59:59+01:00,0,0,147,183,460,727,600,1152,727,1733,853,1492,494,533,591,1018,497,1708,22,19,101,125,137,188,154,299,169,260,89,94,87,127,65,239,12865,2175,49,0,0,0,0,1,0
2021-01-31T23:59:59+01:00,0,0,147,183,460,724,597,1151,727,1729,853,1491,492,532,590,1016,497,1707,16,15,67,84,95,123,117,222,142,204,84,87,83,119,63,225,12847,1746,49,0,0,0,0,0,0
2021-01-30T23:59:59+01:00,0,0,147,183,459,724,595,1149,726,1728,853,1491,492,532,589,1016,497,1707,16,15,67,84,95,121,115,218,139,201,83,86,83,113,57,215,12846,1708,42,0,0,0,0,0,0
2021-01-29T23:59:59+01:00,0,0,147,183,459,722,594,1146,724,1726,851,1490,492,532,589,1016,497,1707,14,15,55,79,78,117,97,207,116,189,78,79,82,109,56,214,12841,1585,34,0,0,0,0,0,0
2021-01-28T23:59:59+01:00,0,0,140,179,446,705,577,1120,718,1699,828,1461,485,526,586,1013,494,1704,9,3,12,19,24,45,30,95,48,89,45,50,54,79,41,159,12655,802,26,0,0,0,0,0,0
2021-01-27T23:59:59+01:00,0,0,133,177,435,695,569,1111,702,1665,821,1437,482,524,582,1008,494,1699,5,1,4,11,10,23,13,40,23,31,12,17,24,31,18,49,12510,312,24,0,0,0,0,0,0
2021-01-26T23:59:59+01:00,0,0,127,173,421,682,556,1097,693,1642,810,1416,476,519,576,991,487,1665,5,1,4,10,7,21,11,37,17,28,12,15,23,30,18,48,12316,287,15,0,0,0,0,0,0
2021-01-25T23:59:59+01:00,0,0,124,171,412,670,545,1078,665,1614,792,1399,474,515,574,990,487,1665,4,1,3,9,7,16,6,28,12,22,9,6,13,19,9,30,12171,194,4,0,0,0,0,0,0
2021-01-24T23:59:59+01:00,0,0,117,168,402,660,531,1060,648,1601,779,1388,473,512,573,990,487,1665,3,0,1,6,7,4,4,7,5,9,1,2,11,12,6,17,12050,95,4,0,0,0,0,0,0
2021-01-23T23:59:59+01:00,0,0,117,168,402,659,531,1060,648,1601,779,1388,473,512,573,990,487,1665,2,0,1,6,7,4,4,7,5,9,1,2,11,12,6,17,12049,94,4,0,0,0,0,0,0
2021-01-22T23:59:59+01:00,0,0,113,166,395,653,528,1054,634,1586,773,1371,473,508,562,969,482,1639,2,0,1,6,7,4,4,7,5,9,1,2,11,12,6,17,11903,94,3,0,0,0,0,0,0
2021-01-21T23:59:59+01:00,0,0,101,158,380,635,505,1021,601,1536,750,1329,457,470,529,925,448,1574,2,0,1,6,7,4,4,7,5,9,1,2,11,12,6,17,11416,94,3,0,0,0,0,0,0
2021-01-20T23:59:59+01:00,0,0,82,116,346,546,461,881,543,1302,662,1142,399,411,446,790,389,1362,2,0,1,5,7,4,4,7,5,9,1,2,11,12,6,17,9875,93,3,0,0,0,0,0,0
2021-01-19T23:59:59+01:00,0,0,77,104,317,470,421,792,503,1188,610,1039,376,374,411,713,360,1272,2,0,1,3,7,4,4,7,5,9,1,0,8,8,5,15,9024,79,3,0,0,0,0,0,0
2021-01-18T23:59:59+01:00,0,0,63,74,272,383,366,642,429,956,516,842,309,307,346,565,307,1084,2,0,1,3,7,4,4,7,5,9,1,0,8,8,5,15,7459,79,2,0,0,0,0,0,0
2021-01-17T23:59:59+01:00,0,0,62,65,253,348,344,590,410,914,493,803,306,298,345,558,304,1076,0,0,0,0,0,0,0,0,0,0,0,0,0,0,0,0,7167,0,2,0,0,0,0,0,0
2021-01-16T23:59:59+01:00,0,0,62,65,253,348,344,590,410,913,491,801,306,297,343,554,303,1076,0,0,0,0,0,0,0,0,0,0,0,0,0,0,0,0,7154,0,2,0,0,0,0,0,0
2021-01-15T23:59:59+01:00,0,0,60,65,252,345,338,584,399,890,480,776,292,291,326,527,282,1038,0,0,0,0,0,0,0,0,0,0,0,0,0,0,0,0,6943,0,2,0,0,0,0,0,0
2021-01-14T23:59:59+01:00,0,0,46,52,238,322,314,509,365,764,393,629,229,219,243,356,206,755,0,0,0,0,0,0,0,0,0,0,0,0,0,0,0,0,5640,0,0,0,0,0,0,0,0
2021-01-13T23:59:59+01:00,0,0,40,42,213,266,273,409,300,613,322,502,178,176,174,272,164,591,0,0,0,0,0,0,0,0,0,0,0,0,0,0,0,0,4535,0,0,0,0,0,0,0,0
2021-01-12T23:59:59+01:00,0,0,36,40,208,251,259,377,277,534,290,456,142,135,135,209,127,461,0,0,0,0,0,0,0,0,0,0,0,0,0,0,0,0,3937,0,0,0,0,0,0,0,0
2021-01-11T23:59:59+01:00,0,0,30,36,197,230,240,325,229,445,240,382,110,106,101,136,75,294,0,0,0,0,0,0,0,0,0,0,0,0,0,0,0,0,3176,0,0,0,0,0,0,0,0
2021-01-10T23:59:59+01:00,0,0,28,31,159,168,197,250,191,349,198,305,98,99,98,130,73,278,0,0,0,0,0,0,0,0,0,0,0,0,0,0,0,0,2652,0,0,0,0,0,0,0,0
2021-01-09T23:59:59+01:00,0,0,28,31,152,164,195,242,187,342,196,300,98,99,98,130,73,278,0,0,0,0,0,0,0,0,0,0,0,0,0,0,0,0,2613,0,0,0,0,0,0,0,0
2021-01-08T23:59:59+01:00,0,0,25,28,121,141,174,229,162,313,168,279,93,89,97,126,72,277,0,0,0,0,0,0,0,0,0,0,0,0,0,0,0,0,2394,0,0,0,0,0,0,0,0
2021-01-07T23:59:59+01:00,0,0,10,3,16,24,32,55,37,105,61,112,48,51,60,86,46,188,0,0,0,0,0,0,0,0,0,0,0,0,0,0,0,0,934,0,0,0,0,0,0,0,0
2021-01-06T23:59:59+01:00,0,0,5,1,5,11,10,22,13,39,20,31,13,14,25,35,20,56,0,0,0,0,0,0,0,0,0,0,0,0,0,0,0,0,320,0,0,0,0,0,0,0,0
2021-01-05T23:59:59+01:00,0,0,4,1,4,9,9,18,10,31,15,26,10,14,22,30,19,50,0,0,0,0,0,0,0,0,0,0,0,0,0,0,0,0,272,0,0,0,0,0,0,0,0
2021-01-04T23:59:59+01:00,0,0,3,1,2,7,9,10,4,15,8,16,5,3,11,16,8,27,0,0,0,0,0,0,0,0,0,0,0,0,0,0,0,0,145,0,0,0,0,0,0,0,0
2021-01-03T23:59:59+01:00,0,0,3,0,1,6,8,4,4,7,5,9,1,2,11,12,7,17,0,0,0,0,0,0,0,0,0,0,0,0,0,0,0,0,97,0,0,0,0,0,0,0,0
2021-01-02T23:59:59+01:00,0,0,3,0,1,6,8,4,4,7,5,9,1,2,11,12,7,17,0,0,0,0,0,0,0,0,0,0,0,0,0,0,0,0,97,0,0,0,0,0,0,0,0
2021-01-01T23:59:59+01:00,0,0,2,0,1,6,8,4,4,7,5,9,1,2,11,12,7,17,0,0,0,0,0,0,0,0,0,0,0,0,0,0,0,0,96,0,0,0,0,0,0,0,0
2020-12-31T23:59:59+01:00,0,0,2,0,1,5,8,4,4,7,5,9,1,2,11,12,7,17,0,0,0,0,0,0,0,0,0,0,0,0,0,0,0,0,95,0,0,0,0,0,0,0,0
2020-12-30T23:59:59+01:00,0,0,2,0,1,5,8,4,4,7,5,9,1,2,11,12,7,17,0,0,0,0,0,0,0,0,0,0,0,0,0,0,0,0,95,0,0,0,0,0,0,0,0
2020-12-29T23:59:59+01:00,0,0,2,0,1,3,8,4,4,7,5,9,1,0,8,8,6,15,0,0,0,0,0,0,0,0,0,0,0,0,0,0,0,0,81,0,0,0,0,0,0,0,0
2020-12-28T23:59:59+01:00,0,0,2,0,1,3,8,4,4,7,5,9,1,0,8,8,6,15,0,0,0,0,0,0,0,0,0,0,0,0,0,0,0,0,81,0,0,0,0,0,0,0,0
2020-12-27T23:59:59+01:00,0,0,2,0,1,3,8,4,4,7,5,9,1,0,8,8,6,15,0,0,0,0,0,0,0,0,0,0,0,0,0,0,0,0,81,0,0,0,0,0,0,0,0
