Datum,<15_m,<15_w,15-24_1_m,15-24_1_w,25-34_1_m,25-34_1_w,35-44_1_m,35-44_1_w,45-54_1_m,45-54_1_w,55-64_1_m,55-64_1_w,65-74_1_m,65-74_1_w,75-84_1_m,75-84_1_w,>84_1_m,>84_1_w,<24_2_m,<24_2_w,25-34_2_m,25-34_2_w,35-44_2_m,35-44_2_w,45-54_2_m,45-54_2_w,55-64_2_m,55-64_2_w,65-74_2_m,65-74_2_w,75-84_2_m,75-84_2_w,>84_2_m,>84_2_w,bp_1,bp_2,mo_1,mo_2,az_1,az_2,ja,unb_1,unb_2
2021-10-06T23:59:59+02:00,2167,2034,17187,15903,22485,20734,24274,23806,27856,28540,30820,31743,21610,24684,15478,19465,4523,7845,15326,14161,20939,19062,22857,22269,26453,26943,29584,30471,20939,23938,15022,18776,4340,7541,235671,220362,32707,31450,55061,52058,17692,30,38
2021-10-05T23:59:59+02:00,2148,2018,17145,15866,22445,20705,24240,23771,27837,28517,30805,31726,21605,24675,15475,19453,4519,7833,15301,14132,20892,19037,22827,22244,26428,26920,29560,30447,20933,23920,15019,18768,4337,7541,235375,220094,32707,31450,55061,52058,17616,30,38
2021-10-04T23:59:59+02:00,2122,1983,17088,15830,22398,20678,24218,23748,27820,28484,30786,31707,21599,24666,15472,19447,4518,7828,15265,14110,20869,19010,22813,22221,26411,26901,29549,30433,20926,23910,15015,18764,4337,7536,235035,219893,32707,31450,55061,52056,17565,30,38
2021-10-03T23:59:59+02:00,2117,1972,17061,15791,22371,20645,24185,23727,27807,28465,30769,31698,21596,24659,15471,19440,4516,7825,15233,14072,20847,18982,22790,22203,26398,26879,29535,30423,20916,23897,15013,18761,4336,7535,234827,219676,32701,31440,55060,52054,17503,30,38
2021-10-02T23:59:59+02:00,2117,1972,17061,15791,22371,20645,24184,23727,27807,28465,30769,31698,21596,24659,15471,19440,4516,7825,15233,14072,20847,18982,22790,22203,26398,26879,29535,30422,20916,23897,15013,18761,4336,7535,234826,219675,32701,31440,55060,52054,17503,30,38
2021-10-01T23:59:59+02:00,2112,1967,17048,15775,22368,20633,24173,23708,27802,28458,30765,31693,21593,24657,15471,19438,4515,7825,15229,14070,20844,18980,22789,22203,26396,26877,29535,30418,20915,23895,15013,18761,4336,7535,234716,219649,32700,31440,55060,52054,17501,30,38
2021-09-30T23:59:59+02:00,2092,1951,16991,15724,22325,20579,24133,23673,27772,28425,30740,31669,21583,24648,15462,19427,4512,7820,15159,14004,20807,18945,22758,22162,26375,26844,29516,30397,20911,23886,15010,18753,4332,7530,234320,219266,32688,31417,55060,52052,17434,30,38
2021-09-29T23:59:59+02:00,2025,1909,16903,15649,22257,20513,24079,23622,27711,28377,30705,31642,21569,24635,15455,19414,4509,7818,15093,13951,20765,18893,22722,22111,26339,26816,29481,30371,20904,23874,14999,18746,4331,7527,233705,218882,32674,31395,55059,52049,17330,30,38
2021-09-28T23:59:59+02:00,2008,1892,16821,15584,22188,20461,24016,23581,27673,28337,30688,31625,21560,24620,15449,19403,4509,7815,15027,13904,20708,18852,22678,22085,26309,26780,29459,30350,20891,23859,14993,18736,4329,7523,233276,218547,32673,31395,55059,52048,17198,30,38
2021-09-27T23:59:59+02:00,1946,1824,16757,15524,22153,20425,23990,23553,27645,28301,30669,31608,21554,24614,15447,19400,4508,7813,15001,13872,20686,18815,22663,22059,26290,26768,29441,30334,20887,23849,14989,18728,4328,7520,232784,218276,32673,31395,55059,52047,17191,30,38
2021-09-26T23:59:59+02:00,1926,1803,16688,15460,22102,20366,23950,23502,27616,28275,30654,31599,21544,24607,15446,19397,4508,7811,14933,13806,20634,18762,22615,22003,26251,26731,29422,30307,20880,23839,14981,18725,4328,7517,232417,217882,32656,31368,55058,52034,17099,30,38
2021-09-25T23:59:59+02:00,1926,1803,16686,15460,22100,20365,23948,23501,27616,28275,30654,31599,21544,24607,15446,19397,4508,7811,14933,13806,20633,18762,22615,22003,26250,26729,29422,30307,20879,23839,14981,18725,4328,7517,232410,217878,32656,31368,55058,52034,17098,30,38
2021-09-24T23:59:59+02:00,1925,1800,16661,15441,22058,20337,23914,23480,27596,28254,30637,31584,21542,24603,15444,19396,4508,7811,14907,13779,20584,18730,22574,21977,26222,26709,29400,30287,20874,23833,14979,18723,4327,7516,232350,217751,32656,31368,55058,52034,16903,30,38
2021-09-23T23:59:59+02:00,1895,1763,16585,15356,21997,20262,23865,23412,27551,28199,30612,31544,21529,24592,15437,19381,4505,7809,14829,13716,20523,18687,22545,21930,26188,26665,29375,30260,20871,23822,14973,18715,4327,7515,231791,217349,32618,31334,55058,52034,16803,30,38
2021-09-22T23:59:59+02:00,1862,1732,16482,15280,21907,20186,23790,23357,27483,28139,30571,31509,21513,24570,15435,19368,4503,7806,14703,13609,20434,18610,22482,21860,26126,26604,29326,30225,20852,23812,14967,18707,4324,7506,231186,216673,32597,31292,55058,52027,16628,30,38
2021-09-21T23:59:59+02:00,1833,1688,16403,15206,21848,20126,23741,23308,27443,28103,30533,31469,21502,24549,15430,19357,4495,7797,14646,13561,20377,18570,22439,21817,26093,26579,29301,30199,20840,23798,14960,18696,4321,7502,230710,216387,32597,31292,55058,52027,16441,30,38
2021-09-20T23:59:59+02:00,1806,1673,16330,15142,21793,20079,23693,23268,27405,28060,30500,31451,21493,24537,15424,19351,4494,7795,14589,13508,20330,18525,22403,21790,26045,26547,29276,30174,20832,23786,14958,18690,4318,7499,230306,216070,32595,31291,55058,52026,16309,30,38
2021-09-19T23:59:59+02:00,1779,1651,16266,15093,21743,20019,23660,23235,27376,28032,30479,31426,21483,24526,15420,19340,4494,7792,14530,13465,20285,18473,22352,21767,26020,26515,29259,30160,20826,23773,14954,18687,4317,7495,229943,215788,32573,31258,55057,52026,16214,30,38
2021-09-18T23:59:59+02:00,1779,1651,16265,15091,21742,20018,23658,23233,27376,28031,30479,31426,21483,24526,15420,19340,4494,7792,14530,13463,20285,18473,22351,21766,26020,26513,29259,30160,20826,23773,14954,18687,4317,7495,229937,215787,32573,31257,55057,52026,16210,30,38
2021-09-17T23:59:59+02:00,1774,1644,16244,15073,21717,19999,23638,23221,27363,28015,30470,31420,21480,24523,15417,19337,4493,7792,14509,13449,20275,18467,22342,21762,26013,26509,29249,30154,20823,23770,14953,18686,4317,7495,229767,215685,32573,31257,55057,52026,16196,30,38
2021-09-16T23:59:59+02:00,1735,1614,16146,14976,21635,19899,23568,23138,27300,27955,30431,31383,21466,24506,15412,19327,4488,7792,14425,13376,20232,18412,22306,21711,25983,26464,29228,30123,20812,23760,14946,18679,4315,7491,228967,215231,32552,31179,55057,52014,16168,30,38
2021-09-15T23:59:59+02:00,1704,1597,16083,14899,21583,19846,23523,23092,27270,27922,30406,31358,21453,24485,15400,19319,4487,7790,14351,13290,20166,18352,22267,21659,25945,26421,29196,30100,20799,23745,14934,18671,4314,7489,228442,214671,32535,31135,55057,52009,16156,30,38
2021-09-14T23:59:59+02:00,1691,1582,16047,14854,21536,19807,23493,23057,27238,27885,30380,31334,21439,24474,15397,19306,4484,7789,14313,13251,20142,18330,22244,21633,25925,26406,29185,30090,20788,23737,14931,18664,4313,7487,228029,214389,32534,31134,55057,52009,16146,30,38
2021-09-13T23:59:59+02:00,1671,1569,16007,14802,21510,19776,23462,23027,27222,27849,30366,31320,21438,24464,15392,19304,4483,7787,14284,13238,20116,18314,22224,21613,25910,26394,29175,30067,20779,23726,14930,18657,4311,7485,227693,214167,32534,31134,55057,52009,16138,30,38
2021-09-12T23:59:59+02:00,1661,1556,15984,14780,21494,19754,23447,23003,27207,27834,30356,31312,21431,24456,15392,19299,4483,7787,14251,13209,20093,18277,22204,21588,25897,26371,29164,30058,20772,23718,14925,18650,4309,7480,227501,213928,32518,31103,55057,52008,16133,30,38
2021-09-11T23:59:59+02:00,1660,1556,15972,14776,21486,19746,23446,23002,27205,27833,30353,31310,21430,24455,15392,19299,4483,7787,14246,13207,20091,18274,22202,21588,25897,26370,29164,30058,20771,23718,14925,18650,4309,7480,227464,213917,32518,31103,55054,52008,16128,30,38
2021-09-10T23:59:59+02:00,1660,1556,15949,14771,21472,19735,23428,22999,27188,27823,30340,31305,21429,24453,15388,19297,4483,7786,14223,13200,20075,18264,22188,21584,25882,26357,29146,30055,20770,23714,14922,18647,4308,7479,227434,213878,32518,31103,55054,52008,16029,30,38
2021-09-09T23:59:59+02:00,1615,1517,15868,14695,21412,19666,23375,22950,27128,27773,30311,31276,21420,24436,15374,19283,4481,7784,14143,13128,20003,18196,22121,21529,25833,26316,29110,30023,20754,23686,14904,18633,4306,7477,226905,213413,32487,31020,55053,51988,15892,30,38
2021-09-08T23:59:59+02:00,1577,1470,15740,14602,21342,19590,23322,22875,27078,27730,30271,31228,21403,24418,15365,19272,4480,7784,14054,13037,19920,18142,22056,21477,25786,26277,29075,29973,20735,23665,14900,18625,4305,7476,226363,213014,32417,30928,55053,51983,15687,30,38
2021-09-07T23:59:59+02:00,1564,1450,15690,14551,21288,19565,23285,22852,27051,27697,30254,31212,21392,24396,15358,19263,4478,7784,13986,12989,19857,18103,22014,21447,25749,26244,29046,29945,20723,23651,14896,18618,4304,7476,226118,212731,32412,30898,55053,51978,15520,30,38
2021-09-06T23:59:59+02:00,1551,1440,15641,14505,21268,19534,23263,22823,27026,27678,30238,31190,21382,24393,15354,19256,4478,7782,13955,12952,19838,18078,21985,21425,25729,26224,29031,29930,20715,23643,14892,18614,4304,7473,225868,212528,32412,30898,55053,51978,15442,30,38
2021-09-05T23:59:59+02:00,1530,1425,15611,14478,21250,19512,23254,22798,27017,27666,30233,31182,21377,24387,15349,19254,4478,7778,13917,12916,19808,18042,21960,21397,25710,26206,29018,29911,20711,23635,14890,18612,4304,7473,225656,212312,32405,30818,55052,51977,15439,30,38
2021-09-04T23:59:59+02:00,1530,1425,15603,14475,21236,19507,23247,22793,27011,27660,30227,31179,21376,24384,15349,19253,4478,7778,13909,12913,19794,18036,21953,21392,25704,26200,29012,29907,20710,23632,14890,18611,4304,7473,225655,212311,32405,30817,55052,51977,15371,30,38
2021-09-03T23:59:59+02:00,1527,1422,15587,14461,21203,19483,23217,22772,26987,27648,30212,31164,21369,24376,15349,19247,4478,7777,13894,12899,19768,18017,21929,21377,25687,26191,28997,29896,20704,23625,14890,18608,4304,7473,225582,212294,32404,30812,55052,51976,15213,30,38
2021-09-02T23:59:59+02:00,1511,1402,15515,14402,21157,19433,23182,22725,26946,27607,30175,31138,21356,24366,15343,19234,4476,7771,13801,12835,19723,17956,21884,21334,25645,26145,28958,29869,20692,23614,14885,18596,4303,7472,225162,211839,32399,30807,55050,51956,15100,30,38
2021-09-01T23:59:59+02:00,1460,1345,15374,14248,21040,19337,23112,22670,26879,27535,30124,31088,21338,24341,15335,19220,4473,7766,13655,12715,19601,17859,21799,21264,25587,26076,28908,29806,20667,23585,14873,18581,4299,7466,224388,211256,32373,30612,55049,51944,14847,30,38
2021-08-31T23:59:59+02:00,1436,1330,15313,14177,20976,19285,23069,22628,26829,27493,30090,31056,21326,24329,15329,19211,4473,7765,13581,12649,19553,17818,21768,21229,25554,26053,28880,29780,20661,23575,14870,18573,4298,7465,223933,210913,32372,30612,55048,51939,14734,30,38
2021-08-30T23:59:59+02:00,1413,1311,15245,14131,20928,19231,23037,22590,26792,27460,30057,31026,21314,24320,15325,19202,4471,7758,13524,12608,19508,17768,21736,21204,25524,26016,28846,29755,20650,23560,14860,18564,4297,7461,223571,210611,32372,30612,55048,51937,14592,30,38
2021-08-29T23:59:59+02:00,1397,1299,15201,14085,20890,19200,23013,22566,26774,27436,30039,31011,21310,24311,15325,19200,4471,7757,13471,12563,19486,17747,21709,21184,25503,25997,28833,29738,20642,23552,14857,18560,4295,7460,223281,210344,32371,30612,55048,51936,14557,30,38
2021-08-28T23:59:59+02:00,1397,1299,15195,14082,20879,19193,23007,22562,26771,27427,30036,31010,21309,24311,15325,19200,4471,7757,13465,12559,19475,17740,21703,21180,25500,25988,28830,29737,20641,23552,14857,18560,4295,7460,223281,210343,32371,30612,55048,51936,14503,30,38
2021-08-27T23:59:59+02:00,1388,1292,15163,14055,20851,19177,22974,22546,26746,27416,30020,30990,21303,24303,15321,19199,4468,7754,13436,12528,19438,17723,21675,21159,25472,25975,28813,29719,20635,23543,14854,18559,4294,7460,223143,210201,32371,30611,55047,51935,14377,30,38
2021-08-26T23:59:59+02:00,1375,1274,15118,14010,20804,19139,22945,22508,26713,27377,29988,30953,21288,24287,15314,19191,4465,7746,13367,12468,19362,17667,21615,21102,25416,25927,28774,29683,20622,23522,14845,18546,4293,7456,222850,209918,32352,30487,55047,51861,14218,30,38
2021-08-25T23:59:59+02:00,1330,1229,14971,13887,20692,19045,22866,22415,26634,27293,29930,30897,21267,24261,15304,19181,4461,7740,13245,12384,19278,17591,21550,21030,25347,25873,28730,29640,20595,23501,14837,18532,4292,7453,221994,209351,32337,30439,55047,51853,13998,29,36
2021-08-24T23:59:59+02:00,1306,1205,14907,13836,20650,18993,22810,22369,26599,27257,29901,30866,21251,24246,15298,19171,4460,7739,13150,12325,19217,17509,21513,20978,25303,25830,28700,29602,20577,23481,14830,18520,4290,7448,221577,208869,32307,30381,55047,51838,13906,29,32
2021-08-23T23:59:59+02:00,1288,1186,14839,13799,20611,18964,22782,22344,26564,27237,29876,30839,21232,24232,15293,19158,4459,7738,13033,12247,19155,17450,21461,20929,25263,25775,28655,29559,20558,23464,14823,18508,4287,7448,221269,208350,32291,30290,55047,51838,13807,29,32
2021-08-22T23:59:59+02:00,1279,1178,14824,13779,20595,18944,22770,22324,26549,27222,29859,30835,21225,24228,15291,19150,4457,7737,12974,12178,19103,17416,21432,20894,25242,25749,28629,29537,20550,23453,14822,18504,4287,7448,221094,208026,32272,30181,55047,51835,13806,29,32
2021-08-21T23:59:59+02:00,1279,1178,14815,13769,20583,18936,22760,22318,26545,27217,29848,30828,21225,24226,15291,19150,4457,7737,12964,12168,19092,17408,21424,20888,25236,25744,28619,29530,20550,23451,14822,18504,4287,7448,221089,208022,32272,30181,55047,51835,13727,29,32
2021-08-20T23:59:59+02:00,1272,1173,14786,13734,20548,18906,22737,22295,26519,27194,29831,30812,21222,24217,15289,19144,4457,7737,12946,12152,19068,17388,21406,20867,25222,25726,28601,29511,20546,23445,14821,18501,4287,7448,220895,207917,32272,30179,55047,51835,13632,29,32
2021-08-19T23:59:59+02:00,1254,1157,14727,13685,20509,18877,22706,22260,26496,27165,29806,30788,21211,24209,15286,19139,4456,7734,12813,12034,18980,17311,21320,20809,25151,25659,28541,29461,20525,23432,14815,18492,4285,7445,220589,207281,32240,30042,55047,51774,13562,29,32
2021-08-18T23:59:59+02:00,1231,1138,14643,13593,20395,18818,22632,22199,26430,27108,29747,30730,21186,24189,15280,19127,4454,7731,12675,11915,18843,17230,21225,20719,25064,25576,28458,29393,20492,23387,14804,18477,4284,7440,220176,206672,32222,29920,55045,51766,13161,29,32
2021-08-17T23:59:59+02:00,1220,1125,14602,13555,20352,18774,22597,22165,26397,27080,29730,30710,21174,24175,15269,19118,4450,7730,12566,11831,18761,17169,21147,20658,25012,25523,28421,29352,20473,23372,14795,18464,4282,7438,219895,206140,32187,29790,55045,51758,13069,29,31
2021-08-16T23:59:59+02:00,1208,1114,14554,13507,20316,18745,22568,22133,26376,27051,29696,30679,21161,24164,15262,19106,4448,7728,12471,11732,18670,17097,21076,20573,24948,25464,28354,29289,20450,23350,14785,18446,4281,7435,219627,205521,32185,29663,55045,51757,12932,29,30
2021-08-15T23:59:59+02:00,1198,1101,14517,13480,20288,18715,22540,22114,26363,27035,29686,30665,21156,24152,15257,19104,4447,7726,12405,11665,18617,17067,21025,20535,24912,25421,28335,29267,20440,23337,14781,18440,4279,7433,219406,205072,32185,29662,55045,51756,12881,29,30
2021-08-14T23:59:59+02:00,1198,1100,14510,13476,20279,18709,22531,22107,26349,27028,29681,30657,21153,24151,15256,19103,4447,7726,12398,11661,18607,17059,21015,20528,24898,25414,28330,29258,20437,23336,14780,18439,4279,7433,219405,205070,32185,29659,55045,51756,12799,29,30
2021-08-13T23:59:59+02:00,1195,1097,14501,13466,20265,18699,22519,22102,26342,27018,29666,30649,21144,24146,15255,19103,4447,7726,12383,11648,18596,17050,21002,20519,24892,25398,28316,29254,20431,23329,14778,18439,4279,7432,219348,205004,32185,29659,55045,51756,12735,29,30
2021-08-12T23:59:59+02:00,1175,1075,14444,13411,20224,18659,22496,22067,26314,26988,29635,30627,21132,24127,15251,19096,4447,7721,12216,11505,18458,16939,20909,20435,24812,25313,28249,29198,20410,23297,14765,18427,4276,7426,219023,204212,32173,29471,55045,51687,12621,29,30
2021-08-11T23:59:59+02:00,1159,1053,14375,13348,20182,18605,22453,22029,26281,26963,29607,30587,21119,24110,15248,19085,4444,7717,12078,11365,18373,16851,20829,20361,24763,25240,28207,29134,20378,23270,14758,18416,4274,7421,218624,203312,32100,29466,55045,51682,12569,29,30
2021-08-10T23:59:59+02:00,1144,1035,14298,13276,20128,18560,22422,21985,26250,26933,29575,30558,21105,24101,15248,19077,4443,7715,11967,11249,18277,16783,20768,20295,24712,25184,28164,29082,20351,23242,14744,18398,4273,7415,218202,202563,32068,29443,55045,51657,12511,29,30
2021-08-09T23:59:59+02:00,1127,1016,14213,13214,20047,18503,22373,21937,26198,26889,29538,30524,21087,24084,15242,19068,4438,7713,11785,11087,18105,16686,20644,20213,24616,25088,28084,29006,20315,23202,14730,18386,4270,7406,217754,201574,32048,29334,55044,51562,12338,29,29
2021-08-08T23:59:59+02:00,1113,1009,14170,13175,20026,18468,22347,21917,26183,26869,29522,30510,21080,24078,15239,19064,4437,7712,11702,11001,18017,16602,20579,20156,24553,25041,28038,28962,20293,23179,14717,18375,4270,7402,217525,200919,32016,29256,55043,51544,12308,29,29
2021-08-07T23:59:59+02:00,1113,1009,14156,13170,20016,18463,22341,21912,26171,26855,29508,30498,21078,24074,15235,19059,4436,7712,11688,10995,18000,16598,20573,20150,24540,25026,28021,28950,20291,23175,14713,18370,4269,7402,217523,200904,32016,29255,55043,51544,12197,29,29
2021-08-06T23:59:59+02:00,1113,1009,14146,13158,20003,18444,22327,21898,26149,26846,29495,30487,21075,24070,15232,19057,4436,7711,11676,10981,17978,16577,20557,20134,24519,25017,28008,28939,20288,23171,14710,18368,4269,7402,217516,200877,32012,29255,55043,51543,12058,29,29
2021-08-05T23:59:59+02:00,1101,990,14075,13116,19953,18410,22284,21855,26114,26790,29467,30463,21061,24055,15224,19049,4434,7708,11502,10873,17866,16478,20446,20035,24414,24927,27939,28890,20262,23147,14699,18354,4266,7400,217203,200092,31968,29163,55040,51406,11911,29,29
2021-08-04T23:59:59+02:00,1085,973,14010,13046,19851,18326,22217,21796,26075,26748,29418,30416,21038,24037,15214,19036,4434,7705,11316,10698,17636,16338,20271,19908,24296,24803,27831,28793,20234,23114,14686,18342,4263,7398,216937,199047,31806,29103,55039,51163,11617,28,29
2021-08-03T23:59:59+02:00,1061,955,13940,12985,19814,18277,22183,21755,26040,26706,29384,30387,21022,24013,15204,19022,4431,7695,11132,10524,17463,16211,20132,19776,24148,24681,27712,28686,20191,23067,14669,18310,4261,7392,216560,197613,31779,29069,55039,51108,11470,28,29
2021-08-02T23:59:59+02:00,1037,935,13854,12918,19757,18219,22132,21715,25986,26646,29332,30337,20991,23982,15194,19002,4428,7693,10963,10355,17291,16086,19985,19663,24031,24566,27625,28585,20145,23014,14650,18291,4258,7382,216080,196423,31748,29019,55039,51032,11265,28,29
2021-08-01T23:59:59+02:00,1027,920,13793,12871,19721,18202,22113,21694,25961,26625,29313,30320,20982,23970,15190,18995,4428,7692,10818,10209,17130,15977,19835,19554,23887,24460,27517,28505,20131,22990,14642,18277,4258,7378,215844,195532,31698,28927,55039,50682,11209,28,29
2021-07-31T23:59:59+02:00,1027,920,13768,12862,19703,18194,22096,21683,25948,26613,29305,30309,20980,23965,15189,18994,4427,7692,10792,10197,17109,15964,19817,19541,23875,24448,27509,28494,20129,22985,14641,18276,4257,7378,215840,195513,31698,28927,55039,50682,11071,28,29
2021-07-30T23:59:59+02:00,1019,910,13708,12817,19658,18172,22067,21664,25918,26591,29277,30291,20973,23957,15183,18992,4425,7691,10706,10124,17045,15921,19758,19506,23808,24407,27461,28469,20114,22963,14632,18272,4254,7376,215661,195126,31697,28927,55039,50616,10889,28,29
2021-07-29T23:59:59+02:00,995,892,13603,12731,19594,18111,21994,21610,25867,26535,29225,30254,20955,23947,15176,18985,4425,7689,10439,9866,16745,15676,19463,19289,23507,24178,27210,28306,20059,22907,14620,18251,4254,7375,215218,193378,31625,28817,55039,49928,10679,28,29
2021-07-28T23:59:59+02:00,967,862,13472,12603,19468,18002,21908,21527,25787,26456,29150,30186,20932,23911,15163,18973,4423,7687,10149,9664,16484,15487,19202,19100,23279,23987,27055,28162,20011,22834,14601,18228,4251,7370,214568,192043,31590,28733,55035,49413,10257,28,29
2021-07-27T23:59:59+02:00,936,841,13354,12509,19403,17942,21842,21474,25721,26398,29110,30141,20917,23891,15158,18953,4422,7681,9893,9453,16232,15259,18975,18914,23086,23814,26891,28025,19969,22781,14579,18201,4245,7361,213973,190381,31535,28575,55034,49076,10125,27,29
2021-07-26T23:59:59+02:00,911,823,13249,12415,19351,17885,21768,21410,25672,26365,29055,30081,20888,23868,15140,18934,4422,7677,9657,9204,15993,15057,18727,18713,22860,23647,26740,27898,19898,22721,14551,18165,4240,7355,213370,188632,31463,28475,55033,48698,10023,26,29
2021-07-25T23:59:59+02:00,892,812,13174,12343,19272,17836,21711,21358,25632,26317,29018,30035,20871,23852,15133,18928,4419,7676,9472,9062,15792,14908,18524,18572,22691,23536,26591,27778,19848,22673,14535,18152,4237,7352,213069,187725,31401,28323,55033,48283,9751,26,29
2021-07-24T23:59:59+02:00,892,812,13164,12334,19262,17830,21700,21353,25617,26310,29013,30029,20867,23851,15132,18927,4419,7676,9462,9048,15782,14901,18511,18566,22674,23527,26585,27770,19845,22670,14534,18151,4237,7352,213066,187708,31401,28320,55033,48283,9663,26,29
2021-07-23T23:59:59+02:00,884,811,13099,12297,19185,17796,21660,21320,25581,26270,28980,29993,20853,23835,15124,18923,4417,7673,9411,9020,15699,14857,18457,18526,22623,23485,26541,27731,19829,22654,14527,18145,4235,7349,212939,187546,31400,28315,55033,48282,9304,26,29
2021-07-22T23:59:59+02:00,872,797,13004,12215,19126,17729,21615,21290,25532,26223,28956,29971,20840,23817,15122,18917,4414,7671,9093,8746,15297,14610,18094,18271,22292,23238,26335,27596,19772,22598,14514,18123,4232,7344,212472,185720,31315,28062,55030,47365,9269,26,29
2021-07-21T23:59:59+02:00,850,770,12802,12049,18977,17606,21481,21191,25426,26120,28879,29900,20798,23782,15105,18894,4410,7666,8715,8431,14864,14281,17715,17997,21935,22906,26062,27385,19679,22510,14488,18085,4229,7335,211846,183815,31206,27711,55027,46706,8602,26,29
2021-07-20T23:59:59+02:00,820,745,12653,11915,18867,17522,21411,21115,25364,26054,28841,29849,20773,23749,15097,18878,4407,7663,8386,8120,14395,13942,17334,17725,21631,22677,25818,27199,19598,22401,14459,18050,4227,7329,211163,181660,31096,27548,55023,45828,8416,26,28
2021-07-19T23:59:59+02:00,791,718,12532,11796,18776,17449,21349,21056,25310,26000,28791,29812,20748,23720,15087,18864,4403,7657,8060,7866,14029,13687,16987,17476,21304,22475,25591,27057,19529,22325,14437,18028,4221,7323,210442,179619,30990,27389,55023,45118,8379,26,28
2021-07-18T23:59:59+02:00,773,699,12419,11688,18677,17370,21282,21003,25254,25947,28754,29758,20726,23700,15075,18853,4401,7655,7890,7713,13873,13564,16836,17354,21142,22363,25461,26976,19489,22285,14423,18012,4221,7320,209858,178683,30841,27285,55023,44753,8287,26,28
2021-07-17T23:59:59+02:00,773,699,12416,11688,18676,17367,21282,21003,25254,25947,28754,29758,20726,23700,15075,18853,4401,7655,7883,7712,13869,13559,16835,17353,21141,22362,25460,26974,19488,22285,14423,18012,4221,7320,209854,178663,30841,27284,55023,44752,8284,26,28
2021-07-16T23:59:59+02:00,766,694,12344,11634,18635,17335,21247,20976,25221,25924,28728,29739,20724,23697,15075,18851,4401,7655,7731,7611,13716,13488,16691,17294,21003,22303,25353,26926,19470,22266,14422,18006,4221,7317,209646,178215,30841,27211,55023,44360,8111,26,28
2021-07-15T23:59:59+02:00,751,674,12271,11564,18571,17277,21191,20928,25173,25883,28700,29711,20709,23680,15070,18842,4400,7652,7387,7296,13108,13082,16024,16870,20366,21933,24897,26614,19324,22126,14379,17960,4218,7310,209166,175982,30755,26313,55016,42588,8085,26,28
2021-07-14T23:59:59+02:00,722,654,12058,11427,18398,17167,21069,20830,25069,25779,28610,29610,20675,23647,15051,18826,4397,7649,6971,6941,12444,12629,15333,16382,19733,21475,24433,26271,19106,21900,14347,17912,4210,7299,208347,173158,30589,25977,55013,40642,7664,26,28
2021-07-13T23:59:59+02:00,678,619,11920,11295,18277,17084,20958,20735,24972,25683,28540,29544,20646,23608,15031,18816,4395,7639,6509,6518,11810,12130,14639,15877,19128,21063,23992,25944,18929,21685,14303,17850,4206,7290,207329,169494,30451,25806,55003,38978,7632,26,25
2021-07-12T23:59:59+02:00,644,588,11795,11157,18162,16994,20866,20628,24871,25583,28458,29477,20620,23574,15023,18804,4390,7632,6093,6104,11207,11594,14014,15339,18573,20572,23574,25582,18733,21495,14238,17792,4197,7286,206310,165809,30322,24980,55000,38022,7609,26,25
2021-07-11T23:59:59+02:00,608,561,11680,11065,18098,16932,20809,20571,24817,25536,28401,29429,20601,23554,15014,18795,4390,7631,5904,5936,10953,11392,13783,15140,18327,20383,23365,25397,18661,21414,14211,17766,4196,7280,205672,164423,30203,24514,54998,37598,7596,24,25
2021-07-10T23:59:59+02:00,607,560,11673,11064,18094,16930,20805,20570,24814,25535,28400,29429,20601,23554,15013,18793,4390,7631,5897,5935,10948,11385,13773,15136,18326,20381,23363,25395,18659,21413,14210,17766,4196,7280,205652,164393,30201,24513,54998,37591,7589,24,25
2021-07-09T23:59:59+02:00,579,537,11563,10939,18020,16846,20735,20509,24740,25459,28350,29384,20578,23534,15010,18783,4390,7630,5863,5902,10919,11351,13722,15115,18295,20349,23344,25373,18654,21403,14208,17763,4196,7279,204784,164158,30200,24463,54998,37556,7581,24,25
2021-07-08T23:59:59+02:00,544,509,11399,10804,17895,16741,20599,20407,24634,25331,28232,29306,20534,23484,14994,18754,4387,7622,5519,5645,10403,10955,13100,14665,17631,19789,22736,24907,18338,21013,14112,17680,4191,7269,204015,161848,30174,23655,54969,35471,6995,24,25
2021-07-07T23:59:59+02:00,484,456,11230,10659,17812,16654,20529,20339,24561,25253,28171,29242,20506,23448,14989,18742,4385,7614,5212,5352,9875,10503,12520,14184,16950,19268,22170,24408,18024,20649,14010,17583,4184,7246,203001,159386,30150,22189,54952,33626,6948,24,25
2021-07-06T23:59:59+02:00,443,422,11106,10509,17701,16561,20436,20236,24482,25160,28080,29163,20480,23409,14980,18725,4383,7611,4813,4924,9276,9988,11807,13582,16241,18654,21655,23913,17705,20344,13909,17467,4175,7236,201867,155197,30143,21248,54943,32331,6911,24,25
2021-07-05T23:59:59+02:00,421,395,11016,10420,17610,16490,20355,20164,24421,25109,28039,29126,20456,23388,14968,18717,4382,7608,4525,4603,8778,9537,11247,13028,15532,18010,21034,23304,17312,19948,13776,17309,4167,7228,201126,151302,30140,20567,54934,30601,6862,24,25
2021-07-04T23:59:59+02:00,408,389,10940,10365,17545,16436,20305,20114,24390,25073,28023,29108,20447,23377,14963,18714,4381,7607,4379,4512,8650,9371,11055,12853,15290,17800,20768,23032,17039,19657,13716,17217,4163,7224,200646,149987,30134,20262,54933,29622,6849,24,25
2021-07-03T23:59:59+02:00,406,388,10933,10354,17535,16430,20303,20111,24388,25073,28020,29107,20447,23376,14963,18714,4381,7607,4375,4505,8643,9367,11052,12853,15286,17800,20765,23029,17039,19654,13716,17217,4163,7224,200618,149974,30132,20262,54933,29616,6830,24,25
2021-07-02T23:59:59+02:00,363,325,10788,10244,17419,16328,20199,20035,24315,25008,27957,29048,20421,23350,14957,18700,4381,7604,4288,4424,8481,9230,10916,12741,15163,17693,20654,22925,16997,19624,13709,17202,4163,7221,199733,148985,30132,20261,54933,29558,6621,24,25
2021-07-01T23:59:59+02:00,316,282,10654,10109,17292,16234,20076,19946,24231,24933,27893,28996,20401,23326,14941,18685,4378,7600,4084,4223,8181,8892,10547,12330,14594,17193,20145,22387,16709,19325,13501,16988,4153,7199,198659,145927,30074,19577,54927,28329,6610,24,25
2021-06-30T23:59:59+02:00,233,220,10399,9871,17118,16083,19942,19815,24115,24809,27814,28908,20379,23294,14922,18667,4377,7599,3887,4028,7879,8555,10139,11868,14106,16637,19573,21753,16387,18983,13228,16711,4140,7172,197008,142253,30019,19326,54919,26862,6596,24,25
2021-06-29T23:59:59+02:00,189,183,10251,9695,16982,15988,19839,19723,24046,24733,27756,28840,20352,23267,14908,18647,4377,7595,3685,3768,7479,8103,9665,11331,13452,15967,18959,21049,16069,18656,12981,16421,4133,7158,195857,137966,30014,19027,54915,25310,6563,23,25
2021-06-28T23:59:59+02:00,140,131,10058,9513,16855,15882,19734,19619,23952,24639,27688,28778,20322,23237,14894,18629,4375,7593,3485,3513,7078,7659,9230,10838,12903,15429,18461,20531,15818,18390,12862,16288,4127,7147,194674,134130,29901,18604,54912,24483,6530,23,25
2021-06-27T23:59:59+02:00,122,114,9919,9401,16795,15822,19673,19568,23894,24589,27661,28754,20309,23221,14891,18625,4374,7590,3394,3446,6901,7464,9041,10639,12674,15189,18199,20272,15695,18285,12797,16201,4127,7143,194041,132938,29841,18256,54906,23749,6512,23,25
2021-06-26T23:59:59+02:00,122,114,9918,9397,16793,15818,19670,19567,23892,24588,27661,28754,20309,23221,14891,18625,4374,7590,3392,3446,6898,7463,9038,10638,12671,15186,18197,20271,15692,18284,12797,16200,4127,7143,194024,132918,29840,18256,54906,23745,6512,23,25
2021-06-25T23:59:59+02:00,118,111,9871,9357,16755,15785,19636,19537,23856,24560,27637,28736,20303,23214,14889,18622,4374,7590,3371,3400,6824,7353,8941,10483,12556,14990,18052,20063,15668,18255,12789,16197,4126,7142,193705,132736,29806,17902,54906,23048,6512,23,25
2021-06-24T23:59:59+02:00,108,100,9742,9234,16569,15657,19501,19413,23734,24471,27579,28675,20289,23198,14882,18613,4373,7588,3244,3255,6606,7023,8629,10029,12022,14367,17498,19357,15443,18023,12642,16066,4123,7130,192865,130335,29461,17042,54905,21594,6473,23,25
2021-06-23T23:59:59+02:00,102,95,9613,9096,16426,15532,19384,19308,23637,24366,27513,28628,20274,23176,14878,18608,4370,7587,3039,3018,6252,6540,8128,9461,11318,13544,16735,18376,15147,17682,12492,15924,4113,7105,191946,125782,29294,16069,54894,20574,6436,23,25
2021-06-22T23:59:59+02:00,71,69,9324,8791,16193,15330,19198,19157,23493,24241,27441,28544,20250,23151,14870,18589,4366,7581,2805,2735,5767,5991,7504,8698,10405,12502,15715,17174,14851,17324,12385,15800,4100,7082,190259,119351,29086,15577,54890,19499,6403,21,20
2021-06-21T23:59:59+02:00,67,62,9198,8634,16021,15180,19008,19004,23363,24118,27380,28465,20226,23123,14865,18579,4366,7577,2659,2546,5386,5526,7041,8113,9675,11624,14985,16240,14572,17011,12278,15679,4095,7065,189063,114647,28864,15017,54887,18422,6401,21,20
2021-06-20T23:59:59+02:00,64,61,9061,8505,15884,15062,18897,18915,23290,24047,27340,28414,20215,23102,14854,18572,4363,7576,2600,2478,5214,5344,6827,7847,9368,11292,14619,15837,14437,16877,12238,15642,4090,7059,188172,112942,28746,14784,54886,17638,6397,21,20
2021-06-19T23:59:59+02:00,64,61,9060,8500,15881,15053,18895,18915,23288,24046,27340,28413,20215,23102,14854,18572,4363,7576,2597,2477,5213,5339,6826,7846,9368,11291,14617,15833,14435,16877,12238,15642,4090,7059,188151,112924,28744,14782,54885,17637,6397,21,20
2021-06-18T23:59:59+02:00,64,57,9029,8488,15868,15044,18880,18907,23281,24037,27334,28408,20215,23099,14853,18572,4363,7576,2568,2444,5158,5280,6748,7746,9269,11135,14446,15605,14356,16776,12227,15620,4088,7056,188030,112139,28743,14781,54884,17197,6397,21,20
2021-06-17T23:59:59+02:00,57,54,8847,8326,15632,14876,18681,18749,23125,23906,27198,28315,20191,23078,14846,18560,4361,7573,2428,2296,4833,4980,6361,7343,8721,10532,13618,14733,14119,16483,12154,15498,4084,7045,186690,109274,28738,13824,54877,16073,6049,21,20
2021-06-16T23:59:59+02:00,49,52,8621,8110,15401,14649,18470,18549,22934,23737,27092,28205,20162,23035,14832,18540,4357,7567,2313,2187,4592,4777,6008,7000,8193,10047,12900,13894,13769,16100,12069,15409,4079,7033,184906,105823,28638,13024,54874,15592,5923,21,20
2021-06-15T23:59:59+02:00,40,39,8276,7776,15024,14290,18148,18262,22682,23526,26933,28071,20132,23001,14819,18524,4355,7556,2131,2017,4242,4429,5502,6438,7312,9156,11708,12618,13228,15482,11948,15246,4064,7010,182309,99587,28602,12359,54872,14927,5650,21,20
2021-06-14T23:59:59+02:00,34,34,8097,7607,14765,14057,17945,18089,22531,23405,26821,27989,20111,22968,14806,18516,4351,7548,2016,1892,3985,4179,5117,5968,6655,8434,10783,11563,12912,15134,11877,15152,4054,6991,180727,94750,28578,11999,54870,14475,5478,21,20
2021-06-13T23:59:59+02:00,34,34,8023,7551,14681,13968,17829,17978,22450,23326,26792,27959,20098,22957,14802,18510,4351,7548,1972,1865,3903,4082,4999,5828,6422,8194,10488,11229,12755,14956,11819,15096,4053,6990,179969,93369,28568,11707,54866,14096,5467,21,20
2021-06-12T23:59:59+02:00,34,34,8022,7550,14681,13967,17829,17978,22448,23325,26791,27956,20098,22956,14802,18510,4351,7548,1971,1863,3901,4082,4997,5827,6419,8190,10485,11223,12752,14955,11819,15094,4053,6990,179958,93348,28568,11707,54866,14087,5467,21,20
2021-06-11T23:59:59+02:00,34,33,7956,7509,14592,13920,17753,17928,22379,23291,26747,27933,20096,22952,14802,18509,4351,7548,1955,1851,3865,4024,4954,5760,6358,8108,10385,11118,12712,14920,11808,15088,4053,6990,179621,93130,28491,11701,54865,13771,5335,21,20
2021-06-10T23:59:59+02:00,29,26,7617,7214,14197,13556,17320,17553,22048,23009,26551,27752,20052,22907,14789,18491,4348,7536,1854,1769,3649,3859,4679,5486,6034,7740,9767,10507,12193,14260,11739,14980,4045,6983,177024,89968,27998,11321,54852,13142,5100,21,19
2021-06-09T23:59:59+02:00,28,23,7250,6866,13737,13120,16805,17087,21658,22640,26336,27538,19979,22837,14771,18456,4345,7528,1688,1654,3454,3680,4424,5218,5648,7332,8990,9788,11528,13424,11620,14840,4035,6971,173782,85715,27456,10686,54840,12975,4905,21,19
2021-06-08T23:59:59+02:00,23,19,6875,6463,13223,12632,16338,16618,21301,22300,26120,27335,19922,22758,14740,18421,4342,7521,1596,1579,3234,3449,4105,4867,5141,6844,8104,8866,10643,12347,11476,14682,4031,6956,170372,80060,26966,10390,54831,12697,4761,21,18
2021-06-07T23:59:59+02:00,20,16,6599,6178,12789,12258,15940,16219,20974,22003,25958,27179,19885,22704,14719,18401,4335,7515,1535,1508,3042,3277,3830,4638,4739,6467,7390,8112,9731,11200,11365,14536,4020,6939,167808,75316,26545,10018,54811,12476,4507,21,18
2021-06-06T23:59:59+02:00,20,16,6458,6047,12647,12105,15778,16062,20810,21841,25872,27092,19865,22667,14708,18391,4334,7511,1520,1486,2969,3236,3736,4572,4633,6388,7248,7983,9474,10931,11319,14486,4017,6934,166583,74634,26441,9594,54790,12303,4389,21,18
2021-06-05T23:59:59+02:00,20,16,6449,6043,12633,12092,15768,16053,20807,21836,25872,27089,19865,22667,14708,18391,4334,7511,1518,1484,2966,3235,3735,4571,4630,6388,7243,7978,9467,10926,11319,14486,4017,6934,166524,74605,26430,9592,54790,12299,4389,21,18
2021-06-04T23:59:59+02:00,20,16,6417,6003,12574,12043,15708,16004,20779,21805,25853,27072,19861,22661,14705,18391,4334,7511,1517,1478,2954,3223,3716,4557,4620,6374,7206,7935,9435,10856,11281,14445,4016,6933,166426,74329,26172,9579,54766,12254,4372,21,18
2021-06-03T23:59:59+02:00,20,15,6183,5781,12274,11793,15386,15694,20447,21467,25596,26860,19815,22587,14685,18371,4333,7507,1475,1435,2881,3157,3619,4479,4511,6275,7006,7754,9058,10408,11229,14371,4016,6928,163945,73031,25925,9284,54764,12115,4159,21,18
2021-06-02T23:59:59+02:00,20,15,6120,5720,12203,11729,15313,15627,20375,21406,25579,26836,19811,22584,14682,18368,4332,7506,1461,1425,2864,3145,3602,4464,4476,6258,6971,7716,8977,10298,11220,14346,4015,6927,163594,72668,25741,9275,54763,12105,4107,21,15
2021-06-01T23:59:59+02:00,16,15,5666,5225,11468,11030,14487,14895,19656,20741,25169,26454,19721,22494,14648,18321,4324,7498,1347,1317,2566,2875,3223,4130,3988,5798,6143,6913,7787,8673,10976,13999,4001,6910,158558,67261,25091,8368,54735,11586,3423,21,13
2021-05-31T23:59:59+02:00,14,15,5417,4928,11026,10604,13960,14402,19178,20244,24862,26114,19628,22408,14609,18275,4315,7482,1287,1262,2412,2740,3020,3961,3704,5505,5585,6381,6771,7387,10732,13679,3992,6876,155096,63224,24396,7445,54730,11379,3238,21,13
2021-05-30T23:59:59+02:00,14,15,5338,4852,10841,10482,13795,14224,18829,19922,24619,25865,19597,22378,14601,18255,4314,7480,1267,1248,2385,2707,2972,3915,3636,5449,5482,6293,6598,7157,10695,13604,3990,6866,153601,62488,23892,7383,54703,11181,3204,21,13
2021-05-29T23:59:59+02:00,14,15,5335,4852,10841,10478,13790,14221,18829,19921,24618,25863,19597,22378,14601,18255,4314,7480,1266,1244,2384,2704,2970,3912,3636,5447,5481,6291,6593,7154,10695,13604,3990,6866,153583,62478,23892,7380,54702,11167,3204,21,13
2021-05-28T23:59:59+02:00,14,15,5319,4838,10820,10440,13765,14202,18812,19904,24610,25853,19596,22377,14599,18252,4314,7479,1261,1244,2383,2697,2969,3910,3630,5441,5467,6275,6577,7137,10686,13582,3989,6862,153398,62374,23890,7380,54698,11146,3202,21,13
2021-05-27T23:59:59+02:00,11,14,5027,4555,10297,9984,13178,13671,18122,19290,24028,25316,19497,22262,14566,18206,4303,7467,1098,1104,2099,2504,2670,3618,3335,5085,5136,5995,6277,6720,10457,13299,3984,6846,150136,60518,22897,7344,54592,10209,2148,21,12
2021-05-26T23:59:59+02:00,11,14,4764,4299,9859,9603,12660,13151,17508,18680,23394,24639,19372,22113,14519,18151,4297,7450,1019,1024,1940,2351,2470,3421,3073,4841,4748,5643,5720,6071,10084,12765,3968,6810,146033,57372,22137,7306,54470,9439,1823,21,12
2021-05-25T23:59:59+02:00,11,13,4549,4069,9448,9129,12199,12644,16970,18101,22873,24000,19240,21941,14488,18072,4288,7436,970,980,1878,2261,2361,3285,2901,4638,4402,5267,5137,5339,9632,12165,3952,6785,141985,53819,21302,7291,54342,9014,1821,21,12
2021-05-24T23:59:59+02:00,11,13,4437,3912,9238,8924,11995,12384,16668,17779,22544,23597,19164,21862,14473,18052,4286,7435,954,932,1818,2220,2287,3224,2815,4557,4280,5151,4992,5179,9541,12038,3949,6777,140480,53111,20341,7238,54165,8590,1767,21,12
2021-05-23T23:59:59+02:00,11,13,4426,3911,9232,8921,11983,12374,16657,17772,22528,23576,19159,21857,14472,18050,4286,7435,953,927,1816,2215,2282,3222,2808,4553,4273,5134,4984,5165,9534,12025,3948,6776,140373,53031,20338,7225,54164,8584,1767,21,12
2021-05-22T23:59:59+02:00,11,13,4422,3908,9228,8917,11975,12368,16653,17768,22526,23574,19159,21857,14472,18050,4286,7435,953,927,1815,2213,2279,3222,2807,4553,4273,5132,4982,5164,9533,12025,3948,6776,140344,53025,20338,7225,54152,8577,1767,21,12
2021-05-21T23:59:59+02:00,11,13,4391,3869,9156,8841,11902,12281,16562,17693,22463,23506,19139,21839,14468,18043,4286,7433,908,917,1783,2202,2247,3213,2777,4528,4225,5103,4958,5140,9520,12018,3947,6775,139687,52958,20338,7225,54133,8353,1717,21,12
2021-05-20T23:59:59+02:00,8,12,4137,3689,8709,8485,11419,11867,15891,17190,21882,22927,18954,21671,14436,18003,4281,7422,761,853,1527,2043,2004,3056,2535,4309,3974,4870,4801,4977,9405,11874,3939,6751,136289,52230,19964,7126,53716,7322,993,21,12
2021-05-19T23:59:59+02:00,8,12,3894,3448,8216,8023,10839,11322,15219,16483,21206,22204,18753,21440,14395,17953,4275,7404,712,807,1467,1963,1927,2956,2469,4183,3833,4712,4626,4764,9202,11644,3919,6722,130898,51153,19781,6993,53419,6777,975,21,12
2021-05-18T23:59:59+02:00,7,11,3606,3186,7669,7485,10111,10623,14258,15545,20263,21147,18493,21157,14340,17893,4269,7382,657,758,1413,1876,1852,2845,2339,4043,3657,4510,4355,4472,8999,11394,3906,6695,123855,49921,19685,6792,52981,6147,903,21,12
2021-05-17T23:59:59+02:00,7,11,3415,2979,7211,7016,9606,10082,13529,14756,19576,20347,18307,20895,14293,17827,4259,7367,601,703,1332,1813,1777,2764,2229,3968,3521,4397,4109,4241,8855,11181,3893,6666,118614,49119,19445,6579,52516,5457,887,21,12
2021-05-16T23:59:59+02:00,7,10,3286,2906,7004,6839,9403,9867,13275,14521,19347,20118,18230,20816,14279,17808,4258,7361,588,657,1293,1765,1732,2703,2192,3875,3456,4314,4018,4140,8834,11154,3891,6664,116992,48975,19205,6411,52234,4999,883,21,12
2021-05-15T23:59:59+02:00,7,10,3285,2903,6998,6831,9401,9861,13272,14519,19344,20108,18228,20815,14279,17808,4258,7361,588,657,1291,1764,1729,2702,2190,3875,3455,4314,4016,4138,8834,11154,3891,6664,116948,48967,19205,6410,52232,4995,882,21,12
2021-05-14T23:59:59+02:00,7,10,3244,2859,6885,6687,9271,9723,13122,14337,19172,19973,18204,20790,14278,17800,4257,7358,568,644,1270,1743,1700,2680,2156,3849,3411,4276,3966,4084,8827,11147,3891,6663,116542,48928,18456,6259,52148,4870,810,21,12
2021-05-13T23:59:59+02:00,7,10,3125,2697,6557,6368,8835,9325,12575,13856,18569,19376,18076,20646,14245,17764,4252,7356,536,619,1216,1687,1643,2606,2069,3743,3263,4156,3862,3947,8804,11127,3888,6659,113662,48832,17759,5869,51543,4461,655,20,10
2021-05-12T23:59:59+02:00,7,10,3098,2667,6524,6330,8786,9272,12436,13743,18385,19172,18043,20612,14237,17754,4252,7356,535,617,1215,1684,1638,2603,2061,3737,3249,4148,3849,3933,8796,11121,3888,6658,112951,48806,17534,5842,51525,4422,654,20,10
2021-05-11T23:59:59+02:00,5,10,2708,2409,5725,5834,7817,8461,11043,12576,16819,17697,17538,20049,14153,17649,4233,7333,499,557,1088,1579,1475,2447,1874,3558,3028,3886,3742,3819,8727,11028,3884,6653,105550,48575,16910,5646,49451,3486,129,19,10
2021-05-10T23:59:59+02:00,5,8,2521,2242,5252,5455,7125,7838,10016,11660,15525,16325,17159,19598,14090,17535,4225,7309,474,531,1046,1540,1432,2396,1815,3455,2908,3755,3660,3746,8688,10980,3880,6649,99746,48459,16001,5417,47994,2943,128,19,10
2021-05-09T23:59:59+02:00,5,8,2438,2211,5115,5371,6938,7719,9606,11323,14979,15798,17040,19458,14070,17507,4222,7304,458,513,1014,1483,1361,2312,1757,3333,2796,3601,3574,3654,8665,10948,3877,6646,98172,48374,15413,5147,47382,2337,126,19,10
2021-05-08T23:59:59+02:00,5,8,2434,2210,5114,5371,6938,7717,9602,11319,14978,15797,17040,19458,14070,17507,4222,7304,457,512,1013,1483,1361,2311,1757,3333,2795,3600,3572,3654,8665,10948,3877,6646,98157,48369,15412,5147,47380,2334,126,19,10
2021-05-07T23:59:59+02:00,5,8,2262,2148,4843,5276,6574,7564,9153,11105,14535,15477,16863,19256,14058,17478,4222,7302,445,510,1002,1471,1346,2296,1722,3323,2746,3565,3526,3614,8586,10867,3877,6643,97451,48346,14894,4798,45644,2266,121,19,10
2021-05-06T23:59:59+02:00,5,8,2028,2016,4294,4929,5921,7189,8385,10547,13560,14655,16465,18805,14009,17384,4210,7289,416,462,961,1371,1259,2133,1616,3099,2525,3282,3349,3414,8407,10674,3868,6629,94872,47906,13657,4192,43100,1307,52,18,10
2021-05-05T23:59:59+02:00,5,8,1905,1906,4012,4706,5490,6818,7690,9958,12444,13597,15788,17968,13905,17283,4201,7265,408,450,948,1344,1231,2091,1581,3023,2465,3198,3299,3374,8328,10577,3862,6619,90461,47775,12335,4044,42098,934,37,18,10
2021-05-04T23:59:59+02:00,5,8,1818,1820,3745,4470,5083,6462,7028,9383,11224,12354,14869,16840,13796,17146,4197,7251,403,440,929,1324,1213,2049,1563,2985,2421,3143,3255,3327,8239,10466,3856,6605,84651,47637,11697,3844,41110,705,24,17,10
2021-05-03T23:59:59+02:00,4,8,1766,1767,3593,4344,4852,6250,6644,9052,10495,11618,14143,15861,13708,17031,4188,7234,397,430,925,1310,1199,2016,1542,2943,2388,3098,3202,3287,8124,10364,3851,6599,80218,47509,11493,3623,40810,516,20,17,9
2021-05-02T23:59:59+02:00,4,8,1756,1748,3519,4319,4770,6197,6574,8992,10377,11503,13956,15667,13676,17004,4187,7229,395,422,919,1295,1196,1999,1539,2930,2372,3081,3187,3270,8087,10332,3850,6595,79658,47490,11217,3525,40578,431,16,17,9
2021-05-01T23:59:59+02:00,4,8,1753,1748,3518,4318,4769,6196,6571,8991,10372,11499,13953,15667,13675,17003,4187,7226,394,422,919,1295,1195,1998,1539,2930,2372,3081,3187,3270,8087,10332,3850,6594,79632,47487,11217,3525,40577,431,15,17,9
2021-04-30T23:59:59+02:00,4,8,1751,1741,3512,4309,4762,6184,6550,8976,10334,11461,13902,15593,13649,16972,4186,7225,394,420,917,1293,1195,1998,1539,2930,2370,3080,3187,3268,8086,10330,3850,6594,79305,47480,11217,3524,40567,426,14,16,9
2021-04-29T23:59:59+02:00,4,7,1626,1700,3271,4194,4486,6031,6233,8725,9919,11069,13319,14889,13545,16816,4180,7217,385,409,908,1272,1175,1964,1514,2894,2341,3032,3173,3257,8073,10312,3847,6590,76520,47364,10832,3522,39852,240,13,14,9
2021-04-28T23:59:59+02:00,4,7,1501,1653,3098,4094,4251,5851,5876,8451,9331,10577,12442,13706,13388,16607,4171,7203,376,399,891,1259,1159,1935,1477,2850,2271,2963,3020,3124,7960,10196,3840,6579,72022,46946,10646,3109,39518,226,11,14,9
2021-04-27T23:59:59+02:00,4,7,1463,1610,2989,3974,4047,5709,5569,8192,8711,9907,11404,12394,13158,16250,4160,7181,364,384,882,1238,1144,1900,1450,2777,2225,2902,2981,3079,7933,10164,3833,6574,67214,46731,10458,2935,39033,146,11,13,9
2021-04-26T23:59:59+02:00,4,7,1438,1576,2876,3896,3875,5565,5258,7978,8219,9466,10649,11467,13014,16046,4149,7163,363,379,872,1228,1127,1889,1420,2756,2196,2871,2931,3027,7883,10114,3827,6569,63799,46628,10268,2681,38555,125,11,13,9
2021-04-25T23:59:59+02:00,4,7,1427,1570,2809,3865,3778,5506,5122,7931,8024,9361,10453,11233,12977,15992,4148,7158,362,374,863,1222,1109,1875,1405,2737,2173,2844,2889,2994,7835,10066,3826,6564,63296,46548,10067,2473,37978,99,11,13,9
2021-04-24T23:59:59+02:00,4,7,1426,1570,2809,3863,3777,5505,5120,7929,8020,9357,10446,11230,12977,15992,4148,7158,362,374,863,1222,1109,1872,1403,2736,2172,2844,2889,2994,7835,10066,3826,6564,63270,46543,10067,2472,37977,98,11,13,9
2021-04-23T23:59:59+02:00,4,7,1409,1559,2742,3828,3694,5475,5002,7881,7886,9297,10360,11119,12953,15951,4146,7154,361,374,862,1219,1109,1872,1402,2736,2172,2844,2889,2994,7834,10066,3826,6564,63139,46538,9786,2471,37518,97,11,13,9
2021-04-22T23:59:59+02:00,4,7,1367,1528,2634,3762,3534,5370,4770,7727,7533,9062,9787,10425,12686,15652,4140,7130,355,373,854,1210,1099,1860,1391,2710,2145,2823,2853,2961,7744,9957,3814,6548,61513,46128,9127,2463,36454,88,11,13,9
2021-04-21T23:59:59+02:00,4,7,1334,1491,2554,3686,3415,5267,4552,7547,7124,8734,8898,9393,12271,15073,4127,7088,350,371,849,1193,1090,1839,1373,2680,2115,2795,2794,2905,7629,9792,3796,6520,58783,45647,8258,2338,35500,88,11,13,9
2021-04-20T23:59:59+02:00,4,7,1312,1465,2484,3611,3315,5170,4378,7364,6738,8402,8005,8265,11805,14483,4113,7074,344,366,837,1180,1080,1817,1349,2657,2082,2752,2733,2848,7479,9605,3764,6464,55928,44925,7493,2332,34552,83,10,12,9
2021-04-19T23:59:59+02:00,4,7,1295,1449,2448,3574,3254,5103,4271,7262,6499,8169,7371,7490,11552,14126,4102,7056,342,364,833,1170,1074,1805,1326,2644,2048,2726,2678,2804,7363,9439,3741,6425,53977,44367,7120,2318,33913,80,10,12,9
2021-04-18T23:59:59+02:00,4,6,1285,1437,2417,3550,3213,5082,4217,7206,6363,8040,7018,7102,11458,14023,4099,7044,342,363,831,1166,1073,1798,1324,2631,2042,2721,2672,2790,7336,9407,3739,6421,53459,44243,6662,2316,33421,80,10,12,9
2021-04-17T23:59:59+02:00,4,6,1284,1435,2417,3549,3212,5078,4212,7203,6356,8030,7004,7092,11456,14021,4099,7044,342,363,830,1165,1073,1798,1322,2630,2041,2719,2669,2788,7335,9407,3739,6421,53437,44230,6660,2315,33383,80,10,12,9
2021-04-16T23:59:59+02:00,4,6,1281,1434,2406,3541,3204,5070,4193,7185,6305,7997,6928,7007,11444,14007,4097,7042,342,362,826,1163,1071,1798,1320,2629,2038,2719,2668,2781,7333,9405,3738,6421,53381,44206,6423,2311,33325,80,10,12,9
2021-04-15T23:59:59+02:00,2,4,1245,1413,2352,3492,3109,5011,4032,7057,6049,7765,6384,6449,11194,13718,4082,7010,334,360,807,1143,1032,1739,1275,2557,1964,2624,2588,2712,7245,9318,3728,6404,52294,43617,6033,2125,32019,74,10,12,6
2021-04-14T23:59:59+02:00,2,4,1224,1399,2317,3465,3040,4949,3925,6952,5859,7557,5740,5746,10801,13227,4050,6960,327,357,795,1134,1015,1713,1245,2516,1912,2572,2511,2642,7096,9123,3709,6378,50886,42956,5827,2002,30483,74,9,12,6
2021-04-13T23:59:59+02:00,2,4,1210,1390,2285,3434,2984,4886,3814,6871,5611,7336,5205,5200,10460,12813,4027,6932,306,343,776,1105,993,1692,1222,2481,1876,2531,2445,2576,6977,8986,3673,6317,49868,42270,5623,1945,28952,71,9,12,6
2021-04-12T23:59:59+02:00,2,4,1195,1384,2259,3411,2934,4841,3686,6790,5401,7186,4877,4906,10210,12532,4018,6908,290,339,762,1101,976,1676,1208,2459,1826,2484,2367,2515,6863,8845,3659,6295,49403,41694,5424,1896,27699,64,7,11,6
2021-04-11T23:59:59+02:00,2,4,1189,1371,2239,3391,2901,4821,3626,6719,5257,7077,4645,4706,10025,12333,4012,6897,283,337,757,1093,966,1662,1197,2431,1803,2452,2314,2456,6779,8737,3645,6275,49320,41279,5187,1835,26693,63,6,9,6
2021-04-10T23:59:59+02:00,2,4,1189,1370,2236,3387,2899,4817,3620,6716,5247,7065,4639,4697,10017,12320,4012,6896,280,333,741,1086,953,1657,1173,2411,1732,2400,2226,2370,6720,8690,3644,6271,49265,41110,5185,1506,26668,61,6,9,6
2021-04-09T23:59:59+02:00,2,4,1186,1367,2229,3385,2891,4808,3611,6705,5218,7041,4614,4669,9991,12290,4011,6896,271,330,721,1076,937,1636,1139,2364,1640,2324,2006,2101,6565,8529,3622,6238,49191,40255,5180,1173,26532,61,6,9,6
2021-04-08T23:59:59+02:00,2,4,1162,1347,2175,3329,2805,4718,3470,6575,4982,6808,4224,4261,9444,11716,3992,6842,246,309,670,1016,879,1563,1066,2268,1505,2204,1729,1764,6100,7968,3534,6093,48729,37684,4651,1170,24461,50,6,9,6
2021-04-07T23:59:59+02:00,2,4,1152,1333,2141,3311,2763,4681,3381,6513,4819,6674,3933,3961,8882,11165,3975,6814,213,280,611,961,819,1494,1007,2207,1399,2105,1589,1589,5501,7268,3445,5936,48522,35201,4177,1166,22792,49,4,9,6
2021-04-06T23:59:59+02:00,2,4,1130,1316,2096,3286,2724,4649,3316,6466,4693,6582,3679,3706,8391,10656,3959,6783,205,275,582,941,794,1446,962,2150,1316,2018,1443,1400,4917,6475,3331,5730,48327,32774,3640,1158,21459,46,3,9,6
2021-04-05T23:59:59+02:00,2,4,1127,1311,2090,3283,2714,4647,3302,6451,4670,6564,3647,3679,8362,10618,3955,6781,202,262,575,926,775,1422,946,2114,1276,1978,1396,1337,4703,6205,3283,5673,48237,31864,3634,1156,21324,46,3,9,6
2021-04-04T23:59:59+02:00,2,4,1127,1311,2090,3282,2714,4646,3302,6451,4669,6563,3642,3677,8360,10616,3955,6781,202,262,574,926,775,1422,946,2114,1276,1977,1396,1337,4702,6205,3283,5673,48231,31861,3634,1156,21315,46,3,9,6
2021-04-03T23:59:59+02:00,2,4,1127,1311,2089,3282,2714,4646,3302,6451,4669,6563,3641,3675,8360,10614,3955,6781,202,262,574,925,775,1422,946,2114,1276,1977,1396,1337,4702,6205,3283,5673,48229,31860,3633,1156,21312,46,3,9,6
2021-04-02T23:59:59+02:00,2,4,1127,1311,2089,3280,2714,4645,3302,6448,4669,6561,3639,3671,8358,10613,3955,6781,202,262,574,925,775,1420,946,2114,1276,1976,1396,1335,4700,6204,3282,5673,48213,31852,3633,1155,21311,46,3,9,6
2021-04-01T23:59:59+02:00,1,4,1114,1276,2024,3160,2606,4445,3154,6199,4511,6322,3595,3635,8259,10507,3944,6764,197,253,570,916,764,1414,936,2100,1253,1960,1375,1308,4461,5885,3162,5508,47843,30865,3627,1151,20038,39,3,9,6
2021-03-31T23:59:59+02:00,1,4,1097,1246,1986,3061,2531,4302,3064,5986,4381,6092,3512,3553,8106,10310,3924,6729,189,250,563,905,760,1396,924,2080,1211,1927,1319,1245,3971,5285,3034,5272,47238,29137,3500,1151,19135,38,3,9,4
2021-03-30T23:59:59+02:00,1,3,1075,1212,1935,2877,2429,4077,2914,5628,4180,5703,3418,3458,7941,10105,3897,6675,185,245,554,895,749,1374,902,2060,1163,1882,1233,1161,3450,4570,2807,4937,46598,26982,3334,1151,17584,29,3,9,4
2021-03-29T23:59:59+02:00,1,3,1058,1169,1872,2747,2345,3920,2776,5374,4017,5429,3318,3358,7779,9876,3868,6627,184,240,548,884,739,1360,884,2036,1126,1854,1159,1072,2866,3888,2628,4643,45954,24943,3099,1145,16473,19,2,9,4
2021-03-28T23:59:59+02:00,1,3,1039,1137,1801,2585,2263,3716,2655,5079,3865,5152,3253,3292,7714,9812,3864,6621,184,240,546,881,738,1358,882,2030,1123,1851,1150,1060,2811,3820,2615,4616,45846,24746,2890,1142,15105,14,2,9,3
2021-03-27T23:59:59+01:00,1,3,1039,1137,1801,2584,2262,3715,2652,5079,3862,5152,3249,3292,7713,9812,3864,6621,184,240,545,881,738,1358,881,2030,1120,1851,1150,1060,2811,3820,2615,4616,45837,24741,2890,1142,15100,14,2,9,3
2021-03-26T23:59:59+01:00,1,3,1034,1114,1759,2469,2198,3557,2589,4869,3776,4928,3228,3275,7710,9807,3863,6620,184,239,545,881,737,1358,881,2030,1120,1848,1146,1059,2808,3812,2614,4613,45810,24718,2887,1142,14092,12,2,9,3
2021-03-25T23:59:59+01:00,1,3,1009,1083,1708,2366,2115,3388,2481,4640,3664,4731,3126,3183,7582,9673,3856,6606,182,236,540,879,730,1348,875,2012,1103,1824,1100,1015,2579,3464,2414,4320,45552,23465,2550,1142,13105,12,1,7,3
2021-03-24T23:59:59+01:00,1,3,986,1064,1688,2323,2084,3338,2446,4573,3620,4662,3039,3113,7453,9503,3837,6588,182,232,534,874,723,1338,863,1997,1084,1803,1060,973,2186,2918,2021,3801,45015,21435,2420,1140,12878,12,1,7,3
2021-03-23T23:59:59+01:00,1,3,976,1058,1670,2291,2060,3304,2413,4529,3580,4612,2972,3040,7359,9401,3819,6560,180,229,530,869,716,1326,849,1978,1048,1772,979,883,1823,2427,1671,3336,44504,19496,2409,1106,12728,12,1,6,3
2021-03-22T23:59:59+01:00,1,3,974,1049,1655,2274,2046,3286,2391,4501,3543,4570,2928,3006,7296,9331,3805,6543,177,226,529,858,700,1303,835,1964,1019,1745,931,811,1348,1853,1317,2847,44170,17400,2387,1049,12638,12,1,6,3
2021-03-21T23:59:59+01:00,1,3,974,1049,1654,2271,2046,3285,2387,4497,3531,4562,2914,2997,7248,9276,3799,6537,177,223,528,856,699,1299,833,1960,1008,1740,908,792,1270,1768,1261,2778,44024,17098,2384,988,12616,12,1,6,3
2021-03-20T23:59:59+01:00,1,3,973,1048,1653,2270,2046,3285,2387,4497,3529,4560,2913,2996,7248,9275,3799,6537,177,223,528,856,699,1299,833,1960,995,1725,873,764,1238,1745,1252,2776,44022,17095,2380,834,12611,12,1,6,3
2021-03-19T23:59:59+01:00,1,3,972,1040,1646,2256,2035,3281,2385,4491,3522,4553,2903,2985,7236,9257,3798,6534,177,221,527,856,699,1297,833,1959,988,1720,829,725,1175,1693,1242,2766,43959,17052,2376,641,12556,12,1,6,3
2021-03-18T23:59:59+01:00,1,3,934,1008,1571,2142,1911,3114,2236,4244,3292,4301,2750,2827,6934,8892,3732,6433,176,220,522,851,692,1290,824,1948,965,1704,811,703,1099,1585,1097,2561,42564,16471,2064,563,11690,12,1,6,3
2021-03-17T23:59:59+01:00,1,3,881,976,1500,2082,1848,3048,2171,4183,3197,4205,2615,2694,6506,8398,3667,6318,175,218,519,846,690,1286,820,1943,960,1696,782,684,964,1432,941,2346,40789,15726,2060,562,11437,12,1,6,3
2021-03-16T23:59:59+01:00,1,3,856,952,1466,2041,1810,2999,2117,4128,3102,4107,2481,2535,6029,7745,3576,6167,169,215,514,845,687,1279,815,1934,953,1683,777,671,876,1306,797,2180,38788,15123,1999,562,11321,12,1,6,3
2021-03-15T23:59:59+01:00,1,3,839,945,1448,2019,1772,2944,2079,4057,3001,3998,2347,2364,5541,7201,3503,6050,168,214,514,837,685,1270,811,1924,943,1667,766,661,806,1194,644,1978,37015,14543,1898,524,11193,12,0,6,3
2021-03-14T23:59:59+01:00,1,3,834,931,1424,1992,1748,2915,2048,3998,2938,3930,2168,2167,5355,6973,3472,6017,168,214,513,834,683,1259,810,1917,940,1658,748,652,790,1175,620,1923,35989,14398,1797,500,11122,3,0,6,3
2021-03-13T23:59:59+01:00,1,3,826,924,1402,1980,1732,2902,2021,3970,2864,3882,2096,2093,5306,6918,3470,6016,168,214,513,833,683,1259,809,1917,940,1658,748,652,790,1175,620,1923,35734,14396,1550,500,11116,3,0,6,3
2021-03-12T23:59:59+01:00,1,3,802,908,1356,1921,1669,2804,1922,3819,2706,3716,1899,1854,5120,6694,3438,5973,168,214,512,833,683,1259,808,1917,940,1657,740,649,777,1160,612,1920,34403,14344,1307,499,10889,3,0,6,3
2021-03-11T23:59:59+01:00,1,3,768,849,1288,1836,1585,2656,1838,3618,2543,3543,1634,1544,4752,6222,3301,5791,159,207,506,824,673,1250,793,1881,920,1616,610,587,708,1118,591,1888,32289,13838,1207,489,10270,2,0,6,2
2021-03-10T23:59:59+01:00,1,3,753,797,1265,1780,1552,2598,1788,3547,2461,3454,1562,1455,4279,5677,3182,5537,159,205,497,803,655,1237,784,1861,913,1600,541,572,675,1109,584,1883,30467,13687,1201,387,10017,2,0,6,2
2021-03-09T23:59:59+01:00,1,3,739,776,1244,1750,1525,2552,1748,3496,2387,3402,1468,1356,3718,4924,2987,5227,156,203,492,782,645,1213,770,1829,901,1572,537,570,673,1104,581,1877,28280,13626,1198,275,9819,2,0,6,2
2021-03-08T23:59:59+01:00,0,3,735,748,1230,1730,1507,2532,1721,3458,2347,3359,1375,1254,3044,4094,2748,4857,152,200,478,759,623,1180,751,1779,877,1535,533,568,673,1103,581,1877,25815,13618,1198,49,9723,0,0,6,2
2021-03-07T23:59:59+01:00,0,3,732,744,1221,1720,1499,2517,1710,3450,2336,3351,1362,1238,2941,3972,2725,4807,152,200,478,759,623,1180,751,1779,877,1535,533,568,673,1103,581,1877,25460,13618,1196,49,9666,0,0,6,2
2021-03-06T23:59:59+01:00,0,3,731,744,1220,1715,1496,2514,1706,3447,2332,3350,1359,1238,2941,3972,2725,4807,151,200,478,759,623,1180,751,1779,877,1535,533,568,673,1103,581,1877,25455,13617,1196,49,9643,0,0,6,2
2021-03-05T23:59:59+01:00,0,3,669,718,1194,1700,1475,2504,1681,3432,2303,3340,1354,1235,2933,3964,2722,4802,151,200,478,758,623,1179,751,1779,877,1533,532,568,673,1103,581,1877,25426,13612,1192,49,9405,0,0,6,2
2021-03-04T23:59:59+01:00,0,3,603,671,1127,1631,1419,2421,1640,3351,2230,3263,1304,1187,2712,3598,2536,4514,149,194,475,744,612,1167,740,1751,868,1520,522,557,661,1093,576,1868,24198,13447,1184,48,8822,0,0,6,2
2021-03-03T23:59:59+01:00,0,3,566,632,1060,1569,1322,2340,1539,3265,2105,3177,1259,1141,2338,3076,2180,4062,149,194,473,741,612,1167,739,1749,866,1519,519,554,659,1090,576,1866,22321,13424,1182,47,8127,0,0,4,2
2021-03-02T23:59:59+01:00,0,3,548,599,1022,1523,1266,2297,1481,3213,2008,3116,1176,1040,1969,2597,1784,3539,147,192,468,735,607,1156,729,1739,861,1498,510,545,648,1069,556,1833,20245,13244,1179,47,7753,0,0,4,2
2021-03-01T23:59:59+01:00,0,3,541,550,1004,1484,1220,2236,1435,3147,1953,3043,1131,966,1475,2004,1397,2995,145,192,468,735,607,1155,729,1736,860,1498,508,545,645,1060,552,1822,17961,13208,1176,47,7443,0,0,4,2
2021-02-28T23:59:59+01:00,0,3,534,536,987,1444,1194,2174,1407,3089,1898,2970,1110,944,1360,1863,1323,2907,145,192,467,734,607,1155,728,1734,859,1497,506,545,645,1060,552,1822,17481,13199,1173,47,7085,0,0,4,2
2021-02-27T23:59:59+01:00,0,3,534,534,986,1443,1194,2173,1407,3088,1898,2969,1110,944,1360,1862,1321,2907,145,192,466,733,604,1153,726,1732,857,1496,506,545,645,1060,552,1822,17478,13199,1173,33,7078,0,0,4,2
2021-02-26T23:59:59+01:00,0,3,391,483,855,1400,1111,2131,1340,3047,1839,2927,1105,938,1357,1861,1321,2906,145,192,466,733,604,1153,726,1731,857,1495,506,545,645,1060,552,1822,17467,13198,1173,32,6371,0,0,4,2
2021-02-25T23:59:59+01:00,0,3,301,429,759,1306,1027,2041,1241,2874,1700,2765,1067,906,1275,1736,1201,2714,138,182,454,720,588,1128,719,1706,837,1471,492,531,616,1028,538,1803,16866,12927,1173,22,5302,0,0,4,2
2021-02-24T23:59:59+01:00,0,2,255,384,686,1230,953,1953,1187,2756,1634,2647,1040,886,1152,1590,1043,2497,136,182,451,716,584,1127,718,1701,836,1467,487,526,608,1023,535,1791,16153,12867,1171,19,4567,0,0,4,2
2021-02-23T23:59:59+01:00,0,2,243,362,665,1172,924,1874,1140,2644,1559,2537,1014,858,1071,1462,901,2332,136,181,451,714,584,1127,718,1698,834,1466,486,523,606,1022,535,1790,15592,12856,1136,14,4028,0,0,4,1
2021-02-22T23:59:59+01:00,0,0,228,342,642,1142,892,1791,1090,2552,1472,2414,968,828,952,1318,714,2076,136,181,450,713,582,1126,717,1698,828,1464,485,522,605,1020,534,1788,14838,12844,1063,4,3516,0,0,4,1
2021-02-21T23:59:59+01:00,0,0,222,331,607,1075,842,1687,1047,2451,1392,2307,951,807,919,1266,662,2010,136,180,447,706,581,1122,717,1693,828,1463,484,522,604,1020,533,1787,14629,12818,1020,4,2923,0,0,4,1
2021-02-20T23:59:59+01:00,0,0,222,328,604,1074,840,1682,1043,2446,1377,2288,915,778,886,1243,654,2008,136,180,447,706,581,1122,717,1693,828,1463,484,521,603,1020,533,1787,14628,12817,860,4,2896,0,0,4,0
2021-02-19T23:59:59+01:00,0,0,212,320,594,1066,827,1667,1022,2429,1344,2245,670,675,744,1180,630,1991,136,180,447,705,581,1119,716,1691,825,1460,484,520,603,1019,532,1787,14153,12802,671,3,2788,0,0,4,0
2021-02-18T23:59:59+01:00,0,0,195,270,554,944,742,1440,891,2170,1094,1869,591,607,703,1138,610,1974,131,180,434,693,566,1102,710,1665,810,1432,481,517,602,1018,532,1787,13994,12657,571,3,1224,0,0,3,0
2021-02-17T23:59:59+01:00,0,0,189,231,534,895,705,1343,833,2003,1009,1738,569,587,703,1135,608,1971,124,178,423,683,558,1086,691,1634,797,1409,478,515,600,1015,532,1786,13977,12506,571,3,502,0,0,3,0
2021-02-16T23:59:59+01:00,0,0,182,228,526,879,691,1312,814,1964,976,1698,557,582,697,1133,607,1968,119,173,409,678,547,1070,678,1616,788,1395,472,509,593,1001,524,1755,13947,12325,571,2,293,0,0,3,0
2021-02-15T23:59:59+01:00,0,0,168,219,521,852,685,1278,800,1929,947,1652,556,579,695,1133,607,1968,116,172,402,668,536,1051,649,1589,774,1377,470,506,593,1001,524,1755,13944,12181,532,2,110,0,0,3,0
2021-02-14T23:59:59+01:00,0,0,163,211,518,839,684,1269,797,1920,929,1643,555,578,695,1130,606,1968,109,168,391,657,519,1033,631,1574,767,1364,470,504,591,999,524,1755,13938,12054,530,2,34,0,0,3,0
2021-02-13T23:59:59+01:00,0,0,162,211,517,839,684,1269,797,1920,929,1643,555,578,695,1130,606,1968,109,168,390,657,519,1033,631,1574,767,1364,470,504,591,999,524,1755,13937,12053,530,2,33,0,0,3,0
2021-02-12T23:59:59+01:00,0,0,161,210,512,838,683,1266,793,1919,927,1640,554,578,695,1130,606,1968,106,166,387,651,515,1027,617,1559,764,1347,468,503,580,979,519,1728,13930,11914,529,2,18,0,0,3,0
2021-02-11T23:59:59+01:00,0,0,159,209,508,831,676,1262,791,1916,921,1638,549,572,688,1124,601,1962,87,130,358,579,469,947,565,1442,720,1253,444,458,537,925,476,1630,13879,11019,517,1,8,0,0,3,0
2021-02-10T23:59:59+01:00,0,0,156,207,498,814,660,1247,779,1889,906,1614,541,566,677,1112,596,1952,78,118,329,519,442,840,523,1267,647,1096,395,408,470,808,427,1469,13754,9835,456,1,1,0,0,3,0
2021-02-09T23:59:59+01:00,0,0,155,201,490,776,644,1208,759,1828,895,1573,529,554,671,1097,587,1933,73,101,310,452,407,756,481,1164,582,996,364,354,427,721,394,1348,13641,8930,256,0,0,0,0,3,0
2021-02-08T23:59:59+01:00,0,0,151,197,473,751,622,1173,739,1778,875,1529,523,553,669,1091,583,1917,59,75,264,383,357,621,421,935,509,817,306,299,361,567,329,1142,13571,7445,50,0,0,0,0,3,0
2021-02-07T23:59:59+01:00,0,0,151,196,471,750,620,1172,738,1770,873,1527,522,553,669,1091,583,1916,58,67,246,348,338,576,405,903,489,782,306,292,359,560,327,1138,13549,7194,50,0,0,0,0,3,0
2021-02-06T23:59:59+01:00,0,0,151,196,471,750,620,1172,738,1770,873,1527,522,553,669,1091,583,1916,58,67,246,347,338,576,405,902,487,780,306,291,358,558,326,1138,13549,7183,50,0,0,0,0,3,0
2021-02-05T23:59:59+01:00,0,0,151,196,471,750,620,1172,738,1770,873,1526,522,553,668,1091,583,1916,56,67,244,345,331,572,397,880,478,760,296,286,347,535,309,1098,13547,7001,50,0,0,0,0,3,0
2021-02-04T23:59:59+01:00,0,0,145,191,467,742,613,1164,734,1756,867,1517,515,546,646,1066,574,1899,41,51,211,311,289,476,355,739,384,614,233,217,262,370,228,811,13390,5592,49,0,0,0,0,3,0
2021-02-03T23:59:59+01:00,0,0,143,190,461,735,605,1155,730,1744,858,1501,504,539,633,1055,567,1892,33,32,155,220,236,346,265,565,309,464,182,171,185,277,177,605,13261,4222,48,0,0,0,0,3,0
2021-02-02T23:59:59+01:00,0,0,143,187,459,734,605,1155,727,1738,851,1497,503,537,629,1052,566,1888,24,26,136,173,191,278,221,429,257,373,142,131,137,207,140,477,13221,3342,48,0,0,0,0,2,0
2021-02-01T23:59:59+01:00,0,0,141,187,458,733,600,1152,726,1730,849,1492,502,535,624,1049,566,1882,20,19,100,128,137,187,155,299,168,258,90,94,93,132,77,258,13176,2215,48,0,0,0,0,2,0
2021-01-31T23:59:59+01:00,0,0,141,187,458,730,597,1151,726,1726,849,1491,500,534,623,1047,566,1881,14,15,67,88,95,122,118,222,141,202,85,87,89,124,75,244,13158,1788,48,0,0,0,0,1,0
2021-01-30T23:59:59+01:00,0,0,141,187,457,730,595,1149,725,1725,849,1491,500,534,622,1047,566,1881,14,15,67,88,95,120,116,218,138,199,84,86,89,118,69,234,13157,1750,41,0,0,0,0,1,0
2021-01-29T23:59:59+01:00,0,0,141,187,457,728,594,1146,723,1723,847,1490,500,534,622,1047,566,1881,12,15,55,82,78,116,98,207,115,187,79,79,87,114,68,233,13152,1625,33,0,0,0,0,1,0
2021-01-28T23:59:59+01:00,0,0,134,183,444,711,577,1120,717,1696,825,1461,493,528,619,1044,563,1878,7,3,12,20,24,44,31,95,47,87,46,50,56,84,50,176,12967,832,25,0,0,0,0,1,0
2021-01-27T23:59:59+01:00,0,0,127,181,433,701,569,1111,701,1662,818,1437,490,526,615,1039,563,1873,3,1,4,12,10,23,13,40,23,30,13,17,24,34,21,55,12822,323,23,0,0,0,0,1,0
2021-01-26T23:59:59+01:00,0,0,121,177,419,689,556,1097,692,1639,807,1416,485,520,609,1022,555,1838,3,1,4,11,7,21,11,37,17,27,13,15,23,33,21,54,12627,298,14,0,0,0,0,1,0
2021-01-25T23:59:59+01:00,0,0,118,175,410,677,545,1078,665,1611,789,1399,483,516,607,1021,555,1838,2,1,3,9,7,16,6,28,12,21,9,6,13,22,11,35,12482,201,4,0,0,0,0,1,0
2021-01-24T23:59:59+01:00,0,0,111,172,400,667,531,1060,648,1598,776,1387,482,513,606,1021,555,1838,2,0,1,6,7,4,4,7,5,8,1,2,11,15,7,21,12360,101,4,0,0,0,0,1,0
2021-01-23T23:59:59+01:00,0,0,111,172,400,667,531,1060,648,1598,776,1387,482,513,606,1021,555,1838,1,0,1,6,7,4,4,7,5,8,1,2,11,15,7,21,12360,100,4,0,0,0,0,1,0
2021-01-22T23:59:59+01:00,0,0,108,170,393,661,528,1054,634,1583,770,1369,482,508,595,1000,548,1810,1,0,1,6,7,4,4,7,5,8,1,2,11,15,7,21,12210,100,3,0,0,0,0,0,0
2021-01-21T23:59:59+01:00,0,0,97,162,378,642,505,1020,604,1533,748,1326,466,472,562,957,512,1743,1,0,1,6,7,4,4,7,5,8,1,2,11,15,7,21,11724,100,3,0,0,0,0,0,0
2021-01-20T23:59:59+01:00,0,0,79,120,343,553,461,880,546,1300,660,1139,404,413,477,814,449,1520,1,0,1,5,7,4,4,7,5,8,1,2,11,15,7,21,10155,99,3,0,0,0,0,0,0
2021-01-19T23:59:59+01:00,0,0,74,106,315,475,420,792,504,1188,608,1036,380,376,440,735,419,1424,1,0,1,3,7,4,4,7,5,8,1,0,8,10,6,18,9289,83,3,0,0,0,0,0,0
2021-01-18T23:59:59+01:00,0,0,60,76,268,388,365,643,429,956,517,840,312,309,370,582,354,1216,1,0,1,3,7,4,4,7,5,8,1,0,8,10,6,18,7683,83,2,0,0,0,0,0,0
2021-01-17T23:59:59+01:00,0,0,59,67,249,353,343,590,410,913,493,801,309,300,368,575,351,1208,0,0,0,0,0,0,0,0,0,0,0,0,0,0,0,0,7387,0,2,0,0,0,0,0,0
2021-01-16T23:59:59+01:00,0,0,59,67,249,352,343,590,410,912,491,799,309,299,366,571,350,1208,0,0,0,0,0,0,0,0,0,0,0,0,0,0,0,0,7373,0,2,0,0,0,0,0,0
2021-01-15T23:59:59+01:00,0,0,57,67,248,349,337,584,399,889,480,774,295,293,349,544,327,1166,0,0,0,0,0,0,0,0,0,0,0,0,0,0,0,0,7156,0,2,0,0,0,0,0,0
2021-01-14T23:59:59+01:00,0,0,43,54,234,325,312,509,365,764,391,628,234,219,259,368,234,835,0,0,0,0,0,0,0,0,0,0,0,0,0,0,0,0,5774,0,0,0,0,0,0,0,0
2021-01-13T23:59:59+01:00,0,0,37,43,209,269,272,408,299,615,320,501,179,176,188,282,191,643,0,0,0,0,0,0,0,0,0,0,0,0,0,0,0,0,4632,0,0,0,0,0,0,0,0
2021-01-12T23:59:59+01:00,0,0,32,41,204,254,257,376,276,535,288,455,142,134,142,214,149,502,0,0,0,0,0,0,0,0,0,0,0,0,0,0,0,0,4001,0,0,0,0,0,0,0,0
2021-01-11T23:59:59+01:00,0,0,27,37,195,233,239,324,229,446,239,381,111,106,108,143,88,320,0,0,0,0,0,0,0,0,0,0,0,0,0,0,0,0,3226,0,0,0,0,0,0,0,0
2021-01-10T23:59:59+01:00,0,0,26,31,157,172,196,249,191,350,197,304,99,99,105,138,86,305,0,0,0,0,0,0,0,0,0,0,0,0,0,0,0,0,2705,0,0,0,0,0,0,0,0
2021-01-09T23:59:59+01:00,0,0,26,31,150,168,194,241,187,342,195,299,99,99,105,138,86,305,0,0,0,0,0,0,0,0,0,0,0,0,0,0,0,0,2665,0,0,0,0,0,0,0,0
2021-01-08T23:59:59+01:00,0,0,23,28,119,144,173,228,162,313,167,278,94,89,103,134,85,304,0,0,0,0,0,0,0,0,0,0,0,0,0,0,0,0,2444,0,0,0,0,0,0,0,0
2021-01-07T23:59:59+01:00,0,0,8,3,16,26,32,54,37,105,60,111,49,51,64,92,54,212,0,0,0,0,0,0,0,0,0,0,0,0,0,0,0,0,974,0,0,0,0,0,0,0,0
2021-01-06T23:59:59+01:00,0,0,3,1,5,13,10,22,13,39,20,31,14,14,27,38,23,65,0,0,0,0,0,0,0,0,0,0,0,0,0,0,0,0,338,0,0,0,0,0,0,0,0
2021-01-05T23:59:59+01:00,0,0,3,1,4,10,9,18,10,31,15,26,11,14,23,33,21,57,0,0,0,0,0,0,0,0,0,0,0,0,0,0,0,0,286,0,0,0,0,0,0,0,0
2021-01-04T23:59:59+01:00,0,0,2,1,2,7,9,10,4,15,8,16,5,3,12,19,8,31,0,0,0,0,0,0,0,0,0,0,0,0,0,0,0,0,152,0,0,0,0,0,0,0,0
2021-01-03T23:59:59+01:00,0,0,2,0,1,6,8,4,4,7,5,9,1,2,12,15,7,21,0,0,0,0,0,0,0,0,0,0,0,0,0,0,0,0,104,0,0,0,0,0,0,0,0
2021-01-02T23:59:59+01:00,0,0,2,0,1,6,8,4,4,7,5,9,1,2,12,15,7,21,0,0,0,0,0,0,0,0,0,0,0,0,0,0,0,0,104,0,0,0,0,0,0,0,0
2021-01-01T23:59:59+01:00,0,0,1,0,1,6,8,4,4,7,5,9,1,2,12,15,7,21,0,0,0,0,0,0,0,0,0,0,0,0,0,0,0,0,103,0,0,0,0,0,0,0,0
2020-12-31T23:59:59+01:00,0,0,1,0,1,5,8,4,4,7,5,9,1,2,12,15,7,21,0,0,0,0,0,0,0,0,0,0,0,0,0,0,0,0,102,0,0,0,0,0,0,0,0
2020-12-30T23:59:59+01:00,0,0,1,0,1,5,8,4,4,7,5,9,1,2,12,15,7,21,0,0,0,0,0,0,0,0,0,0,0,0,0,0,0,0,102,0,0,0,0,0,0,0,0
2020-12-29T23:59:59+01:00,0,0,1,0,1,3,8,4,4,7,5,9,1,0,9,10,6,18,0,0,0,0,0,0,0,0,0,0,0,0,0,0,0,0,86,0,0,0,0,0,0,0,0
2020-12-28T23:59:59+01:00,0,0,1,0,1,3,8,4,4,7,5,9,1,0,9,10,6,18,0,0,0,0,0,0,0,0,0,0,0,0,0,0,0,0,86,0,0,0,0,0,0,0,0
2020-12-27T23:59:59+01:00,0,0,1,0,1,3,8,4,4,7,5,9,1,0,9,10,6,18,0,0,0,0,0,0,0,0,0,0,0,0,0,0,0,0,86,0,0,0,0,0,0,0,0
