Datum,<15_1_m,<15_1_w,15-24_1_m,15-24_1_w,25-34_1_m,25-34_1_w,35-44_1_m,35-44_1_w,45-54_1_m,45-54_1_w,55-64_1_m,55-64_1_w,65-74_1_m,65-74_1_w,75-84_1_m,75-84_1_w,>84_1_m,>84_1_w,<15_2_m,<15_2_w,15-24_2_m,15-24_2_w,25-34_2_m,25-34_2_w,35-44_2_m,35-44_2_w,45-54_2_m,45-54_2_w,55-64_2_m,55-64_2_w,65-74_2_m,65-74_2_w,75-84_2_m,75-84_2_w,>84_2_m,>84_2_w,bp_1,bp_2,mo_1,mo_2,az_1,az_2,ja,unb_1,unb_2
2021-11-24T23:59:59+01:00,3563,3451,20771,19022,26143,24016,27098,26376,30146,30615,32411,33310,22206,25418,15754,19874,4589,8058,2362,2246,17336,16029,22682,20826,24306,23665,27689,28188,30551,31364,21434,24449,15302,19198,4416,7702,266185,237229,33327,32054,55112,52245,18168,38,49
2021-11-23T23:59:59+01:00,3475,3367,20701,18958,26075,23950,27037,26314,30088,30561,32365,33259,22186,25391,15736,19842,4583,8034,2343,2228,17256,15976,22600,20752,24243,23601,27642,28140,30516,31341,21423,24427,15286,19180,4413,7691,265300,236553,33316,32047,55112,52244,18165,38,49
2021-11-22T23:59:59+01:00,3394,3285,20618,18884,25962,23839,26957,26215,30026,30479,32296,33192,22163,25358,15728,19813,4574,8023,2323,2211,17207,15913,22530,20699,24184,23547,27594,28087,30471,31302,21401,24402,15274,19166,4409,7687,264194,235922,33309,32031,55112,52243,18162,38,49
2021-11-21T23:59:59+01:00,3356,3236,20554,18830,25897,23764,26901,26158,29970,30417,32245,33137,22143,25330,15721,19795,4570,8018,2317,2204,17184,15900,22501,20681,24162,23528,27578,28077,30456,31287,21393,24396,15269,19159,4409,7682,263436,235706,33305,32025,55112,52243,18160,38,49
2021-11-20T23:59:59+01:00,3344,3224,20528,18799,25855,23735,26862,26137,29947,30393,32231,33120,22134,25323,15718,19791,4570,8016,2313,2201,17168,15895,22492,20672,24145,23517,27571,28066,30452,31284,21391,24395,15269,19157,4409,7682,263124,235604,33303,32024,55112,52243,18159,38,49
2021-11-19T23:59:59+01:00,3266,3151,20447,18721,25772,23660,26804,26084,29886,30341,32193,33081,22122,25299,15716,19785,4569,8013,2302,2193,17135,15863,22446,20642,24097,23490,27534,28037,30433,31274,21380,24390,15266,19153,4407,7681,262319,235262,33291,32014,55112,52239,18159,38,49
2021-11-18T23:59:59+01:00,3152,3055,20363,18606,25664,23533,26717,25974,29815,30257,32148,33013,22086,25255,15705,19766,4569,8004,2282,2159,17062,15788,22386,20581,24053,23433,27485,28006,30385,31237,21368,24375,15257,19135,4404,7666,261098,234635,33284,31985,55112,52234,18159,38,49
2021-11-17T23:59:59+01:00,3091,2987,20249,18489,25552,23393,26617,25868,29731,30197,32092,32943,22064,25216,15695,19746,4566,7997,2262,2131,16975,15732,22290,20514,23987,23357,27410,27953,30341,31200,21352,24358,15248,19119,4402,7661,259919,233887,33276,31968,55112,52231,18157,38,49
2021-11-16T23:59:59+01:00,3045,2931,20129,18400,25418,23262,26530,25772,29661,30114,32029,32872,22043,25184,15684,19727,4564,7985,2241,2115,16933,15707,22245,20473,23943,23326,27371,27906,30310,31169,21336,24344,15235,19109,4402,7658,258785,233426,33270,31965,55112,52229,18154,38,49
2021-11-15T23:59:59+01:00,2994,2891,19934,18250,25240,23109,26410,25651,29575,30009,31947,32794,22014,25151,15668,19706,4561,7977,2225,2106,16885,15686,22202,20441,23900,23300,27347,27878,30288,31151,21319,24325,15228,19096,4400,7654,257333,233060,33256,31942,55112,52229,18151,38,49
2021-11-14T23:59:59+01:00,2966,2855,19812,18152,25128,22988,26323,25579,29506,29933,31887,32731,21989,25122,15658,19691,4558,7971,2214,2092,16855,15645,22176,20410,23873,23282,27331,27858,30269,31134,21312,24322,15222,19085,4400,7652,256309,232767,33250,31939,55112,52228,18149,38,49
2021-11-13T23:59:59+01:00,2953,2838,19748,18105,25070,22950,26257,25542,29471,29908,31864,32712,21984,25117,15658,19689,4556,7970,2211,2091,16847,15640,22170,20403,23862,23278,27324,27855,30264,31131,21311,24321,15222,19084,4400,7652,255855,232708,33250,31935,55112,52228,18146,38,49
2021-11-12T23:59:59+01:00,2914,2798,19568,17976,24921,22824,26124,25424,29403,29829,31807,32674,21972,25096,15650,19683,4554,7970,2199,2080,16788,15614,22129,20368,23824,23249,27299,27837,30232,31118,21304,24311,15215,19079,4400,7650,254682,232358,33222,31923,55112,52224,18142,38,49
2021-11-11T23:59:59+01:00,2852,2732,19430,17856,24792,22691,26004,25314,29316,29737,31740,32625,21948,25072,15642,19673,4552,7964,2182,2060,16746,15563,22089,20315,23790,23222,27272,27805,30214,31083,21286,24301,15210,19068,4398,7644,253475,231936,33191,31908,55112,52222,18133,38,49
2021-11-10T23:59:59+01:00,2801,2670,19193,17658,24566,22506,25854,25172,29163,29629,31656,32526,21918,25042,15625,19653,4549,7954,2167,2036,16685,15486,22017,20259,23740,23174,27223,27768,30169,31045,21267,24280,15201,19051,4393,7638,251726,231318,33151,31893,55111,52221,18118,38,49
2021-11-09T23:59:59+01:00,2757,2628,19054,17519,24409,22386,25743,25058,29089,29554,31593,32458,21897,25011,15608,19636,4546,7939,2148,2021,16655,15451,21980,20234,23718,23146,27198,27738,30143,31003,21248,24262,15194,19034,4391,7633,250490,230927,33140,31889,55111,52217,18115,38,49
2021-11-08T23:59:59+01:00,2711,2590,18810,17307,24187,22176,25568,24922,28945,29431,31490,32374,21862,24959,15586,19613,4545,7931,2125,2000,16604,15404,21935,20195,23691,23107,27160,27712,30120,30977,21224,24248,15185,19020,4387,7629,248660,230486,33106,31873,55111,52214,18101,38,49
2021-11-07T23:59:59+01:00,2684,2559,18709,17207,24069,22070,25467,24837,28878,29362,31444,32318,21840,24938,15578,19609,4543,7928,2110,1986,16580,15388,21909,20169,23670,23094,27145,27695,30108,30965,21220,24242,15180,19012,4387,7627,247697,230255,33104,31873,55111,52211,18099,38,49
2021-11-06T23:59:59+01:00,2684,2556,18707,17204,24065,22070,25463,24834,28876,29360,31443,32316,21840,24938,15578,19609,4542,7928,2110,1985,16580,15386,21909,20168,23669,23094,27144,27694,30106,30965,21220,24241,15180,19012,4387,7627,247670,230247,33104,31871,55111,52211,18099,38,49
2021-11-05T23:59:59+01:00,2655,2517,18615,17129,23980,21978,25398,24768,28816,29309,31407,32285,21839,24931,15575,19602,4542,7927,2105,1979,16569,15369,21901,20157,23658,23087,27137,27681,30099,30957,21215,24236,15180,19011,4386,7626,246964,230133,33071,31866,55111,52207,18098,38,49
2021-11-04T23:59:59+01:00,2609,2481,18535,17041,23874,21883,25334,24713,28746,29265,31370,32248,21828,24919,15567,19593,4540,7923,2076,1955,16510,15321,21852,20112,23623,23057,27113,27651,30076,30935,21211,24227,15175,19001,4384,7625,246187,229732,33062,31850,55111,52193,18080,38,49
2021-11-03T23:59:59+01:00,2573,2455,18396,16915,23717,21750,25228,24620,28667,29205,31322,32192,21808,24907,15561,19587,4540,7921,2048,1932,16436,15252,21795,20045,23583,23016,27068,27615,30049,30905,21195,24203,15164,18990,4382,7619,245113,229149,33038,31835,55111,52191,18073,38,49
2021-11-02T23:59:59+01:00,2545,2432,18260,16832,23572,21648,25136,24554,28593,29149,31273,32157,21799,24888,15554,19578,4539,7912,2033,1912,16378,15215,21758,19998,23546,22976,27039,27589,30026,30882,21187,24190,15156,18987,4381,7616,244187,228738,33032,31829,55111,52191,18062,38,49
2021-11-01T23:59:59+01:00,2524,2413,18177,16760,23489,21591,25079,24511,28544,29109,31247,32132,21787,24879,15551,19577,4539,7911,2019,1898,16343,15161,21720,19960,23520,22945,27009,27552,30008,30863,21179,24185,15155,18977,4381,7614,243595,228375,33028,31817,55111,52191,18057,38,49
2021-10-31T23:59:59+01:00,2524,2413,18177,16760,23488,21589,25078,24511,28544,29109,31247,32132,21787,24879,15551,19577,4539,7911,2018,1897,16343,15161,21720,19960,23520,22944,27009,27552,30008,30862,21179,24185,15155,18977,4381,7614,243591,228371,33028,31817,55111,52191,18057,38,49
2021-10-30T23:59:59+02:00,2524,2413,18177,16760,23487,21589,25078,24511,28544,29109,31247,32132,21787,24879,15551,19577,4539,7911,2018,1897,16343,15161,21720,19960,23520,22944,27009,27552,30008,30862,21179,24185,15155,18977,4381,7614,243590,228371,33028,31817,55111,52191,18057,38,49
2021-10-29T23:59:59+02:00,2512,2399,18112,16719,23415,21551,25002,24468,28482,29072,31222,32113,21783,24870,15545,19572,4538,7910,2013,1892,16329,15149,21705,19945,23510,22929,26998,27539,30000,30859,21177,24183,15155,18975,4381,7614,243103,228245,32987,31813,55111,52191,18055,38,49
2021-10-28T23:59:59+02:00,2487,2375,18030,16654,23335,21491,24953,24413,28443,29034,31188,32085,21777,24863,15540,19564,4538,7907,1982,1873,16270,15098,21670,19900,23479,22897,26973,27516,29977,30833,21167,24174,15153,18972,4381,7609,242534,227843,32957,31798,55111,52188,18046,38,49
2021-10-27T23:59:59+02:00,2453,2338,17914,16572,23182,21390,24846,24326,28346,28974,31140,32053,21768,24839,15533,19555,4538,7906,1958,1844,16199,15049,21622,19840,23445,22858,26938,27477,29951,30808,21156,24161,15146,18962,4380,7605,241577,227354,32917,31773,55111,52184,18039,38,49
2021-10-26T23:59:59+02:00,2428,2314,17856,16525,23138,21342,24801,24288,28300,28932,31113,32034,21766,24829,15530,19553,4538,7903,1940,1820,16158,15003,21591,19808,23413,22828,26927,27456,29938,30797,21148,24161,15144,18960,4380,7605,241108,227045,32916,31773,55111,52184,18026,38,49
2021-10-25T23:59:59+02:00,2427,2310,17855,16521,23136,21340,24799,24285,28299,28929,31112,32034,21766,24829,15530,19553,4538,7903,1940,1819,16158,15002,21591,19807,23411,22827,26927,27456,29938,30797,21148,24161,15144,18960,4380,7605,241085,227040,32916,31773,55111,52184,18025,38,49
2021-10-24T23:59:59+02:00,2418,2301,17837,16494,23119,21320,24773,24269,28290,28923,31105,32029,21764,24827,15528,19552,4538,7903,1930,1802,16139,14965,21568,19784,23397,22799,26916,27445,29928,30790,21145,24156,15142,18954,4380,7605,240925,226830,32902,31759,55111,52184,18023,38,49
2021-10-23T23:59:59+02:00,2418,2301,17836,16494,23117,21320,24773,24269,28289,28923,31105,32029,21764,24827,15528,19552,4538,7903,1930,1802,16139,14965,21566,19784,23397,22799,26916,27445,29928,30790,21145,24156,15142,18954,4380,7605,240922,226829,32902,31759,55111,52184,18022,38,49
2021-10-22T23:59:59+02:00,2397,2283,17774,16454,23068,21274,24722,24214,28257,28894,31071,32008,21758,24818,15523,19550,4537,7901,1923,1795,16120,14953,21556,19775,23381,22782,26908,27441,29919,30784,21143,24154,15142,18954,4380,7605,240458,226715,32894,31758,55111,52182,18011,38,49
2021-10-21T23:59:59+02:00,2382,2256,17731,16409,23014,21224,24685,24179,28211,28867,31054,31986,21751,24812,15520,19546,4536,7893,1878,1757,16058,14875,21511,19715,23345,22735,26869,27403,29905,30763,21136,24142,15133,18935,4378,7600,240050,226198,32868,31711,55111,52182,17998,38,49
2021-10-20T23:59:59+02:00,2351,2215,17652,16346,22923,21158,24609,24135,28172,28819,31020,31959,21739,24803,15516,19537,4534,7891,1823,1714,15971,14803,21461,19648,23284,22689,26825,27347,29877,30735,21115,24130,15126,18917,4372,7597,239404,225532,32848,31687,55111,52179,17987,38,49
2021-10-19T23:59:59+02:00,2330,2201,17618,16320,22903,21143,24595,24118,28159,28807,31012,31937,21732,24792,15514,19529,4533,7890,1792,1675,15912,14754,21419,19601,23263,22664,26805,27328,29857,30716,21105,24116,15121,18911,4372,7594,239163,225108,32848,31687,55110,52178,17983,38,49
2021-10-18T23:59:59+02:00,2317,2191,17597,16299,22887,21118,24576,24100,28147,28797,30999,31925,21726,24790,15512,19522,4531,7887,1768,1652,15870,14706,21400,19576,23240,22635,26784,27302,29837,30701,21099,24111,15117,18905,4371,7593,238952,224772,32848,31686,55110,52178,17982,38,49
2021-10-17T23:59:59+02:00,2308,2185,17572,16265,22856,21089,24557,24086,28129,28788,30989,31917,21718,24786,15511,19519,4531,7885,1750,1623,15828,14659,21368,19533,23219,22608,26765,27281,29823,30697,21093,24102,15117,18900,4369,7591,238734,224455,32842,31666,55108,52178,17978,38,49
2021-10-16T23:59:59+02:00,2308,2185,17571,16265,22856,21089,24557,24086,28129,28788,30989,31917,21718,24786,15511,19519,4531,7885,1750,1623,15828,14659,21368,19532,23219,22608,26765,27281,29823,30697,21093,24102,15117,18900,4369,7591,238733,224454,32842,31666,55108,52178,17978,38,49
2021-10-15T23:59:59+02:00,2298,2175,17546,16249,22838,21074,24531,24068,28113,28773,30983,31913,21712,24779,15511,19519,4531,7884,1742,1608,15815,14642,21356,19521,23210,22601,26762,27274,29818,30692,21090,24100,15116,18900,4369,7591,238555,224338,32829,31666,55108,52178,17976,38,49
2021-10-14T23:59:59+02:00,2288,2157,17503,16214,22802,21040,24507,24044,28094,28753,30972,31899,21706,24776,15508,19516,4530,7881,1721,1582,15753,14590,21327,19476,23174,22562,26744,27238,29796,30669,21079,24092,15111,18890,4367,7589,238255,223931,32828,31652,55108,52159,17969,38,49
2021-10-13T23:59:59+02:00,2258,2137,17418,16138,22739,20976,24462,24001,28056,28708,30943,31869,21692,24766,15502,19511,4529,7877,1683,1551,15653,14499,21274,19425,23132,22525,26703,27198,29767,30641,21071,24074,15109,18875,4367,7585,237731,223390,32803,31624,55108,52159,17910,38,49
2021-10-12T23:59:59+02:00,2248,2118,17377,16094,22716,20948,24435,23973,28040,28687,30930,31848,21688,24761,15498,19503,4528,7875,1660,1531,15601,14438,21255,19391,23107,22504,26678,27173,29744,30620,21063,24065,15107,18872,4365,7584,237419,223033,32802,31612,55107,52155,17909,38,49
2021-10-11T23:59:59+02:00,2237,2106,17348,16063,22701,20927,24420,23952,28021,28668,30915,31838,21682,24753,15496,19498,4525,7870,1642,1520,15558,14402,21215,19337,23084,22466,26652,27133,29715,30604,21052,24055,15101,18865,4361,7581,237176,222622,32802,31612,55107,52155,17905,38,49
2021-10-10T23:59:59+02:00,2233,2097,17332,16043,22684,20913,24415,23944,28012,28654,30910,31831,21675,24749,15496,19496,4525,7867,1626,1509,15502,14357,21151,19277,23045,22427,26607,27107,29693,30582,21042,24044,15095,18858,4361,7581,237040,222171,32798,31589,55107,52154,17901,38,49
2021-10-09T23:59:59+02:00,2231,2097,17332,16042,22682,20912,24415,23944,28012,28654,30910,31831,21675,24749,15496,19496,4525,7867,1625,1506,15501,14355,21151,19276,23045,22427,26607,27106,29693,30582,21042,24044,15095,18858,4361,7581,237034,222162,32798,31589,55107,52154,17901,38,49
2021-10-08T23:59:59+02:00,2226,2089,17321,16017,22658,20900,24397,23935,27997,28638,30895,31822,21673,24744,15496,19496,4525,7867,1618,1502,15495,14342,21137,19261,23034,22419,26597,27089,29688,30575,21040,24038,15093,18857,4361,7581,236896,222059,32788,31589,55106,52154,17876,38,49
2021-10-07T23:59:59+02:00,2202,2069,17263,15972,22627,20853,24371,23907,27964,28613,30874,31795,21668,24741,15494,19487,4524,7861,1583,1470,15420,14264,21072,19190,22990,22372,26566,27052,29660,30552,21029,24023,15088,18847,4357,7580,236514,221519,32778,31541,55103,52146,17860,38,49
2021-10-06T23:59:59+02:00,2178,2046,17203,15925,22579,20800,24345,23866,27932,28583,30858,31769,21657,24729,15487,19481,4523,7857,1546,1443,15359,14191,21022,19129,22952,22335,26535,27013,29636,30523,21018,24009,15077,18841,4355,7578,236093,221020,32759,31514,55103,52146,17833,38,49
2021-10-05T23:59:59+02:00,2158,2029,17158,15885,22532,20772,24311,23826,27910,28558,30845,31752,21652,24721,15487,19476,4522,7856,1534,1426,15331,14160,20968,19104,22922,22306,26507,26987,29611,30498,21010,23990,15074,18833,4352,7578,235824,220752,32759,31512,55103,52146,17732,38,49
2021-10-04T23:59:59+02:00,2131,1994,17102,15846,22480,20742,24288,23801,27894,28524,30826,31734,21648,24712,15485,19472,4521,7853,1528,1414,15293,14136,20942,19075,22908,22281,26489,26968,29599,30484,21003,23980,15070,18828,4352,7570,235482,220540,32759,31510,55103,52144,17677,38,49
2021-10-03T23:59:59+02:00,2126,1982,17073,15806,22450,20709,24250,23777,27880,28504,30809,31724,21645,24705,15484,19467,4521,7851,1508,1393,15261,14098,20917,19045,22882,22261,26474,26946,29585,30474,20993,23967,15068,18825,4352,7570,235269,220319,32753,31499,55099,52142,17610,38,49
2021-10-02T23:59:59+02:00,2126,1982,17073,15806,22450,20709,24249,23777,27880,28504,30809,31724,21645,24705,15484,19467,4521,7851,1508,1393,15261,14098,20917,19045,22882,22261,26474,26946,29585,30473,20993,23967,15068,18825,4352,7570,235268,220318,32753,31499,55099,52142,17610,38,49
2021-10-01T23:59:59+02:00,2121,1977,17059,15789,22447,20697,24235,23756,27875,28497,30805,31719,21642,24703,15484,19465,4520,7851,1506,1390,15257,14096,20914,19043,22880,22261,26472,26944,29585,30469,20992,23965,15068,18825,4352,7570,235151,220291,32752,31499,55099,52142,17608,38,49
2021-09-30T23:59:59+02:00,2100,1961,17002,15737,22403,20640,24195,23721,27845,28464,30782,31695,21631,24697,15479,19458,4518,7846,1469,1359,15187,14030,20876,19007,22846,22220,26449,26910,29566,30448,20988,23956,15065,18817,4348,7565,234765,219901,32738,31478,55099,52138,17540,38,49
2021-09-29T23:59:59+02:00,2032,1916,16909,15660,22331,20570,24139,23670,27783,28412,30744,31665,21615,24683,15472,19444,4515,7844,1447,1328,15117,13974,20833,18954,22810,22167,26411,26880,29531,30420,20979,23944,15054,18809,4347,7562,234123,219498,32721,31455,55098,52135,17430,38,49
2021-09-28T23:59:59+02:00,2014,1899,16827,15595,22260,20517,24075,23628,27744,28369,30727,31648,21605,24669,15467,19434,4515,7841,1433,1316,15049,13929,20774,18912,22766,22141,26381,26845,29510,30399,20966,23929,15048,18799,4345,7558,233689,219167,32720,31455,55098,52134,17295,38,49
2021-09-27T23:59:59+02:00,1951,1830,16761,15535,22224,20481,24050,23600,27715,28333,30707,31631,21598,24662,15465,19431,4514,7839,1422,1301,15020,13898,20752,18875,22751,22116,26362,26833,29492,30383,20962,23919,15044,18791,4344,7555,233191,218897,32720,31455,55098,52133,17286,38,49
2021-09-26T23:59:59+02:00,1930,1809,16691,15471,22171,20421,24011,23549,27686,28307,30692,31622,21588,24655,15464,19428,4514,7837,1406,1287,14949,13829,20699,18820,22701,22058,26322,26796,29473,30356,20955,23909,15036,18788,4344,7552,232823,218492,32703,31428,55097,52120,17191,38,49
2021-09-25T23:59:59+02:00,1930,1809,16689,15471,22169,20420,24008,23548,27686,28307,30692,31622,21588,24655,15464,19428,4514,7837,1406,1287,14948,13829,20697,18820,22700,22058,26321,26793,29473,30356,20954,23909,15036,18788,4344,7552,232817,218487,32703,31427,55097,52120,17188,38,49
2021-09-24T23:59:59+02:00,1929,1806,16662,15451,22125,20391,23974,23527,27666,28285,30675,31607,21586,24651,15462,19427,4514,7837,1399,1280,14920,13802,20647,18788,22659,22032,26293,26772,29451,30336,20949,23903,15034,18786,4343,7551,232753,218359,32703,31427,55097,52120,16990,38,49
2021-09-23T23:59:59+02:00,1899,1768,16587,15365,22064,20316,23926,23459,27621,28230,30649,31567,21574,24640,15454,19412,4511,7835,1372,1252,14842,13739,20587,18745,22631,21985,26259,26728,29425,30309,20945,23892,15028,18778,4343,7550,232193,217957,32664,31393,55097,52120,16891,38,49
2021-09-22T23:59:59+02:00,1866,1737,16486,15287,21971,20239,23850,23405,27553,28169,30607,31532,21558,24617,15452,19399,4509,7832,1317,1201,14717,13632,20496,18666,22567,21914,26198,26667,29376,30273,20924,23882,15022,18770,4340,7541,231583,217277,32643,31350,55097,52113,16714,38,49
2021-09-21T23:59:59+02:00,1836,1693,16406,15212,21912,20179,23799,23356,27511,28134,30568,31492,21547,24597,15449,19389,4503,7824,1308,1185,14661,13585,20437,18627,22524,21871,26163,26642,29351,30248,20911,23868,15015,18759,4337,7537,231106,216989,32643,31350,55097,52113,16528,38,49
2021-09-20T23:59:59+02:00,1809,1678,16332,15147,21855,20132,23750,23316,27473,28091,30534,31474,21538,24584,15443,19383,4502,7822,1296,1175,14604,13532,20391,18583,22486,21843,26115,26610,29325,30223,20903,23856,15013,18753,4334,7534,230696,216671,32641,31349,55097,52112,16395,38,49
2021-09-19T23:59:59+02:00,1782,1655,16268,15097,21805,20071,23715,23282,27442,28063,30513,31449,21529,24573,15439,19372,4502,7819,1288,1165,14545,13489,20345,18529,22434,21820,26090,26578,29308,30209,20896,23843,15009,18750,4333,7530,230329,216388,32619,31316,55097,52112,16296,38,49
2021-09-18T23:59:59+02:00,1782,1655,16266,15094,21804,20070,23712,23280,27442,28062,30513,31449,21529,24573,15439,19372,4502,7819,1288,1165,14544,13487,20345,18529,22433,21819,26090,26576,29308,30209,20896,23843,15009,18750,4333,7530,230321,216387,32619,31315,55097,52112,16291,38,49
2021-09-17T23:59:59+02:00,1776,1648,16243,15074,21779,20050,23692,23269,27428,28047,30504,31443,21526,24570,15436,19369,4501,7819,1280,1156,14523,13472,20335,18523,22424,21814,26083,26572,29298,30203,20893,23840,15008,18749,4333,7530,230147,216283,32618,31315,55097,52112,16277,38,49
2021-09-16T23:59:59+02:00,1737,1617,16142,14973,21698,19949,23622,23186,27362,27987,30465,31405,21513,24553,15431,19359,4496,7819,1247,1127,14438,13398,20290,18467,22388,21763,26052,26527,29277,30172,20882,23830,15001,18741,4330,7526,229337,215822,32597,31237,55097,52100,16248,38,49
2021-09-15T23:59:59+02:00,1706,1600,16074,14895,21642,19895,23577,23141,27330,27953,30440,31381,21500,24531,15419,19350,4495,7817,1218,1099,14361,13312,20222,18407,22349,21711,26012,26483,29245,30149,20869,23815,14989,18733,4329,7524,228808,215262,32577,31192,55097,52095,16229,38,49
2021-09-14T23:59:59+02:00,1693,1584,16039,14849,21595,19857,23547,23106,27298,27917,30415,31357,21485,24520,15416,19338,4492,7816,1200,1084,14323,13274,20197,18385,22327,21685,25992,26468,29233,30139,20858,23807,14986,18726,4328,7522,228399,214980,32574,31191,55097,52095,16219,38,49
2021-09-13T23:59:59+02:00,1672,1571,15997,14796,21568,19825,23516,23073,27281,27881,30401,31342,21484,24510,15411,19336,4491,7813,1194,1076,14295,13259,20170,18369,22307,21665,25977,26456,29223,30116,20849,23796,14985,18719,4326,7520,228054,214756,32571,31191,55097,52095,16211,38,49
2021-09-12T23:59:59+02:00,1662,1558,15973,14773,21552,19803,23500,23048,27266,27866,30390,31334,21477,24502,15411,19331,4491,7813,1180,1071,14262,13230,20145,18332,22287,21639,25964,26432,29212,30108,20842,23787,14980,18712,4324,7515,227860,214514,32552,31160,55097,52093,16206,38,49
2021-09-11T23:59:59+02:00,1661,1558,15961,14769,21544,19795,23499,23047,27264,27865,30387,31332,21476,24501,15411,19331,4491,7813,1180,1071,14257,13228,20143,18329,22285,21639,25964,26431,29212,30108,20841,23787,14980,18712,4324,7515,227823,214503,32552,31160,55094,52093,16201,38,49
2021-09-10T23:59:59+02:00,1661,1558,15938,14764,21531,19784,23481,23044,27246,27855,30374,31327,21475,24499,15407,19329,4491,7812,1178,1071,14234,13221,20128,18319,22271,21635,25949,26418,29194,30105,20840,23783,14977,18709,4323,7514,227792,214464,32552,31160,55094,52093,16103,38,49
2021-09-09T23:59:59+02:00,1616,1519,15858,14685,21471,19717,23427,22994,27186,27805,30346,31298,21466,24482,15393,19315,4489,7810,1150,1046,14152,13146,20057,18250,22204,21580,25899,26377,29159,30073,20824,23755,14959,18695,4321,7512,227262,213995,32521,31077,55093,52073,15966,38,48
2021-09-08T23:59:59+02:00,1578,1472,15731,14591,21400,19640,23374,22919,27136,27762,30306,31250,21449,24464,15384,19304,4488,7810,1133,1021,14063,13056,19973,18197,22139,21527,25852,26337,29123,30023,20805,23734,14955,18687,4320,7511,226717,213594,32452,30985,55093,52068,15761,38,48
2021-09-07T23:59:59+02:00,1565,1452,15681,14539,21345,19614,23338,22896,27109,27730,30289,31234,21438,24442,15378,19296,4486,7810,1116,1007,13995,13007,19909,18157,22097,21496,25816,26305,29094,29995,20794,23720,14951,18680,4319,7511,226476,213309,32445,30955,55093,52064,15593,38,48
2021-09-06T23:59:59+02:00,1552,1442,15631,14494,21324,19582,23315,22868,27084,27711,30273,31212,21428,24439,15374,19289,4486,7808,1104,998,13963,12968,19888,18132,22067,21474,25796,26286,29079,29980,20785,23712,14947,18676,4319,7508,226225,213100,32444,30955,55093,52064,15515,38,48
2021-09-05T23:59:59+02:00,1532,1427,15601,14468,21305,19560,23305,22842,27075,27699,30268,31204,21423,24433,15368,19287,4486,7804,1096,984,13925,12932,19857,18096,22042,21446,25778,26269,29066,29961,20781,23704,14945,18674,4319,7508,226012,212884,32435,30875,55092,52063,15513,38,48
2021-09-04T23:59:59+02:00,1532,1427,15592,14465,21291,19554,23298,22837,27069,27693,30262,31201,21422,24430,15368,19286,4486,7804,1096,984,13916,12929,19843,18088,22035,21441,25771,26263,29060,29957,20780,23701,14945,18673,4319,7508,226011,212883,32435,30872,55092,52063,15443,38,48
2021-09-03T23:59:59+02:00,1529,1424,15574,14451,21258,19529,23267,22816,27046,27680,30247,31186,21415,24422,15368,19280,4486,7803,1096,984,13899,12915,19816,18069,22011,21426,25755,26253,29045,29946,20774,23694,14945,18670,4319,7508,225935,212864,32434,30867,55092,52062,15284,38,48
2021-09-02T23:59:59+02:00,1513,1404,15502,14392,21211,19479,23232,22767,27005,27639,30210,31160,21402,24412,15362,19267,4484,7797,1071,963,13806,12851,19771,18007,21966,21383,25713,26207,29006,29919,20762,23683,14940,18658,4318,7507,225512,212408,32429,30862,55090,52042,15171,38,48
2021-09-01T23:59:59+02:00,1462,1347,15364,14239,21091,19383,23163,22711,26938,27568,30158,31110,21384,24387,15354,19253,4481,7792,1039,923,13659,12729,19642,17910,21881,21313,25655,26138,28955,29856,20737,23654,14928,18645,4314,7502,224741,211823,32404,30665,55089,52029,14915,38,48
2021-08-31T23:59:59+02:00,1438,1332,15302,14168,21028,19331,23118,22669,26887,27525,30124,31078,21371,24374,15348,19244,4481,7791,1025,910,13585,12662,19594,17868,21848,21277,25622,26115,28927,29830,20731,23644,14925,18637,4313,7501,224280,211475,32403,30665,55088,52024,14802,38,48
2021-08-30T23:59:59+02:00,1415,1313,15234,14122,20980,19275,23086,22630,26850,27492,30091,31048,21358,24365,15344,19235,4479,7784,1020,895,13528,12620,19548,17817,21815,21252,25592,26078,28893,29805,20720,23629,14915,18629,4312,7497,223915,211174,32403,30662,55088,52022,14659,38,48
2021-08-29T23:59:59+02:00,1399,1301,15190,14078,20941,19244,23062,22606,26832,27468,30073,31033,21354,24356,15344,19233,4479,7783,1009,887,13475,12575,19525,17795,21788,21232,25570,26058,28880,29788,20712,23621,14912,18625,4310,7496,223626,210903,32402,30662,55088,52021,14624,38,48
2021-08-28T23:59:59+02:00,1399,1301,15184,14075,20930,19237,23056,22602,26829,27459,30070,31032,21353,24356,15344,19233,4479,7783,1009,887,13468,12571,19514,17788,21782,21228,25567,26049,28877,29787,20711,23621,14912,18625,4310,7496,223626,210901,32402,30662,55088,52021,14570,38,48
2021-08-27T23:59:59+02:00,1390,1294,15153,14047,20903,19221,23023,22586,26803,27447,30054,31012,21347,24348,15340,19232,4476,7780,1003,882,13439,12539,19478,17771,21754,21206,25538,26035,28860,29769,20705,23612,14909,18624,4309,7496,223489,210757,32402,30660,55085,52020,14444,38,48
2021-08-26T23:59:59+02:00,1377,1277,15108,14002,20856,19182,22993,22548,26770,27408,30022,30975,21332,24332,15333,19224,4473,7772,991,871,13370,12478,19401,17713,21693,21148,25482,25987,28820,29733,20692,23591,14899,18611,4308,7492,223195,210466,32383,30535,55085,51946,14285,38,48
2021-08-25T23:59:59+02:00,1332,1232,14963,13878,20743,19087,22913,22455,26691,27324,29964,30919,21309,24306,15323,19214,4469,7766,963,841,13247,12394,19316,17635,21626,21076,25412,25933,28774,29690,20665,23570,14891,18597,4307,7489,222338,209891,32367,30487,55085,51938,14063,37,47
2021-08-24T23:59:59+02:00,1308,1208,14899,13827,20700,19035,22858,22408,26655,27288,29934,30888,21292,24291,15317,19204,4468,7765,938,820,13151,12332,19255,17554,21589,21024,25367,25890,28744,29652,20647,23550,14884,18585,4305,7484,221917,209405,32337,30429,55085,51923,13971,37,43
2021-08-23T23:59:59+02:00,1290,1189,14831,13789,20659,19006,22829,22382,26620,27268,29909,30861,21273,24277,15312,19191,4467,7764,912,795,13035,12254,19192,17494,21536,20975,25327,25835,28699,29609,20628,23533,14877,18573,4302,7484,221605,208884,32321,30339,55085,51923,13871,37,43
2021-08-22T23:59:59+02:00,1281,1181,14816,13769,20643,18986,22817,22362,26605,27253,29892,30857,21266,24273,15310,19183,4465,7763,889,778,12976,12183,19139,17460,21507,20940,25306,25809,28673,29587,20620,23521,14876,18569,4302,7484,221430,208557,32302,30229,55085,51920,13870,37,43
2021-08-21T23:59:59+02:00,1281,1181,14807,13759,20632,18978,22807,22356,26601,27248,29881,30850,21266,24271,15310,19183,4465,7763,889,778,12966,12173,19129,17452,21499,20934,25300,25804,28663,29580,20620,23519,14876,18569,4302,7484,221425,208553,32302,30229,55085,51920,13792,37,43
2021-08-20T23:59:59+02:00,1274,1176,14777,13725,20597,18948,22784,22333,26575,27225,29864,30834,21263,24262,15308,19177,4465,7763,888,777,12947,12159,19104,17432,21481,20913,25286,25787,28644,29561,20616,23513,14875,18566,4302,7484,221230,208447,32302,30227,55085,51920,13698,37,43
2021-08-19T23:59:59+02:00,1255,1161,14718,13676,20557,18918,22753,22298,26552,27196,29839,30810,21252,24254,15305,19172,4464,7760,859,764,12813,12040,19015,17354,21395,20855,25215,25720,28584,29511,20595,23500,14869,18557,4300,7481,220923,207808,32270,30091,55085,51858,13627,37,43
2021-08-18T23:59:59+02:00,1232,1142,14636,13587,20442,18856,22677,22236,26485,27139,29781,30752,21227,24234,15299,19160,4462,7757,831,743,12672,11921,18877,17271,21297,20765,25128,25637,28501,29442,20563,23455,14858,18542,4299,7476,220511,207197,32252,29967,55084,51849,13222,37,43
2021-08-17T23:59:59+02:00,1221,1129,14596,13548,20400,18810,22641,22201,26450,27111,29765,30732,21215,24220,15288,19151,4458,7756,810,719,12564,11838,18796,17210,21219,20703,25076,25584,28465,29401,20544,23440,14849,18529,4297,7474,220225,206666,32217,29838,55084,51841,13131,37,42
2021-08-16T23:59:59+02:00,1209,1118,14547,13499,20364,18781,22612,22168,26429,27083,29731,30701,21202,24209,15281,19139,4456,7754,782,705,12467,11739,18705,17138,21149,20618,25011,25525,28398,29338,20521,23418,14839,18511,4296,7471,219956,206044,32215,29713,55084,51840,12993,37,41
2021-08-15T23:59:59+02:00,1199,1105,14509,13473,20334,18751,22584,22149,26416,27067,29721,30687,21197,24197,15276,19137,4455,7752,758,689,12404,11671,18654,17108,21098,20579,24975,25481,28379,29316,20511,23405,14835,18505,4294,7469,219731,205595,32215,29712,55084,51839,12944,37,41
2021-08-14T23:59:59+02:00,1199,1104,14502,13469,20325,18745,22575,22142,26402,27060,29716,30679,21194,24195,15275,19136,4455,7752,758,689,12396,11667,18644,17100,21088,20572,24961,25474,28374,29307,20508,23404,14834,18504,4294,7469,219730,205593,32214,29708,55084,51839,12862,37,41
2021-08-13T23:59:59+02:00,1196,1101,14493,13460,20311,18735,22563,22137,26395,27050,29700,30671,21185,24190,15274,19136,4455,7752,755,688,12381,11655,18633,17091,21075,20563,24955,25458,28360,29303,20502,23397,14832,18504,4294,7468,219673,205527,32213,29708,55084,51839,12799,37,41
2021-08-12T23:59:59+02:00,1176,1079,14436,13404,20268,18695,22539,22102,26368,27021,29669,30650,21173,24171,15270,19129,4455,7747,728,662,12215,11511,18496,16980,20982,20480,24874,25373,28293,29247,20481,23365,14819,18492,4291,7462,219348,204732,32201,29523,55084,51770,12685,36,41
2021-08-11T23:59:59+02:00,1160,1057,14366,13340,20225,18641,22495,22063,26335,26996,29641,30610,21159,24154,15267,19118,4452,7743,704,640,12075,11372,18412,16890,20902,20406,24825,25300,28250,29183,20448,23338,14812,18481,4289,7457,218944,203828,32128,29518,55084,51765,12632,36,41
2021-08-10T23:59:59+02:00,1145,1039,14286,13265,20168,18593,22459,22019,26303,26965,29607,30580,21145,24144,15267,19110,4451,7741,685,618,11958,11253,18312,16819,20836,20340,24773,25242,28206,29130,20421,23309,14798,18463,4288,7451,218521,203073,32096,29496,55084,51740,12552,36,41
2021-08-09T23:59:59+02:00,1128,1020,14201,13203,20087,18537,22410,21971,26252,26921,29570,30546,21127,24127,15261,19101,4446,7739,640,577,11776,11091,18142,16723,20710,20258,24678,25146,28127,29054,20384,23268,14784,18451,4285,7442,218074,202084,32075,29388,55083,51645,12381,36,38
2021-08-08T23:59:59+02:00,1114,1013,14158,13164,20065,18501,22384,21951,26237,26901,29554,30532,21120,24121,15258,19097,4445,7738,614,558,11693,11005,18054,16639,20644,20200,24615,25099,28081,29010,20362,23245,14771,18440,4285,7438,217843,201428,32044,29310,55082,51627,12350,36,38
2021-08-07T23:59:59+02:00,1114,1013,14143,13159,20055,18496,22378,21946,26225,26887,29539,30520,21118,24117,15254,19092,4444,7738,614,557,11679,10999,18037,16634,20638,20194,24602,25084,28064,28998,20360,23241,14767,18435,4284,7438,217841,201412,32043,29309,55081,51627,12239,36,38
2021-08-06T23:59:59+02:00,1114,1013,14133,13147,20042,18477,22364,21931,26203,26878,29526,30509,21115,24113,15251,19090,4444,7737,614,557,11668,10985,18014,16612,20622,20177,24581,25075,28052,28986,20357,23237,14764,18433,4284,7438,217833,201383,32039,29309,55081,51626,12100,36,38
2021-08-05T23:59:59+02:00,1102,994,14061,13105,19991,18442,22321,21888,26167,26821,29498,30485,21101,24098,15243,19081,4442,7734,579,527,11493,10876,17900,16512,20511,20079,24475,24985,27983,28937,20331,23212,14753,18419,4281,7436,217515,200595,31995,29218,55078,51486,11952,36,38
2021-08-04T23:59:59+02:00,1086,977,13997,13036,19885,18358,22255,21829,26124,26779,29447,30437,21078,24080,15233,19068,4442,7731,541,493,11307,10701,17670,16370,20336,19953,24356,24861,27873,28839,20303,23179,14740,18407,4278,7434,217246,199549,31832,29158,55077,51243,11653,36,38
2021-08-03T23:59:59+02:00,1062,959,13927,12973,19846,18307,22220,21788,26087,26738,29412,30407,21062,24055,15223,19054,4439,7721,485,451,11122,10528,17494,16241,20195,19820,24206,24738,27753,28731,20260,23131,14723,18375,4276,7428,216867,198109,31804,29123,55076,51188,11499,36,38
2021-08-02T23:59:59+02:00,1038,939,13841,12906,19787,18249,22169,21747,26032,26676,29360,30357,21033,24024,15213,19034,4436,7719,459,421,10955,10358,17321,16117,20047,19707,24088,24623,27666,28629,20215,23078,14704,18356,4273,7418,216386,196920,31773,29074,55076,51112,11291,36,38
2021-08-01T23:59:59+02:00,1028,924,13780,12859,19751,18232,22149,21725,26007,26655,29341,30340,21024,24012,15209,19027,4436,7718,423,390,10810,10211,17162,16009,19897,19599,23944,24518,27558,28549,20201,23054,14695,18342,4273,7414,216147,196031,31724,28983,55076,50762,11235,36,38
2021-07-31T23:59:59+02:00,1028,924,13755,12850,19733,18224,22132,21714,25993,26643,29333,30329,21021,24007,15208,19026,4435,7718,422,390,10784,10198,17141,15995,19879,19586,23931,24506,27550,28538,20198,23049,14694,18341,4272,7414,216143,196010,31724,28983,55076,50762,11095,36,38
2021-07-30T23:59:59+02:00,1020,914,13694,12804,19687,18202,22102,21695,25963,26621,29306,30311,21014,23999,15202,19024,4433,7717,401,372,10697,10123,17076,15952,19820,19551,23864,24465,27503,28513,20183,23027,14685,18337,4269,7412,215964,195620,31720,28983,55076,50696,10913,36,38
2021-07-29T23:59:59+02:00,996,895,13588,12718,19623,18140,22030,21642,25912,26565,29253,30273,20997,23989,15195,19017,4433,7715,356,332,10429,9862,16774,15709,19525,19335,23560,24234,27251,28349,20128,22972,14673,18316,4269,7411,215519,193865,31647,28872,55076,50006,10704,36,38
2021-07-28T23:59:59+02:00,968,865,13457,12590,19497,18031,21944,21559,25830,26486,29176,30205,20974,23953,15182,19005,4431,7713,321,292,10138,9657,16514,15520,19265,19146,23332,24043,27096,28206,20080,22899,14654,18293,4266,7406,214865,192525,31611,28789,55072,49493,10283,36,38
2021-07-27T23:59:59+02:00,937,844,13338,12496,19432,17971,21877,21506,25764,26429,29136,30160,20959,23933,15177,18985,4430,7707,273,237,9882,9443,16261,15293,19036,18961,23138,23868,26933,28070,20038,22846,14632,18266,4260,7397,214270,190860,31556,28630,55071,49156,10150,35,38
2021-07-26T23:59:59+02:00,912,826,13233,12402,19378,17914,21803,21441,25714,26396,29081,30100,20930,23910,15159,18966,4430,7703,225,208,9646,9193,16020,15084,18788,18761,22909,23701,26782,27942,19967,22785,14603,18230,4255,7391,213662,189097,31485,28529,55070,48778,10048,34,38
2021-07-25T23:59:59+02:00,893,815,13158,12331,19298,17864,21745,21389,25674,26348,29044,30054,20913,23893,15152,18960,4427,7702,202,188,9459,9052,15820,14931,18583,18620,22741,23591,26634,27822,19917,22737,14586,18217,4252,7388,213360,188187,31422,28378,55070,48362,9775,34,38
2021-07-24T23:59:59+02:00,893,815,13148,12322,19288,17857,21734,21384,25659,26341,29039,30048,20909,23892,15151,18959,4427,7702,202,188,9449,9038,15810,14924,18569,18614,22725,23581,26628,27814,19914,22734,14585,18216,4252,7388,213357,188168,31420,28375,55070,48362,9688,34,38
2021-07-23T23:59:59+02:00,885,813,13082,12285,19211,17823,21694,21351,25624,26302,29006,30012,20894,23875,15143,18955,4425,7699,202,187,9396,9010,15727,14880,18515,18573,22675,23540,26584,27775,19897,22717,14578,18210,4250,7385,213229,188005,31419,28369,55070,48361,9328,34,38
2021-07-22T23:59:59+02:00,873,799,12986,12203,19155,17754,21648,21321,25576,26255,28982,29989,20881,23857,15141,18949,4422,7697,148,144,9078,8736,15327,14632,18149,18317,22345,23293,26378,27640,19840,22661,14565,18188,4247,7380,212762,186178,31334,28115,55067,47445,9292,34,38
2021-07-21T23:59:59+02:00,851,771,12784,12035,19006,17629,21514,21222,25470,26152,28906,29918,20839,23822,15124,18926,4418,7692,125,124,8700,8422,14894,14307,17770,18044,21988,22961,26104,27429,19747,22573,14539,18150,4244,7371,212131,184276,31224,27766,55064,46785,8627,34,38
2021-07-20T23:59:59+02:00,821,746,12635,11899,18898,17543,21445,21145,25408,26087,28866,29867,20814,23789,15116,18910,4415,7689,95,97,8369,8115,14427,13970,17388,17768,21683,22731,25858,27242,19666,22464,14510,18115,4242,7365,211445,182118,31115,27603,55061,45908,8439,34,37
2021-07-19T23:59:59+02:00,792,719,12514,11782,18809,17472,21383,21086,25353,26033,28816,29830,20788,23759,15106,18896,4411,7683,74,66,8046,7861,14062,13716,17040,17519,21354,22526,25630,27100,19597,22388,14488,18093,4236,7359,210726,180075,31012,27444,55061,45197,8402,32,37
2021-07-18T23:59:59+02:00,774,700,12398,11674,18710,17394,21315,21032,25297,25979,28779,29776,20766,23739,15094,18885,4409,7681,61,55,7875,7708,13908,13593,16888,17395,21190,22414,25500,27018,19557,22348,14474,18077,4236,7356,210137,179139,30864,27338,55061,44830,8309,32,37
2021-07-17T23:59:59+02:00,774,700,12395,11674,18709,17391,21314,21032,25297,25979,28779,29776,20766,23739,15094,18885,4409,7681,61,55,7868,7707,13904,13588,16887,17394,21189,22413,25499,27016,19554,22347,14474,18077,4236,7356,210132,179117,30864,27337,55061,44828,8306,32,37
2021-07-16T23:59:59+02:00,767,695,12323,11620,18667,17360,21279,21005,25264,25956,28754,29757,20764,23736,15094,18883,4409,7681,57,52,7713,7606,13748,13518,16743,17335,21050,22354,25393,26968,19535,22326,14473,18071,4236,7353,209924,178664,30864,27264,55061,44432,8134,32,37
2021-07-15T23:59:59+02:00,752,675,12251,11548,18602,17301,21223,20957,25215,25915,28726,29729,20749,23719,15089,18874,4408,7678,55,49,7371,7289,13137,13111,16073,16911,20414,21983,24935,26656,19389,22185,14431,18025,4233,7346,209439,176428,30778,26361,55054,42658,8109,32,37
2021-07-14T23:59:59+02:00,723,655,12041,11411,18432,17192,21102,20861,25111,25812,28637,29629,20715,23686,15070,18858,4405,7675,47,38,6953,6935,12472,12658,15380,16423,19781,21525,24469,26314,19171,21959,14399,17977,4225,7335,208626,173600,30616,26022,55051,40711,7691,32,37
2021-07-13T23:59:59+02:00,679,620,11903,11277,18309,17107,20990,20765,25014,25717,28567,29563,20686,23647,15050,18848,4403,7665,37,27,6494,6511,11840,12158,14683,15919,19177,21114,24029,25987,18992,21743,14354,17916,4221,7326,207602,169939,30478,25849,55040,39047,7659,32,34
2021-07-12T23:59:59+02:00,645,589,11778,11140,18194,17018,20896,20657,24914,25618,28486,29496,20660,23613,15042,18836,4398,7658,33,21,6080,6098,11231,11623,14060,15383,18621,20622,23610,25626,18795,21553,14289,17858,4212,7322,206584,166254,30350,25024,55037,38089,7636,32,34
2021-07-11T23:59:59+02:00,609,562,11663,11048,18130,16955,20839,20601,24860,25571,28429,29447,20641,23593,15033,18827,4398,7657,30,20,5890,5927,10976,11420,13826,15183,18376,20433,23402,25440,18722,21471,14262,17832,4211,7316,205947,164862,30230,24553,55035,37666,7622,30,34
2021-07-10T23:59:59+02:00,608,561,11655,11047,18126,16953,20835,20600,24857,25570,28428,29447,20641,23593,15032,18825,4398,7657,30,20,5883,5926,10971,11413,13816,15179,18375,20431,23400,25438,18720,21470,14261,17832,4211,7316,205927,164832,30227,24552,55035,37659,7615,30,34
2021-07-09T23:59:59+02:00,580,538,11545,10920,18051,16869,20765,20539,24783,25494,28379,29402,20618,23573,15029,18815,4398,7656,30,19,5848,5892,10943,11379,13766,15158,18344,20400,23381,25416,18715,21460,14259,17829,4211,7315,205058,164600,30226,24502,55035,37623,7606,30,34
2021-07-08T23:59:59+02:00,545,510,11381,10784,17924,16766,20630,20437,24675,25366,28261,29323,20574,23525,15013,18786,4395,7648,27,16,5504,5632,10430,10983,13145,14707,17679,19840,22773,24948,18395,21066,14162,17746,4206,7305,204286,162286,30199,23695,55007,35527,7022,30,34
2021-07-07T23:59:59+02:00,485,458,11212,10637,17840,16679,20560,20369,24602,25288,28200,29260,20546,23489,15008,18774,4393,7640,22,16,5199,5341,9903,10532,12563,14226,16996,19319,22206,24447,18081,20702,14060,17649,4199,7282,203274,159823,30174,22229,54989,33683,6974,30,34
2021-07-06T23:59:59+02:00,444,424,11086,10487,17728,16585,20466,20266,24524,25195,28109,29181,20520,23449,14999,18757,4391,7637,15,10,4800,4914,9301,10015,11852,13624,16287,18704,21691,23954,17761,20396,13959,17532,4190,7272,202134,155631,30168,21286,54980,32389,6937,30,34
2021-07-05T23:59:59+02:00,422,397,10999,10397,17636,16513,20386,20194,24464,25143,28068,29144,20496,23428,14987,18749,4390,7634,12,9,4513,4594,8804,9565,11292,13071,15577,18059,21068,23347,17367,19999,13825,17374,4182,7264,201390,151737,30165,20606,54971,30653,6892,30,34
2021-07-04T23:59:59+02:00,409,391,10926,10342,17570,16458,20336,20144,24433,25107,28052,29126,20487,23417,14982,18746,4389,7633,12,9,4367,4504,8674,9398,11100,12896,15333,17847,20802,23075,17095,19708,13765,17282,4178,7260,200911,150417,30159,20300,54970,29675,6879,30,34
2021-07-03T23:59:59+02:00,407,390,10918,10331,17560,16453,20334,20140,24432,25107,28049,29125,20487,23416,14982,18746,4389,7633,12,9,4362,4496,8667,9395,11097,12896,15329,17847,20799,23071,17095,19704,13765,17282,4178,7260,200884,150403,30157,20300,54970,29668,6859,30,34
2021-07-02T23:59:59+02:00,364,327,10773,10221,17444,16353,20230,20064,24358,25043,27986,29066,20461,23390,14976,18732,4389,7630,12,9,4275,4417,8505,9258,10959,12784,15207,17739,20687,22967,17053,19673,13758,17267,4178,7257,200002,149413,30157,20299,54970,29610,6649,30,34
2021-07-01T23:59:59+02:00,317,284,10640,10086,17317,16260,20106,19974,24274,24968,27922,29014,20441,23366,14960,18717,4386,7626,12,7,4070,4218,8204,8924,10588,12373,14638,17239,20176,22427,16765,19374,13550,17052,4168,7235,198927,146349,30099,19615,54964,28383,6639,30,34
2021-06-30T23:59:59+02:00,234,223,10386,9846,17143,16110,19972,19843,24158,24844,27843,28925,20419,23334,14941,18699,4385,7625,12,6,3875,4025,7902,8588,10180,11909,14147,16683,19601,21793,16442,19030,13277,16774,4155,7208,197277,142670,30044,19365,54956,26914,6624,30,34
2021-06-29T23:59:59+02:00,190,186,10238,9671,17006,16014,19869,19751,24090,24768,27785,28856,20392,23307,14927,18679,4385,7621,11,6,3673,3767,7505,8134,9704,11373,13492,16012,18986,21091,16123,18703,13029,16484,4148,7194,196125,138390,30039,19066,54952,25354,6591,29,34
2021-06-28T23:59:59+02:00,141,134,10044,9487,16880,15909,19765,19648,23995,24673,27717,28794,20362,23277,14913,18660,4383,7619,10,5,3472,3512,7106,7692,9266,10881,12942,15475,18488,20573,15872,18437,12910,16351,4142,7183,194941,134553,29925,18642,54949,24530,6558,29,34
2021-06-27T23:59:59+02:00,123,117,9904,9376,16822,15849,19704,19598,23936,24622,27690,28769,20350,23261,14910,18656,4382,7616,10,5,3382,3447,6928,7495,9075,10683,12713,15235,18226,20314,15749,18331,12845,16264,4142,7179,194307,133360,29866,18295,54945,23795,6539,29,34
2021-06-26T23:59:59+02:00,123,117,9903,9370,16820,15845,19701,19597,23934,24621,27690,28769,20350,23261,14910,18656,4382,7616,10,5,3380,3446,6925,7494,9072,10682,12710,15232,18224,20313,15746,18330,12845,16262,4142,7179,194290,133340,29865,18295,54945,23790,6538,28,34
2021-06-25T23:59:59+02:00,119,114,9856,9330,16779,15811,19667,19565,23898,24593,27666,28750,20344,23254,14908,18653,4382,7616,10,5,3359,3400,6851,7383,8976,10525,12595,15035,18077,20105,15722,18301,12837,16259,4141,7178,193966,133155,29830,17941,54945,23092,6537,28,34
2021-06-24T23:59:59+02:00,109,103,9727,9207,16595,15684,19533,19441,23776,24504,27608,28689,20330,23238,14901,18644,4381,7614,9,5,3233,3258,6630,7051,8663,10071,12061,14410,17523,19395,15498,18069,12689,16127,4138,7166,193126,130746,29489,17083,54944,21635,6498,28,34
2021-06-23T23:59:59+02:00,103,98,9598,9070,16453,15557,19415,19338,23679,24399,27541,28642,20315,23216,14897,18639,4378,7613,9,5,3030,3021,6274,6568,8161,9502,11357,13585,16758,18412,15201,17726,12539,15985,4128,7141,192205,126188,29324,16106,54933,20614,6461,28,33
2021-06-22T23:59:59+02:00,72,72,9309,8766,16221,15358,19229,19187,23533,24274,27470,28558,20290,23190,14889,18620,4374,7607,9,5,2796,2737,5792,6022,7537,8740,10443,12542,15739,17208,14903,17368,12432,15861,4115,7118,190516,119756,29119,15615,54929,19539,6428,27,29
2021-06-21T23:59:59+02:00,68,64,9183,8610,16046,15206,19039,19034,23402,24151,27409,28480,20266,23161,14884,18610,4374,7603,9,5,2649,2545,5411,5560,7073,8156,9714,11666,15009,16276,14624,17054,12323,15741,4110,7101,189315,115060,28897,15057,54926,18455,6425,27,29
2021-06-20T23:59:59+02:00,65,62,9044,8483,15909,15088,18928,18947,23329,24080,27369,28429,20255,23140,14873,18603,4371,7602,9,5,2590,2477,5240,5379,6858,7890,9406,11331,14643,15871,14488,16920,12283,15704,4105,7095,188423,113350,28781,14824,54925,17670,6421,27,29
2021-06-19T23:59:59+02:00,65,62,9043,8477,15905,15079,18925,18947,23327,24079,27369,28428,20255,23140,14873,18603,4371,7602,9,5,2587,2476,5239,5374,6856,7888,9405,11330,14641,15867,14486,16920,12283,15704,4105,7095,188400,113331,28778,14820,54924,17669,6421,27,29
2021-06-18T23:59:59+02:00,65,58,9012,8464,15892,15070,18910,18939,23320,24070,27363,28423,20255,23137,14872,18603,4371,7602,9,5,2559,2443,5184,5315,6778,7788,9306,11173,14470,15638,14407,16819,12272,15682,4103,7092,188278,112545,28777,14819,54923,17229,6421,27,29
2021-06-17T23:59:59+02:00,58,55,8830,8301,15660,14901,18709,18781,23163,23938,27227,28329,20231,23116,14865,18591,4369,7599,9,5,2418,2295,4861,5016,6388,7385,8759,10570,13642,14764,14170,16524,12199,15559,4099,7081,186934,109672,28772,13865,54916,16104,6074,27,29
2021-06-16T23:59:59+02:00,50,53,8603,8087,15427,14673,18498,18580,22971,23769,27121,28219,20202,23073,14851,18571,4365,7593,9,5,2304,2188,4618,4813,6033,7042,8228,10083,12923,13922,13820,16141,12114,15470,4094,7069,185150,106212,28668,13064,54913,15623,5948,27,29
2021-06-15T23:59:59+02:00,41,40,8259,7755,15050,14314,18176,18293,22718,23557,26961,28086,20172,23039,14838,18556,4363,7582,9,5,2124,2019,4270,4460,5527,6478,7345,9192,11729,12640,13278,15522,11993,15307,4079,7046,182556,99964,28630,12398,54911,14956,5676,27,29
2021-06-14T23:59:59+02:00,35,35,8078,7590,14792,14080,17973,18120,22566,23435,26849,28004,20149,23006,14824,18548,4359,7574,7,5,2011,1896,4013,4210,5141,6007,6687,8470,10804,11584,12960,15172,11922,15211,4069,7027,180972,95121,28606,12037,54908,14505,5504,27,29
2021-06-13T23:59:59+02:00,35,35,8004,7535,14708,13990,17857,18009,22483,23357,26820,27974,20136,22995,14820,18542,4359,7574,5,5,1968,1870,3931,4113,5022,5867,6454,8231,10510,11251,12803,14994,11864,15154,4068,7026,180214,93743,28595,11745,54904,14126,5493,27,29
2021-06-12T23:59:59+02:00,35,35,8003,7534,14708,13988,17857,18009,22481,23356,26819,27971,20135,22994,14820,18542,4359,7574,5,5,1967,1868,3929,4113,5020,5866,6451,8226,10506,11245,12800,14993,11864,15152,4068,7026,180202,93719,28595,11745,54903,14118,5493,27,29
2021-06-11T23:59:59+02:00,35,34,7938,7493,14618,13941,17780,17958,22412,23322,26775,27948,20133,22990,14820,18541,4359,7574,5,5,1951,1855,3894,4055,4976,5799,6390,8143,10406,11140,12760,14958,11853,15146,4068,7026,179863,93502,28518,11738,54902,13800,5361,27,29
2021-06-10T23:59:59+02:00,30,27,7598,7197,14223,13577,17346,17583,22082,23042,26579,27767,20089,22945,14807,18523,4356,7562,3,5,1851,1773,3679,3889,4699,5524,6063,7774,9787,10529,12240,14299,11783,15038,4060,7019,177268,90332,28020,11357,54890,13171,5128,27,27
2021-06-09T23:59:59+02:00,29,24,7233,6848,13759,13145,16830,17119,21692,22673,26362,27553,20016,22875,14789,18488,4353,7554,3,5,1688,1658,3483,3708,4444,5256,5675,7365,9010,9813,11575,13462,11663,14897,4050,7007,174030,86077,27477,10723,54877,13004,4931,27,27
2021-06-08T23:59:59+02:00,24,20,6859,6445,13246,12658,16361,16649,21333,22332,26146,27350,19959,22796,14758,18453,4350,7547,3,5,1598,1583,3263,3477,4124,4903,5165,6876,8126,8889,10690,12384,11519,14739,4046,6992,170621,80418,26983,10426,54868,12725,4787,27,26
2021-06-07T23:59:59+02:00,21,17,6584,6163,12810,12282,15963,16250,21007,22035,25983,27194,19922,22742,14737,18433,4343,7541,3,5,1537,1513,3072,3305,3849,4675,4763,6499,7411,8136,9776,11235,11407,14593,4035,6974,168061,75673,26558,10053,54847,12502,4534,27,26
2021-06-06T23:59:59+02:00,21,17,6443,6031,12667,12128,15801,16093,20840,21872,25896,27108,19902,22705,14726,18423,4342,7537,3,5,1522,1490,2998,3264,3756,4610,4655,6419,7269,8005,9518,10967,11361,14544,4032,6969,166835,74990,26452,9630,54826,12329,4412,27,26
2021-06-05T23:59:59+02:00,21,17,6434,6027,12652,12114,15791,16084,20837,21867,25896,27105,19902,22705,14726,18423,4342,7537,3,5,1520,1488,2995,3263,3755,4609,4652,6419,7264,7999,9510,10962,11361,14544,4032,6969,166775,74959,26440,9628,54826,12325,4412,27,26
2021-06-04T23:59:59+02:00,21,17,6401,5987,12591,12065,15731,16034,20809,21835,25876,27088,19898,22699,14723,18423,4342,7537,3,5,1518,1482,2983,3251,3736,4593,4642,6404,7226,7956,9478,10892,11323,14503,4031,6968,166672,74679,26182,9615,54801,12279,4395,27,26
2021-06-03T23:59:59+02:00,21,15,6168,5764,12291,11815,15407,15723,20477,21497,25619,26875,19852,22625,14703,18403,4341,7533,2,4,1476,1439,2908,3185,3639,4513,4531,6304,7026,7773,9099,10441,11272,14429,4031,6963,164190,73378,25936,9314,54799,12140,4177,27,26
2021-06-02T23:59:59+02:00,21,15,6102,5706,12220,11750,15334,15656,20405,21435,25602,26851,19848,22622,14700,18400,4340,7532,2,4,1462,1428,2890,3171,3622,4498,4495,6286,6991,7735,9018,10330,11263,14404,4030,6962,163836,73008,25753,9305,54798,12130,4125,27,23
2021-06-01T23:59:59+02:00,17,15,5649,5213,11487,11051,14510,14922,19687,20770,25191,26468,19758,22532,14666,18353,4332,7524,2,4,1348,1322,2594,2898,3243,4164,4007,5827,6161,6930,7827,8702,11019,14057,4016,6945,158802,67590,25101,8398,54770,11612,3445,27,21
2021-05-31T23:59:59+02:00,15,15,5401,4916,11043,10623,13982,14428,19208,20272,24884,26129,19666,22446,14628,18307,4323,7508,2,4,1288,1267,2439,2763,3041,3993,3722,5534,5603,6397,6809,7416,10775,13738,4007,6911,155338,63549,24406,7477,54764,11403,3259,27,21
2021-05-30T23:59:59+02:00,15,15,5323,4840,10854,10500,13815,14250,18859,19948,24641,25881,19635,22416,14620,18287,4322,7506,2,4,1268,1253,2411,2729,2993,3947,3654,5478,5500,6307,6635,7185,10738,13663,4004,6901,153841,62807,23898,7414,54736,11205,3225,27,21
2021-05-29T23:59:59+02:00,15,15,5320,4840,10854,10496,13810,14247,18859,19947,24640,25879,19635,22416,14620,18287,4322,7506,2,4,1267,1249,2410,2726,2991,3944,3654,5476,5498,6305,6630,7182,10738,13663,4004,6901,153823,62797,23898,7410,54735,11191,3225,27,21
2021-05-28T23:59:59+02:00,15,15,5304,4826,10833,10458,13783,14228,18842,19930,24631,25869,19633,22413,14618,18284,4322,7505,2,4,1262,1249,2409,2719,2989,3942,3647,5470,5483,6289,6613,7165,10729,13641,4003,6897,153633,62693,23896,7410,54731,11168,3222,27,20
2021-05-27T23:59:59+02:00,12,14,5011,4547,10307,10003,13196,13698,18152,19316,24050,25333,19534,22298,14585,18238,4311,7493,2,3,1098,1109,2123,2526,2688,3651,3350,5114,5154,6009,6313,6748,10501,13357,3998,6881,150374,60837,22905,7373,54624,10228,2168,27,19
2021-05-26T23:59:59+02:00,12,14,4750,4294,9875,9625,12678,13177,17538,18705,23415,24657,19409,22148,14538,18183,4305,7476,2,3,1019,1028,1963,2373,2488,3452,3088,4869,4766,5656,5755,6097,10126,12821,3982,6845,146282,57682,22147,7335,54502,9456,1841,27,19
2021-05-25T23:59:59+02:00,12,13,4535,4067,9462,9151,12221,12670,17001,18128,22895,24018,19277,21976,14506,18104,4296,7462,2,3,972,982,1900,2283,2379,3315,2916,4663,4420,5278,5169,5364,9673,12221,3966,6820,142245,54121,21314,7320,54371,9029,1837,27,19
2021-05-24T23:59:59+02:00,12,13,4422,3910,9253,8947,12016,12411,16699,17808,22566,23615,19201,21897,14491,18084,4294,7461,2,3,955,933,1839,2242,2304,3254,2829,4581,4298,5162,5023,5204,9583,12093,3963,6812,140740,53411,20357,7266,54194,8603,1782,27,18
2021-05-23T23:59:59+02:00,12,13,4411,3910,9247,8944,12004,12401,16688,17801,22550,23594,19196,21892,14490,18082,4294,7461,2,3,954,928,1837,2237,2300,3252,2822,4577,4291,5145,5016,5190,9576,12080,3962,6811,140634,53334,20354,7253,54193,8597,1782,27,17
2021-05-22T23:59:59+02:00,12,13,4407,3907,9243,8940,11996,12395,16684,17797,22548,23592,19196,21892,14490,18082,4294,7461,2,3,954,928,1836,2235,2297,3252,2821,4577,4291,5143,5014,5189,9575,12080,3962,6811,140605,53328,20354,7253,54181,8590,1782,27,17
2021-05-21T23:59:59+02:00,12,13,4375,3870,9171,8864,11922,12308,16593,17722,22484,23524,19177,21874,14486,18075,4294,7459,2,3,908,918,1804,2224,2264,3242,2789,4552,4243,5114,4990,5165,9562,12073,3961,6810,139948,53256,20354,7253,54162,8366,1732,27,17
2021-05-20T23:59:59+02:00,9,12,4120,3691,8725,8506,11440,11894,15921,17218,21902,22944,18992,21706,14454,18035,4289,7448,2,3,761,855,1547,2063,2022,3083,2547,4332,3993,4880,4833,5002,9446,11926,3953,6786,136549,52524,19979,7154,53743,7331,1008,27,17
2021-05-19T23:59:59+02:00,9,12,3878,3451,8229,8040,10860,11349,15249,16508,21224,22220,18791,21475,14413,17985,4283,7430,2,3,713,808,1486,1981,1945,2980,2480,4205,3850,4721,4657,4789,9243,11696,3933,6757,131152,51442,19797,7021,53444,6782,987,26,17
2021-05-18T23:59:59+02:00,8,11,3589,3188,7688,7507,10133,10652,14289,15568,20281,21163,18530,21191,14358,17925,4277,7408,2,3,658,760,1431,1893,1869,2869,2350,4065,3674,4519,4385,4497,9041,11446,3920,6730,124119,50209,19700,6820,53006,6152,915,26,16
2021-05-17T23:59:59+02:00,8,11,3399,2980,7231,7040,9629,10112,13561,14780,19595,20364,18344,20928,14310,17859,4266,7393,2,3,602,705,1350,1830,1794,2788,2239,3989,3537,4406,4139,4266,8896,11233,3907,6701,118882,49404,19461,6607,52542,5461,899,26,16
2021-05-16T23:59:59+02:00,8,10,3269,2907,7025,6865,9425,9897,13307,14545,19366,20134,18267,20848,14296,17840,4265,7387,2,3,589,660,1310,1781,1750,2726,2201,3896,3472,4323,4048,4164,8875,11205,3905,6699,117258,49255,19222,6439,52260,5004,895,26,16
2021-05-15T23:59:59+02:00,8,10,3268,2904,7018,6856,9423,9891,13304,14543,19363,20124,18265,20847,14296,17840,4265,7387,2,3,589,660,1307,1779,1746,2725,2198,3896,3471,4323,4046,4162,8875,11205,3905,6698,117213,49245,19222,6438,52258,4998,893,26,16
2021-05-14T23:59:59+02:00,8,10,3227,2859,6902,6712,9291,9753,13153,14359,19190,19989,18241,20822,14295,17832,4264,7384,2,3,569,647,1286,1756,1715,2703,2164,3869,3425,4285,3994,4105,8868,11198,3905,6697,116800,49202,18473,6284,52173,4870,819,26,16
2021-05-13T23:59:59+02:00,8,10,3110,2700,6576,6392,8854,9356,12604,13877,18589,19391,18113,20678,14262,17795,4259,7382,1,2,536,623,1234,1700,1659,2630,2077,3763,3275,4165,3890,3968,8845,11178,3902,6693,113920,49107,17778,5893,51567,4461,666,25,14
2021-05-12T23:59:59+02:00,8,10,3083,2669,6542,6354,8806,9303,12463,13764,18405,19187,18080,20644,14254,17785,4259,7382,1,2,535,621,1232,1695,1653,2627,2067,3757,3261,4157,3877,3954,8837,11172,3902,6692,113208,49078,17553,5865,51549,4422,663,25,14
2021-05-11T23:59:59+02:00,6,10,2695,2411,5748,5857,7836,8492,11068,12597,16840,17712,17576,20081,14170,17680,4241,7359,0,2,497,561,1103,1589,1488,2471,1881,3579,3040,3894,3769,3840,8768,11079,3897,6687,105810,48837,16930,5668,49477,3488,138,24,14
2021-05-10T23:59:59+02:00,6,8,2510,2245,5270,5477,7143,7867,10040,11682,15543,16342,17196,19629,14107,17566,4233,7335,0,2,473,536,1058,1550,1445,2418,1820,3476,2921,3763,3686,3767,8729,11031,3893,6683,100004,48718,16019,5437,48019,2949,133,24,14
2021-05-09T23:59:59+02:00,6,8,2430,2213,5132,5393,6957,7748,9629,11343,14997,15815,17077,19489,14087,17538,4230,7330,0,2,458,518,1024,1493,1374,2334,1761,3354,2809,3609,3600,3674,8706,10998,3890,6680,98427,48631,15431,5166,47410,2343,130,24,14
2021-05-08T23:59:59+02:00,6,8,2426,2212,5131,5393,6956,7745,9624,11339,14995,15814,17077,19489,14087,17538,4230,7330,0,2,457,517,1023,1493,1374,2333,1761,3354,2808,3608,3598,3674,8705,10998,3890,6680,98410,48625,15428,5166,47408,2340,130,24,14
2021-05-07T23:59:59+02:00,6,8,2255,2150,4860,5298,6592,7592,9175,11126,14552,15494,16900,19287,14075,17509,4230,7328,0,2,447,515,1012,1480,1359,2318,1726,3344,2759,3573,3552,3634,8625,10917,3890,6677,97703,48601,14908,4815,45676,2274,126,24,14
2021-05-06T23:59:59+02:00,6,8,2020,2018,4311,4951,5935,7218,8405,10567,13578,14670,16502,18837,14026,17415,4218,7315,0,2,417,467,971,1380,1272,2154,1619,3120,2536,3290,3374,3434,8446,10724,3881,6663,95118,48159,13672,4207,43130,1314,56,24,14
2021-05-05T23:59:59+02:00,6,8,1897,1909,4028,4726,5503,6847,7710,9977,12459,13614,15824,18000,13922,17313,4209,7291,0,2,409,454,958,1352,1244,2113,1584,3044,2476,3206,3323,3394,8367,10625,3875,6653,90704,48026,12351,4057,42125,942,40,23,14
2021-05-04T23:59:59+02:00,6,8,1811,1824,3762,4489,5095,6491,7047,9402,11240,12370,14906,16872,13813,17176,4205,7277,0,2,404,444,939,1332,1225,2070,1566,3005,2432,3151,3277,3346,8279,10513,3869,6639,84895,47885,11713,3857,41137,710,27,22,14
2021-05-03T23:59:59+02:00,5,8,1760,1770,3612,4364,4863,6279,6664,9071,10511,11634,14178,15890,13725,17061,4196,7260,0,2,398,434,934,1318,1210,2037,1545,2963,2399,3106,3224,3306,8164,10411,3864,6633,80462,47756,11508,3636,40837,521,22,22,13
2021-05-02T23:59:59+02:00,5,8,1750,1752,3538,4339,4779,6226,6594,9011,10393,11519,13992,15696,13693,17034,4195,7255,0,2,396,425,927,1303,1206,2020,1542,2950,2383,3089,3208,3288,8127,10379,3863,6629,79904,47733,11233,3538,40603,436,17,22,13
2021-05-01T23:59:59+02:00,5,8,1747,1752,3536,4338,4778,6224,6591,9009,10388,11515,13989,15696,13692,17033,4195,7252,0,2,395,425,927,1303,1205,2019,1542,2950,2383,3089,3208,3288,8127,10379,3863,6628,79875,47730,11233,3538,40602,436,16,22,13
2021-04-30T23:59:59+02:00,5,8,1745,1745,3530,4329,4771,6212,6570,8994,10350,11477,13938,15622,13666,17002,4194,7251,0,2,395,423,925,1301,1205,2019,1542,2950,2381,3087,3208,3286,8126,10377,3863,6628,79548,47723,11233,3537,40592,430,15,21,13
2021-04-29T23:59:59+02:00,5,7,1624,1704,3290,4214,4495,6057,6251,8743,9933,11084,13355,14918,13562,16845,4188,7243,0,2,386,412,916,1278,1185,1985,1518,2914,2352,3038,3194,3275,8113,10359,3860,6624,76760,47607,10847,3535,39878,242,14,19,13
2021-04-28T23:59:59+02:00,5,7,1499,1656,3115,4113,4260,5878,5895,8469,9345,10591,12478,13736,13406,16636,4179,7229,0,2,377,401,899,1265,1169,1956,1481,2870,2282,2968,3037,3139,7999,10243,3853,6613,72261,47181,10661,3120,39545,228,12,18,13
2021-04-27T23:59:59+02:00,5,7,1461,1612,3007,3993,4057,5735,5587,8212,8724,9921,11441,12425,13176,16279,4168,7207,0,2,365,385,889,1244,1154,1921,1454,2797,2235,2907,2998,3094,7971,10211,3846,6608,67452,46963,10474,2946,39062,147,12,17,13
2021-04-26T23:59:59+02:00,5,7,1437,1578,2896,3915,3885,5591,5275,7998,8232,9480,10686,11498,13032,16075,4157,7189,0,2,364,380,879,1233,1137,1910,1424,2776,2206,2876,2948,3042,7921,10161,3840,6603,64037,46859,10286,2692,38584,126,12,17,13
2021-04-25T23:59:59+02:00,5,7,1426,1572,2827,3883,3788,5531,5137,7951,8037,9374,10489,11263,12995,16021,4156,7184,0,2,363,375,870,1227,1119,1895,1409,2757,2182,2849,2906,3009,7873,10113,3839,6598,63527,46777,10083,2484,38007,100,12,17,13
2021-04-24T23:59:59+02:00,5,7,1425,1572,2827,3881,3787,5530,5135,7949,8033,9370,10482,11259,12995,16021,4156,7184,0,2,363,375,870,1226,1119,1892,1407,2756,2181,2849,2906,3009,7873,10113,3839,6598,63500,46771,10083,2483,38006,99,12,17,13
2021-04-23T23:59:59+02:00,5,7,1408,1561,2760,3847,3704,5500,5017,7901,7896,9310,10395,11146,12971,15980,4154,7180,0,2,362,375,869,1223,1119,1892,1406,2756,2181,2849,2905,3009,7872,10113,3839,6598,63363,46765,9803,2482,37547,98,12,17,13
2021-04-22T23:59:59+02:00,5,7,1366,1531,2652,3782,3543,5394,4783,7747,7543,9074,9820,10450,12704,15681,4148,7156,0,2,356,374,860,1214,1109,1879,1394,2730,2154,2828,2869,2976,7782,10004,3827,6581,61732,46352,9142,2473,36483,89,12,17,13
2021-04-21T23:59:59+02:00,5,7,1333,1494,2572,3703,3424,5292,4564,7567,7134,8746,8927,9417,12288,15103,4135,7114,0,2,351,372,855,1197,1100,1858,1376,2700,2123,2800,2809,2919,7666,9836,3809,6553,58994,45864,8273,2348,35529,89,12,17,13
2021-04-20T23:59:59+02:00,4,7,1310,1468,2500,3628,3324,5195,4390,7384,6749,8413,8035,8287,11822,14513,4121,7100,0,2,345,367,843,1184,1090,1836,1352,2677,2089,2757,2748,2862,7516,9647,3777,6498,56133,45141,7509,2342,34581,83,11,16,13
2021-04-19T23:59:59+02:00,4,7,1294,1451,2464,3591,3263,5128,4281,7281,6510,8180,7398,7511,11569,14157,4110,7082,0,2,343,365,838,1174,1084,1824,1329,2664,2055,2729,2693,2818,7399,9480,3754,6459,54179,44579,7135,2328,33940,79,11,16,13
2021-04-18T23:59:59+02:00,4,6,1284,1439,2431,3565,3223,5106,4228,7225,6374,8050,7044,7123,11475,14053,4107,7070,0,2,343,363,836,1170,1083,1816,1327,2651,2049,2724,2687,2804,7372,9447,3752,6455,53655,44453,6676,2325,33449,79,11,16,13
2021-04-17T23:59:59+02:00,4,6,1283,1437,2431,3563,3222,5102,4223,7222,6367,8040,7029,7113,11473,14051,4107,7070,0,2,343,363,835,1169,1083,1816,1325,2650,2048,2722,2684,2801,7371,9447,3752,6455,53633,44440,6674,2324,33410,79,11,15,12
2021-04-16T23:59:59+02:00,4,6,1280,1436,2420,3554,3214,5094,4204,7203,6316,8007,6952,7028,11461,14037,4105,7068,0,2,343,362,830,1167,1081,1816,1323,2649,2045,2722,2683,2794,7369,9445,3751,6455,53575,44415,6437,2320,33351,79,11,15,12
2021-04-15T23:59:59+02:00,2,4,1244,1416,2367,3505,3119,5035,4043,7074,6058,7774,6409,6470,11211,13748,4090,7036,0,2,336,360,811,1147,1042,1756,1278,2577,1971,2627,2603,2722,7280,9356,3741,6438,52487,43820,6046,2134,32046,73,11,15,9
2021-04-14T23:59:59+02:00,2,4,1223,1402,2331,3477,3050,4973,3935,6969,5868,7566,5765,5767,10817,13257,4058,6986,0,2,328,357,799,1138,1024,1729,1247,2536,1920,2575,2526,2652,7131,9161,3722,6412,51078,43156,5839,2011,30508,73,10,15,9
2021-04-13T23:59:59+02:00,2,4,1209,1391,2299,3446,2994,4909,3824,6888,5620,7345,5227,5219,10477,12843,4035,6958,0,2,307,343,780,1108,1002,1708,1223,2500,1883,2534,2460,2586,7012,9023,3686,6351,50054,42467,5635,1953,28976,70,10,15,8
2021-04-12T23:59:59+02:00,2,4,1194,1385,2272,3423,2943,4864,3697,6807,5411,7196,4899,4926,10225,12562,4026,6934,0,2,291,339,767,1104,985,1692,1209,2477,1833,2487,2382,2525,6897,8881,3672,6328,49587,41888,5436,1904,27725,63,8,14,8
2021-04-11T23:59:59+02:00,2,4,1188,1371,2251,3403,2910,4844,3637,6736,5267,7087,4667,4726,10040,12363,4020,6923,0,2,284,337,762,1096,976,1677,1198,2449,1810,2455,2328,2466,6813,8773,3658,6308,49502,41473,5199,1842,26719,62,7,12,8
2021-04-10T23:59:59+02:00,2,4,1188,1370,2248,3399,2907,4840,3631,6733,5257,7075,4661,4716,10032,12350,4020,6923,0,2,281,333,746,1089,962,1672,1174,2429,1738,2403,2240,2380,6754,8726,3656,6304,49448,41302,5197,1512,26693,61,6,12,8
2021-04-09T23:59:59+02:00,2,4,1184,1367,2241,3397,2898,4830,3622,6722,5228,7051,4636,4688,10006,12320,4019,6923,0,2,272,330,726,1079,946,1651,1140,2382,1645,2327,2020,2111,6599,8565,3634,6271,49371,40447,5192,1178,26557,61,6,12,8
2021-04-08T23:59:59+02:00,2,4,1160,1347,2188,3341,2812,4740,3480,6592,4992,6818,4244,4280,9458,11745,4000,6869,0,2,247,309,674,1019,888,1578,1067,2286,1510,2207,1742,1774,6133,8002,3546,6125,48905,37870,4662,1175,24487,50,6,12,8
2021-04-07T23:59:59+02:00,2,4,1150,1333,2154,3323,2770,4702,3391,6529,4828,6684,3951,3977,8895,11193,3983,6840,0,2,214,280,614,964,827,1505,1007,2226,1404,2108,1601,1598,5533,7299,3457,5968,48692,35375,4186,1171,22815,49,4,12,8
2021-04-06T23:59:59+02:00,2,4,1128,1315,2109,3297,2731,4669,3326,6482,4702,6590,3694,3722,8404,10683,3967,6809,0,2,206,275,585,944,802,1457,961,2168,1321,2021,1454,1409,4944,6505,3342,5762,48495,32939,3649,1163,21475,46,3,12,7
2021-04-05T23:59:59+02:00,2,4,1125,1310,2103,3294,2721,4667,3311,6467,4679,6572,3662,3695,8374,10645,3963,6807,0,2,203,263,578,928,783,1433,945,2131,1281,1982,1407,1346,4729,6236,3294,5705,48405,32029,3643,1161,21338,46,3,12,7
2021-04-04T23:59:59+02:00,2,4,1125,1310,2103,3293,2721,4666,3311,6467,4677,6571,3657,3692,8372,10643,3963,6807,0,2,203,263,577,928,783,1433,945,2131,1281,1981,1407,1346,4728,6236,3294,5705,48398,32026,3642,1161,21329,46,3,12,7
2021-04-03T23:59:59+02:00,2,4,1125,1310,2102,3293,2721,4666,3311,6467,4677,6571,3656,3690,8372,10642,3963,6807,0,2,203,263,577,927,783,1433,945,2131,1281,1981,1407,1346,4728,6236,3294,5705,48397,32025,3641,1161,21326,46,3,12,7
2021-04-02T23:59:59+02:00,2,4,1125,1310,2102,3291,2721,4665,3310,6463,4677,6569,3653,3686,8370,10641,3963,6807,0,2,203,263,577,927,783,1431,945,2131,1281,1980,1407,1344,4726,6234,3293,5705,48378,32016,3641,1160,21325,46,3,12,7
2021-04-01T23:59:59+02:00,1,4,1112,1275,2036,3171,2613,4465,3161,6214,4519,6330,3609,3649,8270,10535,3952,6790,0,2,198,254,573,918,772,1425,935,2117,1258,1964,1386,1317,4486,5915,3173,5538,48005,31026,3635,1156,20051,39,3,12,7
2021-03-31T23:59:59+02:00,1,4,1095,1246,1997,3073,2538,4322,3071,6002,4388,6100,3524,3566,8117,10339,3932,6754,0,2,190,251,566,907,768,1407,923,2097,1217,1931,1330,1254,3991,5310,3045,5302,47397,29289,3508,1156,19149,38,3,12,5
2021-03-30T23:59:59+02:00,1,3,1072,1213,1945,2890,2436,4098,2921,5644,4187,5711,3430,3471,7953,10134,3905,6700,0,2,186,246,557,897,757,1385,901,2077,1169,1886,1243,1169,3463,4589,2819,4965,46757,27118,3342,1156,17600,29,3,12,5
2021-03-29T23:59:59+02:00,1,3,1055,1170,1882,2760,2352,3941,2783,5390,4024,5436,3330,3371,7791,9904,3876,6652,0,2,185,241,551,886,746,1371,883,2053,1132,1858,1167,1081,2878,3906,2641,4670,46111,25075,3107,1150,16489,19,2,12,5
2021-03-28T23:59:59+02:00,1,3,1036,1138,1811,2597,2270,3737,2662,5095,3872,5159,3265,3305,7726,9841,3872,6647,0,2,185,241,549,883,745,1369,881,2047,1129,1855,1158,1069,2823,3839,2628,4643,46004,24878,2898,1148,15121,14,2,12,4
2021-03-27T23:59:59+01:00,1,3,1036,1138,1811,2596,2269,3736,2659,5095,3869,5159,3261,3304,7725,9841,3872,6647,0,2,185,241,548,883,745,1369,880,2047,1126,1855,1158,1069,2823,3839,2628,4643,45995,24873,2898,1148,15116,14,2,11,4
2021-03-26T23:59:59+01:00,1,3,1031,1114,1768,2481,2205,3578,2596,4885,3783,4935,3240,3288,7722,9836,3871,6646,0,2,185,240,548,883,744,1369,880,2047,1126,1852,1154,1068,2820,3832,2627,4640,45968,24851,2895,1148,14107,12,2,11,4
2021-03-25T23:59:59+01:00,1,3,1006,1083,1717,2379,2122,3409,2487,4656,3671,4737,3138,3196,7594,9702,3864,6632,0,2,183,238,543,881,737,1360,874,2029,1109,1828,1108,1024,2591,3484,2427,4347,45709,23600,2557,1148,13121,12,1,9,4
2021-03-24T23:59:59+01:00,1,3,983,1063,1696,2336,2091,3359,2451,4589,3628,4667,3051,3125,7465,9530,3845,6614,0,2,183,233,537,876,729,1349,862,2014,1090,1807,1068,981,2195,2935,2033,3824,45168,21555,2427,1146,12892,12,1,9,4
2021-03-23T23:59:59+01:00,1,3,972,1057,1678,2303,2067,3325,2417,4545,3587,4617,2984,3052,7371,9427,3827,6586,0,2,181,230,533,871,722,1337,848,1995,1053,1775,986,889,1829,2444,1681,3357,44652,19604,2416,1112,12742,12,1,8,4
2021-03-22T23:59:59+01:00,1,3,970,1048,1664,2286,2053,3307,2395,4516,3550,4575,2940,3018,7308,9357,3813,6569,0,2,178,227,531,860,706,1314,834,1981,1024,1748,937,817,1351,1868,1326,2864,44318,17496,2394,1055,12652,12,1,8,4
2021-03-21T23:59:59+01:00,1,3,970,1047,1663,2283,2053,3304,2391,4512,3538,4567,2926,3009,7261,9302,3806,6563,0,2,178,224,529,858,705,1310,832,1977,1013,1743,914,798,1273,1783,1270,2795,44169,17193,2390,994,12631,12,1,8,4
2021-03-20T23:59:59+01:00,1,3,969,1046,1662,2282,2053,3304,2391,4512,3536,4565,2925,3008,7261,9301,3806,6563,0,2,178,224,529,858,705,1310,832,1977,1000,1728,879,770,1241,1760,1261,2793,44166,17190,2386,840,12627,12,1,8,4
2021-03-19T23:59:59+01:00,1,3,968,1038,1655,2268,2042,3300,2388,4506,3529,4558,2915,2997,7249,9284,3805,6560,0,2,178,222,528,858,705,1308,832,1976,993,1723,835,731,1178,1708,1251,2782,44104,17146,2382,647,12571,12,1,8,4
2021-03-18T23:59:59+01:00,1,3,932,1006,1577,2154,1918,3131,2239,4257,3299,4309,2762,2839,6947,8919,3739,6459,0,2,177,221,523,853,698,1301,823,1965,970,1707,817,709,1101,1599,1106,2576,42708,16562,2071,569,11703,12,1,8,4
2021-03-17T23:59:59+01:00,1,3,879,974,1506,2094,1855,3065,2174,4197,3204,4214,2625,2704,6521,8425,3674,6344,0,2,176,219,519,848,696,1297,819,1960,965,1699,788,690,966,1446,950,2360,40931,15815,2068,568,11451,12,1,8,4
2021-03-16T23:59:59+01:00,1,3,854,950,1472,2052,1817,3015,2120,4142,3108,4116,2491,2545,6044,7773,3583,6193,0,0,170,216,515,847,692,1290,814,1951,957,1686,783,677,878,1320,806,2195,38930,15212,2006,568,11335,12,1,7,4
2021-03-15T23:59:59+01:00,1,3,837,944,1454,2028,1779,2959,2082,4071,3007,4007,2357,2374,5557,7228,3511,6076,0,0,169,215,515,839,690,1281,810,1941,947,1670,772,667,808,1208,650,1990,37156,14626,1905,530,11207,12,0,7,4
2021-03-14T23:59:59+01:00,1,3,832,929,1430,2001,1754,2930,2051,4012,2944,3938,2178,2177,5372,7001,3480,6043,0,0,169,215,514,836,688,1270,809,1934,944,1661,754,658,792,1189,626,1935,36131,14481,1804,506,11134,3,0,7,4
2021-03-13T23:59:59+01:00,1,3,824,921,1408,1989,1737,2917,2024,3984,2869,3890,2106,2103,5323,6946,3478,6042,0,0,169,215,514,835,688,1270,808,1934,944,1661,754,658,792,1189,626,1935,35875,14479,1556,506,11127,3,0,7,4
2021-03-12T23:59:59+01:00,1,3,800,905,1362,1931,1673,2819,1925,3833,2712,3723,1909,1864,5138,6721,3446,5999,0,0,169,215,513,835,688,1270,807,1934,944,1660,745,655,779,1174,618,1932,34544,14426,1313,505,10900,3,0,7,4
2021-03-11T23:59:59+01:00,1,3,766,846,1293,1846,1589,2670,1841,3632,2550,3550,1642,1554,4768,6249,3309,5816,0,0,160,208,507,826,677,1261,792,1898,924,1619,614,593,710,1131,598,1900,32425,13921,1212,492,10281,2,0,7,3
2021-03-10T23:59:59+01:00,1,3,751,794,1270,1790,1557,2612,1791,3561,2469,3461,1570,1465,4295,5704,3190,5562,0,0,160,206,498,805,659,1247,783,1878,917,1603,545,577,677,1122,591,1894,30604,13768,1206,389,10029,2,0,7,3
2021-03-09T23:59:59+01:00,1,3,737,773,1249,1760,1530,2566,1751,3510,2395,3409,1476,1367,3732,4948,2996,5252,0,0,157,204,492,784,649,1223,769,1846,905,1575,541,575,675,1117,588,1888,28414,13706,1203,277,9831,2,0,7,3
2021-03-08T23:59:59+01:00,0,3,733,745,1235,1739,1512,2545,1723,3471,2355,3366,1382,1265,3056,4116,2757,4881,0,0,153,201,478,761,627,1191,750,1796,881,1538,537,573,675,1116,588,1888,25942,13698,1203,52,9732,0,0,7,3
2021-03-07T23:59:59+01:00,0,3,730,741,1225,1729,1504,2529,1712,3463,2344,3358,1369,1249,2954,3994,2734,4832,0,0,153,201,478,761,627,1191,750,1796,881,1538,537,573,675,1116,588,1888,25589,13698,1201,52,9673,0,0,7,3
2021-03-06T23:59:59+01:00,0,3,729,741,1223,1724,1501,2526,1708,3460,2339,3357,1366,1249,2954,3994,2734,4832,0,0,152,201,478,761,627,1191,750,1796,881,1538,537,573,675,1116,588,1888,25584,13697,1201,52,9648,0,0,7,3
2021-03-05T23:59:59+01:00,0,3,668,717,1198,1709,1480,2516,1683,3445,2310,3347,1360,1246,2946,3987,2731,4827,0,0,152,201,478,760,627,1190,750,1796,881,1535,536,573,675,1116,588,1888,25556,13691,1196,52,9414,0,0,7,3
2021-03-04T23:59:59+01:00,0,3,602,670,1130,1639,1424,2433,1642,3364,2236,3269,1309,1198,2725,3621,2545,4539,0,0,150,195,475,746,616,1178,739,1768,872,1522,525,562,663,1106,583,1879,24325,13526,1188,50,8829,0,0,7,3
2021-03-03T23:59:59+01:00,0,3,565,630,1063,1576,1328,2352,1541,3278,2110,3182,1266,1151,2350,3098,2189,4087,0,0,150,195,473,743,616,1178,738,1764,869,1521,521,559,661,1103,583,1876,22447,13500,1186,48,8131,0,0,5,2
2021-03-02T23:59:59+01:00,0,3,547,596,1025,1530,1270,2308,1483,3226,2013,3120,1182,1048,1980,2620,1793,3563,0,0,148,193,468,737,611,1167,728,1754,864,1500,512,550,650,1080,563,1843,20364,13318,1183,48,7755,0,0,5,2
2021-03-01T23:59:59+01:00,0,3,540,547,1005,1491,1224,2247,1437,3162,1958,3047,1136,974,1481,2024,1405,3017,0,0,146,193,468,737,611,1166,728,1751,863,1500,510,550,646,1071,559,1832,18068,13281,1180,48,7445,0,0,5,2
2021-02-28T23:59:59+01:00,0,3,532,533,988,1451,1198,2185,1409,3104,1903,2974,1115,952,1366,1884,1331,2929,0,0,146,193,467,736,611,1166,727,1749,862,1499,508,550,646,1071,559,1832,17587,13272,1178,48,7087,0,0,5,2
2021-02-27T23:59:59+01:00,0,3,532,531,987,1448,1198,2184,1409,3103,1903,2973,1115,952,1366,1883,1329,2929,0,0,145,193,466,735,608,1164,725,1747,860,1498,508,550,646,1071,559,1832,17584,13271,1178,34,7078,0,0,5,2
2021-02-26T23:59:59+01:00,0,3,390,481,857,1404,1115,2141,1341,3062,1844,2930,1110,946,1363,1882,1329,2927,0,0,145,193,466,735,608,1164,725,1746,860,1497,508,550,646,1071,559,1832,17572,13270,1178,33,6370,0,0,5,2
2021-02-25T23:59:59+01:00,0,3,301,428,761,1309,1031,2051,1243,2889,1705,2768,1072,914,1281,1757,1209,2735,0,0,138,183,454,722,592,1138,718,1721,840,1473,494,536,618,1039,545,1813,16971,13000,1178,22,5303,0,0,5,2
2021-02-24T23:59:59+01:00,0,2,256,384,688,1233,957,1963,1189,2771,1639,2650,1045,894,1158,1611,1052,2516,0,0,136,183,451,718,588,1137,717,1716,839,1469,489,531,610,1034,542,1801,16258,12940,1176,19,4569,0,0,5,2
2021-02-23T23:59:59+01:00,0,2,244,362,667,1174,928,1884,1142,2659,1563,2539,1019,866,1077,1483,909,2352,0,0,136,181,451,717,588,1137,717,1713,837,1468,488,528,608,1033,542,1800,15696,12928,1141,15,4028,0,0,5,1
2021-02-22T23:59:59+01:00,0,0,230,343,644,1144,896,1801,1092,2567,1477,2416,973,836,958,1339,722,2095,0,0,136,181,450,716,586,1136,716,1713,831,1466,487,527,607,1031,541,1798,14941,12916,1068,5,3519,0,0,5,1
2021-02-21T23:59:59+01:00,0,0,224,332,608,1077,846,1696,1049,2466,1397,2309,956,815,925,1287,669,2029,0,0,136,180,447,709,585,1132,716,1708,831,1464,486,527,606,1031,540,1797,14731,12889,1025,5,2924,0,0,5,1
2021-02-20T23:59:59+01:00,0,0,224,329,605,1076,844,1691,1045,2460,1382,2290,920,786,893,1264,661,2027,0,0,136,180,447,709,585,1132,716,1708,831,1464,486,526,605,1031,540,1797,14729,12888,866,5,2897,0,0,5,0
2021-02-19T23:59:59+01:00,0,0,214,321,596,1068,831,1676,1024,2443,1349,2247,675,683,750,1200,636,2010,0,0,136,180,447,708,585,1129,715,1705,828,1461,486,525,605,1030,539,1797,14251,12872,677,4,2790,0,0,5,0
2021-02-18T23:59:59+01:00,0,0,198,272,557,946,746,1450,894,2185,1099,1872,596,615,709,1158,616,1993,0,0,131,180,434,696,570,1111,709,1679,812,1433,483,522,604,1029,539,1797,14092,12725,577,4,1233,0,0,4,0
2021-02-17T23:59:59+01:00,0,0,192,232,536,897,709,1354,835,2017,1014,1740,574,594,709,1155,614,1990,0,0,124,177,422,685,562,1095,690,1647,799,1410,480,520,602,1026,539,1796,14073,12571,577,3,508,0,0,4,0
2021-02-16T23:59:59+01:00,0,0,185,229,528,881,694,1323,816,1978,981,1700,562,589,703,1153,613,1987,0,0,119,172,408,680,551,1079,677,1629,789,1396,474,514,595,1012,531,1765,14042,12389,577,2,299,0,0,4,0
2021-02-15T23:59:59+01:00,0,0,171,220,523,854,688,1289,802,1943,952,1653,561,586,701,1153,613,1987,0,0,116,171,401,670,540,1060,648,1602,775,1378,472,511,595,1012,531,1765,14039,12245,538,2,115,0,0,4,0
2021-02-14T23:59:59+01:00,0,0,166,212,519,841,687,1280,799,1934,934,1645,560,585,701,1150,612,1987,0,0,109,167,390,659,523,1042,629,1587,768,1365,472,509,593,1010,531,1765,14033,12117,536,2,39,0,0,4,0
2021-02-13T23:59:59+01:00,0,0,165,212,518,841,687,1280,799,1934,934,1645,560,585,701,1150,612,1987,0,0,109,167,389,658,523,1042,629,1587,768,1365,472,509,593,1010,531,1765,14032,12115,536,2,38,0,0,4,0
2021-02-12T23:59:59+01:00,0,0,163,211,513,839,686,1277,795,1933,932,1642,559,585,701,1150,612,1987,0,0,106,165,386,652,518,1035,615,1572,765,1348,470,508,581,990,526,1736,14025,11971,535,2,21,0,0,4,0
2021-02-11T23:59:59+01:00,0,0,160,210,509,832,678,1273,793,1929,926,1640,554,579,694,1144,607,1981,0,0,87,129,357,582,471,955,563,1455,721,1254,446,463,537,936,482,1640,13974,11077,523,1,8,0,0,4,0
2021-02-10T23:59:59+01:00,0,0,157,208,499,815,661,1258,781,1901,911,1616,545,573,683,1131,602,1971,0,0,78,118,329,522,444,847,522,1278,647,1097,397,413,470,819,433,1478,13848,9891,459,1,1,0,0,4,0
2021-02-09T23:59:59+01:00,0,0,156,202,491,777,645,1219,761,1840,899,1575,533,561,677,1115,593,1952,0,0,73,101,310,454,409,762,479,1175,583,998,366,358,427,731,399,1357,13734,8982,259,0,0,0,0,3,0
2021-02-08T23:59:59+01:00,0,0,152,198,474,752,623,1184,741,1790,879,1531,527,560,675,1109,589,1936,0,0,59,75,265,386,359,629,421,945,510,818,308,303,361,577,334,1151,13664,7501,53,0,0,0,0,3,0
2021-02-07T23:59:59+01:00,0,0,152,197,472,751,621,1183,740,1782,877,1529,526,560,675,1109,589,1935,0,0,58,67,247,351,340,584,405,913,490,783,308,296,359,570,332,1147,13642,7250,53,0,0,0,0,3,0
2021-02-06T23:59:59+01:00,0,0,152,197,472,751,621,1183,740,1782,877,1529,526,560,675,1109,589,1935,0,0,58,67,247,350,340,584,405,912,488,781,308,295,358,568,331,1147,13642,7239,53,0,0,0,0,3,0
2021-02-05T23:59:59+01:00,0,0,152,197,472,751,621,1183,740,1782,877,1527,526,560,674,1109,589,1935,0,0,56,67,246,347,333,580,397,889,478,761,298,290,347,544,313,1107,13639,7053,53,0,0,0,0,3,0
2021-02-04T23:59:59+01:00,0,0,146,192,468,743,614,1175,736,1768,871,1518,519,553,653,1084,580,1917,0,0,42,51,213,312,291,484,355,748,384,615,233,219,262,378,232,819,13482,5638,52,0,0,0,0,3,0
2021-02-03T23:59:59+01:00,0,0,144,191,462,736,606,1166,732,1755,863,1502,507,545,638,1071,573,1909,0,0,34,32,157,221,238,352,265,570,309,466,182,172,185,282,179,612,13348,4256,49,0,0,0,0,3,0
2021-02-02T23:59:59+01:00,0,0,144,188,460,735,606,1166,729,1749,856,1498,506,543,634,1068,572,1905,0,0,25,26,138,174,193,281,221,434,257,375,142,132,138,210,142,483,13308,3371,49,0,0,0,0,2,0
2021-02-01T23:59:59+01:00,0,0,142,188,459,734,601,1163,728,1741,854,1493,504,541,629,1065,571,1898,0,0,21,19,102,128,139,190,155,301,168,259,90,94,93,133,76,258,13260,2226,49,0,0,0,0,2,0
2021-01-31T23:59:59+01:00,0,0,141,187,459,731,598,1162,728,1737,854,1492,502,540,628,1063,571,1897,0,0,14,15,69,88,97,125,118,224,141,203,85,87,89,125,74,244,13240,1798,49,0,0,0,0,1,0
2021-01-30T23:59:59+01:00,0,0,141,187,458,731,596,1160,727,1736,854,1492,502,540,627,1063,571,1897,0,0,14,15,69,88,97,123,116,220,138,200,84,86,89,119,68,234,13239,1760,42,0,0,0,0,1,0
2021-01-29T23:59:59+01:00,0,0,141,187,458,729,595,1157,725,1734,852,1491,502,540,627,1063,571,1897,0,0,12,15,57,82,80,119,98,209,115,188,79,79,87,115,67,233,13234,1635,34,0,0,0,0,1,0
2021-01-28T23:59:59+01:00,0,0,134,183,445,712,578,1130,719,1707,829,1462,495,534,624,1060,568,1894,0,0,7,3,14,20,25,46,31,96,47,87,46,50,56,85,49,176,13048,838,25,0,0,0,0,1,0
2021-01-27T23:59:59+01:00,0,0,127,180,433,702,570,1120,703,1672,822,1438,492,532,620,1055,568,1889,0,0,3,1,6,12,11,25,13,41,23,31,13,17,24,35,20,55,12899,330,23,0,0,0,0,1,0
2021-01-26T23:59:59+01:00,0,0,121,176,419,691,557,1106,694,1649,810,1417,487,526,614,1038,560,1854,0,0,3,1,6,11,8,23,11,38,17,28,13,15,23,33,20,54,12703,304,15,0,0,0,0,1,0
2021-01-25T23:59:59+01:00,0,0,118,174,410,679,546,1087,667,1621,792,1400,485,522,612,1037,560,1854,0,0,2,1,5,9,8,18,6,29,12,22,9,6,13,22,10,35,12558,207,5,0,0,0,0,1,0
2021-01-24T23:59:59+01:00,0,0,111,171,400,669,531,1069,650,1608,779,1388,484,519,611,1037,560,1854,0,0,2,0,3,6,8,6,4,8,5,9,1,2,11,15,6,21,12435,107,5,0,0,0,0,1,0
2021-01-23T23:59:59+01:00,0,0,111,171,400,668,531,1069,650,1608,779,1388,484,519,611,1037,560,1854,0,0,1,0,3,6,8,6,4,8,5,9,1,2,11,15,6,21,12434,106,5,0,0,0,0,1,0
2021-01-22T23:59:59+01:00,0,0,108,169,393,662,527,1062,636,1593,773,1370,484,514,600,1016,553,1825,0,0,1,0,3,6,8,6,4,8,5,9,1,2,11,15,6,21,12281,106,4,0,0,0,0,0,0
2021-01-21T23:59:59+01:00,0,0,97,161,378,645,504,1028,606,1543,751,1327,467,476,566,972,517,1757,0,0,1,0,3,6,8,6,4,8,5,9,1,2,11,15,6,21,11791,106,4,0,0,0,0,0,0
2021-01-20T23:59:59+01:00,0,0,79,120,343,556,460,887,549,1309,663,1140,405,417,481,829,454,1534,0,0,1,0,2,5,8,6,4,8,5,9,1,2,11,15,6,21,10222,104,4,0,0,0,0,0,0
2021-01-19T23:59:59+01:00,0,0,74,106,316,478,419,798,506,1197,611,1037,381,379,444,750,424,1438,0,0,1,0,1,3,7,5,4,7,5,9,1,0,8,10,5,18,9354,84,4,0,0,0,0,0,0
2021-01-18T23:59:59+01:00,0,0,60,76,270,391,364,650,430,965,519,840,313,311,374,596,358,1230,0,0,1,0,1,3,7,5,4,7,5,8,1,0,8,10,5,18,7745,83,2,0,0,0,0,0,0
2021-01-17T23:59:59+01:00,0,0,59,67,251,356,343,597,411,922,495,801,310,302,372,589,355,1222,0,0,0,0,0,0,0,1,0,0,0,0,0,0,0,0,0,0,7450,1,2,0,0,0,0,0,0
2021-01-16T23:59:59+01:00,0,0,59,67,251,355,343,597,411,921,493,799,310,301,370,585,354,1222,0,0,0,0,0,0,0,0,0,0,0,0,0,0,0,0,0,0,7436,0,2,0,0,0,0,0,0
2021-01-15T23:59:59+01:00,0,0,57,67,251,351,337,591,400,897,481,774,296,295,351,556,331,1180,0,0,0,0,0,0,0,0,0,0,0,0,0,0,0,0,0,0,7213,0,2,0,0,0,0,0,0
2021-01-14T23:59:59+01:00,0,0,44,54,237,326,312,516,366,772,393,629,233,221,261,380,238,847,0,0,0,0,0,0,0,0,0,0,0,0,0,0,0,0,0,0,5829,0,0,0,0,0,0,0,0
2021-01-13T23:59:59+01:00,0,0,38,43,212,269,272,415,300,617,322,503,178,178,189,289,192,655,0,0,0,0,0,0,0,0,0,0,0,0,0,0,0,0,0,0,4672,0,0,0,0,0,0,0,0
2021-01-12T23:59:59+01:00,0,0,33,41,207,254,257,381,276,536,290,457,141,136,143,221,150,514,0,0,0,0,0,0,0,0,0,0,0,0,0,0,0,0,0,0,4037,0,0,0,0,0,0,0,0
2021-01-11T23:59:59+01:00,0,0,28,37,197,233,239,328,229,448,240,382,110,106,107,144,88,320,0,0,0,0,0,0,0,0,0,0,0,0,0,0,0,0,0,0,3236,0,0,0,0,0,0,0,0
2021-01-10T23:59:59+01:00,0,0,26,31,159,172,196,253,191,352,198,305,98,99,104,139,86,305,0,0,0,0,0,0,0,0,0,0,0,0,0,0,0,0,0,0,2714,0,0,0,0,0,0,0,0
2021-01-09T23:59:59+01:00,0,0,26,31,152,168,194,245,187,344,196,300,98,99,104,139,86,305,0,0,0,0,0,0,0,0,0,0,0,0,0,0,0,0,0,0,2674,0,0,0,0,0,0,0,0
2021-01-08T23:59:59+01:00,0,0,23,28,121,144,173,232,162,315,168,279,93,89,102,135,85,304,0,0,0,0,0,0,0,0,0,0,0,0,0,0,0,0,0,0,2453,0,0,0,0,0,0,0,0
2021-01-07T23:59:59+01:00,0,0,8,3,18,26,32,57,37,107,61,111,48,51,63,93,54,212,0,0,0,0,0,0,0,0,0,0,0,0,0,0,0,0,0,0,981,0,0,0,0,0,0,0,0
2021-01-06T23:59:59+01:00,0,0,3,1,7,13,11,25,14,40,21,32,14,14,27,39,23,65,0,0,0,0,0,0,0,0,0,0,0,0,0,0,0,0,0,0,349,0,0,0,0,0,0,0,0
2021-01-05T23:59:59+01:00,0,0,3,1,6,10,10,21,11,32,15,27,11,14,23,34,21,57,0,0,0,0,0,0,0,0,0,0,0,0,0,0,0,0,0,0,296,0,0,0,0,0,0,0,0
2021-01-04T23:59:59+01:00,0,0,2,1,4,7,9,13,4,16,8,17,5,3,12,20,8,31,0,0,0,0,0,0,0,0,0,0,0,0,0,0,0,0,0,0,160,0,0,0,0,0,0,0,0
2021-01-03T23:59:59+01:00,0,0,2,0,3,6,8,7,4,9,5,10,1,2,12,16,7,21,0,0,0,0,0,0,0,0,0,0,0,0,0,0,0,0,0,0,113,0,0,0,0,0,0,0,0
2021-01-02T23:59:59+01:00,0,0,2,0,3,6,8,7,4,9,5,10,1,2,12,16,7,21,0,0,0,0,0,0,0,0,0,0,0,0,0,0,0,0,0,0,113,0,0,0,0,0,0,0,0
2021-01-01T23:59:59+01:00,0,0,1,0,3,6,8,6,4,9,5,10,1,2,12,15,7,21,0,0,0,0,0,0,0,0,0,0,0,0,0,0,0,0,0,0,110,0,0,0,0,0,0,0,0
2020-12-31T23:59:59+01:00,0,0,1,0,3,5,8,6,4,9,5,10,1,2,12,15,7,21,0,0,0,0,0,0,0,0,0,0,0,0,0,0,0,0,0,0,109,0,0,0,0,0,0,0,0
2020-12-30T23:59:59+01:00,0,0,1,0,2,5,8,6,4,9,5,10,1,2,12,15,7,21,0,0,0,0,0,0,0,0,0,0,0,0,0,0,0,0,0,0,108,0,0,0,0,0,0,0,0
2020-12-29T23:59:59+01:00,0,0,1,0,1,3,8,5,4,8,5,10,1,0,9,10,6,18,0,0,0,0,0,0,0,0,0,0,0,0,0,0,0,0,0,0,89,0,0,0,0,0,0,0,0
2020-12-28T23:59:59+01:00,0,0,1,0,1,3,8,5,4,8,5,9,1,0,9,10,6,18,0,0,0,0,0,0,0,0,0,0,0,0,0,0,0,0,0,0,88,0,0,0,0,0,0,0,0
2020-12-27T23:59:59+01:00,0,0,1,0,1,3,8,4,4,8,5,9,1,0,9,10,6,18,0,0,0,0,0,0,0,0,0,0,0,0,0,0,0,0,0,0,87,0,0,0,0,0,0,0,0
