Datum,<24_1_m,<24_1_w,25-34_1_m,25-34_1_w,35-44_1_m,35-44_1_w,45-54_1_m,45-54_1_w,55-64_1_m,55-64_1_w,65-74_1_m,65-74_1_w,75-84_1_m,75-84_1_w,>84_1_m,>84_1_w,<24_2_m,<24_2_w,25-34_2_m,25-34_2_w,35-44_2_m,35-44_2_w,45-54_2_m,45-54_2_w,55-64_2_m,55-64_2_w,65-74_2_m,65-74_2_w,75-84_2_m,75-84_2_w,>84_2_m,>84_2_w,bp_1,bp_2,mo_1,mo_2,az_1,az_2,ja
2021-06-21T23:59:59+02:00,10403,9818,16166,15401,18830,18863,23986,24865,26720,27999,19477,22442,13636,17407,3522,6287,3015,2902,5397,5528,6903,7958,10001,11961,14887,16227,14054,16612,11482,14899,3319,5880,186573,112407,28467,14615,54458,17679,6324
2021-06-20T23:59:59+02:00,10353,9777,16145,15377,18794,18833,23968,24837,26703,27984,19475,22433,13630,17402,3520,6286,2973,2867,5322,5457,6789,7842,9815,11776,14653,15992,13973,16525,11451,14875,3314,5875,186305,111316,28432,14504,54458,17357,6322
2021-06-19T23:59:59+02:00,10352,9776,16145,15373,18793,18833,23967,24837,26703,27983,19475,22433,13630,17402,3520,6286,2970,2865,5321,5454,6788,7842,9815,11775,14651,15988,13971,16525,11451,14875,3314,5875,186297,111300,28431,14502,54458,17356,6322
2021-06-18T23:59:59+02:00,10334,9760,16134,15366,18779,18828,23960,24827,26697,27979,19475,22431,13629,17402,3520,6286,2937,2835,5270,5399,6719,7730,9705,11625,14491,15760,13901,16434,11441,14860,3313,5873,186198,110524,28430,14502,54457,16945,6322
2021-06-17T23:59:59+02:00,10135,9582,15911,15201,18589,18693,23796,24690,26579,27905,19460,22409,13624,17393,3518,6283,2782,2665,4936,5090,6333,7335,9108,10993,13719,14910,13702,16188,11384,14763,3310,5865,184896,107685,28426,13558,54449,15843,5997
2021-06-16T23:59:59+02:00,9884,9350,15686,14990,18377,18512,23630,24538,26479,27805,19435,22371,13612,17375,3514,6278,2656,2541,4682,4878,5970,6997,8575,10481,12994,14070,13416,15860,11313,14697,3308,5854,183185,104278,28333,12764,54446,15378,5872
2021-06-15T23:59:59+02:00,9498,8964,15310,14642,18074,18234,23377,24337,26343,27679,19410,22343,13599,17357,3513,6271,2451,2343,4318,4512,5453,6432,7645,9549,11834,12806,12952,15339,11213,14555,3294,5835,180606,98105,28299,12104,54443,14719,5603
2021-06-14T23:59:59+02:00,9293,8778,15054,14409,17883,18074,23218,24221,26253,27610,19393,22312,13587,17350,3510,6265,2326,2201,4045,4253,5071,5953,6948,8800,10935,11773,12698,15056,11152,14472,3284,5819,179056,93334,28277,11744,54441,14272,5436
2021-06-13T23:59:59+02:00,9214,8718,14966,14321,17785,17960,23146,24152,26226,27592,19380,22301,13584,17345,3510,6265,2273,2166,3956,4149,4950,5811,6706,8544,10653,11442,12553,14903,11103,14426,3283,5818,178335,91962,28265,11453,54440,13896,5425
2021-06-12T23:59:59+02:00,9213,8716,14965,14321,17785,17960,23144,24151,26225,27588,19380,22301,13584,17345,3510,6265,2272,2164,3956,4148,4947,5810,6704,8542,10649,11436,12551,14901,11103,14425,3283,5818,178323,91943,28265,11453,54440,13888,5425
2021-06-11T23:59:59+02:00,9140,8678,14882,14268,17715,17917,23078,24117,26186,27568,19379,22298,13584,17344,3510,6265,2255,2151,3921,4091,4900,5741,6642,8456,10548,11332,12519,14875,11094,14420,3283,5818,178009,91730,28187,11447,54439,13575,5294
2021-06-10T23:59:59+02:00,8759,8353,14506,13894,17284,17564,22773,23843,26017,27406,19342,22259,13574,17326,3507,6254,2131,2059,3706,3909,4634,5483,6295,8070,9952,10695,12038,14280,11042,14333,3276,5813,175462,88608,27705,11079,54429,12964,5065
2021-06-09T23:59:59+02:00,8341,7962,14046,13450,16789,17107,22404,23493,25810,27214,19283,22190,13558,17294,3504,6249,1977,1932,3528,3746,4401,5213,5920,7655,9235,9971,11422,13499,10949,14220,3268,5806,172242,84610,27164,10452,54416,12808,4872
2021-06-08T23:59:59+02:00,7918,7507,13531,12969,16347,16662,22057,23156,25610,27028,19234,22121,13530,17263,3502,6243,1873,1835,3296,3510,4075,4858,5376,7123,8315,9009,10626,12518,10842,14103,3264,5794,168863,78989,26676,10159,54407,12537,4732
2021-06-07T23:59:59+02:00,7590,7180,13116,12591,15958,16276,21742,22877,25471,26883,19199,22073,13509,17243,3497,6239,1796,1758,3103,3318,3788,4633,4954,6724,7552,8182,9802,11464,10768,14004,3254,5777,166325,74273,26253,9803,54388,12323,4478
2021-06-06T23:59:59+02:00,7440,7037,12954,12437,15810,16113,21581,22719,25398,26804,19175,22043,13503,17234,3496,6235,1775,1733,3024,3275,3696,4568,4849,6649,7388,8036,9574,11208,10731,13967,3251,5772,165099,73600,26150,9382,54368,12152,4362
2021-06-05T23:59:59+02:00,7431,7032,12943,12426,15803,16107,21581,22717,25398,26803,19175,22043,13503,17234,3496,6235,1772,1732,3021,3274,3695,4567,4846,6649,7384,8030,9568,11206,10731,13967,3251,5772,165047,73574,26150,9381,54368,12148,4362
2021-06-04T23:59:59+02:00,7392,6989,12890,12372,15745,16060,21553,22688,25383,26791,19172,22038,13500,17234,3496,6235,1770,1727,3007,3264,3678,4554,4833,6635,7349,7982,9536,11135,10700,13935,3250,5771,164954,73305,25893,9369,54346,12107,4345
2021-06-03T23:59:59+02:00,7143,6742,12582,12123,15416,15763,21234,22348,25152,26596,19134,21978,13484,17218,3496,6231,1718,1678,2936,3197,3575,4476,4721,6538,7128,7770,9192,10710,10659,13884,3250,5766,162515,72015,25649,9080,54345,11972,4131
2021-06-02T23:59:59+02:00,7073,6675,12523,12059,15343,15702,21167,22287,25137,26576,19129,21975,13482,17214,3495,6231,1702,1668,2921,3184,3554,4462,4691,6523,7093,7724,9114,10603,10654,13866,3249,5765,162181,71658,25465,9074,54344,11963,4078
2021-06-01T23:59:59+02:00,6565,6115,11773,11364,14533,14981,20465,21642,24783,26232,19049,21895,13452,17173,3488,6226,1561,1538,2618,2908,3186,4123,4156,6043,6234,6842,7952,9024,10499,13622,3236,5755,157210,66290,24815,8180,54317,11433,3394
2021-05-31T23:59:59+02:00,6277,5781,11319,10930,14015,14476,19997,21178,24516,25904,18963,21824,13418,17138,3482,6212,1490,1475,2462,2776,2993,3952,3858,5731,5661,6245,6984,7796,10326,13396,3227,5731,153777,62277,24129,7382,54312,11232,3212
2021-05-30T23:59:59+02:00,6188,5690,11128,10808,13859,14292,19618,20838,24322,25694,18932,21799,13411,17120,3481,6210,1469,1460,2432,2743,2950,3909,3784,5673,5557,6144,6814,7564,10302,13344,3225,5721,152291,61548,23634,7324,54286,11040,3179
2021-05-29T23:59:59+02:00,6186,5690,11128,10804,13855,14290,19618,20837,24321,25692,18932,21799,13411,17120,3481,6210,1468,1458,2430,2742,2949,3906,3784,5671,5556,6140,6810,7562,10302,13344,3225,5721,152276,61538,23634,7323,54285,11028,3179
2021-05-28T23:59:59+02:00,6167,5675,11102,10767,13835,14273,19603,20820,24314,25685,18931,21797,13409,17119,3481,6209,1463,1456,2430,2738,2948,3905,3778,5665,5543,6123,6793,7544,10293,13324,3225,5717,152093,61435,23632,7323,54284,11009,3178
2021-05-27T23:59:59+02:00,5825,5353,10586,10300,13255,13753,18886,20192,23809,25198,18852,21708,13369,17072,3476,6200,1275,1297,2142,2535,2650,3625,3481,5318,5236,5852,6462,7083,10115,13115,3221,5703,148873,59608,22648,7291,54178,10076,2135
2021-05-26T23:59:59+02:00,5517,5062,10152,9915,12739,13245,18267,19569,23209,24560,18748,21580,13332,17023,3470,6187,1186,1196,1980,2383,2451,3429,3207,5058,4852,5512,5868,6350,9813,12700,3210,5675,144791,56489,21914,7257,54059,9313,1811
2021-05-25T23:59:59+02:00,5267,4803,9738,9416,12263,12761,17742,18978,22704,23948,18647,21438,13306,16948,3462,6177,1129,1143,1918,2293,2336,3296,3024,4836,4484,5121,5245,5539,9466,12237,3194,5654,140769,52965,21088,7243,53931,8897,1810
2021-05-24T23:59:59+02:00,5137,4629,9524,9207,12063,12509,17431,18643,22386,23555,18600,21393,13292,16928,3461,6177,1112,1092,1857,2251,2266,3233,2937,4753,4360,5008,5100,5376,9395,12126,3192,5647,139279,52269,20143,7194,53755,8484,1758
2021-05-23T23:59:59+02:00,5127,4625,9518,9204,12052,12502,17418,18633,22370,23537,18595,21387,13291,16927,3461,6177,1112,1089,1855,2248,2262,3231,2931,4749,4354,4990,5092,5362,9389,12116,3191,5646,139170,52198,20142,7181,53754,8480,1758
2021-05-22T23:59:59+02:00,5121,4622,9517,9199,12044,12498,17416,18629,22368,23535,18595,21387,13291,16927,3461,6177,1112,1089,1855,2247,2259,3231,2931,4749,4354,4988,5090,5361,9388,12116,3191,5646,139145,52193,20142,7181,53742,8475,1758
2021-05-21T23:59:59+02:00,5082,4578,9450,9119,11971,12414,17320,18558,22311,23467,18579,21372,13288,16920,3461,6175,1065,1076,1821,2237,2228,3220,2898,4725,4309,4957,5065,5344,9379,12110,3190,5645,138492,52128,20142,7181,53723,8252,1708
2021-05-20T23:59:59+02:00,4805,4380,8997,8761,11493,11987,16641,18040,21784,22942,18420,21231,13259,16886,3457,6165,899,995,1556,2083,2003,3064,2643,4499,4081,4741,4909,5186,9291,11988,3184,5629,135186,51431,19771,7090,53305,7244,986
2021-05-19T23:59:59+02:00,4526,4098,8482,8287,10929,11429,15970,17321,21134,22275,18253,21035,13226,16845,3452,6151,843,942,1491,2004,1929,2964,2573,4378,3930,4577,4717,4950,9126,11796,3167,5606,129854,50362,19591,6958,53003,6708,965
2021-05-18T23:59:59+02:00,4208,3794,7902,7732,10206,10733,14976,16355,20246,21269,18042,20803,13184,16797,3446,6135,785,890,1431,1908,1855,2859,2443,4230,3741,4371,4452,4657,8950,11573,3159,5590,122874,49153,19498,6762,52563,6086,893
2021-05-17T23:59:59+02:00,3982,3545,7433,7243,9701,10205,14238,15527,19589,20506,17892,20590,13139,16740,3439,6123,717,825,1358,1851,1778,2777,2335,4157,3588,4241,4210,4415,8825,11393,3147,5564,117657,48356,19258,6551,52100,5397,877
2021-05-16T23:59:59+02:00,3839,3453,7225,7063,9496,9994,13987,15289,19378,20291,17830,20527,13127,16725,3438,6117,701,777,1320,1799,1735,2723,2293,4059,3526,4151,4120,4329,8812,11373,3145,5563,116067,48218,19019,6386,51820,4949,873
2021-05-15T23:59:59+02:00,3837,3450,7219,7056,9495,9989,13984,15284,19376,20285,17828,20526,13127,16725,3438,6117,700,777,1319,1799,1733,2723,2292,4059,3526,4151,4118,4327,8812,11373,3145,5563,116027,48213,19019,6385,51818,4947,872
2021-05-14T23:59:59+02:00,3787,3397,7110,6916,9364,9856,13828,15096,19220,20159,17808,20508,13126,16716,3437,6115,677,765,1295,1780,1707,2701,2256,4031,3478,4116,4074,4273,8808,11370,3145,5562,115626,48175,18278,6241,51738,4821,801
2021-05-13T23:59:59+02:00,3633,3211,6784,6581,8910,9458,13272,14594,18654,19606,17706,20384,13097,16689,3434,6113,630,734,1242,1730,1652,2624,2159,3925,3337,3994,3979,4153,8788,11356,3143,5558,112767,48091,17584,5858,51140,4420,635
2021-05-12T23:59:59+02:00,3605,3175,6751,6543,8858,9403,13127,14469,18473,19409,17684,20359,13090,16682,3434,6113,629,732,1242,1728,1647,2621,2149,3919,3323,3986,3967,4139,8782,11351,3143,5558,112059,48068,17358,5832,51123,4381,635
2021-05-11T23:59:59+02:00,3156,2892,5927,6004,7887,8576,11649,13274,16991,17952,17264,19906,13026,16588,3418,6094,586,667,1109,1617,1486,2461,1961,3735,3096,3741,3873,4032,8729,11276,3141,5553,104690,47839,16740,5638,49059,3471,115
2021-05-10T23:59:59+02:00,2936,2687,5422,5599,7182,7951,10561,12293,15757,16603,16962,19550,12974,16493,3410,6073,548,640,1072,1574,1446,2412,1894,3623,2971,3612,3803,3964,8694,11234,3139,5551,98895,47723,15845,5411,47599,2929,114
2021-05-09T23:59:59+02:00,2843,2652,5284,5517,6983,7824,10126,11916,15244,16094,16871,19447,12957,16468,3407,6068,530,616,1036,1523,1380,2322,1827,3496,2864,3470,3722,3868,8678,11213,3137,5549,97333,47640,15270,5146,46985,2332,113
2021-05-08T23:59:59+02:00,2839,2651,5283,5517,6983,7822,10123,11913,15243,16093,16871,19447,12957,16468,3407,6068,529,615,1036,1522,1380,2322,1827,3495,2862,3470,3721,3868,8678,11213,3137,5549,97320,47636,15269,5146,46983,2329,113
2021-05-07T23:59:59+02:00,2643,2579,5010,5426,6614,7657,9673,11700,14807,15746,16725,19288,12950,16444,3407,6068,517,611,1028,1511,1363,2310,1789,3482,2811,3433,3667,3823,8617,11143,3137,5546,96618,47613,14778,4807,45231,2258,110
2021-05-06T23:59:59+02:00,2373,2423,4444,5063,5974,7286,8870,11111,13887,14918,16388,18905,12906,16365,3397,6057,482,553,988,1412,1277,2150,1673,3242,2584,3157,3484,3616,8472,10982,3129,5534,94050,47178,13544,4210,42731,1305,42
2021-05-05T23:59:59+02:00,2215,2294,4150,4824,5530,6914,8142,10480,12772,13812,15792,18187,12825,16280,3390,6037,473,539,972,1384,1250,2111,1638,3167,2524,3068,3433,3576,8398,10894,3126,5526,89647,47046,12223,4069,41747,937,27
2021-05-04T23:59:59+02:00,2114,2191,3860,4578,5117,6549,7418,9835,11531,12533,14990,17168,12736,16187,3386,6026,467,527,953,1363,1231,2072,1618,3130,2480,3014,3385,3525,8317,10789,3121,5514,83850,46913,11586,3871,40770,709,13
2021-05-03T23:59:59+02:00,2048,2130,3702,4443,4887,6341,7010,9477,10759,11727,14334,16278,12680,16103,3378,6011,461,517,951,1347,1216,2040,1597,3088,2445,2969,3330,3480,8209,10694,3118,5509,79438,46789,11383,3653,40476,518,11
2021-05-02T23:59:59+02:00,2035,2112,3625,4414,4809,6282,6937,9424,10627,11594,14167,16106,12658,16081,3377,6006,459,508,945,1333,1213,2021,1593,3076,2430,2954,3314,3462,8174,10663,3117,5505,78885,46770,11107,3557,40255,433,7
2021-05-01T23:59:59+02:00,2033,2112,3623,4413,4808,6281,6935,9423,10621,11590,14165,16105,12657,16080,3377,6004,458,508,945,1333,1213,2020,1593,3076,2430,2954,3314,3462,8174,10663,3117,5504,78858,46767,11107,3557,40255,433,7
2021-04-30T23:59:59+02:00,2030,2105,3617,4405,4802,6267,6909,9403,10582,11549,14117,16033,12634,16056,3376,6003,458,506,944,1331,1213,2020,1592,3076,2429,2953,3313,3460,8173,10661,3117,5504,78529,46760,11107,3555,40246,429,6
2021-04-29T23:59:59+02:00,1895,2053,3353,4293,4531,6108,6598,9139,10142,11135,13565,15351,12563,15939,3372,5996,450,494,934,1310,1190,1980,1568,3037,2398,2909,3301,3447,8161,10647,3114,5500,75754,46638,10723,3554,39550,242,6
2021-04-28T23:59:59+02:00,1752,1999,3181,4185,4277,5921,6211,8862,9542,10582,12727,14202,12448,15788,3364,5988,439,485,919,1296,1174,1949,1530,2991,2324,2837,3132,3302,8075,10553,3108,5490,71272,46228,10536,3144,39216,227,5
2021-04-27T23:59:59+02:00,1706,1942,3063,4067,4072,5774,5877,8569,8870,9850,11715,12913,12295,15523,3353,5973,426,469,910,1274,1159,1910,1503,2921,2275,2777,3092,3260,8054,10524,3102,5488,66475,46020,10348,2972,38734,147,5
2021-04-26T23:59:59+02:00,1675,1901,2946,3986,3892,5626,5536,8343,8361,9357,10980,11999,12202,15387,3342,5959,425,463,900,1266,1143,1899,1472,2898,2244,2748,3045,3208,8011,10478,3097,5486,63066,45926,10160,2726,38261,126,5
2021-04-25T23:59:59+02:00,1657,1893,2879,3956,3792,5565,5396,8296,8167,9232,10795,11771,12173,15347,3341,5955,421,456,893,1260,1124,1885,1457,2879,2220,2720,3000,3169,7970,10435,3096,5484,62565,45847,9958,2517,37687,100,5
2021-04-24T23:59:59+02:00,1656,1893,2879,3955,3792,5564,5394,8295,8163,9227,10790,11770,12173,15347,3341,5955,421,456,893,1260,1124,1884,1456,2878,2219,2720,3000,3169,7970,10435,3096,5484,62545,45843,9958,2517,37686,100,5
2021-04-23T23:59:59+02:00,1631,1880,2814,3920,3712,5539,5272,8241,8033,9169,10711,11661,12151,15313,3340,5951,421,456,893,1258,1124,1884,1455,2877,2219,2720,2999,3169,7970,10435,3096,5484,62417,45840,9684,2517,37233,99,4
2021-04-22T23:59:59+02:00,1578,1840,2709,3859,3553,5434,5013,8079,7702,8903,10101,10940,11958,15091,3334,5934,412,454,883,1248,1110,1870,1430,2849,2183,2689,2944,3116,7887,10329,3084,5470,60817,45433,9032,2438,36175,83,4
2021-04-21T23:59:59+02:00,1538,1799,2625,3772,3434,5340,4780,7876,7265,8548,9187,9829,11635,14647,3323,5899,408,452,878,1231,1101,1852,1411,2818,2151,2661,2881,3048,7780,10168,3071,5452,58100,44962,8165,2314,35228,83,4
2021-04-20T23:59:59+02:00,1503,1769,2562,3696,3331,5241,4591,7677,6843,8169,8241,8636,11291,14201,3310,5886,403,449,868,1217,1091,1830,1385,2787,2120,2619,2812,2982,7640,9993,3044,5406,55251,44257,7399,2308,34294,78,3
2021-04-19T23:59:59+02:00,1485,1753,2523,3656,3268,5171,4475,7565,6573,7899,7603,7832,11091,13932,3302,5871,400,447,865,1207,1085,1819,1358,2772,2086,2591,2756,2934,7528,9832,3027,5374,53306,43708,7028,2295,33662,75,3
2021-04-18T23:59:59+02:00,1474,1737,2489,3631,3230,5147,4411,7507,6427,7741,7234,7456,11032,13856,3299,5859,398,444,864,1205,1084,1811,1356,2759,2080,2587,2749,2921,7503,9799,3025,5372,52791,43586,6562,2293,33174,75,3
2021-04-17T23:59:59+02:00,1473,1735,2488,3629,3229,5144,4407,7502,6418,7730,7221,7447,11030,13856,3299,5859,398,444,863,1204,1084,1811,1355,2758,2079,2585,2746,2919,7502,9799,3025,5372,52770,43574,6560,2292,33134,75,3
2021-04-16T23:59:59+02:00,1469,1733,2478,3625,3220,5136,4384,7484,6363,7689,7148,7368,11025,13847,3297,5857,398,443,859,1202,1083,1811,1353,2757,2076,2584,2744,2913,7500,9797,3024,5372,52714,43551,6326,2287,33080,75,3
2021-04-15T23:59:59+02:00,1427,1707,2418,3577,3124,5077,4208,7349,6085,7439,6597,6809,10837,13596,3285,5835,390,441,835,1178,1046,1749,1308,2675,2002,2496,2666,2843,7417,9717,3016,5358,51633,42963,5940,2101,31794,70,3
2021-04-14T23:59:59+02:00,1401,1691,2385,3547,3049,5016,4086,7233,5880,7217,5920,6045,10516,13194,3261,5797,382,436,823,1167,1027,1726,1276,2629,1949,2442,2577,2766,7282,9538,3002,5335,50237,42305,5733,1980,30266,70,2
2021-04-13T23:59:59+02:00,1384,1682,2349,3515,2992,4955,3972,7139,5601,6985,5379,5462,10229,12845,3243,5775,361,421,801,1135,1005,1707,1251,2594,1912,2398,2507,2704,7168,9398,2973,5282,49224,41625,5531,1922,28750,68,2
2021-04-12T23:59:59+02:00,1368,1675,2322,3489,2940,4910,3833,7050,5399,6832,5013,5129,10040,12619,3234,5754,345,416,789,1130,989,1690,1234,2569,1861,2355,2430,2638,7058,9264,2961,5265,48761,41058,5334,1873,27510,61,2
2021-04-11T23:59:59+02:00,1363,1662,2302,3466,2909,4891,3763,6978,5233,6712,4768,4908,9897,12460,3230,5745,339,412,784,1123,977,1673,1221,2542,1840,2327,2373,2570,6977,9165,2950,5246,48680,40643,5099,1814,26506,60,2
2021-04-10T23:59:59+02:00,1363,1661,2300,3462,2907,4886,3757,6976,5224,6701,4758,4893,9894,12453,3230,5744,335,407,769,1117,964,1667,1196,2517,1768,2275,2289,2481,6926,9127,2950,5242,48627,40477,5099,1491,26481,60,2
2021-04-09T23:59:59+02:00,1360,1658,2292,3460,2901,4877,3744,6962,5199,6676,4728,4867,9875,12426,3229,5744,322,404,752,1108,945,1641,1163,2473,1672,2191,2056,2195,6797,8993,2933,5214,48554,39634,5094,1163,26348,60,2
2021-04-08T23:59:59+02:00,1333,1635,2232,3398,2822,4789,3590,6826,4955,6432,4302,4393,9400,11949,3219,5699,291,379,697,1047,889,1567,1079,2374,1531,2062,1772,1826,6339,8459,2875,5106,48101,37087,4572,1152,24299,52,2
2021-04-07T23:59:59+02:00,1322,1619,2196,3380,2783,4748,3491,6766,4786,6277,3964,4052,8907,11465,3206,5670,247,348,646,989,824,1501,1018,2304,1425,1962,1611,1639,5754,7766,2806,4976,47895,34615,4101,1149,22635,51,1
2021-04-06T23:59:59+02:00,1298,1598,2155,3357,2746,4715,3418,6719,4652,6174,3674,3767,8483,11015,3191,5644,240,342,618,967,800,1455,970,2243,1334,1875,1458,1432,5186,6973,2717,4811,47700,32230,3565,1142,21340,48,1
2021-04-05T23:59:59+02:00,1296,1594,2151,3354,2734,4714,3403,6702,4632,6157,3641,3736,8458,10984,3188,5643,237,328,609,950,783,1432,954,2206,1293,1836,1404,1354,4972,6709,2679,4766,47614,31323,3561,1140,21211,48,1
2021-04-04T23:59:59+02:00,1296,1594,2151,3353,2734,4713,3403,6701,4631,6157,3637,3734,8456,10982,3188,5643,237,328,608,950,783,1432,954,2206,1293,1836,1404,1354,4971,6709,2679,4766,47608,31321,3561,1140,21203,48,1
2021-04-03T23:59:59+02:00,1296,1594,2151,3353,2734,4713,3403,6701,4631,6157,3636,3732,8456,10980,3188,5643,237,328,608,950,783,1432,954,2206,1293,1836,1404,1354,4971,6709,2679,4766,47606,31321,3561,1140,21200,48,1
2021-04-02T23:59:59+02:00,1296,1594,2151,3351,2734,4712,3403,6697,4631,6155,3633,3729,8455,10979,3188,5643,237,328,608,950,783,1430,954,2206,1293,1835,1404,1352,4969,6708,2678,4766,47590,31313,3561,1139,21199,48,1
2021-04-01T23:59:59+02:00,1278,1548,2079,3225,2629,4509,3253,6442,4484,5945,3589,3692,8361,10875,3179,5632,232,319,602,941,773,1424,943,2193,1270,1817,1384,1324,4709,6363,2582,4631,47229,30330,3556,1135,19934,41,1
2021-03-31T23:59:59+02:00,1260,1510,2036,3119,2557,4368,3159,6213,4352,5736,3503,3597,8223,10692,3162,5602,224,316,595,926,769,1408,927,2171,1227,1782,1326,1260,4219,5736,2471,4435,46629,28616,3430,1135,19029,40,1
2021-03-30T23:59:59+02:00,1238,1465,1982,2935,2449,4129,3003,5835,4160,5387,3401,3499,8074,10496,3139,5559,220,311,587,915,757,1387,905,2146,1173,1737,1241,1173,3672,4981,2286,4161,45997,26485,3268,1135,17485,31,1
2021-03-29T23:59:59+02:00,1217,1408,1916,2801,2365,3964,2866,5560,3993,5135,3307,3398,7918,10276,3117,5523,219,308,580,903,747,1374,889,2118,1132,1706,1156,1073,3071,4258,2147,3932,45360,24460,3041,1131,16362,21,1
2021-03-28T23:59:59+02:00,1194,1358,1845,2637,2277,3748,2738,5274,3847,4867,3244,3336,7862,10215,3113,5520,219,308,577,900,746,1371,887,2111,1129,1704,1146,1060,3014,4186,2137,3912,45253,24265,2831,1128,14990,13,1
2021-03-27T23:59:59+01:00,1194,1358,1845,2636,2276,3747,2735,5274,3844,4867,3241,3336,7861,10215,3113,5520,219,308,576,900,746,1371,886,2111,1127,1704,1146,1060,3014,4186,2137,3912,45244,24261,2831,1128,14986,13,1
2021-03-26T23:59:59+01:00,1190,1325,1800,2523,2206,3583,2675,5058,3762,4657,3224,3326,7858,10210,3112,5519,219,307,575,900,745,1371,886,2110,1126,1702,1143,1059,3011,4178,2136,3909,45218,24237,2829,1128,13980,11,1
2021-03-25T23:59:59+01:00,1163,1284,1746,2414,2118,3414,2573,4831,3657,4474,3102,3228,7756,10093,3106,5509,216,304,571,899,738,1361,880,2089,1110,1677,1097,1011,2740,3774,1988,3686,44960,23001,2497,1128,13010,11,1
2021-03-24T23:59:59+01:00,1141,1263,1724,2373,2088,3359,2535,4769,3610,4404,3015,3153,7634,9930,3090,5494,216,299,563,895,732,1353,869,2073,1091,1657,1050,964,2288,3137,1676,3275,44425,21000,2368,1126,12788,11,1
2021-03-23T23:59:59+01:00,1130,1253,1702,2337,2069,3332,2494,4724,3573,4348,2944,3079,7546,9836,3076,5468,214,296,559,890,724,1342,850,2052,1053,1615,962,879,1888,2597,1389,2875,43915,19081,2357,1092,12638,11,1
2021-03-22T23:59:59+01:00,1124,1243,1689,2324,2054,3313,2471,4693,3534,4311,2900,3041,7485,9771,3064,5452,211,292,558,877,707,1323,835,2037,1020,1585,909,797,1369,1959,1106,2475,43581,17010,2337,1038,12550,11,1
2021-03-21T23:59:59+01:00,1124,1241,1688,2323,2054,3311,2467,4690,3524,4304,2885,3033,7436,9715,3061,5447,211,290,557,875,706,1318,831,2033,1009,1578,883,777,1291,1867,1058,2416,43436,16708,2334,980,12532,11,1
2021-03-20T23:59:59+01:00,1123,1240,1687,2323,2054,3311,2467,4690,3522,4302,2885,3032,7436,9714,3061,5447,211,290,557,875,706,1318,831,2033,995,1561,846,745,1261,1852,1051,2414,43436,16706,2330,828,12527,11,1
2021-03-19T23:59:59+01:00,1121,1231,1680,2312,2043,3307,2465,4682,3516,4295,2873,3019,7425,9699,3060,5445,211,289,556,874,706,1317,830,2032,986,1548,802,708,1205,1807,1041,2406,43374,16664,2325,642,12473,11,1
2021-03-18T23:59:59+01:00,1075,1192,1601,2190,1916,3137,2313,4417,3298,4069,2704,2858,7126,9325,3015,5375,210,288,549,867,701,1312,821,2019,964,1532,782,684,1121,1690,912,2222,41978,16097,2015,565,11617,11,1
2021-03-17T23:59:59+01:00,1015,1155,1532,2134,1850,3069,2248,4349,3205,3977,2556,2710,6705,8833,2967,5280,208,287,546,860,700,1310,816,2013,959,1523,753,664,971,1523,774,2028,40207,15359,2012,564,11365,11,1
2021-03-16T23:59:59+01:00,990,1130,1494,2092,1812,3020,2193,4293,3102,3878,2418,2530,6238,8193,2892,5154,201,282,542,859,695,1302,812,2003,950,1510,748,652,868,1379,648,1882,38224,14757,1952,564,11252,11,1
2021-03-15T23:59:59+01:00,973,1121,1474,2068,1774,2963,2148,4214,3001,3772,2275,2350,5761,7655,2835,5056,200,279,541,853,692,1291,808,1995,941,1495,737,642,787,1241,509,1712,36460,14186,1854,526,11126,11,0
2021-03-14T23:59:59+01:00,968,1105,1445,2038,1749,2934,2116,4145,2938,3701,2087,2149,5588,7453,2809,5026,200,279,540,848,690,1282,807,1987,937,1486,720,634,771,1219,486,1660,35441,14042,1756,501,11054,3,0
2021-03-13T23:59:59+01:00,957,1097,1426,2029,1732,2917,2086,4118,2865,3652,2020,2067,5545,7412,2808,5025,200,279,540,848,690,1282,807,1987,937,1486,718,633,771,1216,485,1660,35192,14035,1516,501,11048,3,0
2021-03-12T23:59:59+01:00,930,1077,1380,1971,1668,2811,1982,3962,2699,3490,1823,1818,5378,7211,2786,4987,199,279,540,848,690,1282,806,1987,937,1485,710,629,755,1202,482,1657,33869,13985,1276,500,10828,3,0
2021-03-11T23:59:59+01:00,890,1013,1309,1881,1589,2660,1888,3763,2531,3309,1552,1494,5005,6745,2683,4838,190,273,533,839,681,1268,790,1954,908,1445,584,567,690,1162,467,1630,31758,13489,1179,490,10213,2,0
2021-03-10T23:59:59+01:00,871,956,1287,1821,1557,2608,1828,3683,2448,3228,1483,1396,4529,6171,2584,4635,190,269,523,818,663,1252,783,1937,895,1430,519,553,658,1153,462,1625,29949,13340,1174,388,9962,2,0
2021-03-09T23:59:59+01:00,858,931,1265,1787,1529,2565,1783,3629,2376,3171,1384,1297,3951,5378,2431,4388,188,267,517,794,652,1232,770,1901,883,1405,516,552,655,1146,459,1621,27786,13281,1172,275,9765,2,0
2021-03-08T23:59:59+01:00,852,903,1252,1766,1512,2547,1758,3590,2334,3123,1282,1185,3248,4495,2243,4093,184,262,502,768,632,1199,747,1840,863,1383,511,550,655,1145,459,1621,25336,13273,1172,48,9675,0,0
2021-03-07T23:59:59+01:00,848,899,1245,1757,1503,2533,1751,3580,2322,3117,1269,1165,3143,4369,2226,4053,184,262,502,768,632,1199,747,1840,863,1383,511,550,655,1145,459,1621,24987,13273,1170,48,9623,0,0
2021-03-06T23:59:59+01:00,847,899,1243,1754,1500,2530,1748,3577,2319,3116,1266,1165,3143,4369,2226,4053,183,262,502,768,632,1199,747,1840,863,1383,511,550,655,1145,459,1621,24983,13272,1170,48,9602,0,0
2021-03-05T23:59:59+01:00,781,873,1217,1738,1479,2521,1721,3563,2295,3108,1261,1163,3134,4359,2224,4050,183,262,502,768,632,1198,747,1840,863,1381,510,550,655,1145,459,1621,24953,13268,1166,48,9368,0,0
2021-03-04T23:59:59+01:00,708,823,1153,1666,1425,2438,1681,3479,2221,3034,1208,1112,2879,3937,2085,3830,182,257,498,752,621,1186,736,1810,852,1372,501,540,644,1135,454,1612,23735,13105,1159,47,8785,0,0
2021-03-03T23:59:59+01:00,666,776,1080,1600,1331,2360,1569,3394,2111,2953,1161,1067,2443,3327,1811,3478,182,257,496,749,621,1186,735,1806,850,1372,498,539,643,1131,454,1611,21879,13084,1157,46,8091,0,0
2021-03-02T23:59:59+01:00,646,737,1041,1555,1273,2323,1506,3337,2020,2881,1071,977,2036,2782,1476,3030,180,255,491,742,616,1174,725,1795,843,1352,491,532,630,1108,437,1582,19816,12907,1154,46,7721,0,0
2021-03-01T23:59:59+01:00,638,686,1023,1512,1222,2266,1464,3267,1963,2810,1020,892,1483,2120,1169,2580,178,255,491,742,616,1173,725,1792,842,1352,489,532,626,1096,434,1574,17548,12871,1151,46,7416,0,0
2021-02-28T23:59:59+01:00,629,669,1008,1470,1194,2208,1433,3209,1908,2738,1003,871,1361,1967,1106,2505,178,255,490,741,616,1173,724,1790,841,1351,487,532,626,1096,434,1574,17070,12862,1149,46,7060,0,0
2021-02-27T23:59:59+01:00,629,667,1007,1470,1194,2206,1433,3208,1908,2737,1003,871,1361,1966,1105,2505,178,255,489,740,613,1170,722,1789,839,1350,487,532,626,1096,434,1574,17068,12862,1149,32,7053,0,0
2021-02-26T23:59:59+01:00,457,607,885,1434,1120,2163,1368,3166,1853,2695,1002,868,1358,1965,1105,2504,178,255,489,740,613,1170,722,1788,839,1349,487,532,626,1096,434,1574,17058,12861,1149,31,6343,0,0
2021-02-25T23:59:59+01:00,361,542,789,1344,1035,2069,1266,2985,1714,2544,975,845,1270,1830,1001,2330,171,244,473,726,601,1145,712,1763,824,1327,475,518,592,1063,426,1558,16469,12597,1149,21,5282,0,0
2021-02-24T23:59:59+01:00,305,488,720,1270,962,1975,1211,2863,1645,2441,955,824,1135,1669,858,2139,169,244,470,723,597,1144,711,1757,823,1322,470,514,584,1058,423,1546,15766,12537,1147,18,4547,0,0
2021-02-23T23:59:59+01:00,292,461,696,1208,933,1890,1164,2749,1563,2344,940,800,1043,1530,734,1991,169,244,470,721,597,1143,711,1755,820,1321,470,512,582,1057,423,1545,15211,12527,1115,13,4012,0,0
2021-02-22T23:59:59+01:00,274,438,671,1171,903,1810,1108,2652,1479,2232,898,772,914,1353,569,1772,169,244,468,720,595,1142,709,1755,815,1319,469,510,581,1056,422,1543,14469,12515,1046,2,3501,0,0
2021-02-21T23:59:59+01:00,266,420,636,1105,854,1706,1060,2547,1403,2129,881,756,881,1297,520,1715,169,243,465,712,594,1139,709,1750,815,1318,468,510,580,1056,421,1542,14263,12489,1005,2,2908,0,0
2021-02-20T23:59:59+01:00,266,417,633,1104,851,1701,1058,2543,1386,2108,845,723,851,1282,513,1713,169,243,465,712,594,1139,709,1750,815,1318,468,510,579,1056,421,1542,14263,12488,850,2,2881,0,0
2021-02-19T23:59:59+01:00,255,407,624,1096,839,1686,1035,2524,1339,2060,605,620,720,1231,494,1696,169,243,465,710,594,1138,708,1748,812,1315,468,510,579,1055,420,1542,13789,12474,668,2,2774,0,0
2021-02-18T23:59:59+01:00,232,342,584,974,753,1457,898,2247,1077,1693,554,578,681,1188,479,1685,163,239,452,701,579,1119,702,1722,796,1289,465,508,579,1053,420,1542,13633,12327,572,2,1217,0,0
2021-02-17T23:59:59+01:00,225,303,563,914,717,1362,835,2079,993,1561,539,571,681,1184,477,1683,155,236,442,691,568,1101,684,1691,785,1269,462,507,577,1049,420,1542,13617,12177,572,2,498,0,0
2021-02-16T23:59:59+01:00,219,298,554,901,701,1329,819,2042,955,1521,532,566,675,1182,476,1682,149,231,429,683,557,1087,672,1672,777,1255,456,502,570,1034,414,1518,13589,12005,572,1,291,0,0
2021-02-15T23:59:59+01:00,203,286,548,872,693,1296,804,2007,930,1477,530,565,675,1182,476,1682,146,230,421,673,545,1069,646,1643,763,1237,455,502,570,1034,414,1518,13587,11865,533,1,106,0,0
2021-02-14T23:59:59+01:00,197,279,545,858,693,1289,799,1995,914,1471,529,565,674,1179,475,1682,138,227,410,662,526,1051,630,1629,757,1225,455,500,568,1032,414,1518,13581,11741,531,1,32,0,0
2021-02-13T23:59:59+01:00,196,279,544,858,693,1289,799,1995,914,1471,529,565,674,1179,475,1682,138,227,409,661,526,1051,630,1629,757,1225,455,500,568,1032,414,1518,13580,11739,531,1,31,0,0
2021-02-12T23:59:59+01:00,195,278,540,857,692,1287,794,1993,913,1469,528,565,674,1179,475,1682,134,224,406,656,521,1043,618,1617,753,1208,452,499,556,1010,412,1495,13573,11603,530,1,18,0,0
2021-02-11T23:59:59+01:00,193,277,535,850,686,1283,792,1990,906,1467,523,558,668,1174,470,1676,113,180,372,585,476,965,567,1492,713,1125,426,456,515,945,373,1413,13522,10716,518,0,8,0,0
2021-02-10T23:59:59+01:00,189,274,525,832,669,1267,780,1959,892,1449,514,553,660,1161,465,1667,102,167,343,519,448,853,526,1319,636,978,377,407,445,828,335,1265,13398,9548,457,0,1,0,0
2021-02-09T23:59:59+01:00,188,267,515,788,655,1231,760,1891,877,1414,505,544,653,1145,458,1653,94,145,326,455,410,765,479,1205,578,895,346,352,403,743,312,1157,13289,8665,255,0,0,0,0
2021-02-08T23:59:59+01:00,184,261,498,762,631,1194,739,1833,860,1383,499,543,650,1139,455,1639,72,107,286,389,362,625,422,967,503,734,288,295,340,591,260,972,13221,7213,49,0,0,0,0
2021-02-07T23:59:59+01:00,184,260,497,760,629,1194,737,1825,859,1381,498,543,650,1139,455,1638,71,93,266,360,345,577,403,934,487,705,287,288,337,584,259,969,13200,6965,49,0,0,0,0
2021-02-06T23:59:59+01:00,184,260,497,760,629,1194,737,1825,859,1381,498,543,650,1139,455,1638,71,93,266,360,345,577,403,933,485,703,287,287,336,582,258,969,13200,6955,49,0,0,0,0
2021-02-05T23:59:59+01:00,184,260,497,760,629,1194,737,1825,859,1380,498,543,650,1139,455,1638,69,93,263,358,340,573,393,906,476,686,279,284,326,557,243,936,13199,6782,49,0,0,0,0
2021-02-04T23:59:59+01:00,178,254,491,751,624,1186,733,1811,852,1372,492,537,626,1111,449,1623,52,74,225,320,302,477,346,762,384,552,216,213,240,383,184,693,13042,5423,48,0,0,0,0
2021-02-03T23:59:59+01:00,177,254,485,744,616,1178,728,1799,844,1356,483,530,611,1096,444,1617,41,49,166,226,249,357,259,573,306,425,171,169,173,294,138,519,12915,4115,47,0,0,0,0
2021-02-02T23:59:59+01:00,177,253,483,743,616,1178,724,1793,839,1353,482,529,607,1093,443,1613,31,42,142,176,204,288,218,437,253,341,129,134,138,219,104,411,12879,3267,47,0,0,0,0
2021-02-01T23:59:59+01:00,175,253,482,742,611,1173,723,1785,837,1349,480,526,602,1091,443,1608,26,31,102,130,146,195,152,304,160,240,82,94,96,136,54,222,12833,2170,47,0,0,0,0
2021-01-31T23:59:59+01:00,175,253,482,739,608,1172,723,1781,837,1348,478,526,601,1089,443,1607,17,22,70,86,104,129,116,228,133,192,78,88,92,127,52,209,12815,1743,47,0,0,0,0
2021-01-30T23:59:59+01:00,175,253,481,739,606,1169,722,1781,837,1348,478,526,600,1089,443,1607,17,22,70,86,104,126,114,225,130,189,77,86,92,122,46,199,12814,1705,40,0,0,0,0
2021-01-29T23:59:59+01:00,175,253,481,737,605,1167,720,1779,835,1347,478,526,600,1089,443,1607,14,20,59,82,86,121,97,216,109,176,72,79,90,119,46,198,12810,1584,32,0,0,0,0
2021-01-28T23:59:59+01:00,168,247,467,720,589,1142,713,1753,813,1319,472,521,597,1086,440,1604,8,4,13,22,24,44,31,103,46,82,45,52,59,86,34,149,12627,802,24,0,0,0,0
2021-01-27T23:59:59+01:00,160,244,456,710,579,1132,698,1717,808,1299,468,520,594,1080,440,1600,4,2,5,12,9,22,15,43,22,27,12,17,24,34,16,47,12483,311,22,0,0,0,0
2021-01-26T23:59:59+01:00,153,240,443,696,566,1118,690,1693,796,1279,463,514,588,1062,434,1569,4,2,5,11,6,20,12,38,17,26,12,14,23,34,16,46,12291,286,13,0,0,0,0
2021-01-25T23:59:59+01:00,150,238,433,683,551,1099,665,1664,779,1261,462,512,586,1062,434,1569,3,2,4,9,6,16,7,28,12,21,8,5,13,22,8,29,12146,193,2,0,0,0,0
2021-01-24T23:59:59+01:00,142,235,423,673,536,1080,649,1652,767,1250,461,509,585,1062,434,1569,2,0,2,6,6,4,5,7,4,9,1,2,11,14,5,16,12025,94,2,0,0,0,0
2021-01-23T23:59:59+01:00,142,235,423,672,536,1080,649,1652,767,1250,461,509,585,1062,434,1569,1,0,2,6,6,4,5,7,4,9,1,2,11,14,5,16,12024,93,2,0,0,0,0
2021-01-22T23:59:59+01:00,138,232,416,667,532,1072,637,1640,761,1233,460,506,572,1038,431,1546,1,0,2,6,6,4,5,7,4,9,1,2,11,14,5,16,11879,93,2,0,0,0,0
2021-01-21T23:59:59+01:00,125,223,402,647,506,1039,606,1587,742,1194,443,471,538,985,400,1490,1,0,2,6,6,4,5,7,4,9,1,2,11,14,5,16,11396,93,2,0,0,0,0
2021-01-20T23:59:59+01:00,105,173,361,553,463,895,552,1351,652,1021,383,413,452,841,348,1289,1,0,2,5,6,4,5,7,4,9,1,2,11,14,5,16,9850,92,2,0,0,0,0
2021-01-19T23:59:59+01:00,97,153,333,480,422,799,510,1236,602,929,358,375,414,762,325,1203,1,0,2,3,6,4,5,7,4,9,1,0,8,10,4,15,8996,79,2,0,0,0,0
2021-01-18T23:59:59+01:00,74,110,293,394,367,649,432,989,513,753,292,306,349,611,275,1021,1,0,2,3,6,4,5,7,4,9,1,0,8,10,4,15,7427,79,1,0,0,0,0
2021-01-17T23:59:59+01:00,71,95,273,365,347,592,410,945,493,721,289,298,347,604,274,1013,0,0,0,0,0,0,0,0,0,0,0,0,0,0,0,0,7136,0,1,0,0,0,0
2021-01-16T23:59:59+01:00,71,95,273,365,347,592,410,944,491,719,289,297,345,600,273,1013,0,0,0,0,0,0,0,0,0,0,0,0,0,0,0,0,7123,0,1,0,0,0,0
2021-01-15T23:59:59+01:00,69,95,271,362,341,586,398,916,479,697,277,293,328,570,253,978,0,0,0,0,0,0,0,0,0,0,0,0,0,0,0,0,6912,0,1,0,0,0,0
2021-01-14T23:59:59+01:00,54,79,255,337,319,505,357,788,392,565,217,216,241,384,187,711,0,0,0,0,0,0,0,0,0,0,0,0,0,0,0,0,5607,0,0,0,0,0,0
2021-01-13T23:59:59+01:00,47,66,227,275,279,415,291,622,320,459,164,174,180,299,146,552,0,0,0,0,0,0,0,0,0,0,0,0,0,0,0,0,4516,0,0,0,0,0,0
2021-01-12T23:59:59+01:00,43,64,219,258,264,382,272,549,286,413,127,135,145,226,110,431,0,0,0,0,0,0,0,0,0,0,0,0,0,0,0,0,3924,0,0,0,0,0,0
2021-01-11T23:59:59+01:00,37,58,207,237,245,330,222,454,236,348,94,102,112,147,62,273,0,0,0,0,0,0,0,0,0,0,0,0,0,0,0,0,3164,0,0,0,0,0,0
2021-01-10T23:59:59+01:00,32,51,170,168,202,253,184,359,190,282,88,97,109,141,60,260,0,0,0,0,0,0,0,0,0,0,0,0,0,0,0,0,2646,0,0,0,0,0,0
2021-01-09T23:59:59+01:00,31,49,164,164,200,246,180,353,188,277,88,97,109,141,60,260,0,0,0,0,0,0,0,0,0,0,0,0,0,0,0,0,2607,0,0,0,0,0,0
2021-01-08T23:59:59+01:00,26,43,134,141,179,233,157,325,162,257,83,87,107,138,60,259,0,0,0,0,0,0,0,0,0,0,0,0,0,0,0,0,2391,0,0,0,0,0,0
2021-01-07T23:59:59+01:00,9,6,17,25,32,53,38,115,60,103,47,51,66,94,38,178,0,0,0,0,0,0,0,0,0,0,0,0,0,0,0,0,932,0,0,0,0,0,0
2021-01-06T23:59:59+01:00,4,2,6,12,8,21,14,41,20,29,14,13,25,40,17,53,0,0,0,0,0,0,0,0,0,0,0,0,0,0,0,0,319,0,0,0,0,0,0
2021-01-05T23:59:59+01:00,3,1,5,11,7,17,11,33,15,24,10,13,22,33,17,49,0,0,0,0,0,0,0,0,0,0,0,0,0,0,0,0,271,0,0,0,0,0,0
2021-01-04T23:59:59+01:00,2,1,3,7,7,11,5,15,8,15,4,3,11,18,7,26,0,0,0,0,0,0,0,0,0,0,0,0,0,0,0,0,143,0,0,0,0,0,0
2021-01-03T23:59:59+01:00,2,0,2,6,7,4,5,7,4,9,1,2,11,14,6,16,0,0,0,0,0,0,0,0,0,0,0,0,0,0,0,0,96,0,0,0,0,0,0
2021-01-02T23:59:59+01:00,2,0,2,6,7,4,5,7,4,9,1,2,11,14,6,16,0,0,0,0,0,0,0,0,0,0,0,0,0,0,0,0,96,0,0,0,0,0,0
2021-01-01T23:59:59+01:00,1,0,2,6,7,4,5,7,4,9,1,2,11,14,6,16,0,0,0,0,0,0,0,0,0,0,0,0,0,0,0,0,95,0,0,0,0,0,0
2020-12-31T23:59:59+01:00,1,0,2,5,7,4,5,7,4,9,1,2,11,14,6,16,0,0,0,0,0,0,0,0,0,0,0,0,0,0,0,0,94,0,0,0,0,0,0
2020-12-30T23:59:59+01:00,1,0,2,5,7,4,5,7,4,9,1,2,11,14,6,16,0,0,0,0,0,0,0,0,0,0,0,0,0,0,0,0,94,0,0,0,0,0,0
2020-12-29T23:59:59+01:00,1,0,2,3,7,4,5,7,4,9,1,0,8,10,5,15,0,0,0,0,0,0,0,0,0,0,0,0,0,0,0,0,81,0,0,0,0,0,0
2020-12-28T23:59:59+01:00,1,0,2,3,7,4,5,7,4,9,1,0,8,10,5,15,0,0,0,0,0,0,0,0,0,0,0,0,0,0,0,0,81,0,0,0,0,0,0
2020-12-27T23:59:59+01:00,1,0,2,3,7,4,5,7,4,9,1,0,8,10,5,15,0,0,0,0,0,0,0,0,0,0,0,0,0,0,0,0,81,0,0,0,0,0,0
