Datum,<15_1_m,<15_1_w,15-24_1_m,15-24_1_w,25-34_1_m,25-34_1_w,35-44_1_m,35-44_1_w,45-54_1_m,45-54_1_w,55-64_1_m,55-64_1_w,65-74_1_m,65-74_1_w,75-84_1_m,75-84_1_w,>84_1_m,>84_1_w,<15_2_m,<15_2_w,15-24_2_m,15-24_2_w,25-34_2_m,25-34_2_w,35-44_2_m,35-44_2_w,45-54_2_m,45-54_2_w,55-64_2_m,55-64_2_w,65-74_2_m,65-74_2_w,75-84_2_m,75-84_2_w,>84_2_m,>84_2_w,bp_1,bp_2,mo_1,mo_2,az_1,az_2,ja,unb_1,unb_2
2021-12-01T23:59:59+01:00,4514,4310,21182,19412,26525,24520,27458,26778,30437,30925,32648,33609,22323,25600,15808,19991,4601,8108,2524,2398,17808,16488,23284,21318,24744,24053,28091,28539,30865,31658,21565,24617,15372,19287,4421,7723,272074,242128,33386,32164,55114,52267,18143,41,53
2021-11-30T23:59:59+01:00,4332,4134,21144,19372,26477,24453,27426,26729,30406,30894,32617,33569,22310,25586,15794,19971,4599,8100,2493,2374,17729,16408,23203,21223,24673,23980,28026,28480,30810,31612,21545,24585,15361,19273,4421,7720,271243,241295,33381,32159,55114,52266,18143,41,53
2021-11-29T23:59:59+01:00,4110,3957,21083,19326,26428,24375,27377,26678,30364,30842,32581,33520,22280,25542,15785,19946,4596,8089,2462,2347,17616,16300,23059,21091,24579,23912,27946,28402,30744,31552,21515,24546,15353,19245,4420,7711,270217,240209,33374,32129,55113,52266,18143,41,53
2021-11-28T23:59:59+01:00,3942,3806,21042,19296,26386,24320,27346,26637,30337,30815,32562,33485,22270,25521,15778,19930,4594,8082,2447,2329,17556,16240,22983,21045,24515,23866,27906,28356,30709,31513,21495,24525,15345,19239,4418,7709,269497,239606,33364,32128,55113,52266,18143,41,53
2021-11-27T23:59:59+01:00,3915,3786,21022,19283,26373,24307,27328,26623,30328,30804,32554,33479,22268,25515,15777,19928,4594,8082,2446,2329,17543,16236,22972,21036,24502,23856,27898,28351,30701,31505,21494,24525,15343,19237,4418,7709,269316,239513,33364,32128,55113,52266,18141,41,53
2021-11-26T23:59:59+01:00,3812,3698,20979,19258,26339,24265,27298,26594,30306,30780,32530,33462,22261,25502,15774,19924,4594,8080,2433,2307,17485,16205,22919,21006,24463,23811,27857,28330,30680,31491,21489,24519,15340,19233,4418,7709,268812,239118,33358,32118,55113,52265,18141,41,53
2021-11-25T23:59:59+01:00,3664,3556,20922,19181,26294,24178,27250,26527,30257,30728,32494,33409,22252,25476,15769,19908,4592,8075,2396,2273,17407,16145,22811,20939,24404,23758,27801,28277,30641,31455,21479,24501,15331,19222,4414,7707,267904,238414,33342,32089,55113,52264,18141,41,53
2021-11-24T23:59:59+01:00,3577,3465,20848,19117,26225,24089,27178,26449,30212,30667,32452,33358,22232,25445,15762,19887,4583,8063,2366,2246,17332,16056,22700,20843,24326,23696,27719,28216,30585,31396,21458,24478,15319,19213,4411,7704,266985,237548,33338,32062,55113,52260,18141,41,53
2021-11-23T23:59:59+01:00,3489,3380,20775,19053,26155,24020,27116,26386,30149,30610,32406,33307,22212,25416,15744,19854,4577,8037,2347,2228,17251,16003,22613,20767,24262,23629,27672,28169,30547,31372,21447,24455,15302,19195,4408,7693,266076,236854,33327,32055,55113,52260,18138,41,53
2021-11-22T23:59:59+01:00,3405,3298,20690,18978,26036,23909,27035,26284,30084,30527,32335,33240,22188,25381,15736,19825,4568,8026,2327,2211,17198,15939,22538,20714,24204,23573,27624,28115,30502,31331,21424,24429,15289,19181,4404,7689,264945,236206,33320,32039,55113,52259,18135,41,53
2021-11-21T23:59:59+01:00,3367,3248,20620,18923,25965,23832,26977,26220,30025,30463,32283,33182,22168,25353,15729,19806,4564,8019,2321,2204,17174,15925,22509,20696,24180,23554,27608,28105,30487,31316,21416,24423,15284,19174,4404,7683,264150,235986,33316,32032,55113,52259,18133,41,53
2021-11-20T23:59:59+01:00,3355,3236,20591,18889,25922,23803,26937,26197,30001,30439,32268,33165,22159,25346,15726,19802,4564,8017,2316,2201,17159,15920,22500,20687,24163,23543,27601,28094,30483,31313,21414,24422,15284,19172,4404,7683,263826,235884,33314,32031,55113,52259,18132,41,53
2021-11-19T23:59:59+01:00,3276,3162,20511,18810,25834,23725,26874,26144,29941,30388,32231,33126,22147,25322,15724,19796,4563,8014,2305,2193,17123,15888,22448,20655,24114,23516,27561,28065,30462,31302,21402,24417,15281,19168,4402,7682,263010,235523,33301,32021,55113,52255,18132,41,53
2021-11-18T23:59:59+01:00,3162,3065,20423,18690,25723,23597,26785,26031,29867,30302,32185,33057,22109,25277,15713,19777,4563,8005,2285,2159,17049,15811,22384,20591,24067,23458,27511,28033,30413,31265,21390,24402,15272,19150,4399,7667,261760,234880,33294,31991,55113,52250,18132,41,53
2021-11-17T23:59:59+01:00,3099,2993,20299,18569,25607,23452,26683,25922,29781,30239,32130,32987,22087,25238,15702,19756,4560,7998,2265,2131,16963,15754,22288,20521,23999,23380,27432,27979,30369,31228,21374,24384,15263,19134,4397,7662,260542,234120,33285,31973,55113,52247,18130,41,53
2021-11-16T23:59:59+01:00,3053,2936,20178,18476,25477,23320,26598,25825,29709,30156,32067,32915,22065,25206,15691,19737,4558,7986,2244,2115,16919,15729,22241,20480,23954,23349,27393,27932,30338,31196,21358,24370,15250,19124,4397,7659,259401,233652,33279,31970,55113,52245,18128,41,53
2021-11-15T23:59:59+01:00,3002,2896,19981,18324,25299,23164,26468,25700,29617,30050,31984,32836,22034,25173,15675,19715,4555,7978,2228,2106,16870,15708,22197,20448,23910,23320,27368,27904,30316,31177,21341,24351,15243,19110,4395,7655,257920,233277,33261,31947,55113,52245,18125,41,53
2021-11-14T23:59:59+01:00,2974,2860,19857,18226,25186,23041,26379,25627,29549,29974,31923,32772,22009,25144,15665,19700,4552,7972,2217,2092,16840,15667,22171,20417,23882,23302,27352,27884,30297,31160,21334,24348,15237,19099,4395,7653,256887,232983,33255,31944,55113,52244,18123,41,53
2021-11-13T23:59:59+01:00,2961,2843,19791,18179,25126,23001,26311,25590,29514,29949,31900,32753,22004,25139,15665,19698,4550,7971,2214,2091,16832,15662,22165,20410,23871,23298,27345,27881,30292,31157,21333,24347,15237,19098,4395,7653,256425,232924,33255,31940,55113,52244,18120,41,53
2021-11-12T23:59:59+01:00,2921,2803,19597,18045,24966,22874,26172,25469,29442,29869,31842,32714,21992,25117,15657,19692,4548,7971,2201,2080,16773,15636,22120,20375,23832,23269,27319,27863,30260,31144,21326,24336,15230,19093,4395,7651,255203,232567,33227,31927,55113,52240,18116,41,53
2021-11-11T23:59:59+01:00,2859,2737,19463,17924,24837,22736,26053,25358,29354,29776,31775,32665,21968,25093,15649,19682,4546,7965,2184,2060,16732,15584,22079,20322,23798,23242,27292,27830,30241,31108,21308,24326,15225,19082,4393,7645,253992,232140,33196,31912,55112,52238,18108,41,53
2021-11-10T23:59:59+01:00,2806,2673,19218,17721,24610,22544,25896,25210,29199,29665,31689,32565,21938,25063,15632,19662,4543,7955,2169,2036,16670,15508,22001,20265,23746,23194,27243,27793,30194,31070,21288,24305,15216,19065,4388,7639,252198,231511,33156,31897,55111,52237,18092,41,53
2021-11-09T23:59:59+01:00,2762,2631,19076,17578,24452,22424,25785,25095,29125,29589,31626,32496,21916,25032,15615,19645,4540,7940,2150,2021,16638,15473,21964,20240,23723,23166,27218,27763,30168,31028,21269,24287,15209,19048,4386,7634,250950,231117,33145,31893,55111,52233,18089,41,53
2021-11-08T23:59:59+01:00,2715,2591,18823,17357,24221,22207,25610,24956,28975,29461,31519,32408,21881,24978,15593,19621,4539,7932,2127,2000,16587,15425,21918,20201,23696,23127,27180,27735,30145,31002,21245,24273,15200,19034,4382,7630,249059,230673,33111,31877,55111,52230,18074,41,53
2021-11-07T23:59:59+01:00,2687,2560,18715,17248,24092,22093,25502,24863,28903,29387,31469,32348,21859,24957,15585,19617,4537,7929,2112,1986,16563,15409,21895,20174,23674,23113,27165,27717,30132,30990,21241,24267,15195,19026,4382,7628,248026,230437,33109,31877,55111,52229,18073,41,53
2021-11-06T23:59:59+01:00,2687,2557,18713,17245,24088,22093,25498,24860,28901,29384,31468,32346,21859,24957,15585,19617,4536,7929,2112,1985,16559,15407,21895,20173,23673,23113,27164,27714,30130,30990,21241,24266,15195,19026,4382,7628,247998,230423,33109,31875,55111,52229,18073,41,53
2021-11-05T23:59:59+01:00,2658,2518,18613,17164,23999,21996,25428,24792,28837,29330,31428,32314,21858,24950,15582,19610,4536,7928,2107,1979,16547,15390,21887,20160,23662,23106,27157,27700,30122,30982,21236,24261,15195,19025,4381,7627,247252,230305,33075,31870,55111,52225,18071,41,53
2021-11-04T23:59:59+01:00,2612,2481,18532,17073,23888,21899,25360,24735,28765,29284,31390,32276,21847,24938,15574,19600,4534,7923,2078,1955,16488,15341,21839,20115,23627,23076,27133,27670,30099,30960,21232,24252,15190,19015,4379,7626,246450,229904,33065,31854,55111,52211,18053,41,53
2021-11-03T23:59:59+01:00,2576,2455,18387,16943,23720,21760,25247,24637,28684,29223,31342,32219,21825,24925,15568,19594,4534,7921,2050,1932,16415,15272,21782,20048,23587,23035,27088,27634,30072,30930,21215,24228,15179,19004,4377,7620,245331,229321,33040,31839,55111,52209,18046,41,53
2021-11-02T23:59:59+01:00,2548,2432,18252,16859,23569,21655,25153,24571,28608,29167,31293,32184,21816,24906,15561,19585,4533,7912,2035,1912,16357,15235,21744,20001,23549,22995,27059,27609,30049,30907,21207,24215,15171,19001,4376,7617,244392,228909,33034,31833,55111,52209,18035,41,53
2021-11-01T23:59:59+01:00,2527,2412,18168,16786,23483,21595,25091,24527,28560,29126,31266,32157,21804,24896,15558,19584,4533,7911,2021,1898,16320,15180,21707,19962,23522,22962,27029,27571,30031,30888,21199,24210,15170,18991,4376,7615,243782,228539,33029,31821,55111,52209,18030,41,53
2021-10-31T23:59:59+01:00,2527,2412,18168,16786,23482,21593,25090,24527,28560,29126,31266,32157,21804,24896,15558,19584,4533,7911,2020,1897,16320,15180,21707,19962,23522,22961,27029,27571,30031,30887,21199,24210,15170,18991,4376,7615,243778,228535,33029,31821,55111,52209,18030,41,53
2021-10-30T23:59:59+02:00,2527,2412,18168,16786,23481,21593,25090,24527,28560,29126,31266,32157,21804,24896,15558,19584,4533,7911,2020,1897,16320,15180,21707,19962,23522,22961,27029,27571,30031,30887,21199,24210,15170,18991,4376,7615,243777,228535,33029,31821,55111,52209,18030,41,53
2021-10-29T23:59:59+02:00,2514,2398,18101,16744,23405,21553,25014,24484,28496,29088,31240,32137,21800,24887,15552,19579,4532,7910,2015,1892,16306,15168,21692,19947,23512,22946,27018,27558,30023,30884,21197,24208,15170,18989,4376,7615,243276,228409,32987,31817,55111,52209,18028,41,53
2021-10-28T23:59:59+02:00,2489,2374,18017,16676,23320,21489,24964,24428,28456,29050,31205,32109,21794,24880,15548,19571,4532,7907,1984,1873,16246,15117,21655,19902,23481,22914,26992,27536,30000,30858,21187,24199,15167,18986,4376,7610,242689,228002,32957,31802,55111,52206,18020,41,53
2021-10-27T23:59:59+02:00,2455,2337,17898,16594,23165,21385,24854,24339,28359,28990,31157,32077,21785,24856,15541,19562,4532,7906,1959,1844,16175,15069,21605,19842,23447,22875,26957,27497,29974,30833,21176,24186,15160,18976,4375,7606,241720,227512,32917,31777,55111,52202,18012,41,53
2021-10-26T23:59:59+02:00,2430,2313,17840,16547,23119,21336,24807,24300,28313,28948,31130,32058,21783,24846,15538,19560,4532,7903,1941,1820,16135,15023,21573,19810,23415,22844,26946,27476,29961,30822,21168,24185,15158,18974,4375,7606,241245,227201,32916,31777,55111,52202,17999,41,53
2021-10-25T23:59:59+02:00,2429,2309,17839,16543,23117,21334,24805,24297,28312,28944,31129,32058,21783,24846,15538,19560,4532,7903,1941,1819,16135,15022,21573,19809,23413,22843,26946,27476,29961,30822,21168,24185,15158,18974,4375,7606,241221,227196,32916,31777,55111,52202,17998,41,53
2021-10-24T23:59:59+02:00,2420,2300,17822,16516,23100,21314,24779,24281,28303,28938,31122,32053,21781,24844,15536,19559,4532,7903,1931,1802,16114,14984,21550,19786,23399,22814,26935,27465,29951,30814,21165,24180,15156,18968,4375,7606,241062,226981,32902,31763,55111,52202,17996,41,53
2021-10-23T23:59:59+02:00,2420,2300,17821,16516,23099,21314,24779,24281,28302,28938,31122,32053,21781,24844,15536,19559,4532,7903,1931,1802,16114,14984,21549,19786,23399,22814,26935,27465,29951,30814,21165,24180,15156,18968,4375,7606,241059,226980,32902,31763,55111,52202,17996,41,53
2021-10-22T23:59:59+02:00,2399,2282,17757,16476,23048,21268,24729,24225,28270,28909,31088,32030,21774,24835,15531,19557,4531,7901,1924,1795,16095,14972,21539,19777,23383,22797,26927,27461,29942,30808,21163,24178,15156,18968,4375,7606,240589,226866,32893,31762,55111,52200,17985,41,53
2021-10-21T23:59:59+02:00,2384,2255,17714,16431,22991,21219,24691,24191,28224,28881,31070,32008,21767,24829,15528,19553,4530,7893,1879,1757,16032,14894,21494,19717,23346,22749,26888,27423,29928,30787,21156,24166,15147,18949,4373,7601,240179,226348,32867,31715,55111,52200,17970,41,53
2021-10-20T23:59:59+02:00,2353,2214,17634,16367,22898,21152,24614,24147,28185,28834,31036,31981,21755,24820,15524,19544,4528,7891,1824,1713,15945,14822,21446,19650,23285,22703,26844,27367,29900,30759,21135,24154,15140,18931,4367,7598,239528,225683,32847,31691,55111,52197,17959,41,53
2021-10-19T23:59:59+02:00,2332,2200,17600,16341,22877,21137,24600,24130,28172,28822,31028,31959,21748,24809,15522,19536,4527,7890,1794,1674,15886,14772,21404,19603,23264,22679,26824,27348,29880,30740,21125,24140,15135,18925,4367,7595,239286,225260,32847,31691,55110,52196,17955,41,53
2021-10-18T23:59:59+02:00,2319,2190,17579,16320,22862,21111,24581,24112,28160,28812,31015,31947,21742,24807,15520,19529,4525,7887,1770,1651,15844,14725,21385,19578,23241,22650,26803,27322,29860,30725,21119,24135,15131,18919,4366,7594,239075,224925,32847,31690,55110,52196,17954,41,53
2021-10-17T23:59:59+02:00,2310,2184,17553,16286,22834,21082,24562,24098,28142,28803,31004,31939,21734,24803,15519,19526,4525,7885,1752,1622,15802,14678,21353,19535,23220,22624,26784,27301,29846,30721,21113,24126,15131,18914,4364,7592,238856,224609,32841,31670,55110,52196,17950,41,53
2021-10-16T23:59:59+02:00,2310,2184,17552,16286,22834,21082,24562,24098,28142,28803,31004,31939,21734,24803,15519,19526,4525,7885,1752,1622,15802,14678,21353,19534,23220,22624,26784,27301,29846,30721,21113,24126,15131,18914,4364,7592,238855,224608,32841,31670,55110,52196,17950,41,53
2021-10-15T23:59:59+02:00,2300,2174,17527,16270,22816,21068,24536,24080,28126,28788,30998,31935,21728,24796,15519,19526,4525,7884,1744,1607,15789,14661,21341,19523,23211,22617,26781,27294,29841,30716,21110,24124,15130,18914,4364,7592,238678,224492,32828,31670,55110,52196,17948,41,53
2021-10-14T23:59:59+02:00,2290,2156,17483,16235,22780,21034,24512,24055,28107,28768,30987,31921,21722,24793,15516,19523,4524,7881,1723,1581,15727,14609,21312,19478,23175,22578,26763,27258,29819,30693,21099,24116,15125,18904,4362,7590,238376,224085,32827,31656,55110,52177,17941,41,53
2021-10-13T23:59:59+02:00,2260,2136,17396,16158,22718,20970,24467,24012,28069,28722,30958,31891,21707,24783,15510,19518,4523,7877,1685,1550,15626,14516,21260,19426,23132,22541,26721,27218,29790,30665,21091,24098,15123,18889,4362,7586,237847,223538,32803,31629,55110,52177,17882,41,53
2021-10-12T23:59:59+02:00,2250,2117,17353,16114,22695,20942,24440,23984,28053,28702,30945,31870,21703,24778,15506,19510,4522,7875,1661,1530,15574,14455,21241,19392,23106,22520,26696,27193,29767,30644,21083,24089,15121,18886,4360,7585,237534,223179,32802,31617,55109,52173,17881,41,53
2021-10-11T23:59:59+02:00,2239,2105,17324,16083,22680,20921,24425,23963,28034,28683,30930,31860,21697,24770,15504,19505,4519,7870,1643,1519,15531,14420,21203,19338,23083,22480,26670,27153,29738,30628,21072,24079,15115,18879,4356,7582,237291,222769,32802,31617,55109,52173,17877,41,53
2021-10-10T23:59:59+02:00,2235,2096,17307,16063,22662,20907,24420,23955,28025,28668,30925,31853,21690,24766,15504,19503,4519,7867,1627,1508,15474,14375,21139,19279,23044,22441,26625,27127,29716,30606,21062,24068,15109,18872,4356,7582,237152,222318,32798,31594,55109,52172,17873,41,53
2021-10-09T23:59:59+02:00,2233,2096,17307,16062,22660,20906,24420,23955,28025,28668,30925,31853,21690,24766,15504,19503,4519,7867,1626,1505,15473,14373,21139,19278,23044,22441,26625,27126,29716,30606,21062,24068,15109,18872,4356,7582,237146,222309,32798,31594,55109,52172,17873,41,53
2021-10-08T23:59:59+02:00,2228,2088,17296,16037,22638,20895,24402,23946,28010,28652,30910,31844,21688,24761,15504,19503,4519,7867,1619,1501,15466,14360,21126,19264,23033,22433,26615,27109,29711,30599,21060,24062,15107,18871,4356,7582,237009,222205,32788,31594,55108,52172,17850,41,53
2021-10-07T23:59:59+02:00,2204,2068,17242,15992,22612,20848,24377,23918,27978,28627,30889,31817,21683,24758,15502,19494,4518,7861,1584,1469,15396,14282,21066,19194,22990,22385,26585,27072,29683,30575,21049,24047,15102,18861,4352,7581,236627,221666,32778,31545,55105,52164,17845,41,53
2021-10-06T23:59:59+02:00,2180,2045,17182,15945,22564,20795,24351,23877,27946,28597,30873,31791,21672,24746,15495,19488,4517,7857,1547,1442,15337,14209,21016,19133,22952,22348,26554,27031,29659,30545,21038,24033,15091,18854,4350,7579,236206,221166,32759,31517,55105,52164,17818,41,53
2021-10-05T23:59:59+02:00,2160,2028,17137,15906,22516,20767,24316,23836,27924,28572,30860,31774,21667,24738,15495,19483,4516,7856,1535,1425,15309,14178,20961,19108,22922,22319,26526,27005,29634,30520,21030,24014,15088,18846,4347,7579,235937,220899,32759,31515,55105,52164,17715,41,53
2021-10-04T23:59:59+02:00,2133,1993,17083,15867,22464,20737,24292,23810,27908,28537,30840,31756,21663,24729,15493,19479,4515,7853,1529,1413,15271,14153,20935,19079,22908,22294,26508,26986,29622,30506,21023,24004,15084,18841,4347,7571,235593,220686,32759,31513,55105,52162,17660,41,53
2021-10-03T23:59:59+02:00,2128,1981,17053,15826,22434,20704,24254,23786,27894,28517,30823,31746,21660,24722,15492,19474,4515,7851,1509,1391,15239,14114,20910,19049,22882,22274,26493,26963,29608,30496,21013,23991,15082,18838,4347,7571,235378,220464,32753,31500,55101,52160,17593,41,53
2021-10-02T23:59:59+02:00,2128,1981,17053,15826,22434,20704,24253,23786,27894,28517,30823,31746,21660,24722,15492,19474,4515,7851,1509,1391,15239,14114,20910,19049,22882,22274,26493,26963,29608,30495,21013,23991,15082,18838,4347,7571,235377,220463,32753,31500,55101,52160,17593,41,53
2021-10-01T23:59:59+02:00,2123,1976,17040,15809,22431,20692,24239,23765,27889,28510,30819,31741,21657,24720,15492,19472,4514,7851,1507,1388,15235,14112,20907,19047,22880,22274,26491,26961,29608,30491,21012,23989,15082,18838,4347,7571,235261,220436,32752,31500,55101,52160,17591,41,53
2021-09-30T23:59:59+02:00,2102,1960,16983,15757,22387,20635,24198,23730,27859,28477,30796,31717,21646,24714,15487,19465,4512,7846,1470,1357,15166,14047,20869,19011,22846,22233,26468,26927,29589,30470,21008,23980,15079,18830,4343,7566,234874,220047,32738,31480,55101,52156,17523,41,53
2021-09-29T23:59:59+02:00,2034,1915,16890,15680,22316,20565,24141,23679,27796,28425,30758,31687,21630,24700,15480,19451,4509,7844,1448,1325,15096,13990,20826,18957,22810,22180,26430,26897,29554,30442,20999,23968,15068,18822,4342,7563,234232,219641,32721,31458,55100,52153,17412,41,53
2021-09-28T23:59:59+02:00,2017,1898,16808,15615,22244,20512,24076,23637,27757,28382,30741,31670,21620,24686,15475,19441,4509,7841,1434,1313,15030,13945,20767,18916,22765,22154,26400,26862,29533,30421,20986,23952,15062,18812,4340,7559,233799,219313,32720,31458,55100,52152,17275,41,53
2021-09-27T23:59:59+02:00,1954,1829,16741,15554,22208,20476,24051,23610,27728,28346,30721,31653,21613,24679,15473,19438,4508,7839,1423,1298,15001,13914,20745,18879,22750,22129,26381,26850,29515,30405,20982,23942,15058,18804,4339,7556,233301,219043,32719,31458,55100,52151,17266,41,53
2021-09-26T23:59:59+02:00,1933,1808,16670,15490,22155,20416,24012,23559,27699,28320,30706,31644,21603,24672,15472,19435,4508,7837,1407,1284,14930,13845,20692,18824,22700,22071,26339,26813,29496,30378,20975,23932,15050,18801,4339,7553,232932,218636,32702,31431,55099,52138,17171,41,53
2021-09-25T23:59:59+02:00,1933,1808,16668,15490,22153,20415,24009,23558,27699,28320,30706,31644,21603,24672,15472,19435,4508,7837,1407,1284,14929,13845,20690,18824,22699,22071,26338,26810,29496,30378,20974,23932,15050,18801,4339,7553,232926,218631,32702,31430,55099,52138,17168,41,53
2021-09-24T23:59:59+02:00,1932,1805,16642,15470,22109,20386,23976,23537,27679,28298,30689,31629,21601,24668,15470,19434,4508,7837,1400,1277,14902,13818,20640,18792,22659,22045,26310,26789,29474,30358,20969,23926,15048,18799,4338,7552,232862,218503,32702,31430,55099,52138,16972,41,53
2021-09-23T23:59:59+02:00,1902,1767,16566,15384,22049,20311,23927,23468,27634,28244,30663,31589,21589,24657,15462,19419,4505,7835,1373,1249,14823,13754,20578,18750,22630,21999,26276,26746,29448,30331,20965,23915,15042,18791,4338,7551,232304,218101,32663,31397,55099,52138,16870,41,53
2021-09-22T23:59:59+02:00,1868,1736,16463,15305,21957,20234,23850,23414,27566,28183,30621,31553,21573,24634,15460,19406,4503,7832,1318,1198,14697,13647,20488,18672,22565,21928,26214,26685,29399,30295,20944,23905,15036,18783,4335,7542,231689,217420,32642,31354,55099,52131,16693,41,53
2021-09-21T23:59:59+02:00,1838,1692,16383,15228,21898,20174,23798,23364,27523,28148,30582,31513,21562,24614,15457,19396,4497,7824,1309,1182,14641,13599,20428,18633,22522,21884,26179,26659,29374,30270,20931,23891,15029,18772,4332,7538,231210,217130,32642,31354,55098,52131,16505,41,53
2021-09-20T23:59:59+02:00,1811,1677,16309,15163,21841,20127,23750,23323,27486,28105,30548,31495,21553,24601,15452,19391,4496,7822,1297,1172,14584,13547,20382,18589,22485,21856,26132,26627,29348,30245,20923,23879,15027,18766,4329,7535,230801,216813,32640,31353,55098,52130,16374,41,53
2021-09-19T23:59:59+02:00,1784,1654,16246,15113,21792,20066,23715,23289,27455,28077,30527,31470,21544,24590,15449,19380,4496,7819,1289,1162,14527,13504,20337,18536,22433,21833,26107,26595,29331,30231,20916,23866,15023,18763,4328,7531,230435,216532,32618,31320,55098,52130,16277,41,53
2021-09-18T23:59:59+02:00,1784,1654,16244,15111,21790,20065,23712,23287,27455,28076,30527,31470,21544,24590,15449,19380,4496,7819,1289,1162,14526,13503,20336,18536,22432,21832,26107,26593,29331,30231,20916,23866,15023,18763,4328,7531,230427,216531,32618,31319,55098,52130,16272,41,53
2021-09-17T23:59:59+02:00,1778,1647,16221,15093,21768,20045,23692,23275,27441,28061,30518,31464,21540,24587,15446,19377,4495,7819,1281,1153,14505,13488,20326,18530,22422,21827,26100,26589,29321,30225,20913,23863,15022,18762,4328,7531,230256,216426,32617,31319,55098,52130,16258,41,53
2021-09-16T23:59:59+02:00,1739,1616,16120,14993,21687,19946,23622,23191,27375,28001,30479,31426,21527,24570,15441,19367,4490,7819,1248,1124,14420,13414,20281,18475,22386,21775,26069,26545,29300,30194,20902,23853,15015,18754,4325,7527,229448,215965,32595,31241,55098,52118,16230,41,53
2021-09-15T23:59:59+02:00,1708,1599,16051,14914,21631,19891,23578,23146,27343,27967,30455,31402,21514,24548,15429,19357,4489,7817,1219,1096,14342,13328,20213,18415,22347,21723,26029,26501,29269,30171,20889,23838,15003,18746,4324,7525,228917,215406,32576,31196,55098,52113,16210,41,53
2021-09-14T23:59:59+02:00,1694,1583,16017,14868,21584,19853,23548,23111,27311,27931,30430,31378,21499,24537,15426,19345,4486,7816,1201,1081,14304,13290,20188,18392,22325,21697,26009,26486,29257,30160,20878,23830,15000,18739,4323,7523,228508,215122,32573,31195,55098,52113,16200,41,53
2021-09-13T23:59:59+02:00,1673,1570,15975,14814,21557,19821,23517,23078,27294,27894,30416,31362,21498,24527,15421,19343,4485,7813,1195,1073,14276,13275,20161,18376,22305,21677,25994,26474,29248,30137,20869,23819,14999,18732,4321,7521,228160,214899,32570,31195,55098,52113,16192,41,53
2021-09-12T23:59:59+02:00,1663,1557,15951,14790,21541,19799,23500,23053,27279,27879,30405,31354,21491,24519,15421,19338,4485,7813,1181,1068,14243,13246,20136,18338,22284,21651,25981,26450,29237,30129,20862,23810,14994,18725,4319,7516,227966,214657,32551,31164,55098,52111,16185,41,53
2021-09-11T23:59:59+02:00,1662,1557,15939,14785,21533,19791,23499,23052,27277,27878,30402,31352,21490,24518,15421,19338,4485,7813,1181,1068,14238,13243,20134,18335,22282,21651,25981,26449,29237,30129,20861,23810,14994,18725,4319,7516,227929,214646,32551,31164,55095,52111,16179,41,53
2021-09-10T23:59:59+02:00,1662,1557,15916,14780,21520,19780,23481,23049,27259,27868,30389,31347,21489,24516,15417,19336,4485,7812,1179,1068,14215,13236,20119,18325,22268,21647,25966,26436,29219,30126,20860,23806,14991,18722,4318,7515,227898,214607,32551,31164,55095,52111,16081,41,53
2021-09-09T23:59:59+02:00,1617,1518,15836,14701,21460,19714,23427,22999,27199,27818,30361,31318,21480,24499,15403,19322,4483,7810,1151,1043,14133,13160,20049,18256,22200,21592,25916,26396,29184,30094,20844,23778,14974,18708,4316,7513,227369,214139,32520,31081,55094,52091,15944,41,52
2021-09-08T23:59:59+02:00,1579,1470,15709,14607,21390,19638,23374,22923,27149,27775,30321,31270,21463,24481,15394,19311,4482,7810,1134,1018,14045,13070,19966,18205,22135,21539,25869,26357,29148,30044,20825,23757,14970,18700,4315,7512,226823,213738,32450,30992,55094,52086,15741,41,52
2021-09-07T23:59:59+02:00,1566,1450,15658,14556,21335,19611,23338,22900,27122,27743,30304,31254,21452,24459,15388,19303,4480,7810,1117,1004,13976,13021,19902,18165,22091,21508,25833,26325,29119,30016,20814,23743,14966,18693,4314,7512,226582,213451,32443,30962,55094,52082,15572,41,52
2021-09-06T23:59:59+02:00,1553,1440,15607,14510,21312,19579,23315,22872,27097,27724,30288,31232,21442,24456,15384,19296,4480,7808,1105,995,13945,12982,19880,18140,22061,21486,25813,26306,29104,30001,20805,23735,14962,18689,4314,7509,226328,213243,32442,30962,55094,52082,15493,41,52
2021-09-05T23:59:59+02:00,1533,1424,15577,14484,21293,19557,23305,22846,27088,27711,30283,31224,21437,24450,15378,19294,4480,7804,1097,981,13907,12946,19849,18103,22036,21458,25795,26289,29091,29982,20801,23727,14960,18687,4314,7509,226115,213026,32431,30882,55093,52081,15491,41,52
2021-09-04T23:59:59+02:00,1533,1424,15568,14481,21279,19551,23298,22841,27082,27705,30277,31221,21436,24447,15378,19293,4480,7804,1097,981,13898,12943,19835,18095,22029,21453,25788,26283,29085,29978,20800,23724,14960,18686,4314,7509,226114,213025,32431,30879,55093,52081,15421,41,52
2021-09-03T23:59:59+02:00,1530,1421,15551,14467,21247,19526,23267,22821,27059,27692,30262,31206,21429,24439,15378,19287,4480,7803,1097,981,13881,12929,19809,18076,22005,21438,25772,26273,29070,29967,20794,23717,14960,18683,4314,7509,226040,213006,32430,30874,55093,52080,15263,41,52
2021-09-02T23:59:59+02:00,1514,1401,15480,14408,21201,19477,23232,22772,27019,27651,30225,31180,21416,24429,15372,19274,4478,7797,1072,960,13788,12865,19765,18015,21960,21395,25730,26228,29031,29940,20782,23706,14955,18671,4313,7508,225621,212552,32425,30869,55091,52061,15150,41,52
2021-09-01T23:59:59+02:00,1463,1344,15343,14254,21082,19380,23163,22716,26952,27580,30173,31129,21398,24404,15364,19260,4475,7792,1040,920,13642,12742,19636,17918,21876,21326,25672,26158,28981,29877,20757,23676,14943,18658,4309,7503,224848,211967,32401,30672,55090,52049,14894,41,52
2021-08-31T23:59:59+02:00,1439,1329,15281,14183,21018,19328,23118,22674,26901,27537,30139,31097,21385,24391,15358,19251,4475,7791,1026,907,13568,12674,19589,17876,21843,21290,25639,26135,28953,29851,20751,23666,14940,18650,4308,7502,224386,211619,32400,30672,55089,52044,14781,41,52
2021-08-30T23:59:59+02:00,1416,1310,15213,14137,20971,19272,23086,22635,26864,27504,30106,31067,21372,24382,15354,19242,4473,7784,1021,892,13511,12632,19544,17825,21810,21265,25609,26098,28919,29826,20740,23651,14930,18641,4307,7498,224021,211317,32400,30669,55089,52042,14639,41,52
2021-08-29T23:59:59+02:00,1400,1298,15170,14092,20932,19241,23062,22611,26846,27480,30088,31052,21368,24373,15354,19240,4473,7783,1010,884,13458,12587,19521,17803,21783,21245,25588,26078,28906,29809,20732,23643,14927,18637,4305,7497,223732,211047,32399,30669,55089,52041,14604,41,52
2021-08-28T23:59:59+02:00,1400,1298,15164,14089,20921,19234,23056,22607,26843,27471,30085,31051,21367,24373,15354,19240,4473,7783,1010,884,13451,12583,19510,17796,21777,21241,25585,26069,28903,29808,20731,23643,14927,18637,4305,7497,223732,211045,32399,30669,55089,52041,14550,41,52
2021-08-27T23:59:59+02:00,1391,1291,15133,14061,20894,19219,23023,22591,26817,27459,30069,31031,21361,24365,15350,19239,4470,7780,1004,879,13422,12551,19474,17779,21749,21219,25556,26055,28886,29790,20725,23634,14924,18636,4304,7497,223596,210901,32399,30667,55086,52040,14424,41,52
2021-08-26T23:59:59+02:00,1378,1274,15088,14016,20847,19180,22993,22554,26784,27421,30037,30994,21346,24349,15343,19231,4467,7772,992,868,13354,12490,19398,17722,21689,21159,25500,26007,28846,29754,20712,23613,14914,18623,4303,7493,223304,210611,32380,30543,55086,51966,14265,41,52
2021-08-25T23:59:59+02:00,1333,1229,14943,13892,20738,19085,22913,22462,26705,27337,29980,30938,21323,24323,15333,19221,4463,7766,964,838,13232,12405,19317,17645,21622,21088,25430,25953,28801,29710,20685,23592,14906,18609,4302,7490,222448,210036,32364,30496,55086,51958,14048,40,51
2021-08-24T23:59:59+02:00,1309,1205,14880,13841,20695,19033,22858,22415,26669,27301,29950,30906,21305,24308,15327,19211,4462,7765,939,817,13135,12342,19255,17564,21585,21037,25385,25910,28771,29672,20667,23572,14899,18597,4300,7485,222027,209547,32334,30439,55085,51943,13956,40,47
2021-08-23T23:59:59+02:00,1291,1186,14811,13803,20654,19004,22828,22389,26634,27281,29926,30880,21286,24294,15322,19198,4461,7764,913,792,13019,12263,19192,17503,21531,20988,25345,25855,28726,29630,20648,23555,14893,18585,4297,7485,221715,209025,32318,30349,55085,51943,13856,40,47
2021-08-22T23:59:59+02:00,1282,1178,14796,13783,20638,18984,22816,22369,26619,27266,29909,30876,21279,24290,15320,19190,4459,7763,890,775,12960,12192,19139,17469,21502,20952,25324,25829,28700,29609,20641,23542,14892,18581,4297,7485,221540,208698,32299,30239,55085,51940,13855,40,47
2021-08-21T23:59:59+02:00,1282,1178,14787,13773,20627,18976,22806,22363,26615,27261,29898,30870,21279,24288,15320,19190,4459,7763,890,775,12950,12182,19129,17461,21494,20946,25318,25824,28690,29603,20641,23540,14892,18581,4297,7485,221535,208694,32299,30239,55085,51940,13778,40,47
2021-08-20T23:59:59+02:00,1275,1173,14757,13739,20592,18946,22783,22340,26589,27238,29881,30854,21276,24279,15318,19184,4459,7763,889,774,12931,12168,19104,17441,21477,20925,25305,25807,28671,29584,20637,23534,14891,18578,4297,7485,221340,208590,32299,30237,55085,51940,13684,40,47
2021-08-19T23:59:59+02:00,1256,1158,14698,13690,20552,18916,22751,22305,26567,27209,29856,30830,21265,24271,15315,19179,4458,7760,860,761,12797,12050,19014,17364,21391,20867,25235,25741,28612,29535,20616,23521,14885,18569,4295,7482,221032,207955,32267,30101,55085,51878,13614,40,47
2021-08-18T23:59:59+02:00,1233,1139,14616,13601,20436,18855,22675,22243,26500,27152,29798,30773,21240,24250,15309,19167,4456,7757,832,740,12657,11931,18875,17281,21294,20777,25149,25658,28529,29467,20584,23476,14874,18554,4294,7477,220619,207345,32249,29978,55084,51869,13210,40,47
2021-08-17T23:59:59+02:00,1222,1126,14576,13562,20395,18809,22638,22208,26465,27125,29782,30753,21227,24235,15298,19158,4452,7756,811,716,12549,11847,18795,17220,21216,20715,25097,25605,28493,29426,20565,23461,14865,18541,4292,7475,220331,206813,32214,29849,55084,51861,13120,40,46
2021-08-16T23:59:59+02:00,1210,1115,14527,13513,20360,18780,22609,22175,26444,27097,29748,30722,21214,24224,15291,19146,4450,7754,783,702,12452,11747,18704,17147,21146,20630,25030,25546,28427,29362,20542,23439,14855,18523,4291,7472,220063,206187,32212,29724,55084,51860,12982,40,45
2021-08-15T23:59:59+02:00,1200,1102,14488,13487,20331,18751,22580,22156,26431,27081,29738,30708,21209,24212,15286,19144,4449,7752,759,686,12388,11678,18653,17117,21095,20591,24994,25502,28408,29340,20532,23425,14851,18517,4289,7470,219839,205736,32212,29723,55084,51859,12932,40,45
2021-08-14T23:59:59+02:00,1200,1101,14481,13481,20321,18745,22571,22149,26417,27074,29733,30700,21206,24210,15285,19143,4449,7752,759,686,12380,11671,18641,17109,21085,20583,24980,25495,28403,29331,20529,23424,14850,18516,4289,7470,219838,205733,32211,29718,55084,51858,12847,40,45
2021-08-13T23:59:59+02:00,1197,1098,14472,13472,20307,18735,22559,22144,26410,27064,29717,30692,21197,24205,15284,19143,4449,7752,756,685,12365,11660,18630,17100,21072,20574,24974,25479,28389,29327,20523,23417,14848,18516,4289,7469,219781,205668,32210,29718,55084,51858,12784,40,45
2021-08-12T23:59:59+02:00,1177,1076,14415,13416,20264,18695,22535,22109,26382,27034,29686,30671,21185,24186,15280,19136,4449,7747,729,659,12198,11516,18495,16990,20979,20491,24894,25394,28322,29271,20502,23385,14835,18504,4286,7463,219453,204876,32198,29532,55084,51789,12671,39,45
2021-08-11T23:59:59+02:00,1161,1054,14346,13353,20221,18641,22491,22070,26349,27009,29658,30631,21171,24169,15277,19125,4446,7743,705,637,12059,11377,18413,16900,20899,20418,24845,25322,28279,29207,20469,23357,14828,18493,4284,7458,219049,203975,32126,29527,55084,51784,12619,39,45
2021-08-10T23:59:59+02:00,1146,1036,14266,13278,20164,18593,22456,22026,26316,26979,29624,30600,21157,24158,15277,19117,4445,7741,686,615,11943,11258,18314,16828,20833,20352,24793,25264,28235,29153,20442,23328,14814,18475,4283,7452,218627,203222,32094,29505,55084,51759,12537,39,45
2021-08-09T23:59:59+02:00,1129,1017,14180,13216,20083,18537,22407,21978,26265,26935,29586,30567,21138,24141,15271,19108,4440,7739,641,574,11761,11096,18144,16732,20707,20270,24697,25168,28155,29078,20404,23287,14800,18463,4280,7443,218180,202231,32073,29398,55083,51665,12364,39,42
2021-08-08T23:59:59+02:00,1115,1010,14137,13177,20061,18501,22381,21959,26250,26915,29570,30553,21131,24135,15268,19104,4439,7738,615,556,11678,11009,18058,16648,20640,20212,24634,25121,28109,29034,20382,23264,14787,18452,4280,7439,217950,201576,32042,29320,55082,51647,12333,39,42
2021-08-07T23:59:59+02:00,1115,1010,14122,13171,20051,18496,22376,21954,26238,26901,29555,30541,21129,24131,15264,19099,4438,7738,615,555,11663,11003,18042,16643,20635,20206,24621,25106,28092,29022,20380,23260,14783,18447,4279,7439,217947,201560,32041,29319,55081,51647,12223,39,42
2021-08-06T23:59:59+02:00,1115,1010,14112,13159,20038,18477,22362,21939,26216,26892,29542,30530,21126,24127,15261,19097,4438,7737,615,555,11652,10989,18019,16620,20619,20189,24600,25097,28079,29010,20377,23256,14780,18445,4279,7439,217939,201530,32037,29318,55081,51646,12084,39,42
2021-08-05T23:59:59+02:00,1103,991,14041,13117,19987,18443,22319,21896,26180,26835,29514,30506,21112,24112,15254,19088,4436,7734,580,525,11479,10880,17906,16520,20509,20090,24493,25007,28010,28961,20351,23231,14769,18431,4276,7437,217623,200744,31993,29227,55078,51505,11937,39,42
2021-08-04T23:59:59+02:00,1087,974,13978,13049,19882,18358,22254,21837,26139,26792,29463,30458,21089,24094,15244,19075,4436,7731,542,491,11294,10706,17675,16378,20333,19964,24375,24883,27900,28864,20323,23198,14756,18419,4273,7435,217353,199697,31831,29167,55077,51261,11642,39,42
2021-08-03T23:59:59+02:00,1063,956,13906,12986,19843,18307,22219,21795,26102,26750,29428,30428,21073,24069,15233,19061,4433,7721,485,449,11108,10534,17498,16250,20191,19829,24226,24759,27780,28756,20280,23150,14738,18387,4271,7429,216974,198257,31803,29132,55076,51206,11483,39,42
2021-08-02T23:59:59+02:00,1039,936,13821,12918,19784,18249,22167,21754,26047,26688,29376,30378,21044,24038,15223,19041,4430,7720,459,419,10940,10365,17324,16125,20043,19716,24108,24644,27693,28653,20235,23097,14719,18368,4268,7420,216493,197066,31772,29083,55076,51130,11275,39,42
2021-08-01T23:59:59+02:00,1029,921,13760,12871,19749,18232,22146,21732,26022,26667,29357,30362,21035,24026,15219,19034,4430,7719,423,388,10795,10220,17165,16017,19892,19608,23964,24540,27584,28573,20221,23073,14710,18354,4268,7416,216256,196178,31723,28992,55076,50781,11218,39,42
2021-07-31T23:59:59+02:00,1029,921,13735,12862,19731,18224,22130,21721,26008,26655,29349,30351,21032,24021,15218,19033,4429,7719,422,388,10769,10207,17144,16003,19874,19595,23951,24527,27576,28562,20218,23068,14709,18353,4267,7416,216252,196155,31723,28992,55076,50781,11079,39,42
2021-07-30T23:59:59+02:00,1021,911,13674,12815,19685,18202,22099,21702,25978,26633,29322,30333,21025,24013,15212,19031,4427,7718,401,370,10682,10132,17079,15959,19815,19559,23884,24486,27528,28536,20203,23046,14700,18349,4264,7414,216071,195762,31719,28992,55076,50714,10897,39,42
2021-07-29T23:59:59+02:00,997,892,13567,12729,19621,18141,22026,21649,25927,26577,29269,30295,21008,24003,15205,19024,4427,7716,356,330,10414,9871,16776,15717,19520,19341,23580,24255,27276,28372,20148,22991,14688,18328,4264,7413,215626,194006,31646,28880,55076,50025,10687,39,42
2021-07-28T23:59:59+02:00,969,862,13437,12601,19497,18033,21940,21566,25847,26498,29192,30227,20985,23967,15192,19012,4425,7714,321,290,10125,9667,16516,15526,19260,19153,23352,24062,27121,28229,20100,22917,14669,18305,4261,7408,214975,192661,31610,28798,55072,49512,10269,39,42
2021-07-27T23:59:59+02:00,938,841,13318,12508,19432,17972,21873,21513,25781,26441,29152,30182,20970,23947,15187,18992,4424,7708,273,235,9869,9453,16262,15296,19031,18966,23158,23887,26957,28093,20058,22864,14647,18278,4255,7399,214381,190990,31555,28639,55071,49175,10135,38,42
2021-07-26T23:59:59+02:00,913,823,13213,12413,19379,17915,21800,21448,25730,26408,29098,30121,20941,23923,15169,18973,4424,7704,225,206,9635,9202,16021,15088,18783,18766,22928,23720,26807,27965,19987,22803,14618,18242,4251,7393,213770,189229,31485,28538,55070,48797,10034,37,42
2021-07-25T23:59:59+02:00,894,812,13138,12342,19299,17864,21742,21395,25689,26360,29062,30076,20924,23906,15162,18967,4421,7703,202,186,9449,9061,15822,14934,18579,18627,22760,23611,26659,27845,19937,22755,14601,18229,4248,7390,213468,188321,31421,28389,55070,48382,9761,37,42
2021-07-24T23:59:59+02:00,894,812,13128,12332,19288,17857,21731,21391,25675,26353,29057,30070,20920,23905,15161,18966,4421,7703,202,186,9439,9045,15811,14927,18565,18622,22745,23601,26653,27837,19934,22752,14600,18228,4248,7390,213465,188301,31419,28386,55070,48382,9674,37,42
2021-07-23T23:59:59+02:00,886,810,13062,12294,19211,17823,21691,21358,25640,26315,29023,30034,20905,23888,15153,18962,4419,7700,202,185,9386,9016,15727,14885,18511,18581,22695,23561,26609,27798,19917,22735,14593,18222,4246,7387,213336,188139,31418,28380,55070,48381,9314,37,42
2021-07-22T23:59:59+02:00,874,796,12966,12212,19155,17753,21645,21328,25592,26268,28999,30011,20892,23870,15151,18956,4416,7698,148,142,9069,8741,15330,14636,18144,18324,22364,23314,26403,27663,19860,22678,14580,18200,4243,7382,212869,186310,31332,28125,55067,47466,9278,37,42
2021-07-21T23:59:59+02:00,852,768,12766,12044,19008,17629,21512,21229,25486,26164,28923,29939,20850,23835,15134,18933,4412,7693,125,122,8692,8426,14898,14311,17764,18050,22006,22979,26128,27453,19767,22590,14554,18162,4240,7373,212240,184406,31223,27772,55064,46806,8614,37,42
2021-07-20T23:59:59+02:00,822,743,12617,11908,18900,17542,21443,21151,25425,26099,28883,29888,20825,23802,15126,18917,4409,7690,95,95,8361,8120,14434,13976,17381,17774,21702,22749,25881,27266,19686,22481,14525,18127,4238,7367,211554,182250,31113,27609,55061,45932,8426,37,41
2021-07-19T23:59:59+02:00,793,716,12497,11791,18813,17472,21382,21092,25371,26045,28833,29851,20799,23772,15116,18903,4405,7684,74,64,8038,7866,14070,13723,17033,17526,21374,22544,25653,27124,19616,22405,14503,18105,4232,7361,210840,180208,31010,27451,55061,45221,8390,35,41
2021-07-18T23:59:59+02:00,775,698,12382,11682,18715,17394,21314,21039,25315,25991,28796,29797,20777,23751,15104,18892,4403,7682,61,53,7867,7715,13916,13599,16881,17402,21210,22431,25523,27042,19576,22365,14489,18089,4232,7358,210252,179273,30863,27344,55061,44854,8297,35,41
2021-07-17T23:59:59+02:00,775,698,12379,11682,18714,17391,21313,21039,25315,25991,28796,29797,20777,23751,15104,18892,4403,7682,61,53,7860,7714,13912,13594,16880,17401,21209,22430,25522,27040,19573,22364,14489,18089,4232,7358,210247,179251,30863,27343,55061,44852,8294,35,41
2021-07-16T23:59:59+02:00,768,693,12306,11628,18672,17360,21278,21012,25282,25968,28771,29778,20775,23748,15104,18890,4403,7682,57,50,7704,7613,13753,13524,16736,17342,21070,22371,25416,26992,19554,22343,14488,18083,4232,7355,210038,178795,30863,27270,55061,44455,8122,35,41
2021-07-15T23:59:59+02:00,753,673,12234,11556,18610,17301,21221,20964,25233,25927,28743,29750,20760,23731,15099,18881,4402,7679,55,47,7362,7295,13144,13115,16064,16917,20434,21999,24959,26679,19408,22202,14446,18037,4229,7348,209556,176558,30777,26365,55054,42680,8096,35,41
2021-07-14T23:59:59+02:00,724,653,12026,11417,18439,17192,21102,20868,25128,25825,28655,29650,20726,23697,15080,18865,4399,7676,47,36,6945,6939,12480,12662,15374,16428,19801,21541,24493,26336,19189,21977,14414,17989,4221,7337,208741,173729,30616,26026,55051,40733,7680,35,41
2021-07-13T23:59:59+02:00,680,618,11889,11283,18316,17107,20989,20772,25032,25732,28585,29584,20697,23658,15060,18855,4397,7666,37,25,6486,6515,11848,12163,14678,15925,19198,21129,24055,26013,19007,21761,14370,17928,4217,7328,207719,170074,30479,25854,55040,39069,7648,35,38
2021-07-12T23:59:59+02:00,645,587,11764,11146,18200,17018,20895,20664,24932,25633,28504,29517,20671,23624,15052,18843,4392,7659,33,19,6071,6103,11239,11628,14054,15389,18642,20635,23636,25652,18810,21571,14305,17870,4208,7324,206700,166388,30351,25030,55037,38109,7624,35,38
2021-07-11T23:59:59+02:00,609,560,11649,11055,18138,16955,20838,20608,24878,25586,28446,29468,20652,23604,15043,18834,4392,7658,30,18,5881,5935,10984,11423,13822,15189,18397,20446,23428,25465,18737,21489,14278,17844,4207,7318,206062,164998,30234,24560,55035,37685,7610,33,38
2021-07-10T23:59:59+02:00,608,559,11641,11054,18134,16954,20834,20606,24875,25585,28445,29468,20652,23604,15042,18832,4392,7658,30,18,5874,5934,10979,11417,13812,15185,18397,20444,23426,25463,18735,21488,14277,17844,4207,7318,206042,164969,30230,24559,55035,37678,7604,33,38
2021-07-09T23:59:59+02:00,580,536,11531,10927,18059,16871,20764,20544,24800,25509,28395,29422,20629,23584,15039,18822,4392,7657,30,17,5839,5900,10949,11384,13762,15164,18366,20412,23407,25440,18730,21478,14275,17841,4207,7317,205170,164736,30229,24509,55035,37640,7595,33,38
2021-07-08T23:59:59+02:00,545,508,11366,10791,17932,16765,20629,20443,24691,25381,28277,29343,20585,23536,15023,18793,4389,7649,27,14,5493,5643,10435,10986,13142,14713,17701,19852,22799,24971,18411,21081,14178,17758,4202,7307,204395,162418,30201,23701,55007,35545,7011,33,38
2021-07-07T23:59:59+02:00,485,456,11197,10644,17847,16680,20557,20375,24618,25303,28216,29280,20557,23500,15018,18781,4387,7641,22,14,5187,5351,9910,10538,12563,14231,17017,19331,22233,24469,18096,20716,14076,17661,4195,7284,203382,159953,30176,22239,54989,33701,6963,33,38
2021-07-06T23:59:59+02:00,444,422,11071,10492,17732,16585,20463,20272,24540,25210,28125,29201,20531,23460,15009,18764,4385,7638,15,8,4789,4920,9308,10017,11854,13628,16307,18716,21718,23975,17776,20411,13975,17544,4186,7274,202237,155757,30170,21293,54980,32408,6925,33,38
2021-07-05T23:59:59+02:00,422,395,10985,10403,17642,16514,20385,20200,24480,25158,28084,29164,20508,23439,14997,18756,4384,7635,12,7,4505,4602,8815,9568,11295,13074,15598,18071,21094,23368,17382,20013,13841,17386,4178,7266,201496,151867,30167,20613,54971,30672,6885,33,38
2021-07-04T23:59:59+02:00,409,389,10913,10348,17576,16459,20336,20151,24449,25123,28068,29146,20499,23428,14992,18753,4383,7634,12,7,4359,4512,8684,9401,11104,12900,15354,17859,20827,23096,17110,19722,13781,17294,4174,7262,201021,150548,30161,20306,54970,29694,6872,33,38
2021-07-03T23:59:59+02:00,407,388,10905,10336,17564,16453,20334,20148,24448,25122,28065,29145,20499,23427,14992,18753,4383,7634,12,7,4354,4503,8677,9397,11101,12900,15350,17859,20823,23092,17110,19716,13781,17294,4174,7262,200991,150532,30159,20306,54970,29685,6851,33,38
2021-07-02T23:59:59+02:00,364,325,10761,10226,17448,16354,20229,20072,24374,25058,28002,29086,20473,23401,14986,18739,4383,7631,12,7,4268,4424,8515,9260,10963,12788,15228,17751,20711,22988,17068,19685,13774,17279,4174,7259,200110,149543,30159,20305,54970,29627,6641,33,38
2021-07-01T23:59:59+02:00,317,282,10628,10091,17324,16260,20105,19982,24290,24983,27938,29034,20453,23377,14970,18724,4380,7627,12,5,4062,4225,8209,8927,10592,12376,14658,17250,20200,22448,16779,19386,13568,17064,4164,7237,199036,146471,30102,19622,54964,28400,6631,33,38
2021-06-30T23:59:59+02:00,234,221,10375,9852,17149,16111,19971,19850,24174,24859,27859,28945,20431,23345,14951,18706,4379,7626,12,4,3867,4032,7905,8591,10185,11912,14167,16695,19624,21813,16457,19042,13295,16786,4151,7210,197388,142793,30047,19371,54956,26931,6615,33,38
2021-06-29T23:59:59+02:00,190,184,10227,9677,17013,16016,19868,19758,24105,24783,27801,28878,20404,23318,14937,18686,4379,7622,11,4,3665,3774,7509,8142,9709,11377,13511,16025,19007,21111,16138,18714,13045,16496,4144,7196,196239,138518,30042,19071,54952,25369,6582,32,38
2021-06-28T23:59:59+02:00,141,132,10033,9493,16889,15910,19764,19655,24010,24687,27733,28816,20374,23288,14923,18667,4377,7620,10,3,3464,3520,7109,7702,9270,10887,12962,15488,18509,20591,15886,18449,12926,16363,4138,7185,195055,134682,29928,18652,54949,24541,6549,32,38
2021-06-27T23:59:59+02:00,123,115,9893,9382,16832,15849,19703,19606,23951,24637,27706,28791,20362,23272,14920,18663,4376,7617,10,3,3374,3455,6931,7504,9079,10688,12732,15248,18247,20330,15763,18343,12861,16276,4138,7181,194422,133485,29870,18306,54945,23804,6530,32,38
2021-06-26T23:59:59+02:00,123,115,9892,9376,16830,15845,19700,19605,23949,24636,27706,28790,20362,23272,14920,18663,4376,7617,10,3,3372,3454,6928,7503,9076,10687,12729,15245,18245,20328,15760,18342,12861,16273,4138,7181,194404,133465,29869,18306,54945,23798,6528,32,38
2021-06-25T23:59:59+02:00,119,112,9845,9337,16788,15809,19666,19572,23913,24608,27681,28771,20356,23265,14918,18660,4376,7617,10,3,3351,3408,6854,7392,8977,10529,12614,15048,18096,20119,15735,18312,12853,16270,4137,7180,194078,133275,29833,17950,54944,23098,6527,32,38
2021-06-24T23:59:59+02:00,109,101,9717,9213,16604,15683,19532,19447,23791,24519,27623,28710,20342,23249,14911,18651,4375,7615,9,3,3226,3266,6634,7061,8664,10076,12079,14423,17542,19408,15511,18080,12705,16139,4134,7168,193237,130869,29492,17091,54943,21641,6489,32,38
2021-06-23T23:59:59+02:00,103,96,9588,9074,16462,15555,19414,19345,23694,24413,27556,28663,20327,23227,14907,18646,4372,7614,9,3,3023,3029,6277,6578,8163,9506,11375,13598,16777,18423,15214,17737,12555,15997,4124,7143,192312,126308,29328,16114,54932,20620,6452,32,37
2021-06-22T23:59:59+02:00,72,70,9299,8772,16229,15356,19229,19194,23547,24288,27485,28579,20302,23201,14899,18627,4368,7608,9,3,2789,2745,5795,6033,7539,8745,10460,12553,15756,17218,14917,17378,12448,15873,4111,7120,190623,119872,29124,15623,54928,19545,6419,31,33
2021-06-21T23:59:59+02:00,68,62,9172,8617,16054,15203,19039,19041,23415,24165,27424,28501,20278,23172,14894,18617,4368,7604,9,3,2642,2554,5414,5572,7076,8159,9729,11677,15027,16286,14638,17064,12339,15752,4106,7103,189420,115175,28903,15065,54925,18463,6415,31,32
2021-06-20T23:59:59+02:00,65,60,9035,8490,15916,15083,18927,18954,23341,24094,27384,28450,20267,23151,14883,18610,4365,7603,9,3,2582,2486,5244,5391,6862,7893,9421,11341,14660,15881,14502,16929,12299,15715,4101,7097,188525,113465,28788,14832,54924,17677,6410,31,32
2021-06-19T23:59:59+02:00,65,60,9034,8483,15912,15074,18924,18954,23339,24093,27384,28449,20267,23151,14883,18610,4365,7603,9,3,2579,2485,5243,5385,6860,7891,9420,11340,14658,15877,14500,16929,12299,15715,4101,7097,188501,113445,28785,14828,54923,17676,6410,31,32
2021-06-18T23:59:59+02:00,65,56,9002,8471,15899,15065,18908,18946,23332,24084,27378,28444,20267,23148,14882,18610,4365,7603,9,3,2551,2452,5187,5327,6782,7791,9322,11182,14487,15649,14421,16828,12288,15693,4099,7094,188378,112661,28784,14827,54922,17235,6410,31,32
2021-06-17T23:59:59+02:00,58,53,8821,8308,15668,14897,18708,18789,23175,23952,27243,28350,20243,23127,14875,18598,4363,7600,9,3,2411,2303,4864,5026,6392,7387,8777,10579,13657,14776,14183,16533,12214,15570,4095,7083,187039,109780,28779,13876,54915,16110,6064,31,32
2021-06-16T23:59:59+02:00,50,51,8595,8097,15436,14667,18497,18590,22983,23783,27137,28240,20214,23084,14861,18578,4359,7594,9,3,2298,2196,4623,4821,6037,7046,8245,10091,12939,13932,13832,16151,12129,15481,4090,7071,185258,106318,28676,13075,54912,15630,5939,31,32
2021-06-15T23:59:59+02:00,41,38,8252,7763,15060,14309,18176,18301,22732,23571,26977,28108,20184,23050,14848,18563,4357,7583,9,3,2118,2026,4273,4470,5532,6481,7364,9201,11744,12649,13290,15532,12008,15318,4075,7048,182666,100070,28638,12409,54910,14962,5668,31,32
2021-06-14T23:59:59+02:00,35,33,8071,7598,14801,14075,17972,18128,22580,23449,26864,28026,20161,23017,14834,18555,4353,7575,7,3,2005,1903,4017,4219,5145,6010,6705,8479,10819,11591,12972,15182,11937,15221,4065,7029,181080,95223,28613,12047,54907,14511,5496,31,32
2021-06-13T23:59:59+02:00,35,33,7997,7543,14717,13985,17856,18017,22497,23371,26835,27996,20148,23006,14830,18549,4353,7575,5,3,1963,1877,3935,4122,5026,5870,6471,8240,10524,11258,12815,15004,11879,15164,4064,7028,180322,93844,28602,11756,54903,14131,5485,31,32
2021-06-12T23:59:59+02:00,35,33,7996,7541,14717,13983,17856,18017,22495,23370,26834,27993,20147,23005,14830,18549,4353,7575,5,3,1962,1875,3933,4122,5024,5869,6468,8235,10520,11252,12812,15003,11879,15162,4064,7028,180309,93820,28602,11756,54902,14123,5485,31,32
2021-06-11T23:59:59+02:00,35,32,7931,7500,14627,13936,17779,17966,22426,23334,26790,27970,20145,23001,14830,18548,4353,7575,5,3,1945,1862,3898,4064,4980,5802,6407,8152,10420,11146,12772,14967,11868,15156,4064,7028,179969,93602,28524,11748,54901,13804,5353,31,32
2021-06-10T23:59:59+02:00,30,25,7591,7204,14233,13571,17346,17589,22096,23053,26594,27789,20101,22956,14817,18530,4350,7563,3,3,1845,1781,3683,3898,4704,5527,6081,7783,9802,10536,12252,14307,11798,15048,4057,7021,177371,90435,28025,11368,54890,13175,5121,31,30
2021-06-09T23:59:59+02:00,29,22,7226,6856,13771,13140,16829,17124,21706,22684,26377,27575,20027,22886,14799,18495,4347,7555,3,3,1683,1666,3488,3719,4449,5259,5692,7375,9025,9820,11586,13470,11678,14907,4047,7009,174135,86182,27480,10735,54878,13008,4924,31,30
2021-06-08T23:59:59+02:00,24,18,6850,6455,13258,12652,16361,16653,21346,22343,26160,27373,19970,22806,14768,18460,4345,7548,3,3,1593,1592,3270,3487,4128,4906,5181,6886,8141,8897,10700,12391,11534,14748,4043,6994,170724,80522,26985,10437,54869,12728,4781,31,29
2021-06-07T23:59:59+02:00,21,15,6576,6174,12816,12278,15962,16254,21021,22046,25997,27215,19933,22752,14747,18440,4338,7542,3,3,1533,1521,3076,3315,3854,4678,4778,6508,7427,8143,9785,11243,11422,14601,4032,6976,168164,75776,26558,10062,54848,12505,4526,31,29
2021-06-06T23:59:59+02:00,21,15,6435,6042,12673,12123,15800,16098,20855,21883,25910,27128,19913,22715,14736,18430,4337,7538,3,3,1518,1498,3002,3274,3760,4613,4672,6427,7285,8011,9526,10974,11376,14552,4029,6971,166938,75089,26451,9639,54827,12332,4405,31,29
2021-06-05T23:59:59+02:00,21,15,6425,6038,12659,12108,15790,16089,20852,21878,25910,27125,19913,22715,14736,18430,4337,7538,3,3,1516,1496,2999,3272,3759,4612,4669,6427,7280,8005,9518,10969,11376,14552,4029,6971,166878,75057,26438,9637,54827,12328,4405,31,29
2021-06-04T23:59:59+02:00,21,15,6390,5998,12598,12059,15730,16039,20824,21846,25890,27108,19909,22709,14733,18430,4337,7538,3,3,1513,1490,2986,3260,3740,4596,4659,6411,7242,7961,9486,10899,11338,14511,4028,6970,166773,74774,26180,9623,54802,12282,4388,31,29
2021-06-03T23:59:59+02:00,21,14,6157,5774,12299,11809,15407,15728,20491,21507,25633,26896,19862,22635,14713,18409,4336,7534,2,3,1471,1447,2911,3194,3643,4515,4547,6310,7043,7775,9107,10448,11287,14437,4028,6965,164291,73467,25933,9323,54799,12143,4171,31,29
2021-06-02T23:59:59+02:00,21,14,6090,5715,12227,11746,15334,15659,20419,21445,25616,26872,19858,22632,14710,18406,4335,7533,2,3,1457,1436,2892,3177,3626,4500,4511,6292,7008,7737,9026,10337,11278,14412,4027,6964,163933,73095,25752,9314,54798,12132,4118,31,26
2021-06-01T23:59:59+02:00,17,14,5637,5222,11493,11047,14510,14925,19701,20779,25205,26489,19768,22543,14676,18359,4327,7525,2,3,1345,1328,2595,2905,3247,4168,4022,5834,6177,6932,7835,8708,11032,14066,4013,6947,158900,67674,25099,8407,54770,11616,3437,31,25
2021-05-31T23:59:59+02:00,15,14,5389,4923,11052,10622,13982,14432,19222,20279,24899,26151,19676,22457,14638,18313,4318,7509,2,3,1285,1273,2441,2772,3045,3997,3737,5540,5618,6399,6816,7421,10787,13747,4004,6913,155435,63630,24410,7486,54763,11407,3252,31,25
2021-05-30T23:59:59+02:00,15,14,5311,4848,10865,10499,13815,14254,18873,19955,24656,25903,19645,22427,14630,18293,4317,7507,2,3,1266,1259,2413,2738,2997,3951,3669,5484,5514,6308,6642,7189,10750,13672,4001,6903,153938,62887,23905,7423,54735,11208,3218,31,25
2021-05-29T23:59:59+02:00,15,14,5308,4848,10865,10495,13810,14251,18873,19954,24655,25900,19645,22427,14630,18293,4317,7507,2,3,1265,1255,2411,2735,2993,3948,3669,5482,5512,6306,6637,7186,10750,13672,4001,6903,153919,62875,23905,7419,54734,11194,3218,31,24
2021-05-28T23:59:59+02:00,15,14,5292,4834,10844,10458,13783,14231,18856,19936,24646,25890,19643,22424,14628,18290,4317,7506,2,3,1259,1254,2410,2728,2990,3946,3662,5476,5497,6290,6620,7169,10741,13650,4000,6899,153728,62769,23903,7419,54730,11170,3215,31,23
2021-05-27T23:59:59+02:00,12,13,4998,4555,10316,10002,13197,13702,18166,19322,24065,25354,19543,22309,14595,18244,4306,7494,2,3,1096,1114,2124,2533,2689,3657,3365,5120,5168,6010,6320,6752,10513,13366,3995,6883,150460,60913,22916,7382,54622,10228,2164,31,23
2021-05-26T23:59:59+02:00,12,13,4735,4302,9883,9623,12680,13182,17552,18713,23431,24678,19419,22159,14548,18189,4300,7477,2,3,1017,1032,1963,2381,2489,3458,3102,4876,4780,5658,5761,6101,10138,12829,3979,6847,146368,57756,22159,7344,54500,9455,1838,31,23
2021-05-25T23:59:59+02:00,12,12,4521,4075,9471,9151,12223,12675,17015,18135,22911,24039,19287,21987,14516,18110,4291,7463,2,3,970,987,1901,2291,2379,3321,2929,4671,4434,5280,5174,5367,9684,12228,3963,6822,142334,54190,21326,7329,54369,9030,1834,31,23
2021-05-24T23:59:59+02:00,12,12,4409,3918,9260,8947,12019,12415,16713,17816,22581,23636,19211,21908,14501,18090,4289,7462,2,3,953,937,1840,2248,2304,3260,2842,4589,4311,5164,5028,5207,9594,12100,3960,6814,140827,53477,20369,7275,54193,8603,1779,31,22
2021-05-23T23:59:59+02:00,12,12,4397,3918,9254,8944,12006,12405,16702,17809,22565,23615,19206,21903,14500,18088,4289,7462,2,3,951,932,1838,2243,2300,3258,2835,4584,4303,5147,5021,5193,9586,12087,3959,6813,140720,53397,20366,7262,54192,8597,1778,31,21
2021-05-22T23:59:59+02:00,12,12,4393,3915,9250,8941,11998,12399,16698,17805,22562,23613,19206,21903,14500,18088,4289,7462,2,3,951,932,1837,2240,2297,3258,2834,4584,4303,5145,5019,5192,9585,12087,3959,6813,140691,53390,20366,7262,54180,8590,1778,31,21
2021-05-21T23:59:59+02:00,12,12,4361,3879,9179,8865,11924,12312,16608,17730,22497,23545,19187,21884,14496,18081,4289,7460,2,3,905,923,1805,2230,2264,3248,2802,4559,4254,5116,4995,5168,9572,12080,3958,6812,140033,53317,20366,7262,54161,8366,1730,31,21
2021-05-20T23:59:59+02:00,9,11,4107,3700,8727,8506,11443,11897,15939,17227,21914,22965,19002,21716,14464,18041,4284,7449,2,3,759,860,1546,2069,2022,3089,2559,4338,4004,4883,4838,5005,9456,11934,3950,6788,136636,52586,19989,7163,53741,7332,1004,31,20
2021-05-19T23:59:59+02:00,9,11,3865,3461,8229,8041,10866,11351,15266,16518,21236,22240,18802,21485,14423,17991,4278,7431,2,3,712,813,1485,1986,1945,2986,2492,4210,3859,4723,4661,4792,9253,11704,3930,6759,131241,51498,19806,7030,53443,6784,983,30,20
2021-05-18T23:59:59+02:00,8,10,3576,3198,7686,7508,10138,10656,14307,15577,20293,21183,18541,21200,14367,17931,4272,7409,2,3,658,765,1431,1900,1869,2875,2362,4068,3681,4520,4389,4500,9050,11453,3917,6732,124207,50263,19708,6829,53005,6156,910,30,17
2021-05-17T23:59:59+02:00,8,10,3387,2990,7228,7043,9632,10115,13579,14790,19608,20383,18355,20937,14319,17865,4261,7394,2,3,602,709,1350,1837,1794,2794,2249,3992,3544,4406,4142,4269,8906,11239,3904,6703,118973,49455,19468,6615,52539,5464,894,30,17
2021-05-16T23:59:59+02:00,8,9,3259,2917,7024,6869,9429,9900,13325,14555,19379,20152,18278,20857,14305,17846,4260,7388,2,3,589,664,1310,1788,1750,2732,2211,3899,3479,4322,4051,4167,8885,11210,3902,6701,117353,49304,19229,6447,52258,5007,890,30,17
2021-05-15T23:59:59+02:00,8,9,3258,2913,7017,6860,9427,9894,13322,14553,19376,20142,18276,20856,14305,17846,4260,7388,2,3,589,664,1307,1786,1746,2731,2208,3899,3478,4322,4049,4165,8885,11210,3902,6700,117308,49294,19229,6446,52255,5001,888,30,17
2021-05-14T23:59:59+02:00,8,9,3217,2868,6898,6718,9296,9756,13170,14369,19204,20005,18251,20830,14304,17838,4259,7385,2,3,569,651,1285,1764,1716,2709,2174,3872,3432,4285,3997,4107,8877,11203,3902,6699,116892,49250,18479,6291,52169,4874,815,30,17
2021-05-13T23:59:59+02:00,8,9,3101,2710,6572,6396,8859,9358,12620,13887,18603,19408,18122,20686,14271,17801,4254,7383,1,2,536,627,1234,1708,1660,2636,2087,3767,3281,4165,3893,3970,8854,11183,3899,6695,114006,49152,17784,5900,51563,4465,666,29,15
2021-05-12T23:59:59+02:00,8,9,3074,2679,6538,6358,8810,9304,12479,13774,18419,19204,18089,20652,14263,17791,4254,7383,1,2,535,625,1232,1703,1654,2633,2077,3761,3267,4157,3880,3956,8846,11176,3899,6694,113293,49123,17558,5871,51545,4426,663,29,15
2021-05-11T23:59:59+02:00,6,9,2688,2423,5744,5863,7838,8492,11084,12606,16853,17727,17585,20088,14179,17686,4236,7360,0,2,497,566,1103,1596,1488,2477,1891,3583,3046,3894,3771,3842,8777,11083,3894,6689,105892,48881,16934,5673,49475,3492,138,28,15
2021-05-10T23:59:59+02:00,6,7,2503,2257,5268,5483,7145,7867,10053,11691,15555,16356,17205,19636,14116,17572,4228,7336,0,2,473,541,1059,1557,1445,2423,1829,3481,2927,3763,3688,3769,8738,11035,3890,6685,100081,48762,16024,5442,48018,2953,133,28,15
2021-05-09T23:59:59+02:00,6,7,2423,2225,5131,5399,6960,7748,9642,11352,15010,15827,17087,19496,14096,17543,4225,7331,0,2,458,523,1025,1499,1374,2339,1770,3359,2815,3609,3602,3676,8715,11002,3887,6682,98506,48675,15435,5171,47409,2346,130,28,15
2021-05-08T23:59:59+02:00,6,7,2419,2223,5129,5399,6958,7745,9637,11348,15008,15826,17087,19496,14096,17543,4225,7331,0,2,457,522,1024,1499,1374,2338,1770,3359,2814,3608,3600,3676,8714,11002,3887,6682,98486,48669,15432,5171,47407,2343,130,28,15
2021-05-07T23:59:59+02:00,6,7,2249,2160,4858,5304,6594,7592,9187,11135,14565,15505,16910,19294,14084,17514,4225,7329,0,2,447,520,1013,1486,1359,2324,1735,3349,2765,3574,3554,3636,8634,10921,3887,6679,97778,48645,14913,4820,45673,2279,126,28,15
2021-05-06T23:59:59+02:00,6,7,2017,2027,4311,4960,5935,7217,8416,10575,13592,14685,16512,18844,14035,17420,4213,7316,0,2,417,472,972,1386,1272,2160,1627,3125,2542,3292,3376,3436,8455,10728,3878,6665,95191,48203,13679,4212,43134,1318,57,27,15
2021-05-05T23:59:59+02:00,6,7,1894,1918,4030,4736,5504,6846,7723,9984,12473,13628,15834,18008,13931,17318,4204,7292,0,2,409,458,958,1358,1244,2118,1592,3049,2481,3208,3325,3396,8376,10629,3872,6655,90781,48068,12359,4062,42129,944,41,26,15
2021-05-04T23:59:59+02:00,6,7,1809,1833,3765,4500,5096,6491,7059,9410,11255,12384,14916,16880,13822,17181,4200,7278,0,2,404,448,940,1338,1225,2075,1574,3010,2437,3153,3279,3347,8288,10517,3866,6641,84973,47926,11723,3863,41142,712,28,26,15
2021-05-03T23:59:59+02:00,5,7,1759,1779,3613,4375,4864,6279,6677,9078,10527,11648,14189,15899,13734,17066,4191,7261,0,2,398,438,934,1323,1210,2042,1553,2968,2404,3107,3226,3307,8173,10415,3861,6635,80543,47795,11519,3642,40841,523,22,26,14
2021-05-02T23:59:59+02:00,5,7,1749,1761,3539,4348,4779,6226,6606,9017,10408,11533,14002,15705,13702,17039,4190,7256,0,2,396,428,927,1308,1206,2025,1549,2955,2388,3090,3208,3288,8135,10383,3860,6631,79980,47768,11242,3542,40607,438,17,26,14
2021-05-01T23:59:59+02:00,5,7,1746,1761,3537,4347,4778,6224,6603,9015,10403,11529,13999,15705,13701,17038,4190,7253,0,2,395,428,927,1308,1205,2024,1549,2954,2388,3090,3208,3288,8135,10383,3860,6630,79951,47764,11242,3542,40606,438,16,26,14
2021-04-30T23:59:59+02:00,5,7,1743,1754,3531,4338,4771,6212,6582,9000,10364,11490,13948,15631,13675,17007,4189,7252,0,2,395,426,925,1306,1205,2024,1549,2954,2385,3088,3208,3286,8134,10381,3860,6630,79622,47756,11241,3541,40596,432,15,25,14
2021-04-29T23:59:59+02:00,5,7,1623,1713,3291,4223,4495,6057,6263,8749,9947,11096,13365,14926,13571,16850,4183,7244,0,2,386,415,916,1283,1185,1990,1524,2918,2356,3040,3194,3275,8121,10363,3857,6626,76833,47641,10855,3539,39882,243,14,24,14
2021-04-28T23:59:59+02:00,5,7,1498,1665,3116,4122,4262,5878,5906,8476,9359,10604,12485,13744,13415,16641,4174,7230,0,2,377,404,899,1270,1169,1961,1486,2874,2286,2970,3037,3139,8007,10247,3850,6615,72332,47215,10670,3123,39550,229,12,23,14
2021-04-27T23:59:59+02:00,5,7,1461,1620,3007,4004,4059,5736,5600,8218,8736,9934,11447,12432,13185,16284,4163,7208,0,2,365,388,889,1249,1154,1925,1459,2801,2239,2909,2998,3094,7979,10215,3843,6610,67524,46997,10484,2949,39066,147,12,20,14
2021-04-26T23:59:59+02:00,5,7,1436,1585,2896,3926,3887,5593,5289,8004,8244,9493,10690,11504,13041,16079,4152,7190,0,2,364,383,879,1238,1137,1914,1429,2780,2210,2878,2948,3042,7929,10165,3837,6605,64108,46893,10295,2695,38586,126,12,20,14
2021-04-25T23:59:59+02:00,5,7,1425,1578,2827,3894,3790,5533,5151,7957,8048,9385,10492,11267,13004,16025,4151,7185,0,2,363,378,870,1232,1119,1898,1414,2761,2186,2851,2906,3009,7881,10117,3836,6600,63594,46810,10092,2487,38006,100,12,20,14
2021-04-24T23:59:59+02:00,5,7,1424,1578,2827,3891,3789,5532,5149,7955,8044,9381,10485,11263,13004,16025,4151,7185,0,2,363,378,870,1231,1119,1895,1412,2760,2185,2851,2906,3009,7881,10117,3836,6600,63566,46804,10092,2486,38005,99,12,20,14
2021-04-23T23:59:59+02:00,5,7,1407,1567,2758,3857,3706,5502,5031,7907,7907,9321,10398,11149,12980,15984,4149,7181,0,2,362,378,869,1228,1119,1895,1411,2760,2185,2851,2905,3009,7880,10117,3836,6600,63427,46798,9812,2485,37545,98,12,20,14
2021-04-22T23:59:59+02:00,5,7,1364,1537,2650,3793,3545,5395,4798,7752,7554,9084,9824,10453,12713,15685,4143,7157,0,2,356,377,860,1219,1109,1882,1399,2733,2157,2830,2869,2976,7790,10007,3824,6583,61793,46382,9152,2476,36482,89,12,20,14
2021-04-21T23:59:59+02:00,5,7,1332,1500,2569,3711,3426,5293,4579,7572,7142,8757,8931,9420,12297,15107,4130,7115,0,2,351,375,855,1202,1100,1861,1381,2703,2126,2802,2810,2919,7675,9839,3806,6555,59050,45896,8283,2351,35528,89,12,20,14
2021-04-20T23:59:59+02:00,4,7,1309,1473,2498,3638,3326,5196,4405,7389,6757,8424,8038,8290,11832,14517,4116,7101,0,2,345,370,843,1189,1090,1839,1356,2680,2092,2759,2749,2862,7524,9650,3774,6500,56189,45171,7519,2345,34582,83,11,19,14
2021-04-19T23:59:59+02:00,4,7,1292,1456,2463,3601,3265,5129,4296,7286,6518,8189,7401,7514,11579,14161,4105,7083,0,2,343,368,837,1179,1084,1827,1333,2667,2058,2731,2694,2818,7407,9483,3751,6461,54233,44608,7145,2331,33941,79,11,19,14
2021-04-18T23:59:59+02:00,4,6,1282,1444,2430,3575,3225,5107,4243,7230,6382,8058,7047,7126,11485,14057,4102,7071,0,2,343,366,835,1175,1083,1819,1331,2654,2052,2726,2688,2804,7380,9450,3749,6457,53708,44482,6686,2328,33450,79,11,19,14
2021-04-17T23:59:59+02:00,4,6,1281,1442,2430,3573,3224,5103,4238,7227,6375,8048,7032,7116,11483,14055,4102,7071,0,2,343,366,834,1174,1083,1819,1329,2653,2051,2724,2685,2801,7379,9450,3749,6457,53686,44469,6684,2327,33411,79,11,18,13
2021-04-16T23:59:59+02:00,4,6,1278,1440,2419,3564,3216,5095,4219,7208,6324,8015,6955,7031,11470,14041,4100,7069,0,2,343,365,829,1172,1081,1819,1327,2652,2048,2724,2684,2794,7377,9448,3748,6457,53627,44444,6446,2323,33352,79,11,18,13
2021-04-15T23:59:59+02:00,2,4,1242,1420,2365,3515,3121,5036,4058,7080,6066,7782,6413,6474,11220,13753,4085,7037,0,2,336,363,810,1152,1042,1759,1282,2580,1974,2629,2604,2722,7288,9359,3738,6440,52539,43849,6056,2137,32049,73,11,18,10
2021-04-14T23:59:59+02:00,2,4,1221,1406,2329,3487,3052,4974,3950,6975,5876,7574,5769,5771,10827,13261,4053,6987,0,2,328,360,798,1143,1024,1732,1250,2539,1923,2577,2525,2652,7138,9163,3719,6414,51130,43181,5849,2013,30511,73,10,18,10
2021-04-13T23:59:59+02:00,2,4,1206,1395,2297,3456,2995,4910,3839,6895,5627,7353,5230,5221,10486,12848,4030,6959,0,2,307,346,779,1113,1002,1711,1226,2503,1885,2536,2459,2586,7019,9025,3683,6353,50099,42491,5645,1954,28981,70,10,18,10
2021-04-12T23:59:59+02:00,2,4,1191,1388,2270,3433,2944,4865,3710,6814,5418,7203,4901,4928,10235,12567,4021,6935,0,2,291,342,766,1108,985,1695,1212,2480,1834,2489,2381,2525,6904,8883,3669,6330,49629,41911,5445,1904,27730,63,8,17,10
2021-04-11T23:59:59+02:00,2,4,1185,1374,2250,3412,2911,4845,3649,6743,5274,7092,4668,4728,10049,12368,4015,6924,0,2,284,340,761,1100,976,1680,1201,2452,1812,2457,2327,2466,6820,8775,3655,6310,49541,41496,5208,1843,26723,62,7,14,10
2021-04-10T23:59:59+02:00,2,4,1185,1373,2247,3407,2908,4841,3643,6739,5264,7080,4662,4717,10041,12355,4015,6924,0,2,281,336,745,1093,962,1675,1177,2432,1740,2405,2239,2380,6761,8728,3653,6306,49485,41325,5206,1513,26696,61,6,14,10
2021-04-09T23:59:59+02:00,2,4,1181,1370,2240,3405,2899,4831,3634,6728,5235,7056,4637,4689,10015,12324,4014,6924,0,2,272,333,725,1083,946,1654,1143,2385,1647,2329,2019,2111,6606,8568,3631,6273,49408,40470,5200,1180,26560,61,6,14,10
2021-04-08T23:59:59+02:00,2,4,1157,1350,2187,3349,2813,4741,3492,6598,4998,6823,4244,4281,9470,11749,3995,6870,0,2,247,311,675,1024,888,1581,1070,2289,1511,2209,1741,1774,6138,8005,3543,6126,48942,37891,4670,1177,24491,50,6,14,10
2021-04-07T23:59:59+02:00,2,4,1147,1336,2153,3331,2771,4704,3403,6535,4834,6688,3951,3977,8907,11197,3978,6841,0,2,214,282,615,969,827,1508,1010,2229,1405,2110,1600,1598,5538,7302,3454,5969,48728,35396,4194,1173,22819,49,4,14,10
2021-04-06T23:59:59+02:00,2,4,1125,1318,2109,3305,2732,4671,3338,6487,4708,6594,3694,3722,8416,10686,3962,6810,0,2,206,277,586,949,802,1460,964,2171,1322,2023,1453,1409,4948,6507,3339,5763,48529,32958,3658,1165,21479,46,3,14,9
2021-04-05T23:59:59+02:00,2,4,1122,1314,2102,3302,2722,4669,3322,6472,4685,6575,3662,3695,8385,10648,3958,6808,0,2,203,265,579,932,783,1436,948,2134,1282,1984,1406,1346,4733,6238,3291,5706,48436,32047,3652,1163,21342,46,3,14,9
2021-04-04T23:59:59+02:00,2,4,1122,1313,2102,3300,2722,4667,3322,6472,4683,6574,3655,3691,8383,10646,3958,6808,0,2,203,265,578,932,783,1436,948,2134,1282,1983,1406,1346,4732,6238,3291,5706,48425,32044,3650,1163,21332,46,3,14,9
2021-04-03T23:59:59+02:00,2,4,1122,1313,2101,3300,2722,4667,3322,6472,4683,6574,3654,3689,8383,10645,3958,6808,0,2,203,265,578,931,783,1436,948,2134,1282,1983,1406,1346,4732,6238,3291,5706,48424,32043,3649,1163,21329,46,3,14,9
2021-04-02T23:59:59+02:00,2,4,1122,1313,2101,3298,2722,4666,3321,6468,4683,6572,3651,3685,8381,10644,3958,6808,0,2,203,265,578,931,783,1434,948,2133,1282,1982,1406,1344,4729,6236,3290,5706,48405,32032,3649,1162,21328,46,3,14,9
2021-04-01T23:59:59+02:00,1,4,1109,1278,2035,3179,2613,4466,3172,6218,4523,6333,3607,3648,8281,10537,3947,6791,0,2,198,256,574,922,772,1428,938,2119,1259,1967,1385,1317,4489,5916,3170,5539,48029,31042,3643,1158,20053,39,3,14,9
2021-03-31T23:59:59+02:00,1,4,1092,1249,1996,3080,2538,4323,3081,6006,4392,6103,3522,3565,8128,10340,3927,6755,0,2,190,253,567,911,768,1410,926,2099,1218,1934,1329,1254,3994,5310,3042,5303,47419,29304,3514,1158,19152,38,3,14,7
2021-03-30T23:59:59+02:00,1,3,1069,1216,1944,2897,2436,4099,2931,5648,4191,5714,3428,3470,7963,10135,3900,6701,0,2,186,248,558,901,757,1388,904,2079,1170,1889,1242,1169,3466,4589,2818,4966,46778,27135,3348,1158,17603,29,3,14,7
2021-03-29T23:59:59+02:00,1,3,1052,1173,1880,2769,2352,3942,2793,5394,4028,5437,3328,3370,7800,9905,3871,6653,0,2,185,243,552,890,746,1374,886,2055,1133,1861,1165,1081,2881,3905,2641,4671,46130,25091,3112,1152,16493,19,2,14,7
2021-03-28T23:59:59+02:00,1,3,1033,1141,1809,2606,2270,3738,2672,5099,3876,5160,3263,3304,7735,9842,3867,6648,0,2,185,243,550,887,745,1372,884,2049,1130,1858,1156,1069,2826,3838,2628,4644,46023,24894,2903,1150,15125,14,2,14,6
2021-03-27T23:59:59+01:00,1,3,1033,1141,1809,2605,2269,3737,2669,5099,3873,5160,3259,3303,7734,9842,3867,6648,0,2,185,243,549,887,745,1372,883,2049,1127,1858,1156,1069,2826,3838,2628,4644,46014,24889,2903,1150,15120,14,2,13,6
2021-03-26T23:59:59+01:00,1,3,1028,1117,1766,2490,2205,3579,2606,4888,3787,4936,3238,3287,7731,9837,3866,6647,0,2,185,242,549,887,744,1372,883,2049,1127,1855,1152,1068,2823,3832,2627,4641,45987,24868,2900,1150,14110,12,2,13,6
2021-03-25T23:59:59+01:00,1,3,1003,1086,1715,2387,2122,3410,2498,4659,3675,4738,3136,3195,7603,9703,3859,6633,0,2,183,240,544,885,737,1363,877,2031,1110,1831,1106,1024,2594,3484,2428,4348,45727,23618,2562,1150,13125,12,1,11,6
2021-03-24T23:59:59+01:00,1,3,980,1066,1695,2344,2091,3361,2461,4592,3632,4668,3048,3124,7473,9531,3840,6615,0,2,183,235,538,880,729,1352,865,2016,1091,1811,1066,981,2198,2936,2033,3825,45183,21574,2432,1148,12898,12,1,11,6
2021-03-23T23:59:59+01:00,1,3,969,1060,1677,2311,2067,3327,2426,4548,3591,4618,2981,3051,7379,9427,3822,6587,0,2,181,232,534,875,722,1340,851,1997,1054,1779,984,889,1832,2445,1681,3358,44665,19623,2421,1114,12748,12,1,10,6
2021-03-22T23:59:59+01:00,1,3,967,1051,1663,2294,2053,3309,2404,4519,3554,4576,2937,3017,7316,9357,3808,6570,0,2,178,229,532,864,706,1317,837,1983,1025,1752,935,817,1354,1869,1326,2865,44331,17515,2399,1057,12658,12,1,10,6
2021-03-21T23:59:59+01:00,1,3,967,1050,1662,2291,2053,3306,2400,4515,3542,4568,2923,3008,7269,9302,3801,6564,0,2,178,226,530,862,705,1313,835,1979,1014,1747,912,798,1276,1784,1270,2796,44182,17212,2395,996,12637,12,1,10,6
2021-03-20T23:59:59+01:00,1,3,966,1049,1661,2290,2053,3306,2400,4515,3540,4566,2922,3007,7269,9301,3801,6564,0,2,178,226,530,862,705,1313,835,1979,1001,1732,877,770,1244,1761,1261,2794,44179,17209,2391,842,12633,12,1,10,6
2021-03-19T23:59:59+01:00,1,3,965,1041,1654,2276,2042,3302,2397,4509,3533,4559,2912,2996,7257,9284,3800,6561,0,2,178,224,529,862,705,1311,835,1978,994,1727,833,732,1181,1709,1251,2783,44117,17165,2387,650,12577,12,1,10,6
2021-03-18T23:59:59+01:00,1,3,929,1009,1577,2162,1918,3133,2248,4260,3304,4309,2759,2838,6955,8919,3734,6459,0,2,177,223,524,857,698,1303,826,1967,971,1710,815,709,1104,1600,1106,2577,42721,16579,2075,571,11710,12,1,10,6
2021-03-17T23:59:59+01:00,1,3,876,977,1506,2102,1855,3067,2183,4200,3208,4214,2622,2703,6528,8425,3669,6344,0,2,176,221,520,852,696,1299,822,1962,966,1702,786,690,969,1447,951,2361,40944,15833,2070,570,11458,12,1,10,6
2021-03-16T23:59:59+01:00,1,3,851,953,1472,2060,1817,3017,2129,4143,3112,4116,2488,2544,6050,7773,3578,6193,0,0,170,218,516,851,692,1292,817,1953,958,1689,781,677,881,1321,807,2196,38942,15230,2007,570,11341,12,1,9,6
2021-03-15T23:59:59+01:00,1,3,834,947,1454,2035,1779,2961,2091,4072,3011,4007,2354,2373,5562,7228,3506,6076,0,0,169,217,516,843,690,1283,813,1943,948,1673,770,667,811,1210,651,1991,37166,14645,1906,532,11213,12,0,9,6
2021-03-14T23:59:59+01:00,1,3,829,932,1430,2008,1754,2932,2060,4012,2948,3938,2175,2176,5377,7001,3475,6043,0,0,169,217,515,840,688,1272,812,1936,945,1664,752,658,795,1191,627,1936,36141,14500,1805,508,11139,3,0,9,6
2021-03-13T23:59:59+01:00,1,3,821,924,1409,1997,1737,2919,2032,3984,2873,3890,2103,2102,5328,6946,3473,6042,0,0,169,217,515,839,688,1272,811,1936,945,1664,752,658,795,1191,627,1936,35887,14498,1557,508,11131,3,0,9,6
2021-03-12T23:59:59+01:00,1,3,797,908,1363,1938,1673,2821,1933,3833,2715,3723,1906,1863,5141,6722,3441,5999,0,0,169,217,514,839,688,1272,810,1936,945,1663,743,655,782,1175,619,1933,34553,14444,1314,507,10904,3,0,9,6
2021-03-11T23:59:59+01:00,1,3,763,847,1294,1853,1589,2672,1849,3633,2553,3551,1639,1553,4772,6249,3305,5816,0,0,160,210,508,830,677,1263,795,1900,925,1621,612,593,712,1132,599,1901,32434,13937,1214,494,10285,2,0,9,5
2021-03-10T23:59:59+01:00,1,3,748,795,1271,1795,1557,2615,1798,3562,2472,3462,1567,1464,4299,5704,3186,5562,0,0,160,208,499,809,659,1249,785,1880,918,1605,543,577,679,1123,592,1895,30613,13784,1208,390,10031,2,0,9,5
2021-03-09T23:59:59+01:00,1,3,734,774,1249,1765,1530,2569,1758,3511,2398,3410,1473,1366,3736,4949,2993,5252,0,0,157,206,493,788,649,1225,771,1848,906,1577,539,575,677,1118,589,1889,28424,13722,1205,278,9833,2,0,9,5
2021-03-08T23:59:59+01:00,0,3,730,746,1236,1745,1512,2548,1730,3472,2358,3367,1379,1264,3058,4117,2756,4882,0,0,153,203,479,765,627,1193,752,1798,882,1540,536,573,677,1117,589,1889,25954,13714,1205,54,9735,0,0,9,5
2021-03-07T23:59:59+01:00,0,3,727,742,1226,1735,1504,2532,1719,3464,2346,3359,1366,1248,2956,3994,2733,4833,0,0,153,203,479,765,627,1193,752,1798,882,1540,536,573,677,1117,589,1889,25600,13714,1203,54,9675,0,0,9,5
2021-03-06T23:59:59+01:00,0,3,726,742,1224,1730,1501,2529,1715,3461,2341,3358,1363,1248,2956,3994,2733,4833,0,0,152,203,479,765,627,1193,752,1798,882,1540,536,573,677,1117,589,1889,25595,13713,1203,54,9650,0,0,9,5
2021-03-05T23:59:59+01:00,0,3,665,718,1199,1715,1480,2519,1690,3446,2312,3348,1357,1245,2948,3988,2730,4828,0,0,152,203,479,764,627,1192,752,1798,882,1537,535,573,677,1117,589,1889,25568,13707,1198,54,9416,0,0,9,5
2021-03-04T23:59:59+01:00,0,3,599,672,1131,1645,1424,2436,1649,3365,2238,3270,1306,1197,2727,3622,2544,4540,0,0,150,197,476,750,616,1180,741,1770,873,1524,524,562,664,1107,584,1880,24337,13542,1190,52,8832,0,0,9,4
2021-03-03T23:59:59+01:00,0,3,562,632,1064,1582,1328,2355,1548,3279,2112,3184,1263,1150,2352,3099,2188,4088,0,0,150,197,474,747,616,1180,740,1766,870,1523,520,559,662,1104,584,1877,22460,13516,1188,50,8134,0,0,7,3
2021-03-02T23:59:59+01:00,0,3,544,598,1026,1536,1270,2311,1490,3227,2015,3122,1179,1047,1983,2620,1793,3565,0,0,148,195,469,741,611,1169,730,1756,865,1502,511,550,651,1081,564,1844,20379,13334,1185,50,7758,0,0,7,3
2021-03-01T23:59:59+01:00,0,3,537,549,1005,1497,1224,2250,1444,3163,1960,3049,1134,973,1484,2024,1405,3019,0,0,146,195,469,740,611,1168,730,1753,864,1502,509,550,647,1072,560,1833,18084,13296,1182,50,7447,0,0,7,3
2021-02-28T23:59:59+01:00,0,3,529,535,987,1457,1198,2188,1416,3105,1905,2976,1113,951,1369,1884,1331,2931,0,0,146,195,468,739,611,1168,729,1751,863,1501,507,550,647,1072,560,1833,17603,13287,1180,50,7088,0,0,7,3
2021-02-27T23:59:59+01:00,0,3,529,533,986,1454,1198,2187,1416,3104,1905,2975,1113,951,1369,1883,1329,2931,0,0,145,195,467,738,608,1166,727,1749,861,1500,507,550,647,1072,560,1833,17600,13286,1180,36,7079,0,0,7,3
2021-02-26T23:59:59+01:00,0,3,389,483,857,1410,1115,2144,1348,3063,1846,2933,1108,945,1366,1882,1329,2929,0,0,145,195,467,738,608,1166,727,1748,861,1499,507,550,647,1072,560,1833,17588,13285,1180,35,6375,0,0,7,3
2021-02-25T23:59:59+01:00,0,3,301,429,762,1315,1031,2053,1248,2890,1707,2770,1070,913,1284,1757,1209,2737,0,0,138,185,455,725,592,1140,720,1722,841,1475,493,536,619,1040,546,1814,16985,13015,1180,24,5307,0,0,7,2
2021-02-24T23:59:59+01:00,0,2,256,385,689,1239,957,1966,1194,2772,1641,2653,1043,893,1161,1611,1053,2518,0,0,135,185,451,721,588,1139,719,1717,840,1471,488,531,611,1035,543,1802,16273,12954,1178,20,4575,0,0,7,2
2021-02-23T23:59:59+01:00,0,2,244,364,669,1180,928,1887,1147,2660,1565,2542,1017,865,1080,1483,910,2354,0,0,135,183,451,720,588,1139,719,1714,838,1470,487,528,609,1034,543,1801,15711,12942,1143,16,4036,0,0,7,1
2021-02-22T23:59:59+01:00,0,0,230,345,646,1150,896,1804,1097,2568,1479,2419,971,835,961,1340,723,2097,0,0,135,183,450,719,586,1138,718,1714,832,1467,486,527,608,1032,542,1799,14957,12930,1070,5,3527,0,0,7,1
2021-02-21T23:59:59+01:00,0,0,224,334,610,1082,846,1698,1054,2467,1399,2311,954,814,928,1288,670,2031,0,0,135,182,447,711,585,1134,718,1709,832,1465,485,527,607,1032,541,1798,14747,12902,1027,5,2929,0,0,7,1
2021-02-20T23:59:59+01:00,0,0,224,331,607,1081,844,1693,1050,2461,1384,2292,918,785,895,1265,662,2029,0,0,135,182,447,711,585,1134,718,1709,832,1465,485,526,606,1032,541,1798,14745,12901,867,5,2902,0,0,7,0
2021-02-19T23:59:59+01:00,0,0,214,323,598,1073,831,1678,1029,2444,1351,2249,673,683,752,1201,637,2012,0,0,135,182,447,709,585,1131,717,1706,829,1462,485,525,606,1031,540,1798,14267,12884,679,4,2795,0,0,7,0
2021-02-18T23:59:59+01:00,0,0,198,274,559,951,746,1451,899,2186,1100,1874,594,615,711,1159,617,1994,0,0,130,182,434,697,570,1113,711,1680,813,1434,482,522,605,1030,540,1798,14107,12737,579,4,1236,0,0,6,0
2021-02-17T23:59:59+01:00,0,0,192,233,537,901,709,1355,840,2018,1015,1742,572,594,711,1156,615,1991,0,0,124,179,422,686,562,1097,692,1648,800,1411,479,520,603,1027,540,1797,14087,12584,579,3,509,0,0,6,0
2021-02-16T23:59:59+01:00,0,0,185,230,529,885,694,1324,820,1979,982,1702,560,589,705,1154,614,1988,0,0,119,174,408,681,551,1081,679,1630,790,1397,473,514,596,1013,532,1766,14056,12402,579,2,299,0,0,6,0
2021-02-15T23:59:59+01:00,0,0,171,221,524,858,688,1290,805,1945,953,1655,559,586,703,1154,614,1988,0,0,116,173,401,671,540,1062,650,1603,776,1379,471,511,596,1013,532,1766,14053,12258,540,2,115,0,0,6,0
2021-02-14T23:59:59+01:00,0,0,166,213,520,845,687,1281,802,1936,935,1647,558,585,703,1151,613,1988,0,0,109,169,390,660,523,1044,631,1588,769,1366,471,509,594,1011,532,1766,14047,12130,538,2,39,0,0,6,0
2021-02-13T23:59:59+01:00,0,0,165,213,519,845,687,1281,802,1936,935,1647,558,585,703,1151,613,1988,0,0,109,169,389,659,523,1044,631,1588,769,1366,471,509,594,1011,532,1766,14046,12128,538,2,38,0,0,6,0
2021-02-12T23:59:59+01:00,0,0,163,212,514,843,686,1278,798,1935,933,1644,557,585,703,1151,613,1988,0,0,106,167,386,653,518,1037,617,1573,766,1349,469,508,582,991,527,1737,14039,11984,537,2,21,0,0,6,0
2021-02-11T23:59:59+01:00,0,0,160,211,510,836,678,1274,795,1931,927,1642,552,579,695,1145,608,1982,0,0,87,131,357,584,471,957,565,1456,722,1255,445,463,538,937,483,1641,13988,11091,524,1,8,0,0,5,0
2021-02-10T23:59:59+01:00,0,0,157,209,500,819,661,1259,783,1903,912,1618,543,573,684,1132,603,1972,0,0,78,120,329,524,445,849,524,1279,647,1097,396,413,471,820,433,1478,13862,9902,460,1,1,0,0,5,0
2021-02-09T23:59:59+01:00,0,0,156,203,492,781,645,1220,763,1842,900,1577,532,561,678,1116,594,1953,0,0,73,103,310,454,410,763,481,1176,583,998,365,358,428,732,399,1357,13748,8990,261,0,0,0,0,4,0
2021-02-08T23:59:59+01:00,0,0,152,199,475,755,623,1185,743,1792,880,1533,526,560,676,1110,590,1937,0,0,59,77,265,386,360,630,422,946,510,818,307,303,362,578,334,1151,13677,7508,55,0,0,0,0,4,0
2021-02-07T23:59:59+01:00,0,0,152,198,473,754,621,1184,742,1784,878,1531,525,560,676,1110,590,1936,0,0,58,69,246,351,341,586,406,914,490,783,307,296,360,571,332,1147,13655,7257,55,0,0,0,0,4,0
2021-02-06T23:59:59+01:00,0,0,152,198,473,754,621,1184,742,1784,878,1531,525,560,676,1110,590,1936,0,0,58,69,246,350,341,586,406,913,488,781,307,295,359,569,331,1147,13655,7246,55,0,0,0,0,4,0
2021-02-05T23:59:59+01:00,0,0,152,198,473,754,621,1184,742,1784,878,1529,525,560,675,1110,590,1936,0,0,56,69,245,347,334,582,398,890,478,761,297,290,348,545,313,1107,13652,7060,55,0,0,0,0,4,0
2021-02-04T23:59:59+01:00,0,0,146,193,469,746,614,1176,738,1770,872,1520,518,553,654,1085,581,1918,0,0,42,52,212,313,292,486,356,749,384,615,232,219,263,379,232,820,13495,5646,54,0,0,0,0,4,0
2021-02-03T23:59:59+01:00,0,0,144,192,462,739,606,1167,734,1756,864,1504,506,545,639,1072,574,1910,0,0,34,33,157,220,238,354,265,572,309,466,182,172,186,283,179,613,13360,4263,51,0,0,0,0,3,0
2021-02-02T23:59:59+01:00,0,0,144,189,460,738,606,1167,731,1750,857,1500,505,543,635,1069,573,1906,0,0,25,27,138,174,193,283,221,436,257,375,142,132,139,211,142,484,13320,3379,51,0,0,0,0,2,0
2021-02-01T23:59:59+01:00,0,0,142,189,459,737,601,1164,730,1742,855,1495,503,541,630,1066,572,1899,0,0,21,19,102,128,139,192,155,303,168,259,90,94,94,134,76,258,13272,2232,51,0,0,0,0,2,0
2021-01-31T23:59:59+01:00,0,0,141,188,459,734,598,1163,730,1738,855,1494,501,540,629,1064,572,1898,0,0,14,15,69,88,97,127,118,226,141,203,85,87,90,126,74,244,13252,1804,51,0,0,0,0,1,0
2021-01-30T23:59:59+01:00,0,0,141,188,458,734,596,1161,729,1737,855,1494,501,540,628,1064,572,1898,0,0,14,15,69,88,97,125,116,222,138,200,84,86,90,120,68,234,13251,1766,44,0,0,0,0,1,0
2021-01-29T23:59:59+01:00,0,0,141,188,458,731,595,1158,727,1735,853,1493,501,540,628,1064,572,1898,0,0,12,15,57,82,80,121,98,211,115,188,79,79,88,116,67,233,13245,1641,36,0,0,0,0,1,0
2021-01-28T23:59:59+01:00,0,0,134,184,445,714,578,1131,721,1708,830,1464,494,534,625,1061,569,1895,0,0,7,3,14,20,25,47,31,97,47,87,46,50,57,86,49,176,13059,842,27,0,0,0,0,1,0
2021-01-27T23:59:59+01:00,0,0,127,181,433,703,570,1121,705,1673,823,1440,491,532,621,1056,569,1890,0,0,3,1,6,12,11,26,13,41,23,31,13,17,25,35,20,55,12909,332,25,0,0,0,0,1,0
2021-01-26T23:59:59+01:00,0,0,120,177,419,692,557,1107,696,1650,811,1419,486,526,615,1039,561,1855,0,0,3,1,6,11,8,24,11,38,17,28,13,15,24,33,20,54,12713,306,16,0,0,0,0,1,0
2021-01-25T23:59:59+01:00,0,0,117,175,410,680,546,1088,669,1622,793,1401,484,522,613,1038,561,1855,0,0,2,1,5,9,8,19,6,29,12,22,9,6,14,22,10,35,12568,209,5,0,0,0,0,1,0
2021-01-24T23:59:59+01:00,0,0,111,172,400,670,531,1070,652,1609,780,1389,483,519,612,1038,561,1855,0,0,2,0,3,6,8,7,4,8,5,9,1,2,12,15,6,21,12446,109,5,0,0,0,0,1,0
2021-01-23T23:59:59+01:00,0,0,111,172,400,669,531,1070,652,1609,780,1389,483,519,612,1038,561,1855,0,0,1,0,3,6,8,7,4,8,5,9,1,2,12,15,6,21,12445,108,5,0,0,0,0,1,0
2021-01-22T23:59:59+01:00,0,0,108,170,393,663,527,1063,638,1594,774,1371,483,514,601,1017,554,1826,0,0,1,0,3,6,8,7,4,8,5,9,1,2,12,15,6,21,12292,108,4,0,0,0,0,0,0
2021-01-21T23:59:59+01:00,0,0,97,162,378,647,504,1029,608,1544,752,1328,466,476,567,973,518,1758,0,0,1,0,3,6,8,6,4,8,5,9,1,2,12,15,6,21,11803,107,4,0,0,0,0,0,0
2021-01-20T23:59:59+01:00,0,0,79,121,343,557,461,888,551,1310,663,1140,404,417,482,830,454,1534,0,0,1,0,2,5,8,6,4,8,5,9,1,2,12,15,6,21,10230,105,4,0,0,0,0,0,0
2021-01-19T23:59:59+01:00,0,0,74,107,316,478,420,799,508,1198,611,1037,380,379,445,751,424,1438,0,0,1,0,1,3,7,5,4,7,5,9,1,0,9,10,5,18,9361,85,4,0,0,0,0,0,0
2021-01-18T23:59:59+01:00,0,0,60,77,270,391,365,651,431,966,519,840,312,311,375,597,358,1230,0,0,1,0,1,3,7,5,4,7,5,8,1,0,9,10,5,18,7751,84,2,0,0,0,0,0,0
2021-01-17T23:59:59+01:00,0,0,59,68,251,356,344,599,412,923,495,801,309,302,373,590,355,1222,0,0,0,0,0,0,0,1,0,0,0,0,0,0,0,0,0,0,7457,1,2,0,0,0,0,0,0
2021-01-16T23:59:59+01:00,0,0,59,68,251,355,344,599,412,922,493,799,309,301,371,586,354,1222,0,0,0,0,0,0,0,0,0,0,0,0,0,0,0,0,0,0,7443,0,2,0,0,0,0,0,0
2021-01-15T23:59:59+01:00,0,0,57,68,251,351,338,593,401,898,481,774,295,295,352,557,331,1180,0,0,0,0,0,0,0,0,0,0,0,0,0,0,0,0,0,0,7220,0,2,0,0,0,0,0,0
2021-01-14T23:59:59+01:00,0,0,44,55,237,327,313,518,367,773,393,629,232,221,262,381,238,848,0,0,0,0,0,0,0,0,0,0,0,0,0,0,0,0,0,0,5838,0,0,0,0,0,0,0,0
2021-01-13T23:59:59+01:00,0,0,38,44,213,268,272,417,300,619,322,503,177,178,190,290,192,656,0,0,0,0,0,0,0,0,0,0,0,0,0,0,0,0,0,0,4679,0,0,0,0,0,0,0,0
2021-01-12T23:59:59+01:00,0,0,33,41,208,253,257,382,276,538,290,457,140,136,144,222,150,515,0,0,0,0,0,0,0,0,0,0,0,0,0,0,0,0,0,0,4042,0,0,0,0,0,0,0,0
2021-01-11T23:59:59+01:00,0,0,28,37,198,232,239,329,229,450,240,382,109,106,108,145,88,320,0,0,0,0,0,0,0,0,0,0,0,0,0,0,0,0,0,0,3240,0,0,0,0,0,0,0,0
2021-01-10T23:59:59+01:00,0,0,26,31,159,172,196,254,191,354,198,305,98,99,105,140,86,305,0,0,0,0,0,0,0,0,0,0,0,0,0,0,0,0,0,0,2719,0,0,0,0,0,0,0,0
2021-01-09T23:59:59+01:00,0,0,26,31,152,168,194,246,187,346,196,300,98,99,105,140,86,305,0,0,0,0,0,0,0,0,0,0,0,0,0,0,0,0,0,0,2679,0,0,0,0,0,0,0,0
2021-01-08T23:59:59+01:00,0,0,23,28,121,144,173,233,162,317,168,279,93,89,103,136,85,304,0,0,0,0,0,0,0,0,0,0,0,0,0,0,0,0,0,0,2458,0,0,0,0,0,0,0,0
2021-01-07T23:59:59+01:00,0,0,8,3,18,26,32,57,37,108,61,111,48,51,64,94,54,212,0,0,0,0,0,0,0,0,0,0,0,0,0,0,0,0,0,0,984,0,0,0,0,0,0,0,0
2021-01-06T23:59:59+01:00,0,0,3,1,7,13,11,25,14,41,21,32,14,14,28,40,23,65,0,0,0,0,0,0,0,0,0,0,0,0,0,0,0,0,0,0,352,0,0,0,0,0,0,0,0
2021-01-05T23:59:59+01:00,0,0,3,1,6,10,10,21,11,33,15,27,11,14,24,35,21,57,0,0,0,0,0,0,0,0,0,0,0,0,0,0,0,0,0,0,299,0,0,0,0,0,0,0,0
2021-01-04T23:59:59+01:00,0,0,2,1,4,7,9,13,4,17,8,17,5,3,13,21,8,31,0,0,0,0,0,0,0,0,0,0,0,0,0,0,0,0,0,0,163,0,0,0,0,0,0,0,0
2021-01-03T23:59:59+01:00,0,0,2,0,3,6,8,7,4,9,5,10,1,2,13,17,7,21,0,0,0,0,0,0,0,0,0,0,0,0,0,0,0,0,0,0,115,0,0,0,0,0,0,0,0
2021-01-02T23:59:59+01:00,0,0,2,0,3,6,8,7,4,9,5,10,1,2,13,17,7,21,0,0,0,0,0,0,0,0,0,0,0,0,0,0,0,0,0,0,115,0,0,0,0,0,0,0,0
2021-01-01T23:59:59+01:00,0,0,1,0,3,6,8,6,4,9,5,10,1,2,13,16,7,21,0,0,0,0,0,0,0,0,0,0,0,0,0,0,0,0,0,0,112,0,0,0,0,0,0,0,0
2020-12-31T23:59:59+01:00,0,0,1,0,3,5,8,6,4,9,5,10,1,2,13,16,7,21,0,0,0,0,0,0,0,0,0,0,0,0,0,0,0,0,0,0,111,0,0,0,0,0,0,0,0
2020-12-30T23:59:59+01:00,0,0,1,0,2,5,8,6,4,9,5,10,1,2,13,16,7,21,0,0,0,0,0,0,0,0,0,0,0,0,0,0,0,0,0,0,110,0,0,0,0,0,0,0,0
2020-12-29T23:59:59+01:00,0,0,1,0,1,3,8,5,4,8,5,10,1,0,10,11,6,18,0,0,0,0,0,0,0,0,0,0,0,0,0,0,0,0,0,0,91,0,0,0,0,0,0,0,0
2020-12-28T23:59:59+01:00,0,0,1,0,1,3,8,5,4,8,5,9,1,0,10,11,6,18,0,0,0,0,0,0,0,0,0,0,0,0,0,0,0,0,0,0,90,0,0,0,0,0,0,0,0
2020-12-27T23:59:59+01:00,0,0,1,0,1,3,8,4,4,8,5,9,1,0,9,10,6,18,0,0,0,0,0,0,0,0,0,0,0,0,0,0,0,0,0,0,87,0,0,0,0,0,0,0,0
