Datum,<15_m,<15_w,15-24_1_m,15-24_1_w,25-34_1_m,25-34_1_w,35-44_1_m,35-44_1_w,45-54_1_m,45-54_1_w,55-64_1_m,55-64_1_w,65-74_1_m,65-74_1_w,75-84_1_m,75-84_1_w,>84_1_m,>84_1_w,<24_2_m,<24_2_w,25-34_2_m,25-34_2_w,35-44_2_m,35-44_2_w,45-54_2_m,45-54_2_w,55-64_2_m,55-64_2_w,65-74_2_m,65-74_2_w,75-84_2_m,75-84_2_w,>84_2_m,>84_2_w,bp_1,bp_2,mo_1,mo_2,az_1,az_2,ja,unb_1,unb_2
2021-10-13T23:59:59+02:00,2249,2123,17415,16123,22669,20914,24398,23956,27986,28669,30904,31842,21648,24724,15495,19499,4531,7866,15633,14478,21215,19367,23048,22469,26633,27138,29719,30596,20999,24008,15062,18821,4354,7556,237334,222810,32760,31564,55079,52084,17814,32,41
2021-10-12T23:59:59+02:00,2239,2104,17374,16079,22646,20888,24373,23928,27972,28649,30892,31824,21641,24719,15481,19477,4523,7852,15582,14417,21197,19335,23023,22448,26610,27113,29696,30578,20992,23999,15061,18818,4352,7555,236987,222463,32759,31555,55078,52080,17813,32,41
2021-10-11T23:59:59+02:00,2228,2092,17346,16048,22631,20867,24358,23909,27955,28631,30878,31813,21636,24709,15479,19461,4516,7838,15540,14381,21158,19281,23000,22411,26584,27073,29667,30562,20981,23989,15055,18811,4349,7553,236725,222057,32759,31555,55078,52080,17809,32,41
2021-10-10T23:59:59+02:00,2224,2084,17328,16030,22611,20853,24354,23901,27947,28617,30875,31806,21630,24704,15478,19458,4513,7833,15484,14337,21093,19221,22962,22373,26539,27047,29646,30540,20971,23978,15049,18804,4349,7553,236585,221610,32755,31532,55078,52079,17804,32,41
2021-10-09T23:59:59+02:00,2222,2084,17328,16029,22609,20852,24354,23901,27947,28617,30875,31806,21630,24704,15478,19458,4513,7833,15483,14335,21093,19221,22962,22373,26539,27046,29646,30540,20971,23978,15049,18804,4349,7553,236579,221603,32755,31532,55078,52079,17804,32,41
2021-10-08T23:59:59+02:00,2218,2077,17317,16006,22583,20840,24336,23892,27932,28602,30860,31797,21628,24699,15478,19458,4513,7833,15478,14323,21078,19206,22951,22366,26530,27030,29642,30533,20969,23972,15047,18803,4349,7553,236446,221508,32743,31532,55077,52079,17779,32,41
2021-10-07T23:59:59+02:00,2194,2057,17262,15962,22552,20794,24310,23865,27902,28577,30838,31774,21623,24696,15471,19447,4507,7826,15405,14245,21012,19136,22907,22318,26500,26993,29614,30510,20958,23957,15042,18793,4346,7552,236062,220970,32733,31485,55074,52071,17764,32,41
2021-10-06T23:59:59+02:00,2169,2034,17203,15916,22507,20741,24285,23822,27870,28546,30821,31748,21612,24682,15462,19435,4506,7812,15342,14172,20960,19076,22869,22283,26470,26954,29590,30481,20948,23943,15031,18787,4344,7550,235622,220473,32714,31460,55074,52071,17737,32,41
2021-10-05T23:59:59+02:00,2149,2018,17158,15878,22462,20713,24252,23783,27848,28522,30808,31731,21607,24674,15462,19430,4505,7811,15314,14142,20907,19051,22839,22255,26442,26929,29565,30457,20940,23925,15028,18779,4341,7550,235357,220205,32714,31460,55074,52071,17640,32,41
2021-10-04T23:59:59+02:00,2122,1983,17102,15840,22412,20684,24229,23758,27832,28488,30790,31713,21603,24665,15461,19427,4504,7808,15277,14120,20882,19023,22825,22230,26424,26910,29554,30443,20933,23915,15024,18775,4341,7542,235020,219996,32714,31460,55074,52069,17587,32,41
2021-10-03T23:59:59+02:00,2117,1972,17075,15801,22383,20652,24195,23736,27818,28468,30773,31704,21600,24658,15460,19422,4504,7806,15245,14081,20858,18994,22801,22212,26410,26888,29540,30433,20923,23902,15022,18772,4341,7542,234815,219778,32708,31450,55073,52067,17522,32,41
2021-10-02T23:59:59+02:00,2117,1972,17075,15801,22383,20652,24194,23736,27818,28468,30773,31704,21600,24658,15460,19422,4504,7806,15245,14081,20858,18994,22801,22212,26410,26888,29540,30432,20923,23902,15022,18772,4341,7542,234814,219777,32708,31450,55073,52067,17522,32,41
2021-10-01T23:59:59+02:00,2112,1967,17062,15784,22380,20641,24181,23716,27813,28461,30769,31699,21597,24656,15460,19420,4503,7806,15241,14079,20855,18992,22800,22212,26408,26886,29540,30428,20922,23900,15022,18772,4341,7542,234701,219751,32707,31450,55073,52067,17520,32,41
2021-09-30T23:59:59+02:00,2092,1951,17005,15734,22338,20589,24141,23681,27783,28428,30746,31676,21588,24648,15455,19413,4501,7801,15171,14012,20818,18955,22769,22171,26385,26852,29521,30407,20918,23891,15019,18764,4337,7537,234323,219364,32695,31427,55073,52063,17453,32,41
2021-09-29T23:59:59+02:00,2025,1909,16916,15658,22270,20523,24087,23631,27722,28379,30710,31648,21573,24635,15448,19400,4498,7799,15103,13958,20776,18903,22733,22119,26349,26823,29486,30380,20911,23879,15008,18756,4336,7534,233706,218973,32680,31405,55072,52060,17347,32,41
2021-09-28T23:59:59+02:00,2008,1892,16835,15593,22200,20471,24024,23589,27684,28339,30693,31631,21564,24620,15443,19391,4498,7796,15036,13911,20718,18862,22690,22093,26319,26788,29465,30359,20898,23864,15002,18746,4334,7530,233280,218640,32679,31405,55072,52059,17214,32,41
2021-09-27T23:59:59+02:00,1946,1824,16771,15533,22165,20435,23998,23561,27656,28303,30674,31614,21558,24614,15441,19388,4497,7794,15009,13879,20696,18825,22675,22067,26300,26776,29447,30343,20894,23854,14998,18738,4333,7527,232788,218368,32679,31405,55072,52058,17207,32,41
2021-09-26T23:59:59+02:00,1926,1803,16702,15469,22114,20376,23958,23510,27627,28277,30659,31605,21548,24607,15440,19385,4497,7792,14940,13813,20644,18771,22626,22011,26261,26739,29428,30316,20887,23844,14990,18735,4333,7524,232421,217971,32662,31378,55071,52045,17115,32,41
2021-09-25T23:59:59+02:00,1926,1803,16700,15469,22112,20375,23956,23509,27627,28277,30659,31605,21548,24607,15440,19385,4497,7792,14940,13813,20643,18771,22626,22011,26260,26737,29428,30316,20886,23844,14990,18735,4333,7524,232414,217967,32662,31378,55071,52045,17114,32,41
2021-09-24T23:59:59+02:00,1925,1800,16673,15450,22070,20347,23922,23488,27607,28256,30642,31590,21546,24603,15438,19384,4497,7792,14912,13786,20594,18739,22585,21985,26232,26717,29406,30296,20881,23838,14988,18733,4332,7523,232354,217840,32662,31378,55071,52045,16917,32,41
2021-09-23T23:59:59+02:00,1895,1763,16597,15365,22009,20272,23873,23420,27562,28201,30617,31550,21533,24592,15431,19369,4494,7790,14834,13723,20533,18696,22556,21938,26198,26673,29381,30269,20878,23827,14982,18725,4332,7522,231795,217439,32624,31344,55071,52045,16817,32,41
2021-09-22T23:59:59+02:00,1862,1732,16494,15289,21919,20195,23798,23365,27494,28141,30576,31515,21517,24570,15429,19356,4492,7787,14708,13616,20444,18618,22493,21868,26136,26612,29332,30234,20859,23817,14976,18717,4329,7513,231189,216762,32603,31302,55071,52038,16642,32,41
2021-09-21T23:59:59+02:00,1833,1688,16415,15215,21860,20135,23749,23316,27454,28105,30538,31475,21506,24550,15426,19346,4486,7779,14651,13568,20387,18578,22449,21825,26103,26587,29307,30208,20847,23803,14969,18706,4326,7509,230721,216476,32603,31302,55071,52038,16454,32,41
2021-09-20T23:59:59+02:00,1806,1673,16342,15151,21805,20088,23701,23276,27416,28062,30505,31457,21497,24537,15420,19340,4485,7777,14594,13515,20340,18534,22413,21797,26055,26555,29282,30183,20839,23791,14967,18700,4323,7506,230316,216159,32601,31301,55071,52037,16322,32,41
2021-09-19T23:59:59+02:00,1779,1651,16278,15101,21755,20028,23668,23243,27385,28034,30484,31432,21487,24526,15416,19329,4485,7774,14535,13471,20295,18482,22362,21774,26030,26523,29265,30169,20833,23778,14963,18697,4322,7502,229951,215877,32579,31268,55070,52037,16226,32,41
2021-09-18T23:59:59+02:00,1779,1651,16277,15099,21754,20027,23666,23241,27385,28033,30484,31432,21487,24526,15416,19329,4485,7774,14535,13469,20295,18482,22361,21773,26030,26521,29265,30169,20833,23778,14963,18697,4322,7502,229945,215876,32579,31267,55070,52037,16222,32,41
2021-09-17T23:59:59+02:00,1774,1644,16256,15080,21729,20008,23646,23229,27372,28017,30475,31426,21484,24523,15413,19326,4484,7774,14514,13455,20285,18476,22352,21769,26023,26517,29255,30163,20830,23775,14962,18696,4322,7502,229774,215774,32579,31267,55070,52037,16208,32,41
2021-09-16T23:59:59+02:00,1735,1614,16158,14983,21646,19908,23576,23146,27308,27957,30436,31389,21471,24506,15408,19316,4479,7774,14430,13382,20242,18421,22316,21718,25993,26472,29234,30132,20819,23765,14955,18689,4320,7498,228973,215320,32558,31189,55070,52025,16180,32,41
2021-09-15T23:59:59+02:00,1704,1597,16093,14906,21593,19854,23531,23101,27278,27924,30411,31364,21458,24485,15396,19307,4478,7772,14356,13296,20176,18361,22277,21666,25955,26429,29202,30109,20806,23750,14943,18681,4319,7496,228444,214760,32541,31145,55070,52020,16168,32,41
2021-09-14T23:59:59+02:00,1691,1582,16058,14860,21546,19815,23501,23066,27246,27886,30385,31340,21444,24474,15393,19295,4475,7771,14318,13257,20152,18339,22254,21640,25935,26414,29191,30099,20795,23742,14940,18674,4318,7494,228031,214478,32540,31144,55070,52020,16158,32,41
2021-09-13T23:59:59+02:00,1671,1569,16016,14808,21520,19784,23470,23034,27230,27850,30371,31326,21443,24464,15388,19293,4474,7768,14289,13242,20126,18323,22234,21620,25920,26402,29181,30076,20786,23731,14939,18667,4316,7492,227690,214254,32540,31144,55070,52020,16150,32,41
2021-09-12T23:59:59+02:00,1661,1556,15992,14786,21504,19762,23455,23010,27215,27835,30361,31318,21436,24456,15388,19288,4474,7768,14256,13213,20103,18286,22214,21594,25907,26379,29170,30067,20779,23723,14934,18660,4314,7487,227497,214014,32524,31113,55070,52019,16145,32,41
2021-09-11T23:59:59+02:00,1660,1556,15980,14782,21496,19754,23454,23009,27213,27834,30358,31316,21435,24455,15388,19288,4474,7768,14251,13211,20101,18283,22212,21594,25907,26378,29170,30067,20778,23723,14934,18660,4314,7487,227460,214003,32524,31113,55067,52019,16140,32,41
2021-09-10T23:59:59+02:00,1660,1556,15957,14777,21482,19743,23436,23006,27196,27824,30345,31311,21434,24453,15384,19286,4474,7767,14228,13204,20085,18273,22198,21590,25892,26365,29152,30064,20777,23719,14931,18657,4313,7486,227430,213964,32524,31113,55067,52019,16041,32,41
2021-09-09T23:59:59+02:00,1615,1517,15875,14700,21422,19674,23383,22956,27136,27774,30316,31282,21425,24436,15370,19272,4472,7765,14148,13132,20013,18205,22131,21535,25843,26324,29116,30032,20761,23691,14913,18643,4311,7484,226898,213499,32493,31030,55066,51999,15904,32,41
2021-09-08T23:59:59+02:00,1577,1470,15747,14606,21351,19598,23330,22881,27086,27731,30276,31234,21408,24418,15361,19261,4471,7765,14059,13041,19930,18151,22066,21483,25796,26285,29081,29982,20742,23670,14909,18635,4310,7483,226354,213100,32423,30938,55066,51994,15699,32,41
2021-09-07T23:59:59+02:00,1564,1450,15697,14555,21297,19573,23293,22858,27059,27698,30259,31218,21397,24396,15355,19253,4469,7765,13991,12993,19867,18112,22024,21453,25759,26252,29052,29954,20730,23656,14905,18628,4309,7483,226111,212816,32418,30908,55066,51989,15532,32,41
2021-09-06T23:59:59+02:00,1551,1440,15648,14509,21277,19542,23270,22829,27034,27679,30243,31196,21387,24393,15351,19246,4469,7763,13960,12956,19848,18087,21995,21431,25739,26232,29037,29939,20722,23648,14901,18624,4309,7480,225860,212613,32418,30908,55066,51989,15454,32,41
2021-09-05T23:59:59+02:00,1530,1425,15618,14482,21259,19520,23260,22804,27025,27667,30238,31188,21382,24387,15345,19244,4469,7759,13922,12920,19818,18051,21970,21403,25720,26214,29024,29920,20718,23640,14899,18622,4309,7480,225646,212397,32411,30828,55065,51988,15451,32,41
2021-09-04T23:59:59+02:00,1530,1425,15610,14479,21245,19515,23253,22799,27019,27661,30232,31185,21381,24384,15345,19243,4469,7759,13914,12917,19804,18045,21963,21398,25714,26208,29018,29916,20717,23637,14899,18621,4309,7480,225645,212396,32411,30827,55065,51988,15383,32,41
2021-09-03T23:59:59+02:00,1527,1422,15594,14465,21212,19491,23223,22778,26995,27649,30217,31170,21374,24376,15345,19237,4469,7758,13899,12903,19777,18026,21939,21383,25697,26198,29003,29905,20711,23630,14899,18618,4309,7480,225572,212377,32410,30822,55065,51987,15225,32,41
2021-09-02T23:59:59+02:00,1511,1402,15522,14406,21165,19441,23188,22731,26954,27608,30180,31144,21361,24366,15339,19224,4467,7752,13806,12839,19732,17965,21894,21340,25655,26152,28964,29878,20699,23619,14894,18606,4308,7479,225151,211922,32405,30817,55063,51967,15112,32,41
2021-09-01T23:59:59+02:00,1460,1345,15381,14252,21048,19345,23118,22676,26887,27536,30129,31094,21343,24341,15331,19210,4464,7747,13660,12718,19609,17868,21809,21270,25597,26083,28914,29815,20674,23590,14882,18591,4304,7473,224377,211339,32379,30620,55062,51955,14859,32,41
2021-08-31T23:59:59+02:00,1436,1330,15319,14181,20984,19293,23075,22634,26837,27494,30095,31062,21331,24329,15325,19201,4464,7746,13586,12652,19561,17827,21777,21234,25564,26060,28886,29789,20668,23580,14879,18583,4303,7472,223921,210994,32378,30620,55061,51950,14746,32,41
2021-08-30T23:59:59+02:00,1413,1311,15251,14135,20936,19239,23043,22596,26800,27461,30062,31032,21319,24320,15321,19192,4462,7739,13529,12611,19515,17777,21744,21209,25534,26023,28852,29764,20657,23565,14869,18574,4302,7468,223559,210692,32378,30618,55061,51948,14604,32,41
2021-08-29T23:59:59+02:00,1397,1299,15207,14089,20898,19208,23019,22572,26782,27437,30044,31017,21315,24311,15321,19190,4462,7738,13476,12566,19493,17756,21717,21189,25513,26004,28839,29747,20649,23557,14866,18570,4300,7467,223269,210425,32377,30618,55061,51947,14569,32,41
2021-08-28T23:59:59+02:00,1397,1299,15201,14086,20887,19201,23013,22568,26779,27428,30041,31016,21314,24311,15321,19190,4462,7738,13470,12562,19482,17749,21711,21185,25510,25995,28836,29746,20648,23557,14866,18570,4300,7467,223269,210424,32377,30618,55061,51947,14515,32,41
2021-08-27T23:59:59+02:00,1388,1292,15169,14059,20859,19185,22980,22552,26753,27416,30025,30996,21308,24303,15317,19189,4459,7735,13441,12531,19445,17732,21683,21164,25482,25982,28819,29728,20642,23548,14863,18569,4299,7467,223131,210282,32377,30617,55058,51946,14389,32,41
2021-08-26T23:59:59+02:00,1375,1274,15124,14014,20812,19147,22951,22514,26720,27377,29993,30959,21293,24287,15310,19181,4456,7727,13372,12471,19369,17676,21623,21107,25426,25934,28780,29692,20629,23527,14854,18556,4298,7463,222838,209999,32358,30493,55058,51872,14230,32,41
2021-08-25T23:59:59+02:00,1330,1229,14976,13891,20699,19053,22872,22420,26641,27293,29935,30903,21272,24261,15300,19171,4452,7721,13250,12387,19284,17599,21557,21035,25356,25880,28736,29649,20602,23506,14846,18542,4297,7460,221980,209429,32343,30445,55058,51864,14009,31,39
2021-08-24T23:59:59+02:00,1306,1205,14912,13840,20657,19001,22816,22374,26606,27257,29906,30872,21256,24246,15294,19161,4451,7720,13155,12328,19223,17517,21520,20983,25312,25837,28706,29611,20584,23486,14839,18530,4295,7455,221563,208947,32313,30387,55058,51849,13917,31,35
2021-08-23T23:59:59+02:00,1288,1186,14844,13802,20618,18972,22788,22349,26571,27237,29881,30845,21237,24232,15289,19148,4450,7719,13038,12250,19161,17458,21468,20934,25272,25782,28661,29568,20565,23469,14832,18518,4292,7455,221254,208428,32297,30296,55058,51849,13818,31,35
2021-08-22T23:59:59+02:00,1279,1178,14829,13782,20602,18952,22776,22329,26556,27222,29864,30841,21230,24228,15287,19140,4448,7718,12979,12181,19109,17424,21439,20899,25251,25756,28635,29546,20557,23458,14831,18514,4292,7455,221079,208104,32278,30187,55058,51846,13817,31,35
2021-08-21T23:59:59+02:00,1279,1178,14820,13772,20590,18944,22766,22323,26552,27217,29853,30834,21230,24226,15287,19140,4448,7718,12969,12171,19098,17416,21431,20893,25245,25751,28625,29539,20557,23456,14831,18514,4292,7455,221074,208100,32278,30187,55058,51846,13738,31,35
2021-08-20T23:59:59+02:00,1272,1173,14791,13737,20555,18914,22743,22300,26526,27194,29836,30818,21227,24217,15285,19134,4448,7718,12951,12155,19074,17396,21413,20872,25231,25733,28607,29520,20553,23450,14830,18511,4292,7455,220880,207995,32278,30185,55058,51846,13643,31,35
2021-08-19T23:59:59+02:00,1254,1157,14732,13688,20516,18885,22712,22265,26503,27165,29811,30794,21216,24209,15282,19129,4447,7715,12818,12037,18986,17319,21327,20814,25160,25666,28547,29470,20532,23437,14824,18502,4290,7452,220574,207359,32246,30048,55058,51785,13573,31,35
2021-08-18T23:59:59+02:00,1231,1138,14648,13596,20401,18825,22638,22204,26437,27108,29752,30736,21191,24189,15276,19117,4445,7712,12680,11918,18848,17237,21232,20724,25073,25583,28464,29402,20499,23392,14813,18487,4289,7447,220161,206750,32228,29926,55056,51777,13170,31,35
2021-08-17T23:59:59+02:00,1220,1125,14607,13558,20358,18781,22603,22170,26403,27080,29735,30716,21179,24175,15265,19108,4441,7711,12571,11834,18766,17176,21154,20663,25021,25530,28427,29361,20480,23377,14804,18474,4287,7445,219879,206218,32193,29796,55056,51769,13078,31,34
2021-08-16T23:59:59+02:00,1208,1114,14559,13510,20322,18752,22574,22138,26382,27051,29701,30685,21166,24164,15258,19096,4439,7709,12476,11735,18675,17104,21083,20578,24957,25471,28360,29298,20457,23355,14794,18456,4286,7442,219611,205599,32191,29669,55056,51768,12941,31,33
2021-08-15T23:59:59+02:00,1198,1101,14522,13483,20294,18722,22546,22119,26369,27035,29691,30671,21161,24152,15253,19094,4438,7707,12410,11668,18622,17074,21032,20540,24921,25428,28341,29276,20447,23342,14790,18450,4284,7440,219390,205150,32191,29668,55056,51767,12890,31,33
2021-08-14T23:59:59+02:00,1198,1100,14515,13479,20285,18716,22537,22112,26355,27028,29686,30663,21158,24151,15252,19093,4438,7707,12403,11664,18612,17066,21022,20533,24907,25421,28336,29267,20444,23341,14789,18449,4284,7440,219389,205148,32191,29665,55056,51767,12808,31,33
2021-08-13T23:59:59+02:00,1195,1097,14506,13469,20271,18706,22525,22107,26348,27018,29671,30655,21149,24146,15251,19093,4438,7707,12388,11651,18601,17057,21009,20524,24901,25405,28322,29263,20438,23334,14787,18449,4284,7439,219332,205082,32191,29665,55056,51767,12744,31,33
2021-08-12T23:59:59+02:00,1175,1075,14449,13414,20230,18666,22502,22072,26320,26988,29640,30633,21137,24127,15247,19086,4438,7702,12221,11508,18463,16946,20916,20440,24821,25320,28255,29207,20417,23302,14774,18437,4281,7433,219007,204290,32179,29477,55056,51698,12630,31,33
2021-08-11T23:59:59+02:00,1159,1053,14380,13351,20188,18612,22458,22033,26287,26963,29612,30593,21124,24110,15244,19075,4435,7698,12083,11368,18378,16858,20836,20366,24772,25247,28213,29143,20385,23275,14767,18426,4279,7428,218606,203390,32106,29472,55056,51693,12578,31,33
2021-08-10T23:59:59+02:00,1144,1035,14302,13279,20133,18566,22426,21989,26256,26933,29580,30564,21110,24101,15244,19067,4434,7696,11971,11252,18281,16789,20774,20300,24721,25191,28170,29091,20358,23247,14753,18408,4278,7422,218184,202641,32074,29449,55056,51668,12516,31,33
2021-08-09T23:59:59+02:00,1127,1016,14217,13217,20052,18509,22377,21941,26204,26889,29543,30530,21092,24084,15238,19058,4429,7694,11789,11090,18109,16692,20650,20218,24625,25095,28090,29015,20322,23207,14739,18396,4275,7413,217736,201652,32054,29340,55055,51573,12343,31,32
2021-08-08T23:59:59+02:00,1113,1009,14174,13178,20031,18474,22351,21921,26189,26869,29527,30516,21085,24078,15235,19054,4428,7693,11706,11004,18021,16608,20585,20161,24562,25048,28044,28971,20300,23184,14726,18385,4275,7409,217507,200997,32022,29262,55054,51555,12313,31,32
2021-08-07T23:59:59+02:00,1113,1009,14160,13173,20021,18469,22345,21916,26177,26855,29513,30504,21083,24074,15231,19049,4427,7693,11692,10998,18004,16604,20579,20155,24549,25033,28027,28959,20298,23180,14722,18380,4274,7409,217505,200982,32022,29261,55054,51555,12202,31,32
2021-08-06T23:59:59+02:00,1113,1009,14150,13161,20008,18450,22331,21902,26155,26846,29500,30493,21080,24070,15228,19047,4427,7692,11680,10984,17982,16583,20563,20139,24528,25024,28014,28948,20295,23176,14719,18378,4274,7409,217498,200955,32018,29261,55054,51554,12063,31,32
2021-08-05T23:59:59+02:00,1101,990,14079,13119,19958,18416,22287,21859,26120,26790,29472,30469,21066,24055,15220,19039,4425,7689,11506,10876,17870,16483,20452,20040,24423,24934,27945,28899,20269,23152,14708,18364,4271,7407,217184,200170,31974,29169,55051,51416,11916,31,32
2021-08-04T23:59:59+02:00,1085,973,14014,13049,19856,18332,22220,21800,26080,26748,29423,30422,21043,24037,15210,19026,4425,7686,11320,10701,17640,16343,20277,19913,24305,24810,27837,28802,20241,23119,14695,18352,4268,7405,216917,199124,31812,29109,55050,51173,11622,30,32
2021-08-03T23:59:59+02:00,1061,955,13943,12987,19819,18282,22186,21759,26045,26706,29389,30393,21027,24013,15200,19012,4422,7676,11136,10527,17467,16215,20138,19781,24157,24688,27718,28695,20198,23072,14678,18320,4266,7399,216540,197690,31784,29075,55049,51118,11474,30,32
2021-08-02T23:59:59+02:00,1037,935,13857,12920,19761,18224,22135,21719,25991,26645,29337,30343,20996,23982,15190,18992,4419,7674,10967,10358,17296,16090,19991,19668,24040,24573,27631,28594,20152,23019,14659,18301,4263,7389,216058,196500,31753,29026,55049,51042,11269,30,32
2021-08-01T23:59:59+02:00,1027,920,13795,12873,19725,18207,22116,21698,25966,26624,29318,30326,20987,23970,15186,18985,4419,7673,10822,10212,17135,15981,19841,19559,23896,24467,27523,28514,20138,22995,14651,18287,4263,7385,215821,195609,31703,28934,55049,50692,11213,30,32
2021-07-31T23:59:59+02:00,1027,920,13770,12864,19707,18199,22099,21687,25953,26612,29310,30315,20985,23965,15185,18984,4418,7673,10796,10200,17114,15968,19823,19546,23884,24455,27515,28503,20136,22990,14650,18286,4262,7385,215817,195590,31703,28934,55049,50692,11075,30,32
2021-07-30T23:59:59+02:00,1019,910,13710,12819,19661,18177,22069,21668,25923,26590,29282,30297,20978,23957,15179,18982,4416,7672,10710,10127,17050,15925,19764,19511,23817,24414,27467,28478,20121,22968,14641,18282,4259,7383,215638,195203,31700,28934,55049,50626,10893,30,32
2021-07-29T23:59:59+02:00,995,892,13605,12733,19597,18116,21996,21614,25872,26534,29230,30260,20960,23947,15172,18975,4416,7670,10443,9869,16750,15680,19469,19294,23516,24185,27216,28315,20066,22912,14629,18261,4259,7382,215195,193455,31628,28824,55049,49938,10683,30,32
2021-07-28T23:59:59+02:00,967,862,13474,12605,19471,18007,21910,21531,25792,26455,29155,30192,20937,23911,15159,18963,4414,7668,10153,9667,16489,15491,19208,19105,23288,23994,27061,28171,20018,22839,14610,18238,4256,7377,214545,192120,31593,28740,55045,49423,10261,30,32
2021-07-27T23:59:59+02:00,936,841,13356,12511,19406,17947,21844,21478,25726,26397,29115,30147,20922,23891,15154,18943,4413,7662,9897,9456,16237,15263,18981,18919,23095,23821,26898,28034,19976,22786,14588,18211,4250,7368,213950,190458,31538,28582,55044,49087,10129,29,32
2021-07-26T23:59:59+02:00,911,823,13251,12417,19354,17890,21770,21414,25677,26364,29060,30087,20893,23868,15136,18924,4413,7658,9661,9207,15998,15061,18733,18718,22869,23654,26747,27907,19905,22726,14560,18175,4245,7362,213347,188709,31466,28482,55043,48709,10027,28,32
2021-07-25T23:59:59+02:00,892,812,13176,12345,19275,17841,21713,21362,25637,26316,29023,30041,20876,23852,15129,18918,4410,7657,9475,9065,15797,14911,18530,18577,22700,23543,26598,27787,19855,22678,14544,18162,4242,7359,213046,187801,31404,28330,55043,48293,9755,28,32
2021-07-24T23:59:59+02:00,892,812,13166,12336,19265,17835,21702,21357,25622,26309,29018,30035,20872,23851,15128,18917,4410,7657,9465,9051,15787,14904,18517,18571,22683,23534,26592,27779,19852,22675,14543,18161,4242,7359,213043,187784,31404,28327,55043,48293,9667,28,32
2021-07-23T23:59:59+02:00,884,811,13101,12299,19187,17801,21662,21324,25586,26269,28985,29999,20858,23835,15120,18913,4408,7654,9414,9023,15703,14860,18463,18531,22632,23492,26548,27740,19836,22659,14536,18155,4240,7356,212916,187622,31403,28322,55043,48292,9307,28,32
2021-07-22T23:59:59+02:00,872,797,13006,12217,19128,17734,21617,21294,25537,26222,28961,29977,20845,23817,15118,18907,4405,7652,9096,8749,15301,14613,18100,18276,22301,23245,26342,27605,19779,22603,14523,18133,4237,7351,212449,185796,31318,28069,55040,47375,9272,28,32
2021-07-21T23:59:59+02:00,850,770,12804,12051,18979,17611,21483,21195,25431,26119,28884,29906,20803,23782,15101,18884,4401,7647,8718,8434,14868,14284,17721,18001,21944,22913,26068,27394,19686,22515,14497,18095,4234,7342,211823,183889,31209,27718,55037,46716,8605,28,32
2021-07-20T23:59:59+02:00,820,745,12655,11917,18869,17526,21413,21119,25369,26053,28846,29855,20778,23749,15093,18868,4398,7644,8389,8123,14399,13945,17340,17729,21640,22684,25824,27208,19605,22406,14468,18060,4232,7336,211139,181734,31099,27555,55033,45838,8419,28,31
2021-07-19T23:59:59+02:00,791,718,12534,11798,18778,17453,21351,21060,25315,25999,28796,29818,20753,23720,15083,18854,4394,7638,8063,7869,14032,13691,16993,17480,21313,22482,25597,27066,19536,22330,14446,18038,4226,7330,210418,179693,30993,27396,55033,45128,8382,28,31
2021-07-18T23:59:59+02:00,773,699,12421,11690,18679,17374,21284,21007,25259,25946,28759,29764,20731,23700,15071,18843,4392,7636,7893,7716,13876,13568,16842,17358,21151,22369,25467,26984,19496,22290,14432,18022,4226,7327,209834,178756,30844,27292,55033,44762,8290,28,31
2021-07-17T23:59:59+02:00,773,699,12418,11690,18678,17371,21284,21007,25259,25946,28759,29764,20731,23700,15071,18843,4392,7636,7886,7715,13872,13563,16841,17357,21150,22368,25466,26982,19494,22289,14432,18022,4226,7327,209830,178734,30844,27291,55033,44761,8287,28,31
2021-07-16T23:59:59+02:00,766,694,12346,11636,18637,17339,21249,20980,25226,25923,28733,29745,20729,23697,15071,18841,4392,7636,7734,7614,13719,13492,16697,17298,21012,22309,25359,26934,19476,22270,14431,18016,4226,7324,209622,178286,30844,27218,55033,44369,8114,28,31
2021-07-15T23:59:59+02:00,751,674,12273,11566,18573,17281,21193,20932,25178,25882,28705,29717,20714,23680,15066,18832,4391,7633,7390,7299,13111,13086,16030,16875,20375,21939,24903,26622,19330,22130,14388,17970,4223,7317,209142,176054,30758,26320,55026,42597,8088,28,31
2021-07-14T23:59:59+02:00,722,654,12060,11429,18400,17171,21071,20834,25074,25778,28615,29616,20680,23647,15047,18816,4388,7630,6974,6944,12447,12633,15338,16386,19742,21481,24439,26279,19112,21904,14356,17922,4215,7306,208323,173230,30592,25982,55023,40651,7667,28,31
2021-07-13T23:59:59+02:00,678,619,11922,11297,18279,17088,20960,20739,24977,25682,28545,29550,20651,23608,15027,18806,4386,7620,6512,6521,11814,12132,14644,15881,19137,21069,23998,25952,18935,21689,14312,17860,4211,7297,207305,169565,30454,25811,55013,38987,7635,28,28
2021-07-12T23:59:59+02:00,644,588,11797,11159,18164,16998,20868,20632,24876,25582,28463,29483,20625,23574,15019,18794,4381,7613,6096,6106,11210,11596,14019,15343,18582,20577,23580,25590,18738,21499,14247,17802,4202,7293,206286,165878,30325,24984,55010,38030,7612,28,28
2021-07-11T23:59:59+02:00,608,561,11682,11067,18100,16936,20811,20575,24822,25535,28406,29435,20606,23554,15010,18785,4381,7612,5907,5938,10955,11394,13787,15143,18336,20388,23371,25405,18665,21417,14220,17776,4201,7287,205648,164488,30206,24517,55008,37606,7599,26,28
2021-07-10T23:59:59+02:00,607,560,11675,11066,18096,16934,20807,20574,24819,25534,28405,29435,20606,23554,15009,18783,4381,7612,5900,5937,10950,11387,13777,15139,18335,20386,23369,25403,18663,21416,14219,17776,4201,7287,205628,164458,30204,24516,55008,37599,7592,26,28
2021-07-09T23:59:59+02:00,579,537,11565,10941,18022,16850,20737,20513,24745,25458,28355,29390,20583,23534,15006,18773,4381,7611,5866,5904,10921,11353,13726,15118,18304,20354,23350,25381,18658,21406,14217,17773,4201,7286,204760,164223,30203,24466,55008,37564,7584,26,28
2021-07-08T23:59:59+02:00,544,509,11401,10806,17897,16745,20601,20411,24639,25330,28237,29312,20539,23484,14990,18744,4378,7603,5522,5647,10405,10957,13104,14668,17639,19794,22742,24915,18342,21015,14121,17690,4196,7276,203991,161913,30177,23658,54979,35478,6998,26,27
2021-07-07T23:59:59+02:00,484,456,11232,10661,17814,16658,20531,20343,24566,25252,28176,29248,20511,23448,14985,18732,4376,7595,5215,5354,9877,10505,12524,14187,16958,19273,22176,24416,18028,20650,14019,17593,4189,7253,202977,159451,30153,22192,54962,33632,6951,26,27
2021-07-06T23:59:59+02:00,443,422,11108,10511,17703,16565,20438,20240,24487,25159,28085,29169,20485,23409,14976,18715,4374,7592,4816,4925,9278,9990,11811,13585,16249,18658,21661,23921,17709,20345,13918,17477,4180,7243,201843,155260,30146,21251,54953,32337,6914,26,27
2021-07-05T23:59:59+02:00,421,395,11018,10422,17612,16494,20357,20168,24426,25108,28044,29132,20461,23388,14964,18707,4373,7589,4528,4604,8780,9539,11251,13031,15540,18014,21040,23312,17316,19949,13785,17319,4172,7235,201102,151365,30143,20570,54944,30607,6865,26,27
2021-07-04T23:59:59+02:00,408,389,10942,10367,17547,16440,20307,20118,24395,25072,28028,29114,20452,23377,14959,18704,4372,7588,4382,4513,8652,9373,11059,12856,15298,17804,20774,23040,17043,19658,13725,17227,4168,7231,200622,150050,30137,20265,54943,29628,6852,26,27
2021-07-03T23:59:59+02:00,406,388,10935,10356,17537,16434,20305,20115,24393,25072,28025,29113,20452,23376,14959,18704,4372,7588,4378,4506,8645,9369,11056,12856,15294,17804,20771,23037,17043,19655,13725,17227,4168,7231,200594,150037,30135,20265,54943,29622,6833,26,27
2021-07-02T23:59:59+02:00,363,325,10790,10246,17421,16332,20201,20039,24320,25007,27962,29054,20426,23350,14953,18690,4372,7585,4291,4425,8483,9232,10920,12744,15171,17697,20660,22933,17001,19625,13718,17212,4168,7228,199709,149048,30135,20264,54943,29564,6624,26,27
2021-07-01T23:59:59+02:00,316,282,10656,10111,17294,16238,20079,19950,24236,24932,27898,29002,20406,23326,14937,18675,4369,7581,4087,4224,8183,8894,10551,12333,14602,17197,20151,22395,16713,19326,13510,16998,4158,7206,198636,145990,30077,19580,54937,28335,6613,26,27
2021-06-30T23:59:59+02:00,233,220,10401,9872,17120,16087,19945,19819,24120,24808,27819,28914,20384,23294,14918,18657,4368,7580,3890,4027,7881,8557,10143,11871,14113,16641,19578,21761,16391,18983,13237,16720,4145,7179,196985,142311,30022,19329,54929,26868,6598,26,27
2021-06-29T23:59:59+02:00,189,183,10253,9696,16984,15992,19842,19726,24051,24732,27761,28846,20357,23267,14904,18637,4368,7576,3688,3767,7481,8105,9669,11334,13459,15970,18964,21057,16073,18656,12990,16430,4138,7165,195833,138024,30017,19030,54925,25315,6565,25,27
2021-06-28T23:59:59+02:00,140,131,10060,9514,16857,15886,19738,19622,23957,24638,27693,28784,20327,23237,14890,18619,4366,7574,3487,3513,7080,7661,9233,10841,12910,15432,18466,20539,15822,18390,12871,16297,4132,7154,194651,134187,29904,18607,54922,24488,6532,25,27
2021-06-27T23:59:59+02:00,122,114,9921,9402,16797,15826,19677,19571,23899,24588,27666,28759,20314,23221,14887,18615,4365,7571,3396,3446,6903,7466,9043,10642,12681,15192,18204,20280,15699,18285,12806,16210,4132,7150,194017,132994,29844,18259,54916,23754,6514,25,27
2021-06-26T23:59:59+02:00,122,114,9920,9398,16795,15822,19674,19570,23897,24587,27666,28759,20314,23221,14887,18615,4365,7571,3394,3446,6900,7465,9040,10641,12678,15189,18202,20279,15696,18284,12806,16208,4132,7150,194000,132974,29843,18259,54916,23749,6514,25,27
2021-06-25T23:59:59+02:00,118,111,9873,9358,16757,15789,19640,19540,23861,24559,27642,28741,20308,23214,14885,18612,4365,7571,3373,3400,6826,7355,8943,10486,12563,14993,18057,20071,15672,18255,12798,16205,4131,7149,193681,132792,29809,17905,54916,23052,6514,25,27
2021-06-24T23:59:59+02:00,108,100,9744,9235,16571,15661,19505,19416,23739,24470,27584,28680,20294,23198,14878,18603,4364,7569,3246,3255,6608,7025,8631,10032,12029,14370,17503,19364,15447,18023,12651,16074,4128,7137,192841,130390,29464,17045,54915,21598,6475,25,27
2021-06-23T23:59:59+02:00,102,95,9615,9097,16428,15536,19388,19312,23642,24365,27518,28633,20279,23176,14874,18598,4361,7568,3041,3018,6254,6542,8130,9464,11325,13546,16739,18383,15151,17682,12501,15932,4118,7112,191923,125836,29297,16071,54904,20578,6438,25,27
2021-06-22T23:59:59+02:00,71,69,9326,8792,16195,15334,19202,19160,23498,24240,27446,28549,20255,23151,14866,18579,4357,7562,2807,2735,5769,5993,7506,8701,10412,12504,15719,17181,14855,17324,12394,15808,4105,7089,190235,119405,29089,15579,54900,19503,6405,23,22
2021-06-21T23:59:59+02:00,67,62,9200,8635,16023,15184,19012,19007,23368,24117,27385,28470,20231,23123,14861,18569,4357,7558,2661,2546,5388,5528,7043,8116,9682,11626,14989,16247,14576,17011,12287,15687,4100,7072,189039,114701,28867,15019,54897,18426,6403,23,22
2021-06-20T23:59:59+02:00,64,61,9063,8506,15886,15066,18901,18919,23295,24046,27345,28419,20220,23102,14850,18562,4354,7557,2602,2478,5216,5346,6829,7850,9375,11294,14623,15844,14441,16877,12247,15650,4095,7066,188149,112996,28749,14786,54896,17642,6399,23,22
2021-06-19T23:59:59+02:00,64,61,9062,8501,15883,15057,18899,18919,23293,24045,27345,28418,20220,23102,14850,18562,4354,7557,2599,2477,5215,5341,6828,7849,9375,11293,14621,15840,14439,16877,12247,15650,4095,7066,188128,112978,28747,14784,54895,17641,6399,23,22
2021-06-18T23:59:59+02:00,64,57,9031,8489,15870,15048,18884,18911,23286,24036,27339,28413,20220,23099,14849,18562,4354,7557,2570,2444,5160,5282,6750,7749,9276,11137,14450,15612,14360,16776,12236,15628,4093,7063,188007,112193,28746,14783,54894,17201,6399,23,22
2021-06-17T23:59:59+02:00,57,54,8849,8327,15634,14880,18685,18753,23130,23905,27203,28320,20196,23078,14842,18550,4352,7554,2430,2296,4835,4982,6363,7346,8728,10534,13622,14739,14123,16483,12163,15506,4089,7052,186667,109327,28741,13826,54887,16077,6051,23,22
2021-06-16T23:59:59+02:00,49,52,8623,8111,15403,14653,18474,18553,22939,23736,27097,28210,20167,23035,14828,18530,4348,7548,2315,2187,4594,4779,6010,7003,8200,10049,12904,13900,13773,16100,12078,15417,4084,7040,184883,105876,28641,13026,54884,15596,5925,23,22
2021-06-15T23:59:59+02:00,40,39,8278,7777,15026,14294,18152,18265,22687,23525,26938,28077,20137,23001,14815,18514,4346,7537,2133,2017,4243,4431,5504,6441,7319,9158,11711,12623,13232,15482,11957,15254,4069,7017,182286,99637,28605,12361,54882,14931,5652,23,22
2021-06-14T23:59:59+02:00,34,34,8099,7608,14766,14062,17949,18092,22536,23404,26826,27995,20116,22968,14802,18506,4342,7529,2018,1892,3986,4181,5119,5971,6661,8436,10786,11568,12916,15134,11886,15160,4059,6998,180704,94799,28581,12001,54880,14479,5480,23,22
2021-06-13T23:59:59+02:00,34,34,8025,7552,14682,13973,17833,17981,22455,23325,26797,27965,20103,22957,14798,18500,4342,7529,1974,1865,3904,4084,5001,5831,6428,8196,10491,11234,12759,14956,11828,15104,4058,6997,179946,93418,28571,11709,54876,14100,5469,23,22
2021-06-12T23:59:59+02:00,34,34,8024,7551,14682,13972,17833,17981,22453,23324,26796,27962,20103,22956,14798,18500,4342,7529,1973,1863,3902,4084,4999,5830,6425,8192,10488,11228,12756,14955,11828,15102,4058,6997,179935,93397,28571,11709,54876,14091,5469,23,22
2021-06-11T23:59:59+02:00,34,33,7958,7510,14593,13925,17757,17931,22384,23290,26752,27939,20101,22952,14798,18499,4342,7529,1957,1851,3866,4026,4956,5763,6364,8110,10388,11123,12716,14920,11817,15096,4058,6997,179598,93179,28494,11703,54875,13775,5337,23,22
2021-06-10T23:59:59+02:00,29,26,7619,7214,14198,13561,17324,17556,22053,23009,26556,27758,20057,22907,14785,18481,4339,7517,1856,1769,3650,3861,4681,5488,6039,7741,9769,10512,12196,14260,11748,14988,4050,6990,177001,90014,28000,11323,54863,13145,5102,23,20
2021-06-09T23:59:59+02:00,28,23,7252,6866,13738,13125,16809,17090,21663,22640,26341,27544,19984,22837,14767,18446,4336,7509,1690,1654,3455,3682,4426,5220,5652,7333,8992,9793,11531,13424,11629,14848,4040,6978,173759,85760,27458,10688,54851,12978,4907,23,20
2021-06-08T23:59:59+02:00,23,19,6877,6463,13225,12636,16342,16621,21306,22300,26125,27341,19927,22758,14736,18411,4333,7502,1598,1579,3235,3451,4107,4869,5145,6845,8106,8871,10646,12347,11485,14690,4036,6963,170349,80105,26968,10392,54842,12700,4763,23,19
2021-06-07T23:59:59+02:00,20,16,6601,6178,12791,12262,15944,16222,20979,22003,25963,27185,19890,22704,14715,18391,4326,7496,1537,1508,3043,3279,3832,4640,4743,6468,7392,8117,9734,11200,11373,14544,4025,6945,167785,75361,26547,10020,54822,12477,4509,23,19
2021-06-06T23:59:59+02:00,20,16,6460,6047,12649,12109,15782,16065,20815,21841,25877,27098,19870,22667,14704,18381,4325,7492,1522,1486,2970,3238,3738,4574,4637,6389,7250,7988,9477,10931,11327,14494,4022,6940,166560,74679,26443,9596,54801,12304,4391,23,19
2021-06-05T23:59:59+02:00,20,16,6451,6043,12635,12096,15772,16056,20812,21836,25877,27095,19870,22667,14704,18381,4325,7492,1520,1484,2967,3237,3737,4573,4634,6389,7245,7983,9470,10926,11327,14494,4022,6940,166501,74650,26432,9594,54801,12300,4391,23,19
2021-06-04T23:59:59+02:00,20,16,6419,6003,12576,12047,15712,16007,20784,21805,25858,27078,19866,22661,14701,18381,4325,7492,1519,1478,2955,3225,3718,4559,4624,6375,7208,7940,9438,10856,11289,14453,4021,6939,166403,74374,26174,9581,54777,12255,4374,23,19
2021-06-03T23:59:59+02:00,20,15,6185,5781,12275,11797,15389,15697,20452,21467,25601,26866,19820,22587,14681,18361,4324,7488,1477,1435,2881,3159,3621,4481,4515,6276,7008,7759,9061,10408,11237,14379,4021,6934,163921,73076,25927,9286,54775,12116,4160,23,19
2021-06-02T23:59:59+02:00,20,15,6122,5720,12204,11732,15316,15630,20380,21406,25584,26842,19816,22584,14678,18358,4323,7487,1463,1424,2864,3146,3604,4466,4480,6259,6973,7721,8980,10298,11228,14354,4020,6933,163570,72712,25743,9277,54774,12106,4107,23,16
2021-06-01T23:59:59+02:00,16,15,5668,5225,11469,11033,14490,14898,19661,20742,25174,26460,19726,22494,14644,18311,4315,7479,1349,1316,2566,2876,3225,4132,3992,5800,6145,6918,7790,8673,10984,14007,4006,6916,158534,67305,25093,8370,54746,11587,3424,23,14
2021-05-31T23:59:59+02:00,14,15,5419,4928,11027,10607,13963,14404,19183,20245,24867,26120,19633,22408,14605,18265,4306,7463,1289,1261,2412,2741,3022,3962,3707,5507,5587,6385,6774,7387,10740,13687,3997,6882,155072,63266,24398,7447,54741,11380,3238,23,14
2021-05-30T23:59:59+02:00,14,15,5340,4852,10842,10485,13798,14226,18834,19923,24624,25871,19602,22378,14597,18245,4305,7461,1269,1247,2385,2708,2974,3916,3639,5451,5484,6296,6601,7157,10703,13612,3995,6872,153577,62529,23894,7385,54714,11182,3204,23,14
2021-05-29T23:59:59+02:00,14,15,5337,4852,10842,10481,13793,14223,18834,19922,24623,25869,19602,22378,14597,18245,4305,7461,1268,1243,2384,2705,2972,3913,3639,5449,5483,6294,6596,7154,10703,13612,3995,6872,153559,62519,23894,7382,54713,11168,3204,23,14
2021-05-28T23:59:59+02:00,14,15,5321,4838,10821,10443,13768,14204,18817,19905,24615,25859,19601,22377,14595,18242,4305,7460,1263,1243,2383,2698,2971,3911,3633,5443,5469,6278,6580,7137,10694,13590,3994,6868,153374,62415,23892,7382,54709,11147,3202,23,14
2021-05-27T23:59:59+02:00,11,14,5029,4555,10298,9987,13181,13673,18127,19291,24033,25322,19502,22262,14562,18196,4294,7448,1099,1103,2099,2505,2672,3619,3338,5087,5138,5998,6280,6720,10465,13307,3989,6852,150112,60559,22899,7346,54603,10209,2148,23,13
2021-05-26T23:59:59+02:00,11,14,4766,4299,9860,9606,12663,13153,17513,18681,23399,24645,19377,22113,14515,18141,4288,7431,1020,1023,1940,2352,2472,3422,3076,4843,4750,5646,5723,6071,10092,12773,3973,6816,146009,57413,22139,7308,54481,9439,1823,23,13
2021-05-25T23:59:59+02:00,11,13,4552,4069,9449,9132,12202,12646,16975,18102,22878,24006,19245,21941,14484,18062,4279,7417,971,979,1878,2262,2363,3286,2903,4639,4404,5270,5140,5339,9640,12173,3957,6791,141961,53858,21305,7293,54353,9014,1821,23,13
2021-05-24T23:59:59+02:00,11,13,4440,3912,9239,8927,11998,12386,16673,17780,22549,23603,19169,21862,14469,18042,4277,7416,955,931,1818,2221,2289,3225,2817,4558,4282,5154,4995,5179,9549,12046,3954,6783,140456,53150,20344,7240,54176,8590,1767,23,13
2021-05-23T23:59:59+02:00,11,13,4429,3911,9233,8924,11986,12376,16662,17773,22533,23582,19164,21857,14468,18040,4277,7416,954,926,1816,2216,2284,3223,2810,4554,4275,5137,4987,5165,9542,12033,3953,6782,140349,53070,20341,7227,54175,8584,1767,23,13
2021-05-22T23:59:59+02:00,11,13,4425,3908,9229,8920,11978,12370,16658,17769,22531,23580,19164,21857,14468,18040,4277,7416,954,926,1815,2214,2281,3223,2809,4554,4275,5135,4985,5164,9541,12033,3953,6782,140320,53064,20341,7227,54163,8577,1767,23,13
2021-05-21T23:59:59+02:00,11,13,4394,3869,9157,8844,11905,12283,16567,17694,22468,23512,19144,21839,14464,18033,4277,7414,909,916,1783,2203,2249,3214,2779,4529,4227,5106,4961,5140,9528,12026,3952,6781,139663,52997,20341,7227,54144,8353,1717,23,13
2021-05-20T23:59:59+02:00,8,12,4140,3689,8710,8487,11422,11869,15896,17192,21887,22932,18959,21671,14432,17993,4272,7403,762,852,1527,2043,2006,3057,2537,4311,3976,4873,4804,4977,9413,11882,3944,6757,136264,52269,19967,7128,53727,7322,993,23,13
2021-05-19T23:59:59+02:00,8,12,3897,3448,8217,8024,10842,11324,15224,16485,21211,22209,18758,21440,14391,17943,4266,7385,713,806,1467,1963,1929,2957,2471,4185,3835,4715,4629,4764,9210,11652,3924,6728,130872,51192,19784,6995,53430,6777,975,23,13
2021-05-18T23:59:59+02:00,7,11,3608,3186,7670,7486,10113,10625,14263,15547,20268,21152,18497,21156,14336,17883,4260,7363,658,757,1413,1876,1854,2846,2341,4045,3659,4513,4357,4472,9007,11402,3911,6701,123826,49960,19688,6794,52991,6147,903,23,12
2021-05-17T23:59:59+02:00,7,11,3417,2979,7212,7017,9608,10084,13534,14758,19581,20352,18311,20894,14289,17817,4250,7348,602,702,1332,1813,1779,2765,2231,3970,3523,4400,4111,4241,8863,11189,3898,6672,118585,49158,19448,6581,52526,5457,887,23,12
2021-05-16T23:59:59+02:00,7,10,3287,2906,7005,6840,9405,9869,13280,14523,19352,20123,18234,20815,14275,17798,4249,7342,589,656,1293,1765,1734,2704,2194,3877,3458,4317,4020,4140,8842,11161,3896,6670,116962,49013,19208,6413,52244,4999,883,23,12
2021-05-15T23:59:59+02:00,7,10,3286,2903,6999,6832,9403,9863,13277,14521,19349,20113,18232,20814,14275,17798,4249,7342,589,656,1291,1764,1731,2703,2192,3877,3457,4317,4018,4138,8842,11161,3896,6670,116918,49005,19208,6412,52242,4995,882,23,12
2021-05-14T23:59:59+02:00,7,10,3245,2859,6886,6688,9273,9725,13127,14339,19177,19978,18208,20789,14274,17790,4248,7339,569,643,1270,1743,1702,2681,2158,3851,3413,4279,3968,4084,8835,11154,3896,6669,116512,48966,18459,6261,52158,4870,810,23,12
2021-05-13T23:59:59+02:00,7,10,3126,2697,6558,6369,8837,9327,12580,13858,18574,19381,18080,20645,14241,17754,4243,7337,537,618,1216,1687,1645,2607,2071,3745,3265,4159,3864,3947,8812,11134,3893,6665,113632,48870,17762,5871,51553,4461,655,22,10
2021-05-12T23:59:59+02:00,7,10,3099,2666,6525,6331,8788,9274,12441,13745,18390,19177,18047,20611,14233,17744,4243,7337,536,616,1215,1684,1640,2604,2062,3739,3251,4151,3851,3933,8804,11128,3893,6664,112920,48843,17537,5844,51535,4422,654,22,10
2021-05-11T23:59:59+02:00,5,10,2709,2409,5726,5835,7818,8463,11047,12578,16824,17702,17542,20048,14149,17639,4224,7314,500,557,1088,1579,1477,2448,1875,3560,3030,3889,3744,3819,8735,11035,3889,6659,105518,48612,16913,5648,49460,3486,130,21,10
2021-05-10T23:59:59+02:00,5,8,2522,2242,5253,5456,7126,7840,10020,11662,15529,16330,17163,19597,14086,17525,4216,7290,475,531,1046,1540,1434,2397,1816,3457,2910,3758,3662,3746,8696,10987,3885,6655,99714,48496,16003,5419,48003,2943,129,21,10
2021-05-09T23:59:59+02:00,5,8,2439,2211,5116,5372,6939,7721,9610,11325,14983,15803,17044,19457,14066,17497,4213,7285,459,513,1014,1483,1363,2313,1758,3335,2798,3604,3576,3654,8673,10955,3882,6652,98140,48411,15415,5149,47391,2337,127,21,10
2021-05-08T23:59:59+02:00,5,8,2435,2210,5115,5372,6939,7719,9606,11321,14982,15802,17044,19457,14066,17497,4213,7285,458,512,1013,1483,1363,2312,1758,3335,2797,3603,3574,3654,8673,10955,3882,6652,98125,48406,15414,5149,47389,2334,127,21,10
2021-05-07T23:59:59+02:00,5,8,2263,2148,4844,5277,6575,7566,9157,11107,14539,15482,16867,19255,14054,17468,4213,7283,446,510,1002,1471,1348,2297,1723,3325,2748,3568,3528,3614,8594,10874,3882,6649,97419,48383,14896,4800,45653,2266,122,21,10
2021-05-06T23:59:59+02:00,5,8,2029,2016,4295,4930,5922,7191,8389,10549,13565,14660,16469,18804,14005,17374,4201,7270,417,462,961,1371,1261,2134,1617,3101,2527,3285,3351,3414,8415,10681,3873,6635,94840,47943,13659,4194,43110,1307,53,20,10
2021-05-05T23:59:59+02:00,5,8,1906,1906,4013,4707,5491,6820,7694,9960,12449,13602,15792,17967,13901,17273,4192,7246,409,450,948,1344,1233,2092,1582,3025,2467,3201,3300,3374,8336,10584,3867,6625,90429,47812,12337,4045,42108,934,38,20,10
2021-05-04T23:59:59+02:00,5,8,1819,1820,3746,4471,5084,6464,7032,9385,11229,12359,14873,16839,13792,17136,4188,7232,404,440,929,1324,1215,2050,1564,2987,2423,3146,3256,3327,8247,10473,3861,6611,84619,47674,11699,3845,41120,705,25,19,10
2021-05-03T23:59:59+02:00,4,8,1767,1767,3594,4345,4853,6252,6648,9054,10500,11623,14147,15860,13704,17021,4179,7215,398,430,925,1310,1201,2017,1543,2945,2390,3101,3203,3287,8132,10371,3856,6605,80186,47546,11495,3624,40820,516,21,19,9
2021-05-02T23:59:59+02:00,4,8,1757,1748,3520,4320,4770,6199,6578,8994,10382,11508,13960,15666,13672,16994,4178,7210,396,422,919,1295,1197,2000,1540,2932,2374,3084,3188,3270,8095,10339,3855,6601,79626,47527,11219,3526,40588,431,16,19,9
2021-05-01T23:59:59+02:00,4,8,1754,1748,3519,4319,4769,6198,6575,8993,10377,11504,13957,15666,13671,16993,4178,7207,395,422,919,1295,1196,1999,1540,2932,2374,3084,3188,3270,8095,10339,3855,6600,79600,47524,11219,3526,40587,431,15,19,9
2021-04-30T23:59:59+02:00,4,8,1752,1741,3513,4310,4762,6186,6554,8978,10339,11466,13906,15592,13645,16962,4177,7206,395,420,917,1293,1196,1999,1540,2932,2372,3083,3188,3268,8094,10337,3855,6600,79273,47517,11219,3525,40577,426,14,18,9
2021-04-29T23:59:59+02:00,4,7,1627,1700,3272,4195,4486,6032,6237,8727,9923,11074,13322,14888,13541,16806,4171,7198,386,409,908,1272,1176,1965,1515,2896,2343,3035,3174,3257,8081,10319,3852,6596,76486,47401,10834,3523,39861,240,13,16,9
2021-04-28T23:59:59+02:00,4,7,1502,1653,3099,4095,4251,5852,5880,8453,9335,10582,12445,13705,13384,16597,4162,7184,377,399,891,1259,1160,1936,1478,2852,2273,2966,3021,3124,7968,10203,3845,6585,71988,46983,10648,3110,39527,226,11,16,9
2021-04-27T23:59:59+02:00,4,7,1464,1610,2990,3975,4047,5710,5573,8194,8715,9912,11407,12393,13154,16240,4151,7162,365,384,882,1238,1145,1901,1451,2779,2227,2905,2982,3079,7941,10171,3838,6580,67180,46768,10460,2936,39042,146,11,15,9
2021-04-26T23:59:59+02:00,4,7,1439,1576,2877,3897,3875,5566,5262,7980,8223,9470,10652,11466,13010,16036,4140,7144,364,379,872,1228,1128,1890,1421,2758,2198,2874,2932,3027,7891,10121,3832,6575,63764,46665,10270,2682,38564,125,11,15,9
2021-04-25T23:59:59+02:00,4,7,1428,1570,2810,3866,3778,5507,5125,7933,8028,9365,10456,11232,12973,15982,4139,7139,363,374,863,1222,1110,1876,1406,2739,2175,2847,2890,2994,7843,10073,3831,6570,63261,46585,10069,2474,37987,99,11,14,9
2021-04-24T23:59:59+02:00,4,7,1427,1570,2810,3864,3777,5506,5123,7931,8024,9361,10449,11229,12973,15982,4139,7139,363,374,863,1222,1110,1873,1404,2738,2174,2847,2890,2994,7843,10073,3831,6570,63235,46580,10069,2473,37986,98,11,14,9
2021-04-23T23:59:59+02:00,4,7,1410,1559,2743,3829,3694,5476,5005,7883,7890,9301,10363,11118,12949,15941,4137,7135,362,374,862,1219,1110,1873,1403,2738,2174,2847,2890,2994,7842,10073,3831,6570,63104,46575,9788,2472,37527,97,11,14,9
2021-04-22T23:59:59+02:00,4,7,1368,1528,2635,3763,3534,5371,4772,7729,7537,9066,9790,10424,12682,15642,4131,7111,356,373,854,1210,1100,1860,1392,2712,2147,2826,2854,2961,7752,9964,3819,6554,61477,46165,9129,2463,36463,88,11,14,9
2021-04-21T23:59:59+02:00,4,7,1335,1491,2555,3687,3415,5268,4554,7549,7127,8738,8900,9392,12267,15063,4118,7069,351,371,849,1193,1091,1839,1374,2682,2117,2798,2795,2905,7637,9799,3801,6526,58747,45684,8260,2338,35507,88,11,14,9
2021-04-20T23:59:59+02:00,4,7,1313,1465,2485,3612,3315,5171,4380,7366,6741,8406,8007,8264,11801,14473,4104,7055,345,366,837,1180,1081,1817,1350,2659,2084,2755,2734,2848,7487,9612,3769,6470,55892,44962,7495,2332,34559,83,10,13,9
2021-04-19T23:59:59+02:00,4,7,1296,1449,2449,3575,3254,5104,4273,7264,6502,8173,7373,7489,11548,14116,4093,7037,343,364,833,1170,1075,1805,1327,2646,2050,2728,2679,2804,7371,9446,3746,6431,53941,44403,7122,2318,33920,80,10,13,9
2021-04-18T23:59:59+02:00,4,6,1286,1437,2418,3551,3213,5083,4219,7208,6366,8044,7020,7101,11454,14013,4090,7025,343,363,831,1166,1074,1798,1325,2633,2044,2723,2673,2790,7344,9414,3744,6427,53423,44279,6664,2316,33428,80,10,13,9
2021-04-17T23:59:59+02:00,4,6,1285,1435,2418,3550,3212,5079,4214,7205,6359,8034,7005,7091,11452,14011,4090,7025,343,363,830,1165,1074,1798,1323,2632,2043,2721,2670,2788,7343,9414,3744,6427,53401,44266,6662,2315,33390,80,10,12,9
2021-04-16T23:59:59+02:00,4,6,1282,1434,2407,3542,3204,5071,4195,7187,6308,8001,6929,7006,11440,13997,4088,7023,343,362,826,1163,1072,1798,1321,2631,2040,2721,2669,2781,7341,9412,3743,6427,53345,44242,6425,2311,33332,80,10,12,9
2021-04-15T23:59:59+02:00,2,4,1246,1413,2353,3493,3109,5012,4034,7059,6052,7769,6385,6448,11190,13708,4073,6991,335,360,807,1143,1033,1739,1276,2559,1966,2626,2589,2712,7253,9325,3733,6410,52258,43653,6035,2125,32026,74,10,12,6
2021-04-14T23:59:59+02:00,2,4,1225,1399,2318,3466,3040,4950,3927,6954,5862,7561,5741,5745,10797,13217,4041,6941,328,357,795,1134,1016,1713,1245,2518,1914,2574,2512,2642,7104,9130,3714,6384,50850,42991,5829,2002,30490,74,9,12,6
2021-04-13T23:59:59+02:00,2,4,1211,1390,2286,3435,2984,4887,3816,6873,5615,7340,5206,5199,10455,12803,4018,6913,307,343,776,1105,994,1692,1222,2483,1878,2533,2446,2576,6985,8993,3678,6323,49831,42305,5625,1945,28960,71,9,12,6
2021-04-12T23:59:59+02:00,2,4,1196,1384,2260,3412,2934,4842,3688,6792,5405,7190,4878,4905,10205,12522,4009,6889,291,339,762,1101,977,1676,1208,2461,1828,2486,2368,2515,6870,8852,3664,6301,49366,41728,5426,1896,27707,64,7,11,6
2021-04-11T23:59:59+02:00,2,4,1190,1371,2240,3392,2901,4822,3628,6721,5261,7081,4646,4705,10020,12323,4003,6878,284,337,757,1093,967,1662,1197,2433,1805,2454,2315,2456,6786,8744,3650,6281,49283,41313,5189,1835,26701,63,6,9,6
2021-04-10T23:59:59+02:00,2,4,1190,1370,2237,3388,2899,4818,3622,6718,5251,7069,4640,4696,10012,12310,4003,6877,281,333,741,1086,954,1657,1173,2413,1734,2402,2227,2370,6727,8697,3649,6277,49228,41144,5187,1506,26676,61,6,9,6
2021-04-09T23:59:59+02:00,2,4,1187,1367,2230,3386,2891,4809,3613,6707,5222,7045,4615,4668,9986,12280,4002,6877,272,330,721,1076,938,1636,1139,2366,1642,2326,2007,2101,6572,8536,3627,6244,49154,40289,5182,1173,26540,61,6,9,6
2021-04-08T23:59:59+02:00,2,4,1163,1347,2176,3330,2805,4719,3472,6577,4986,6812,4225,4260,9439,11706,3983,6823,247,309,670,1016,880,1563,1066,2270,1507,2206,1730,1764,6107,7975,3539,6099,48692,37718,4653,1170,24469,50,6,9,6
2021-04-07T23:59:59+02:00,2,4,1153,1333,2142,3312,2763,4682,3383,6515,4823,6678,3933,3959,8876,11155,3966,6794,214,280,611,961,820,1494,1007,2209,1401,2107,1590,1589,5508,7275,3450,5942,48485,35235,4178,1166,22797,49,4,9,6
2021-04-06T23:59:59+02:00,2,4,1131,1316,2097,3287,2724,4650,3318,6468,4697,6585,3679,3704,8385,10645,3950,6763,206,275,582,941,795,1446,962,2152,1318,2020,1443,1400,4924,6482,3336,5736,48290,32807,3641,1158,21462,46,3,9,6
2021-04-05T23:59:59+02:00,2,4,1128,1311,2091,3284,2714,4648,3304,6453,4674,6567,3647,3677,8356,10607,3946,6761,203,262,575,926,776,1422,946,2116,1278,1980,1396,1337,4710,6212,3288,5679,48200,31897,3635,1156,21327,46,3,9,6
2021-04-04T23:59:59+02:00,2,4,1128,1311,2091,3283,2714,4647,3304,6453,4673,6566,3642,3675,8354,10605,3946,6761,203,262,574,926,776,1422,946,2116,1278,1979,1396,1337,4709,6212,3288,5679,48194,31894,3635,1156,21318,46,3,9,6
2021-04-03T23:59:59+02:00,2,4,1128,1311,2090,3283,2714,4647,3304,6453,4673,6566,3641,3673,8354,10604,3946,6761,203,262,574,925,776,1422,946,2116,1278,1979,1396,1337,4709,6212,3288,5679,48193,31893,3634,1156,21315,46,3,9,6
2021-04-02T23:59:59+02:00,2,4,1128,1311,2090,3281,2714,4646,3304,6450,4673,6564,3639,3669,8352,10603,3946,6761,203,262,574,925,776,1420,946,2116,1278,1978,1396,1335,4707,6211,3287,5679,48177,31885,3634,1155,21314,46,3,9,6
2021-04-01T23:59:59+02:00,1,4,1115,1276,2025,3161,2606,4446,3156,6201,4515,6325,3595,3633,8253,10497,3935,6744,198,253,570,916,765,1414,936,2102,1255,1962,1375,1308,4468,5892,3167,5514,47807,30898,3628,1151,20041,39,3,9,6
2021-03-31T23:59:59+02:00,1,4,1098,1246,1987,3062,2531,4303,3066,5988,4385,6095,3512,3551,8100,10300,3915,6709,190,250,563,905,761,1396,924,2082,1213,1929,1319,1245,3977,5291,3039,5278,47202,29168,3501,1151,19138,38,3,9,4
2021-03-30T23:59:59+02:00,1,3,1076,1212,1936,2878,2429,4078,2916,5630,4184,5706,3418,3456,7935,10095,3888,6655,186,245,554,895,750,1374,902,2062,1165,1884,1233,1161,3455,4574,2812,4943,46562,27010,3335,1151,17587,29,3,9,4
2021-03-29T23:59:59+02:00,1,3,1059,1169,1873,2748,2345,3921,2778,5376,4021,5431,3318,3356,7773,9866,3859,6607,185,240,548,884,740,1360,884,2038,1128,1856,1159,1072,2871,3892,2633,4649,45917,24971,3100,1145,16476,19,2,9,4
2021-03-28T23:59:59+02:00,1,3,1040,1137,1802,2586,2263,3717,2657,5081,3869,5154,3253,3290,7708,9802,3855,6601,185,240,546,881,739,1358,882,2032,1125,1853,1150,1060,2816,3824,2620,4622,45809,24774,2891,1142,15108,14,2,9,3
2021-03-27T23:59:59+01:00,1,3,1040,1137,1802,2585,2262,3716,2654,5081,3866,5154,3249,3290,7707,9802,3855,6601,185,240,545,881,739,1358,881,2032,1122,1853,1150,1060,2816,3824,2620,4622,45800,24769,2891,1142,15103,14,2,9,3
2021-03-26T23:59:59+01:00,1,3,1035,1114,1760,2470,2198,3558,2591,4871,3780,4930,3228,3273,7704,9797,3854,6600,185,239,545,881,738,1358,881,2032,1122,1850,1146,1059,2813,3816,2619,4619,45773,24746,2888,1142,14095,12,2,9,3
2021-03-25T23:59:59+01:00,1,3,1010,1083,1709,2367,2115,3389,2482,4642,3668,4733,3126,3181,7576,9663,3847,6586,183,236,540,879,731,1348,875,2014,1105,1826,1100,1015,2584,3468,2419,4326,45514,23493,2551,1142,13108,12,1,7,3
2021-03-24T23:59:59+01:00,1,3,987,1064,1689,2324,2084,3339,2447,4575,3624,4664,3039,3111,7447,9492,3828,6568,183,232,534,874,724,1338,863,1999,1086,1805,1060,973,2190,2922,2026,3806,44976,21461,2421,1140,12881,12,1,7,3
2021-03-23T23:59:59+01:00,1,3,977,1058,1671,2292,2060,3305,2414,4531,3584,4614,2972,3038,7353,9390,3810,6540,181,229,530,869,717,1326,849,1980,1049,1774,979,883,1826,2431,1674,3340,44465,19517,2410,1106,12731,12,1,6,3
2021-03-22T23:59:59+01:00,1,3,975,1049,1656,2275,2046,3287,2392,4503,3547,4572,2928,3004,7290,9320,3796,6523,178,226,529,858,701,1303,835,1966,1020,1747,931,811,1349,1857,1320,2851,44131,17419,2388,1049,12641,12,1,6,3
2021-03-21T23:59:59+01:00,1,3,975,1049,1655,2272,2046,3286,2388,4499,3535,4564,2914,2995,7242,9265,3790,6517,178,223,528,856,700,1299,833,1962,1009,1742,908,792,1271,1772,1264,2782,43985,17117,2385,988,12619,12,1,6,3
2021-03-20T23:59:59+01:00,1,3,974,1048,1654,2271,2046,3286,2388,4499,3533,4562,2913,2994,7242,9264,3790,6517,178,223,528,856,700,1299,833,1962,996,1727,873,764,1239,1749,1255,2780,43983,17114,2381,834,12614,12,1,6,3
2021-03-19T23:59:59+01:00,1,3,973,1040,1647,2257,2035,3282,2386,4493,3526,4555,2903,2983,7230,9246,3789,6514,178,221,527,856,700,1297,833,1961,989,1722,829,725,1176,1697,1245,2770,43920,17071,2377,641,12559,12,1,6,3
2021-03-18T23:59:59+01:00,1,3,935,1008,1572,2143,1911,3114,2237,4245,3296,4303,2750,2825,6928,8881,3723,6413,177,220,522,851,693,1290,824,1950,966,1706,811,703,1099,1589,1100,2564,42525,16488,2065,563,11691,12,1,6,3
2021-03-17T23:59:59+01:00,1,3,882,976,1501,2083,1848,3048,2172,4184,3201,4207,2615,2692,6501,8387,3658,6298,176,218,519,846,691,1286,820,1945,961,1698,782,684,964,1436,944,2349,40751,15743,2061,562,11438,12,1,6,3
2021-03-16T23:59:59+01:00,1,3,857,952,1467,2042,1810,2999,2118,4129,3106,4109,2481,2533,6025,7735,3567,6147,170,215,514,845,687,1279,815,1936,954,1685,777,671,876,1310,800,2183,38752,15139,2000,562,11322,12,1,6,3
2021-03-15T23:59:59+01:00,1,3,840,945,1449,2020,1772,2944,2080,4058,3005,4000,2347,2362,5537,7191,3494,6030,169,214,514,837,685,1270,811,1926,944,1669,766,661,806,1198,646,1980,36979,14557,1899,524,11194,12,0,6,3
2021-03-14T23:59:59+01:00,1,3,835,931,1425,1993,1748,2915,2049,3999,2942,3932,2168,2165,5351,6963,3463,5997,169,214,513,834,683,1259,810,1919,941,1660,748,652,790,1179,622,1925,35953,14412,1798,500,11123,3,0,6,3
2021-03-13T23:59:59+01:00,1,3,827,924,1403,1981,1732,2902,2022,3971,2868,3884,2096,2091,5302,6908,3461,5996,169,214,513,833,683,1259,809,1919,941,1660,748,652,790,1179,622,1925,35698,14410,1551,500,11117,3,0,6,3
2021-03-12T23:59:59+01:00,1,3,803,908,1357,1922,1669,2804,1923,3820,2710,3718,1899,1851,5116,6684,3429,5953,169,214,512,833,683,1259,808,1919,941,1659,740,649,777,1164,614,1922,34367,14358,1307,499,10890,3,0,6,3
2021-03-11T23:59:59+01:00,1,3,769,849,1289,1837,1585,2656,1839,3619,2547,3545,1634,1541,4748,6212,3292,5771,160,207,506,824,673,1250,793,1883,921,1618,610,587,708,1122,593,1890,32253,13852,1207,489,10271,2,0,6,2
2021-03-10T23:59:59+01:00,1,3,754,797,1266,1781,1552,2598,1789,3548,2465,3456,1562,1452,4275,5667,3173,5517,160,205,497,803,655,1237,784,1863,914,1602,541,572,675,1113,586,1885,30431,13701,1201,387,10018,2,0,6,2
2021-03-09T23:59:59+01:00,1,3,740,776,1245,1751,1525,2552,1749,3497,2391,3404,1468,1353,3720,4920,2978,5208,157,203,492,782,645,1213,770,1831,902,1574,537,570,673,1108,583,1879,28257,13640,1198,275,9820,2,0,6,2
2021-03-08T23:59:59+01:00,0,3,736,748,1231,1731,1507,2532,1721,3459,2351,3361,1375,1251,3047,4090,2738,4839,153,200,478,759,623,1180,751,1781,878,1537,533,568,673,1107,583,1879,25792,13632,1198,49,9724,0,0,6,2
2021-03-07T23:59:59+01:00,0,3,733,744,1222,1721,1499,2517,1710,3451,2340,3353,1362,1235,2944,3968,2715,4789,153,200,478,759,623,1180,751,1781,878,1537,533,568,673,1107,583,1879,25437,13632,1196,49,9667,0,0,6,2
2021-03-06T23:59:59+01:00,0,3,732,744,1221,1716,1496,2514,1706,3448,2336,3352,1359,1235,2944,3968,2715,4789,152,200,478,759,623,1180,751,1781,878,1537,533,568,673,1107,583,1879,25432,13631,1196,49,9644,0,0,6,2
2021-03-05T23:59:59+01:00,0,3,670,718,1195,1701,1475,2504,1681,3433,2307,3342,1354,1232,2936,3960,2712,4784,152,200,478,758,623,1179,751,1781,878,1535,532,568,673,1107,583,1879,25403,13626,1192,49,9406,0,0,6,2
2021-03-04T23:59:59+01:00,0,3,604,671,1128,1632,1419,2421,1640,3352,2232,3265,1304,1184,2715,3596,2527,4498,150,194,475,744,612,1167,740,1753,869,1522,522,557,661,1097,578,1870,24178,13461,1184,48,8823,0,0,6,2
2021-03-03T23:59:59+01:00,0,3,567,632,1061,1569,1322,2340,1539,3266,2107,3179,1259,1138,2341,3074,2171,4046,150,194,473,741,612,1167,739,1751,867,1521,519,554,659,1094,578,1868,22301,13438,1182,47,8127,0,0,4,2
2021-03-02T23:59:59+01:00,0,3,549,599,1023,1523,1266,2297,1481,3214,2010,3118,1175,1038,1975,2596,1783,3525,148,192,468,735,607,1156,729,1741,862,1500,510,545,648,1073,558,1835,20239,13258,1179,47,7753,0,0,4,2
2021-03-01T23:59:59+01:00,0,3,542,550,1005,1484,1220,2236,1435,3148,1955,3045,1131,964,1476,2002,1397,2981,146,192,468,735,607,1155,729,1738,861,1500,508,545,645,1064,554,1824,17951,13222,1176,47,7443,0,0,4,2
2021-02-28T23:59:59+01:00,0,3,535,536,988,1444,1194,2174,1407,3090,1900,2972,1110,942,1361,1861,1323,2893,146,192,467,734,607,1155,728,1736,860,1499,506,545,645,1064,554,1824,17471,13213,1173,47,7085,0,0,4,2
2021-02-27T23:59:59+01:00,0,3,535,534,987,1443,1194,2173,1407,3089,1900,2971,1110,942,1361,1860,1321,2893,145,192,466,733,604,1153,726,1734,858,1498,506,545,645,1064,554,1824,17468,13212,1173,33,7078,0,0,4,2
2021-02-26T23:59:59+01:00,0,3,392,483,856,1400,1111,2131,1340,3048,1841,2929,1105,936,1358,1859,1321,2892,145,192,466,733,604,1153,726,1733,858,1497,506,545,645,1064,554,1824,17457,13211,1173,32,6371,0,0,4,2
2021-02-25T23:59:59+01:00,0,3,302,429,760,1306,1027,2041,1241,2875,1702,2767,1067,904,1276,1734,1201,2700,138,182,454,720,588,1128,719,1708,838,1473,492,531,616,1032,540,1805,16856,12940,1173,22,5302,0,0,4,2
2021-02-24T23:59:59+01:00,0,2,256,384,687,1230,953,1953,1187,2757,1636,2649,1040,884,1153,1588,1043,2482,136,182,451,716,584,1127,718,1703,837,1469,487,526,608,1027,537,1793,16142,12880,1171,19,4567,0,0,4,2
2021-02-23T23:59:59+01:00,0,2,244,362,666,1172,924,1874,1140,2645,1561,2539,1014,856,1076,1463,904,2325,136,181,451,714,584,1127,718,1700,835,1468,486,523,606,1026,537,1792,15599,12869,1136,14,4028,0,0,4,1
2021-02-22T23:59:59+01:00,0,0,229,342,643,1142,892,1791,1090,2553,1474,2416,968,826,957,1319,717,2069,136,181,450,713,582,1126,717,1700,829,1466,485,522,605,1024,536,1790,14845,12857,1063,4,3516,0,0,4,1
2021-02-21T23:59:59+01:00,0,0,223,331,608,1075,842,1687,1047,2452,1394,2309,951,805,924,1267,665,2003,136,180,447,706,581,1122,717,1695,829,1465,484,522,604,1024,535,1789,14636,12831,1020,4,2923,0,0,4,1
2021-02-20T23:59:59+01:00,0,0,223,328,605,1074,840,1682,1043,2447,1379,2290,915,776,891,1244,657,2001,136,180,447,706,581,1122,717,1695,829,1465,484,521,603,1024,535,1789,14635,12830,860,4,2896,0,0,4,0
2021-02-19T23:59:59+01:00,0,0,213,320,595,1066,827,1667,1022,2430,1346,2247,671,673,748,1180,632,1985,136,180,447,705,581,1119,716,1693,826,1462,484,520,603,1023,534,1789,14159,12815,671,3,2788,0,0,4,0
2021-02-18T23:59:59+01:00,0,0,196,271,555,944,742,1440,892,2172,1096,1872,592,605,707,1138,612,1968,131,180,434,693,566,1102,710,1667,811,1434,481,517,602,1022,534,1789,14000,12670,571,3,1228,0,0,3,0
2021-02-17T23:59:59+01:00,0,0,190,231,535,895,705,1343,833,2004,1011,1740,570,585,707,1135,610,1965,124,178,423,683,558,1086,691,1636,798,1411,478,515,600,1019,534,1788,13983,12519,571,3,502,0,0,3,0
2021-02-16T23:59:59+01:00,0,0,183,228,527,879,690,1312,814,1966,978,1701,558,580,702,1133,609,1962,119,173,409,678,547,1070,678,1618,789,1397,472,509,593,1005,526,1757,13954,12338,571,2,294,0,0,3,0
2021-02-15T23:59:59+01:00,0,0,169,219,522,852,684,1278,800,1931,949,1654,557,577,700,1133,609,1962,116,172,402,668,536,1051,649,1591,775,1379,470,506,593,1005,526,1757,13951,12194,532,2,110,0,0,3,0
2021-02-14T23:59:59+01:00,0,0,164,211,519,839,683,1269,797,1922,931,1645,556,576,700,1130,608,1962,109,168,391,657,519,1033,631,1576,768,1366,470,504,591,1003,526,1757,13945,12067,530,2,34,0,0,3,0
2021-02-13T23:59:59+01:00,0,0,163,211,518,839,683,1269,797,1922,931,1645,556,576,700,1130,608,1962,109,168,390,657,519,1033,631,1576,768,1366,470,504,591,1003,526,1757,13944,12066,530,2,33,0,0,3,0
2021-02-12T23:59:59+01:00,0,0,162,210,513,838,682,1266,793,1921,929,1642,555,576,700,1130,608,1962,106,166,387,651,515,1027,617,1561,765,1349,468,503,580,983,521,1730,13937,11927,529,2,18,0,0,3,0
2021-02-11T23:59:59+01:00,0,0,160,209,509,831,675,1262,791,1918,923,1640,550,570,693,1124,603,1956,87,130,358,579,469,947,565,1444,721,1255,444,458,537,929,478,1632,13886,11032,517,1,8,0,0,3,0
2021-02-10T23:59:59+01:00,0,0,157,207,499,814,659,1247,779,1891,908,1616,542,564,682,1112,598,1946,78,118,329,519,442,840,523,1268,648,1098,395,408,470,812,429,1471,13761,9847,456,1,1,0,0,3,0
2021-02-09T23:59:59+01:00,0,0,156,201,491,776,643,1208,759,1830,897,1575,530,552,676,1098,589,1927,73,101,310,452,407,756,481,1164,583,998,364,354,427,725,396,1350,13649,8941,256,0,0,0,0,3,0
2021-02-08T23:59:59+01:00,0,0,152,197,474,751,621,1173,739,1780,877,1531,524,551,674,1092,585,1911,59,75,264,383,357,621,421,935,510,819,306,299,361,571,331,1144,13579,7456,50,0,0,0,0,3,0
2021-02-07T23:59:59+01:00,0,0,152,196,472,750,619,1172,738,1772,875,1529,523,551,674,1092,585,1910,58,67,246,348,338,576,405,903,490,784,306,292,359,564,329,1140,13557,7205,50,0,0,0,0,3,0
2021-02-06T23:59:59+01:00,0,0,152,196,472,750,619,1172,738,1772,875,1529,523,551,674,1092,585,1910,58,67,246,347,338,576,405,902,488,782,306,291,358,562,328,1140,13557,7194,50,0,0,0,0,3,0
2021-02-05T23:59:59+01:00,0,0,152,196,472,750,619,1172,738,1772,875,1528,523,551,673,1092,585,1910,56,67,244,345,331,572,397,880,479,762,296,286,347,538,311,1100,13555,7011,50,0,0,0,0,3,0
2021-02-04T23:59:59+01:00,0,0,146,191,468,742,612,1164,734,1758,869,1519,516,544,651,1067,576,1892,41,51,211,311,289,476,355,739,385,616,233,217,262,373,230,813,13397,5602,49,0,0,0,0,3,0
2021-02-03T23:59:59+01:00,0,0,144,190,462,735,604,1155,730,1746,861,1503,505,536,636,1054,569,1884,33,32,155,220,236,346,265,565,309,466,182,171,185,280,179,607,13263,4231,48,0,0,0,0,3,0
2021-02-02T23:59:59+01:00,0,0,144,187,460,734,604,1155,727,1740,854,1499,504,534,632,1051,568,1880,24,26,136,173,191,278,221,429,257,375,142,131,137,208,142,478,13223,3348,48,0,0,0,0,2,0
2021-02-01T23:59:59+01:00,0,0,142,187,459,733,599,1152,726,1732,852,1494,503,532,627,1048,567,1873,20,19,100,128,137,187,155,299,168,259,90,94,93,132,77,258,13176,2216,48,0,0,0,0,2,0
2021-01-31T23:59:59+01:00,0,0,141,187,459,730,596,1151,726,1728,852,1493,501,531,626,1046,567,1872,14,15,67,88,95,122,118,222,141,203,85,87,89,124,75,244,13157,1789,48,0,0,0,0,1,0
2021-01-30T23:59:59+01:00,0,0,141,187,458,730,594,1149,725,1727,852,1493,501,531,625,1046,567,1872,14,15,67,88,95,120,116,218,138,200,84,86,89,118,69,234,13156,1751,41,0,0,0,0,1,0
2021-01-29T23:59:59+01:00,0,0,141,187,458,728,593,1146,723,1725,850,1492,501,531,625,1046,567,1872,12,15,55,82,78,116,98,207,115,188,79,79,87,114,68,233,13151,1626,33,0,0,0,0,1,0
2021-01-28T23:59:59+01:00,0,0,134,183,445,711,576,1120,717,1698,828,1463,494,525,622,1043,564,1869,7,3,12,20,24,44,31,95,47,87,46,50,56,84,50,176,12966,832,25,0,0,0,0,1,0
2021-01-27T23:59:59+01:00,0,0,127,181,434,701,568,1111,701,1664,821,1439,491,523,618,1038,564,1864,3,1,4,12,10,23,13,40,23,30,13,17,24,34,21,55,12821,323,23,0,0,0,0,1,0
2021-01-26T23:59:59+01:00,0,0,121,177,420,689,555,1097,692,1641,810,1418,486,517,612,1021,556,1829,3,1,4,11,7,21,11,37,17,27,13,15,23,33,21,54,12626,298,14,0,0,0,0,1,0
2021-01-25T23:59:59+01:00,0,0,118,175,411,677,544,1078,665,1613,792,1401,484,513,610,1020,556,1829,2,1,3,9,7,16,6,28,12,21,9,6,13,22,11,35,12481,201,4,0,0,0,0,1,0
2021-01-24T23:59:59+01:00,0,0,111,172,401,667,530,1060,648,1600,779,1389,483,510,609,1020,556,1829,2,0,1,6,7,4,4,7,5,8,1,2,11,15,7,21,12359,101,4,0,0,0,0,1,0
2021-01-23T23:59:59+01:00,0,0,111,172,401,667,530,1060,648,1600,779,1389,483,510,609,1020,556,1829,1,0,1,6,7,4,4,7,5,8,1,2,11,15,7,21,12359,100,4,0,0,0,0,1,0
2021-01-22T23:59:59+01:00,0,0,108,170,394,661,527,1054,634,1585,773,1371,483,505,598,999,549,1801,1,0,1,6,7,4,4,7,5,8,1,2,11,15,7,21,12209,100,3,0,0,0,0,0,0
2021-01-21T23:59:59+01:00,0,0,97,162,379,642,504,1020,604,1535,752,1328,467,470,566,960,514,1743,1,0,1,6,7,4,4,7,5,8,1,2,11,15,7,21,11740,100,3,0,0,0,0,0,0
2021-01-20T23:59:59+01:00,0,0,79,120,344,553,460,880,546,1300,664,1141,405,411,481,818,451,1520,1,0,1,5,7,4,4,7,5,8,1,2,11,15,7,21,10170,99,3,0,0,0,0,0,0
2021-01-19T23:59:59+01:00,0,0,74,106,316,475,419,792,504,1188,612,1038,381,374,444,739,421,1424,1,0,1,3,7,4,4,7,5,8,1,0,8,10,6,18,9304,83,3,0,0,0,0,0,0
2021-01-18T23:59:59+01:00,0,0,60,76,269,388,364,643,429,956,519,842,313,307,374,585,355,1216,1,0,1,3,7,4,4,7,5,8,1,0,8,10,6,18,7694,83,2,0,0,0,0,0,0
2021-01-17T23:59:59+01:00,0,0,59,67,250,353,342,590,410,913,495,803,310,299,372,579,352,1208,0,0,0,0,0,0,0,0,0,0,0,0,0,0,0,0,7400,0,2,0,0,0,0,0,0
2021-01-16T23:59:59+01:00,0,0,59,67,250,352,342,590,410,912,493,801,310,298,370,575,351,1208,0,0,0,0,0,0,0,0,0,0,0,0,0,0,0,0,7386,0,2,0,0,0,0,0,0
2021-01-15T23:59:59+01:00,0,0,57,67,249,349,336,584,399,889,482,776,296,292,352,546,328,1166,0,0,0,0,0,0,0,0,0,0,0,0,0,0,0,0,7166,0,2,0,0,0,0,0,0
2021-01-14T23:59:59+01:00,0,0,43,54,235,325,311,509,365,764,393,630,235,219,262,376,237,842,0,0,0,0,0,0,0,0,0,0,0,0,0,0,0,0,5800,0,0,0,0,0,0,0,0
2021-01-13T23:59:59+01:00,0,0,37,43,210,269,271,408,299,615,322,503,180,176,189,287,192,650,0,0,0,0,0,0,0,0,0,0,0,0,0,0,0,0,4651,0,0,0,0,0,0,0,0
2021-01-12T23:59:59+01:00,0,0,32,41,205,254,256,376,276,535,290,457,143,134,143,219,150,509,0,0,0,0,0,0,0,0,0,0,0,0,0,0,0,0,4020,0,0,0,0,0,0,0,0
2021-01-11T23:59:59+01:00,0,0,27,37,195,233,238,324,229,446,240,382,111,105,108,143,88,320,0,0,0,0,0,0,0,0,0,0,0,0,0,0,0,0,3226,0,0,0,0,0,0,0,0
2021-01-10T23:59:59+01:00,0,0,26,31,157,172,195,249,191,350,198,305,99,98,105,138,86,305,0,0,0,0,0,0,0,0,0,0,0,0,0,0,0,0,2705,0,0,0,0,0,0,0,0
2021-01-09T23:59:59+01:00,0,0,26,31,150,168,193,241,187,342,196,300,99,98,105,138,86,305,0,0,0,0,0,0,0,0,0,0,0,0,0,0,0,0,2665,0,0,0,0,0,0,0,0
2021-01-08T23:59:59+01:00,0,0,23,28,119,144,172,228,162,313,168,279,94,88,103,134,85,304,0,0,0,0,0,0,0,0,0,0,0,0,0,0,0,0,2444,0,0,0,0,0,0,0,0
2021-01-07T23:59:59+01:00,0,0,8,3,16,26,32,54,37,105,60,111,49,50,64,92,54,212,0,0,0,0,0,0,0,0,0,0,0,0,0,0,0,0,973,0,0,0,0,0,0,0,0
2021-01-06T23:59:59+01:00,0,0,3,1,5,13,10,22,13,39,20,31,14,13,27,38,23,65,0,0,0,0,0,0,0,0,0,0,0,0,0,0,0,0,337,0,0,0,0,0,0,0,0
2021-01-05T23:59:59+01:00,0,0,3,1,4,10,9,18,10,31,15,26,11,13,23,33,21,57,0,0,0,0,0,0,0,0,0,0,0,0,0,0,0,0,285,0,0,0,0,0,0,0,0
2021-01-04T23:59:59+01:00,0,0,2,1,2,7,9,10,4,15,8,16,5,3,12,19,8,31,0,0,0,0,0,0,0,0,0,0,0,0,0,0,0,0,152,0,0,0,0,0,0,0,0
2021-01-03T23:59:59+01:00,0,0,2,0,1,6,8,4,4,7,5,9,1,2,12,15,7,21,0,0,0,0,0,0,0,0,0,0,0,0,0,0,0,0,104,0,0,0,0,0,0,0,0
2021-01-02T23:59:59+01:00,0,0,2,0,1,6,8,4,4,7,5,9,1,2,12,15,7,21,0,0,0,0,0,0,0,0,0,0,0,0,0,0,0,0,104,0,0,0,0,0,0,0,0
2021-01-01T23:59:59+01:00,0,0,1,0,1,6,8,4,4,7,5,9,1,2,12,15,7,21,0,0,0,0,0,0,0,0,0,0,0,0,0,0,0,0,103,0,0,0,0,0,0,0,0
2020-12-31T23:59:59+01:00,0,0,1,0,1,5,8,4,4,7,5,9,1,2,12,15,7,21,0,0,0,0,0,0,0,0,0,0,0,0,0,0,0,0,102,0,0,0,0,0,0,0,0
2020-12-30T23:59:59+01:00,0,0,1,0,1,5,8,4,4,7,5,9,1,2,12,15,7,21,0,0,0,0,0,0,0,0,0,0,0,0,0,0,0,0,102,0,0,0,0,0,0,0,0
2020-12-29T23:59:59+01:00,0,0,1,0,1,3,8,4,4,7,5,9,1,0,9,10,6,18,0,0,0,0,0,0,0,0,0,0,0,0,0,0,0,0,86,0,0,0,0,0,0,0,0
2020-12-28T23:59:59+01:00,0,0,1,0,1,3,8,4,4,7,5,9,1,0,9,10,6,18,0,0,0,0,0,0,0,0,0,0,0,0,0,0,0,0,86,0,0,0,0,0,0,0,0
2020-12-27T23:59:59+01:00,0,0,1,0,1,3,8,4,4,7,5,9,1,0,9,10,6,18,0,0,0,0,0,0,0,0,0,0,0,0,0,0,0,0,86,0,0,0,0,0,0,0,0
