Datum,<24_1_m,<24_1_w,25-34_1_m,25-34_1_w,35-44_1_m,35-44_1_w,45-54_1_m,45-54_1_w,55-64_1_m,55-64_1_w,65-74_1_m,65-74_1_w,75-84_1_m,75-84_1_w,>84_1_m,>84_1_w,<24_2_m,<24_2_w,25-34_2_m,25-34_2_w,35-44_2_m,35-44_2_w,45-54_2_m,45-54_2_w,55-64_2_m,55-64_2_w,65-74_2_m,65-74_2_w,75-84_2_m,75-84_2_w,>84_2_m,>84_2_w,bp_1,bp_2,mo_1,mo_2,az_1,az_2,ja
2021-06-18T23:59:59+02:00,10317,9747,16125,15355,18765,18815,23944,24817,26684,27964,19466,22424,13628,17400,3519,6285,2928,2825,5257,5383,6700,7712,9681,11608,14464,15735,13888,16414,11436,14859,3312,5874,186075,110330,28429,14497,54429,16927,6322
2021-06-17T23:59:59+02:00,10131,9577,15906,15195,18583,18686,23783,24681,26568,27891,19451,22402,13623,17391,3517,6283,2776,2661,4930,5088,6327,7329,9099,10988,13702,14898,13692,16181,11380,14762,3309,5866,184821,107607,28425,13553,54425,15831,5997
2021-06-16T23:59:59+02:00,9880,9346,15681,14984,18372,18505,23617,24529,26468,27791,19426,22364,13611,17373,3513,6278,2650,2539,4676,4877,5965,6993,8566,10477,12980,14058,13406,15853,11310,14696,3307,5855,183112,104206,28332,12763,54422,15367,5872
2021-06-15T23:59:59+02:00,9494,8961,15305,14636,18069,18227,23364,24328,26332,27665,19401,22336,13598,17355,3512,6271,2445,2341,4313,4511,5450,6428,7636,9545,11824,12799,12945,15335,11210,14554,3293,5836,180534,98051,28298,12103,54419,14708,5603
2021-06-14T23:59:59+02:00,9288,8775,15049,14403,17878,18067,23205,24212,26242,27596,19384,22305,13586,17348,3509,6265,2320,2200,4042,4253,5069,5949,6941,8798,10927,11766,12691,15052,11150,14471,3283,5820,178983,93289,28276,11743,54417,14264,5436
2021-06-13T23:59:59+02:00,9209,8716,14961,14316,17780,17953,23133,24143,26215,27578,19372,22295,13583,17343,3509,6265,2267,2165,3953,4149,4948,5808,6699,8542,10645,11436,12546,14899,11101,14425,3282,5818,178266,91919,28264,11452,54416,13887,5425
2021-06-12T23:59:59+02:00,9208,8714,14960,14316,17780,17953,23131,24142,26214,27574,19372,22295,13583,17343,3509,6265,2266,2163,3953,4148,4945,5807,6697,8540,10641,11430,12544,14897,11101,14424,3282,5818,178254,91900,28264,11452,54416,13879,5425
2021-06-11T23:59:59+02:00,9135,8676,14877,14263,17710,17910,23065,24108,26175,27554,19371,22292,13583,17342,3509,6265,2249,2150,3918,4091,4898,5738,6635,8454,10540,11326,12512,14871,11092,14419,3282,5818,177940,91687,28186,11446,54415,13566,5294
2021-06-10T23:59:59+02:00,8754,8351,14501,13889,17279,17557,22760,23834,26006,27392,19334,22253,13573,17324,3506,6254,2127,2058,3703,3909,4632,5480,6288,8068,9945,10690,12031,14276,11040,14332,3275,5813,175393,88568,27704,11078,54405,12956,5065
2021-06-09T23:59:59+02:00,8336,7960,14041,13445,16784,17100,22391,23484,25799,27200,19275,22184,13557,17292,3503,6249,1973,1931,3525,3746,4399,5210,5914,7653,9229,9966,11415,13495,10947,14219,3267,5806,172173,84572,27163,10451,54392,12800,4872
2021-06-08T23:59:59+02:00,7913,7505,13526,12964,16342,16655,22044,23147,25599,27015,19226,22115,13529,17261,3501,6243,1869,1834,3293,3510,4073,4855,5372,7122,8309,9004,10619,12514,10840,14102,3263,5794,168795,78954,26675,10158,54383,12529,4732
2021-06-07T23:59:59+02:00,7585,7178,13111,12586,15953,16269,21729,22868,25460,26871,19191,22067,13508,17241,3496,6239,1792,1757,3100,3318,3786,4630,4950,6723,7547,8177,9796,11461,10766,14003,3253,5777,166258,74241,26252,9802,54364,12315,4478
2021-06-06T23:59:59+02:00,7435,7035,12949,12432,15805,16106,21568,22710,25387,26792,19167,22037,13502,17232,3495,6235,1771,1732,3021,3275,3694,4565,4845,6648,7383,8031,9569,11206,10729,13966,3250,5772,165032,73569,26149,9381,54344,12145,4362
2021-06-05T23:59:59+02:00,7426,7030,12938,12421,15798,16100,21568,22708,25387,26791,19167,22037,13502,17232,3495,6235,1768,1731,3018,3274,3693,4564,4842,6648,7379,8025,9563,11204,10729,13966,3250,5772,164980,73543,26149,9380,54344,12141,4362
2021-06-04T23:59:59+02:00,7387,6987,12885,12367,15740,16053,21540,22679,25372,26779,19164,22032,13499,17232,3495,6235,1766,1726,3005,3264,3676,4551,4829,6634,7344,7977,9531,11133,10698,13934,3249,5771,164887,73274,25892,9368,54322,12101,4345
2021-06-03T23:59:59+02:00,7139,6741,12577,12117,15410,15757,21222,22339,25141,26584,19126,21972,13483,17216,3495,6231,1714,1677,2934,3197,3574,4473,4717,6537,7123,7765,9187,10708,10657,13883,3249,5766,162450,71985,25648,9079,54321,11966,4131
2021-06-02T23:59:59+02:00,7069,6674,12518,12053,15337,15696,21155,22278,25126,26564,19121,21969,13481,17212,3494,6231,1698,1667,2919,3184,3553,4459,4687,6522,7088,7719,9110,10601,10652,13865,3248,5765,162116,71629,25464,9073,54320,11957,4078
2021-06-01T23:59:59+02:00,6560,6114,11768,11359,14527,14976,20453,21633,24772,26221,19041,21889,13451,17171,3487,6226,1557,1537,2616,2908,3185,4120,4152,6042,6229,6838,7948,9022,10497,13621,3235,5755,157147,66262,24814,8179,54293,11427,3394
2021-05-31T23:59:59+02:00,6272,5779,11314,10926,14009,14472,19985,21169,24505,25893,18955,21818,13417,17136,3481,6212,1486,1474,2461,2776,2992,3949,3855,5730,5658,6243,6981,7794,10325,13395,3226,5731,153715,62257,24128,7381,54288,11226,3212
2021-05-30T23:59:59+02:00,6183,5688,11123,10804,13853,14288,19606,20829,24311,25683,18924,21793,13410,17118,3480,6210,1465,1459,2431,2743,2949,3906,3782,5672,5555,6142,6811,7562,10301,13343,3224,5721,152229,61530,23633,7323,54262,11034,3179
2021-05-29T23:59:59+02:00,6181,5688,11123,10800,13849,14286,19606,20828,24310,25681,18924,21793,13410,17118,3480,6210,1464,1457,2429,2742,2948,3903,3782,5670,5554,6138,6807,7560,10301,13343,3224,5721,152214,61520,23633,7322,54261,11022,3179
2021-05-28T23:59:59+02:00,6162,5673,11097,10763,13829,14269,19591,20811,24303,25674,18923,21791,13408,17117,3480,6209,1459,1455,2429,2738,2947,3902,3776,5664,5541,6121,6790,7542,10292,13323,3224,5717,152031,61417,23631,7322,54260,11003,3178
2021-05-27T23:59:59+02:00,5820,5351,10581,10296,13250,13749,18877,20183,23798,25187,18844,21702,13368,17070,3475,6200,1271,1296,2141,2535,2649,3623,3479,5317,5234,5850,6459,7081,10114,13115,3220,5703,148811,59591,22647,7290,54158,10071,2135
2021-05-26T23:59:59+02:00,5512,5061,10147,9911,12735,13241,18258,19560,23198,24549,18740,21574,13331,17021,3469,6187,1182,1195,1979,2383,2450,3427,3205,5057,4850,5510,5866,6350,9812,12700,3209,5675,144731,56475,21913,7256,54039,9308,1811
2021-05-25T23:59:59+02:00,5262,4802,9733,9412,12260,12757,17733,18969,22693,23937,18639,21432,13305,16946,3461,6177,1125,1142,1917,2293,2336,3294,3022,4835,4482,5119,5243,5539,9465,12237,3193,5654,140709,52952,21087,7242,53912,8892,1810
2021-05-24T23:59:59+02:00,5132,4628,9519,9203,12060,12505,17422,18634,22375,23544,18592,21387,13291,16926,3460,6177,1108,1091,1856,2251,2266,3231,2935,4752,4358,5007,5098,5376,9394,12126,3191,5647,139219,52256,20142,7193,53736,8480,1758
2021-05-23T23:59:59+02:00,5122,4624,9513,9200,12049,12498,17409,18624,22359,23526,18587,21381,13290,16925,3460,6177,1108,1088,1854,2248,2262,3229,2929,4748,4352,4989,5090,5362,9388,12116,3190,5646,139110,52185,20141,7180,53735,8476,1758
2021-05-22T23:59:59+02:00,5116,4621,9512,9195,12041,12494,17407,18620,22357,23524,18587,21381,13290,16925,3460,6177,1108,1088,1854,2247,2259,3229,2929,4748,4352,4987,5088,5361,9387,12116,3190,5646,139085,52180,20141,7180,53723,8471,1758
2021-05-21T23:59:59+02:00,5077,4577,9445,9115,11968,12410,17311,18549,22300,23456,18571,21366,13287,16918,3460,6175,1061,1076,1820,2237,2228,3218,2896,4725,4307,4956,5063,5344,9378,12110,3189,5645,138432,52117,20141,7180,53704,8248,1708
2021-05-20T23:59:59+02:00,4800,4379,8992,8757,11490,11983,16635,18031,21775,22931,18412,21225,13258,16884,3456,6165,895,995,1555,2083,2003,3062,2641,4499,4081,4740,4907,5186,9290,11988,3183,5629,135127,51420,19770,7089,53290,7242,986
2021-05-19T23:59:59+02:00,4521,4097,8477,8283,10926,11425,15964,17312,21126,22264,18245,21029,13225,16843,3451,6151,839,942,1490,2004,1929,2962,2571,4378,3930,4576,4715,4950,9125,11796,3166,5606,129796,50351,19590,6957,52988,6706,965
2021-05-18T23:59:59+02:00,4203,3793,7898,7730,10203,10729,14970,16347,20238,21258,18034,20797,13183,16795,3445,6135,782,890,1430,1908,1855,2857,2441,4230,3741,4370,4452,4657,8949,11573,3158,5590,122820,49145,19497,6761,52548,6084,893
2021-05-17T23:59:59+02:00,3977,3545,7430,7241,9698,10201,14233,15524,19582,20500,17886,20584,13138,16738,3438,6123,714,825,1357,1851,1778,2775,2333,4157,3588,4240,4210,4415,8824,11393,3146,5564,117619,48348,19257,6550,52085,5395,877
2021-05-16T23:59:59+02:00,3835,3453,7223,7061,9493,9992,13985,15287,19373,20288,17826,20523,13126,16723,3437,6117,698,777,1320,1799,1735,2721,2291,4059,3526,4150,4120,4329,8811,11373,3144,5563,116046,48211,19018,6385,51805,4947,873
2021-05-15T23:59:59+02:00,3833,3450,7217,7054,9492,9987,13982,15282,19371,20282,17824,20522,13126,16723,3437,6117,697,777,1319,1799,1733,2721,2290,4059,3526,4150,4118,4327,8811,11373,3144,5563,116006,48206,19018,6384,51803,4945,872
2021-05-14T23:59:59+02:00,3783,3397,7108,6914,9361,9854,13826,15094,19215,20156,17804,20504,13125,16714,3436,6115,674,765,1295,1780,1707,2699,2254,4031,3478,4115,4074,4273,8807,11370,3144,5562,115605,48168,18277,6240,51723,4819,801
2021-05-13T23:59:59+02:00,3629,3211,6782,6579,8907,9456,13270,14593,18649,19603,17702,20380,13096,16687,3433,6113,628,734,1242,1730,1652,2622,2157,3925,3337,3993,3979,4153,8787,11356,3142,5558,112747,48084,17583,5857,51125,4419,635
2021-05-12T23:59:59+02:00,3601,3175,6749,6541,8855,9401,13126,14468,18468,19406,17680,20355,13089,16680,3433,6113,627,732,1242,1728,1647,2619,2147,3919,3323,3985,3967,4139,8781,11351,3142,5558,112040,48061,17357,5831,51108,4380,635
2021-05-11T23:59:59+02:00,3153,2892,5925,6004,7884,8574,11649,13273,16986,17949,17260,19902,13025,16586,3417,6094,584,667,1109,1617,1486,2459,1959,3735,3096,3740,3873,4032,8728,11276,3140,5553,104672,47832,16739,5637,49047,3470,115
2021-05-10T23:59:59+02:00,2933,2687,5420,5599,7179,7949,10560,12292,15752,16600,16958,19546,12972,16491,3409,6073,546,640,1072,1574,1446,2410,1893,3623,2971,3611,3803,3964,8693,11234,3138,5551,98876,47716,15844,5410,47586,2929,114
2021-05-09T23:59:59+02:00,2840,2652,5282,5517,6980,7822,10125,11915,15239,16091,16867,19443,12955,16466,3406,6068,528,616,1036,1523,1380,2320,1826,3496,2864,3469,3722,3868,8677,11213,3136,5549,97314,47633,15269,5145,46972,2332,113
2021-05-08T23:59:59+02:00,2836,2651,5281,5517,6980,7820,10122,11912,15238,16090,16867,19443,12955,16466,3406,6068,527,615,1036,1522,1380,2320,1826,3495,2862,3469,3721,3868,8677,11213,3136,5549,97301,47629,15268,5145,46970,2329,113
2021-05-07T23:59:59+02:00,2640,2579,5008,5426,6611,7655,9672,11699,14802,15744,16721,19286,12948,16442,3406,6068,515,611,1028,1511,1363,2308,1789,3482,2811,3432,3667,3823,8616,11143,3136,5546,96602,47607,14777,4806,45218,2258,110
2021-05-06T23:59:59+02:00,2370,2423,4442,5063,5971,7284,8869,11110,13882,14916,16384,18903,12904,16363,3396,6057,480,553,988,1412,1277,2148,1673,3242,2584,3156,3484,3616,8471,10982,3128,5534,94034,47172,13543,4209,42718,1305,42
2021-05-05T23:59:59+02:00,2212,2294,4148,4824,5527,6912,8141,10479,12767,13810,15788,18185,12823,16278,3389,6037,471,539,972,1384,1250,2109,1638,3167,2524,3067,3433,3576,8397,10894,3125,5526,89631,47040,12222,4068,41734,937,27
2021-05-04T23:59:59+02:00,2111,2191,3858,4578,5116,6547,7417,9834,11526,12531,14986,17166,12734,16185,3385,6026,465,527,953,1363,1231,2070,1618,3130,2480,3013,3385,3525,8316,10789,3120,5514,83835,46907,11585,3870,40758,709,13
2021-05-03T23:59:59+02:00,2045,2130,3700,4443,4886,6339,7009,9476,10755,11725,14332,16276,12679,16101,3377,6011,459,517,951,1347,1216,2038,1597,3088,2445,2968,3330,3480,8208,10694,3117,5509,79427,46783,11382,3652,40464,518,11
2021-05-02T23:59:59+02:00,2032,2112,3623,4414,4808,6280,6936,9423,10623,11592,14165,16104,12657,16079,3376,6006,457,508,945,1333,1213,2019,1593,3076,2430,2953,3314,3462,8173,10663,3116,5505,78874,46764,11106,3556,40243,433,7
2021-05-01T23:59:59+02:00,2030,2112,3621,4413,4807,6279,6934,9422,10617,11588,14163,16103,12656,16078,3376,6004,456,508,945,1333,1213,2018,1593,3076,2430,2953,3314,3462,8173,10663,3116,5504,78847,46761,11106,3556,40243,433,7
2021-04-30T23:59:59+02:00,2027,2105,3615,4405,4801,6265,6908,9402,10578,11547,14115,16031,12633,16054,3375,6003,456,506,944,1331,1213,2018,1592,3076,2429,2952,3313,3460,8172,10661,3116,5504,78518,46754,11106,3554,40234,429,6
2021-04-29T23:59:59+02:00,1892,2053,3351,4293,4530,6106,6597,9138,10138,11133,13563,15349,12562,15937,3371,5996,448,494,934,1310,1190,1978,1568,3037,2398,2908,3301,3447,8160,10647,3113,5500,75743,46632,10722,3553,39538,242,6
2021-04-28T23:59:59+02:00,1749,1999,3179,4185,4276,5919,6210,8861,9538,10580,12725,14200,12447,15786,3363,5988,437,485,919,1296,1174,1947,1530,2991,2324,2836,3132,3302,8074,10553,3107,5490,71261,46222,10535,3143,39204,227,5
2021-04-27T23:59:59+02:00,1703,1942,3061,4067,4071,5772,5876,8568,8866,9848,11713,12911,12294,15521,3352,5973,425,469,910,1274,1159,1908,1503,2921,2275,2776,3092,3260,8053,10524,3101,5488,66464,46015,10347,2971,38722,147,5
2021-04-26T23:59:59+02:00,1672,1901,2944,3986,3891,5624,5535,8342,8357,9355,10978,11997,12201,15385,3341,5959,424,463,900,1266,1143,1897,1472,2898,2244,2747,3045,3208,8010,10478,3096,5486,63055,45921,10159,2725,38249,126,5
2021-04-25T23:59:59+02:00,1654,1893,2877,3956,3791,5563,5395,8295,8163,9230,10793,11769,12172,15345,3340,5955,420,456,893,1260,1124,1883,1457,2879,2220,2719,3000,3169,7969,10435,3095,5484,62554,45842,9957,2516,37675,100,5
2021-04-24T23:59:59+02:00,1653,1893,2877,3955,3791,5562,5393,8294,8159,9225,10788,11768,12172,15345,3340,5955,420,456,893,1260,1124,1882,1456,2878,2219,2719,3000,3169,7969,10435,3095,5484,62534,45838,9957,2516,37674,100,5
2021-04-23T23:59:59+02:00,1628,1880,2812,3920,3711,5537,5271,8240,8029,9167,10709,11659,12150,15311,3339,5951,420,456,893,1258,1124,1882,1455,2877,2219,2719,2999,3169,7969,10435,3095,5484,62406,45835,9683,2516,37221,99,4
2021-04-22T23:59:59+02:00,1575,1840,2707,3859,3553,5432,5012,8078,7698,8901,10099,10938,11957,15089,3333,5934,411,454,883,1248,1110,1868,1430,2849,2183,2688,2944,3116,7886,10329,3083,5470,60807,45428,9031,2437,36163,83,4
2021-04-21T23:59:59+02:00,1535,1799,2623,3772,3434,5338,4779,7875,7261,8546,9185,9827,11634,14645,3322,5899,407,452,878,1231,1101,1851,1411,2818,2151,2660,2881,3048,7779,10168,3070,5452,58090,44958,8164,2313,35216,83,4
2021-04-20T23:59:59+02:00,1500,1769,2560,3696,3331,5239,4590,7676,6839,8167,8239,8634,11290,14199,3309,5886,402,449,868,1217,1091,1829,1385,2787,2120,2618,2812,2982,7639,9993,3043,5406,55241,44253,7398,2307,34282,78,3
2021-04-19T23:59:59+02:00,1482,1753,2522,3656,3268,5169,4474,7564,6569,7897,7601,7830,11090,13931,3301,5871,399,447,865,1207,1085,1818,1358,2772,2086,2590,2756,2934,7527,9832,3026,5374,53297,43704,7027,2294,33651,75,3
2021-04-18T23:59:59+02:00,1471,1737,2488,3631,3230,5145,4410,7506,6423,7739,7232,7455,11031,13855,3298,5859,397,444,864,1205,1084,1809,1356,2759,2080,2586,2749,2921,7502,9799,3024,5372,52783,43581,6561,2292,33163,75,3
2021-04-17T23:59:59+02:00,1470,1735,2487,3629,3229,5142,4406,7501,6414,7728,7219,7446,11029,13855,3298,5859,397,444,863,1204,1084,1809,1355,2758,2079,2584,2746,2919,7501,9799,3024,5372,52762,43569,6559,2291,33123,75,3
2021-04-16T23:59:59+02:00,1466,1733,2477,3625,3220,5134,4383,7483,6359,7687,7146,7367,11024,13846,3296,5857,397,443,859,1202,1083,1809,1353,2757,2076,2583,2744,2913,7499,9797,3023,5372,52706,43546,6325,2286,33069,75,3
2021-04-15T23:59:59+02:00,1424,1707,2417,3577,3124,5075,4207,7348,6081,7437,6595,6808,10836,13595,3284,5835,389,441,835,1178,1046,1747,1308,2675,2002,2495,2666,2843,7416,9717,3015,5358,51625,42958,5939,2100,31783,70,3
2021-04-14T23:59:59+02:00,1398,1691,2384,3547,3049,5014,4085,7232,5876,7215,5918,6044,10515,13193,3260,5797,381,436,823,1167,1027,1724,1276,2629,1949,2441,2577,2766,7281,9538,3001,5335,50229,42300,5732,1979,30255,70,2
2021-04-13T23:59:59+02:00,1381,1682,2349,3515,2992,4953,3971,7138,5597,6983,5378,5462,10228,12844,3242,5775,360,421,801,1135,1005,1705,1251,2594,1912,2397,2507,2704,7167,9398,2972,5282,49218,41620,5530,1921,28740,68,2
2021-04-12T23:59:59+02:00,1365,1675,2322,3489,2940,4908,3832,7049,5395,6830,5012,5129,10039,12618,3233,5754,344,416,789,1130,989,1688,1234,2569,1861,2354,2430,2638,7057,9264,2960,5265,48755,41053,5333,1872,27500,61,2
2021-04-11T23:59:59+02:00,1360,1662,2302,3466,2909,4889,3762,6977,5229,6710,4767,4908,9896,12459,3229,5745,338,412,784,1123,977,1671,1221,2542,1840,2326,2373,2570,6976,9165,2949,5246,48674,40638,5098,1813,26496,60,2
2021-04-10T23:59:59+02:00,1360,1661,2300,3462,2907,4884,3756,6975,5220,6699,4757,4893,9893,12452,3229,5744,334,407,769,1117,964,1665,1196,2517,1768,2274,2289,2481,6925,9127,2949,5242,48621,40472,5098,1490,26471,60,2
2021-04-09T23:59:59+02:00,1357,1658,2292,3460,2901,4875,3743,6961,5195,6674,4727,4867,9874,12425,3228,5744,321,404,752,1108,945,1639,1163,2473,1672,2190,2056,2195,6796,8993,2932,5214,48548,39629,5093,1162,26338,60,2
2021-04-08T23:59:59+02:00,1330,1635,2232,3398,2822,4787,3589,6825,4951,6430,4302,4393,9399,11948,3218,5699,290,379,697,1047,889,1565,1079,2374,1531,2061,1772,1826,6338,8459,2874,5106,48095,37082,4571,1151,24290,52,2
2021-04-07T23:59:59+02:00,1319,1619,2196,3380,2783,4746,3490,6766,4783,6276,3964,4052,8906,11464,3205,5670,246,348,646,989,824,1499,1018,2304,1425,1961,1611,1639,5753,7766,2805,4976,47889,34610,4100,1148,22629,51,1
2021-04-06T23:59:59+02:00,1295,1598,2155,3357,2746,4713,3417,6719,4649,6173,3674,3767,8482,11014,3190,5644,239,342,618,967,800,1453,970,2243,1334,1874,1458,1432,5185,6973,2716,4811,47694,32225,3564,1141,21334,48,1
2021-04-05T23:59:59+02:00,1293,1594,2151,3354,2734,4712,3402,6702,4629,6156,3641,3736,8457,10983,3187,5643,236,328,609,950,783,1430,954,2206,1293,1835,1404,1354,4971,6709,2678,4766,47608,31318,3560,1139,21205,48,1
2021-04-04T23:59:59+02:00,1293,1594,2151,3353,2734,4711,3402,6701,4628,6156,3637,3734,8455,10982,3187,5643,236,328,608,950,783,1430,954,2206,1293,1835,1404,1354,4970,6709,2678,4766,47602,31316,3560,1139,21198,48,1
2021-04-03T23:59:59+02:00,1293,1594,2151,3353,2734,4711,3402,6701,4628,6156,3636,3732,8455,10980,3187,5643,236,328,608,950,783,1430,954,2206,1293,1835,1404,1354,4970,6709,2678,4766,47600,31316,3560,1139,21195,48,1
2021-04-02T23:59:59+02:00,1293,1594,2151,3351,2734,4710,3402,6697,4628,6154,3633,3729,8454,10979,3187,5643,236,328,608,950,783,1428,954,2206,1293,1834,1404,1352,4968,6708,2677,4766,47584,31308,3560,1138,21194,48,1
2021-04-01T23:59:59+02:00,1275,1548,2079,3225,2629,4507,3252,6442,4482,5944,3589,3692,8360,10875,3178,5632,231,319,602,941,773,1422,943,2193,1270,1816,1384,1324,4708,6363,2581,4631,47223,30325,3555,1134,19930,41,1
2021-03-31T23:59:59+02:00,1257,1510,2036,3119,2557,4366,3158,6213,4350,5735,3503,3597,8222,10692,3161,5602,223,316,595,926,769,1406,927,2171,1227,1781,1326,1260,4218,5736,2470,4435,46623,28611,3429,1134,19025,40,1
2021-03-30T23:59:59+02:00,1235,1465,1982,2935,2449,4127,3002,5835,4158,5386,3401,3499,8073,10496,3138,5559,219,311,587,915,757,1385,905,2146,1173,1736,1241,1173,3671,4981,2286,4161,45991,26481,3267,1134,17481,31,1
2021-03-29T23:59:59+02:00,1214,1408,1916,2801,2365,3962,2865,5560,3991,5134,3307,3398,7917,10276,3116,5523,218,308,580,903,747,1372,889,2118,1132,1705,1156,1073,3070,4258,2147,3932,45354,24456,3040,1130,16358,21,1
2021-03-28T23:59:59+02:00,1191,1358,1845,2637,2277,3746,2737,5274,3845,4866,3244,3336,7861,10215,3112,5520,218,308,577,900,746,1369,887,2111,1129,1703,1146,1060,3013,4186,2137,3912,45247,24261,2830,1127,14986,13,1
2021-03-27T23:59:59+01:00,1191,1358,1845,2636,2276,3745,2734,5274,3842,4866,3241,3336,7860,10215,3112,5520,218,308,576,900,746,1369,886,2111,1127,1703,1146,1060,3013,4186,2137,3912,45238,24257,2830,1127,14982,13,1
2021-03-26T23:59:59+01:00,1187,1325,1800,2523,2206,3581,2674,5058,3760,4656,3224,3326,7857,10210,3111,5519,218,307,575,900,745,1369,886,2110,1126,1701,1143,1059,3010,4178,2136,3909,45212,24233,2828,1127,13976,11,1
2021-03-25T23:59:59+01:00,1160,1284,1746,2414,2118,3412,2572,4831,3655,4473,3102,3228,7755,10093,3105,5509,215,304,571,899,738,1359,880,2089,1110,1676,1097,1011,2739,3774,1988,3686,44954,22997,2496,1127,13006,11,1
2021-03-24T23:59:59+01:00,1139,1263,1724,2373,2088,3357,2534,4769,3608,4403,3015,3153,7633,9930,3089,5494,215,299,563,895,732,1351,869,2073,1091,1656,1050,964,2287,3137,1676,3275,44420,20996,2367,1125,12784,11,1
2021-03-23T23:59:59+01:00,1128,1253,1702,2337,2069,3330,2493,4724,3571,4347,2944,3079,7545,9836,3075,5468,213,296,559,890,724,1340,850,2052,1053,1614,962,879,1887,2597,1389,2875,43910,19077,2356,1091,12634,11,1
2021-03-22T23:59:59+01:00,1122,1243,1689,2324,2054,3311,2470,4693,3532,4310,2900,3041,7484,9771,3063,5452,210,292,558,877,707,1321,835,2037,1020,1584,909,797,1368,1959,1106,2475,43576,17006,2336,1037,12546,11,1
2021-03-21T23:59:59+01:00,1122,1241,1688,2323,2054,3309,2466,4690,3522,4303,2885,3033,7435,9715,3060,5447,210,290,557,875,706,1316,831,2033,1009,1577,883,777,1290,1867,1058,2416,43431,16704,2333,979,12528,11,1
2021-03-20T23:59:59+01:00,1121,1240,1687,2323,2054,3309,2466,4690,3520,4301,2885,3032,7435,9714,3060,5447,210,290,557,875,706,1316,831,2033,995,1560,846,745,1260,1852,1051,2414,43431,16702,2329,827,12523,11,1
2021-03-19T23:59:59+01:00,1119,1231,1680,2312,2043,3305,2464,4682,3514,4294,2873,3019,7424,9699,3059,5445,210,289,556,874,706,1315,830,2032,986,1547,802,708,1204,1807,1041,2406,43369,16660,2324,641,12469,11,1
2021-03-18T23:59:59+01:00,1073,1192,1601,2190,1916,3135,2312,4417,3296,4068,2704,2858,7125,9325,3014,5375,209,288,549,867,701,1310,821,2019,964,1531,782,684,1120,1690,912,2222,41973,16093,2014,564,11613,11,1
2021-03-17T23:59:59+01:00,1013,1155,1532,2134,1850,3067,2247,4349,3203,3976,2556,2710,6704,8833,2966,5280,207,287,546,860,700,1308,816,2013,959,1522,753,664,970,1523,774,2028,40202,15355,2011,563,11361,11,1
2021-03-16T23:59:59+01:00,988,1130,1494,2092,1812,3018,2192,4293,3100,3877,2418,2530,6237,8193,2891,5154,200,282,542,859,695,1300,812,2003,950,1509,748,652,867,1379,648,1882,38219,14753,1951,563,11248,11,1
2021-03-15T23:59:59+01:00,971,1121,1474,2068,1774,2961,2147,4214,2999,3771,2275,2350,5760,7655,2834,5056,199,279,541,853,692,1289,808,1995,941,1494,737,642,786,1241,509,1712,36455,14182,1853,525,11122,11,0
2021-03-14T23:59:59+01:00,966,1105,1445,2038,1749,2932,2115,4145,2936,3700,2087,2149,5587,7453,2808,5026,199,279,540,848,690,1280,807,1987,937,1485,720,634,770,1219,486,1660,35436,14038,1755,500,11050,3,0
2021-03-13T23:59:59+01:00,955,1097,1426,2029,1732,2915,2085,4118,2863,3651,2020,2067,5544,7412,2807,5025,199,279,540,848,690,1280,807,1987,937,1485,718,633,770,1216,485,1660,35187,14031,1515,500,11044,3,0
2021-03-12T23:59:59+01:00,928,1077,1380,1971,1668,2809,1981,3962,2697,3489,1823,1818,5377,7211,2785,4987,198,279,540,848,690,1280,806,1987,937,1484,710,629,754,1202,482,1657,33864,13981,1275,499,10824,3,0
2021-03-11T23:59:59+01:00,888,1013,1309,1881,1589,2658,1887,3763,2529,3308,1552,1494,5004,6745,2682,4838,189,273,533,839,681,1266,790,1954,908,1444,584,567,689,1162,467,1630,31753,13485,1178,489,10209,2,0
2021-03-10T23:59:59+01:00,869,956,1287,1821,1557,2606,1827,3683,2446,3227,1483,1396,4528,6171,2583,4635,189,269,523,818,663,1250,783,1937,895,1429,519,553,657,1153,462,1625,29944,13336,1173,387,9958,2,0
2021-03-09T23:59:59+01:00,856,931,1265,1787,1529,2563,1782,3629,2374,3170,1384,1297,3950,5378,2431,4388,187,267,517,794,652,1230,770,1901,883,1404,516,552,654,1146,459,1621,27782,13277,1171,274,9761,2,0
2021-03-08T23:59:59+01:00,850,903,1252,1766,1512,2545,1757,3590,2332,3122,1282,1185,3247,4495,2243,4093,183,262,502,768,632,1197,747,1840,863,1382,511,550,654,1145,459,1621,25332,13269,1171,47,9671,0,0
2021-03-07T23:59:59+01:00,846,899,1245,1757,1503,2531,1750,3580,2320,3116,1269,1165,3142,4369,2226,4053,183,262,502,768,632,1197,747,1840,863,1382,511,550,654,1145,459,1621,24983,13269,1169,47,9619,0,0
2021-03-06T23:59:59+01:00,845,899,1243,1754,1500,2528,1747,3577,2317,3115,1266,1165,3142,4369,2226,4053,182,262,502,768,632,1197,747,1840,863,1382,511,550,654,1145,459,1621,24979,13268,1169,47,9598,0,0
2021-03-05T23:59:59+01:00,779,873,1217,1738,1479,2519,1720,3563,2293,3107,1261,1163,3133,4359,2224,4050,182,262,502,768,632,1196,747,1840,863,1380,510,550,654,1145,459,1621,24949,13264,1165,47,9364,0,0
2021-03-04T23:59:59+01:00,706,823,1153,1666,1425,2436,1680,3479,2220,3033,1208,1112,2878,3937,2085,3830,181,257,498,752,621,1184,736,1810,852,1371,501,540,643,1135,454,1612,23731,13101,1158,46,8782,0,0
2021-03-03T23:59:59+01:00,665,776,1080,1600,1331,2358,1568,3394,2110,2952,1161,1067,2442,3327,1811,3478,181,257,496,749,621,1184,735,1806,850,1371,498,539,642,1131,454,1611,21875,13080,1156,45,8089,0,0
2021-03-02T23:59:59+01:00,645,737,1041,1555,1273,2321,1505,3337,2019,2880,1071,977,2035,2782,1476,3030,179,255,491,742,616,1172,725,1795,843,1351,491,532,629,1108,437,1582,19812,12903,1153,45,7719,0,0
2021-03-01T23:59:59+01:00,637,686,1023,1512,1222,2264,1463,3267,1962,2809,1020,892,1482,2120,1169,2580,177,255,491,742,616,1171,725,1792,842,1351,489,532,625,1096,434,1574,17544,12867,1150,45,7414,0,0
2021-02-28T23:59:59+01:00,628,669,1008,1470,1194,2206,1432,3209,1907,2737,1003,871,1360,1967,1106,2505,177,255,490,741,616,1171,724,1790,841,1350,487,532,625,1096,434,1574,17066,12858,1148,45,7058,0,0
2021-02-27T23:59:59+01:00,628,667,1007,1470,1194,2204,1432,3208,1907,2736,1003,871,1360,1966,1105,2505,177,255,489,740,613,1169,722,1789,839,1349,487,532,625,1096,434,1574,17064,12858,1148,32,7051,0,0
2021-02-26T23:59:59+01:00,456,607,885,1434,1120,2161,1367,3166,1852,2694,1002,868,1357,1965,1105,2504,177,255,489,740,613,1169,722,1788,839,1348,487,532,625,1096,434,1574,17054,12857,1148,31,6341,0,0
2021-02-25T23:59:59+01:00,360,542,789,1344,1035,2067,1265,2985,1714,2543,975,845,1269,1830,1001,2330,170,244,473,726,601,1144,712,1763,824,1326,475,518,591,1063,426,1558,16465,12593,1148,21,5281,0,0
2021-02-24T23:59:59+01:00,304,488,720,1270,962,1973,1210,2863,1645,2440,955,824,1134,1669,858,2139,168,244,470,723,597,1143,711,1757,823,1321,470,514,583,1058,423,1546,15762,12533,1146,18,4546,0,0
2021-02-23T23:59:59+01:00,291,461,696,1208,933,1888,1163,2749,1563,2343,940,800,1042,1530,734,1991,168,244,470,721,597,1142,711,1755,820,1320,470,512,581,1057,423,1545,15207,12523,1114,13,4011,0,0
2021-02-22T23:59:59+01:00,273,438,671,1171,903,1808,1107,2652,1479,2231,898,772,913,1353,569,1772,168,244,468,720,595,1141,709,1755,815,1318,469,510,580,1056,422,1543,14465,12511,1045,2,3500,0,0
2021-02-21T23:59:59+01:00,265,420,636,1105,854,1704,1059,2547,1403,2128,881,756,880,1297,520,1715,168,243,465,712,594,1138,709,1750,815,1317,468,510,579,1056,421,1542,14259,12485,1004,2,2907,0,0
2021-02-20T23:59:59+01:00,265,417,633,1104,851,1699,1057,2543,1386,2107,845,723,850,1282,513,1713,168,243,465,712,594,1138,709,1750,815,1317,468,510,578,1056,421,1542,14259,12484,849,2,2880,0,0
2021-02-19T23:59:59+01:00,254,407,624,1096,839,1684,1034,2524,1339,2059,605,620,719,1231,494,1696,168,243,465,710,594,1137,708,1748,812,1314,468,510,578,1055,420,1542,13785,12470,667,2,2773,0,0
2021-02-18T23:59:59+01:00,231,342,584,974,753,1455,898,2247,1077,1692,554,578,680,1188,479,1685,162,239,452,701,579,1118,702,1722,796,1288,465,508,578,1053,420,1542,13629,12323,571,2,1217,0,0
2021-02-17T23:59:59+01:00,224,303,563,914,717,1360,835,2079,993,1560,539,571,680,1184,477,1683,154,236,442,691,568,1100,684,1691,785,1268,462,507,576,1049,420,1542,13613,12173,571,2,498,0,0
2021-02-16T23:59:59+01:00,218,298,554,901,701,1327,819,2042,955,1520,532,566,674,1182,476,1682,148,231,429,683,557,1086,672,1672,777,1254,456,502,569,1034,414,1518,13585,12001,571,1,291,0,0
2021-02-15T23:59:59+01:00,202,286,548,872,693,1294,804,2007,930,1476,530,565,674,1182,476,1682,145,230,421,673,545,1068,646,1643,763,1236,455,502,569,1034,414,1518,13583,11861,532,1,106,0,0
2021-02-14T23:59:59+01:00,196,279,545,858,693,1287,799,1995,914,1470,529,565,673,1179,475,1682,137,227,410,662,526,1050,630,1629,757,1224,455,500,567,1032,414,1518,13577,11737,530,1,32,0,0
2021-02-13T23:59:59+01:00,195,279,544,858,693,1287,799,1995,914,1470,529,565,673,1179,475,1682,137,227,409,661,526,1050,630,1629,757,1224,455,500,567,1032,414,1518,13576,11735,530,1,31,0,0
2021-02-12T23:59:59+01:00,194,278,540,857,692,1285,794,1993,913,1468,528,565,673,1179,475,1682,133,224,406,656,521,1042,618,1617,753,1207,452,499,555,1010,412,1495,13569,11599,529,1,18,0,0
2021-02-11T23:59:59+01:00,192,277,535,850,686,1281,792,1990,906,1466,523,558,667,1174,470,1676,112,180,372,585,476,964,567,1492,713,1124,426,456,514,945,373,1413,13518,10712,517,0,8,0,0
2021-02-10T23:59:59+01:00,188,274,525,832,669,1265,780,1959,892,1448,514,553,659,1161,465,1667,101,167,343,519,448,852,526,1319,636,977,377,407,445,828,335,1265,13394,9545,456,0,1,0,0
2021-02-09T23:59:59+01:00,187,267,515,788,655,1229,760,1891,877,1413,505,544,652,1145,458,1653,93,145,326,455,410,764,479,1205,578,894,346,352,403,743,312,1157,13285,8662,254,0,0,0,0
2021-02-08T23:59:59+01:00,183,261,498,762,631,1192,739,1833,860,1382,499,543,649,1139,455,1639,71,107,286,389,362,624,422,967,503,733,288,295,340,591,260,972,13217,7210,48,0,0,0,0
2021-02-07T23:59:59+01:00,183,260,497,760,629,1192,737,1825,859,1380,498,543,649,1139,455,1638,70,93,266,360,345,576,403,934,487,704,287,288,337,584,259,969,13196,6962,48,0,0,0,0
2021-02-06T23:59:59+01:00,183,260,497,760,629,1192,737,1825,859,1380,498,543,649,1139,455,1638,70,93,266,360,345,576,403,933,485,702,287,287,336,582,258,969,13196,6952,48,0,0,0,0
2021-02-05T23:59:59+01:00,183,260,497,760,629,1192,737,1825,859,1379,498,543,649,1139,455,1638,68,93,263,358,340,572,393,906,476,685,279,284,326,557,243,936,13195,6779,48,0,0,0,0
2021-02-04T23:59:59+01:00,177,254,491,751,624,1184,733,1811,852,1371,492,537,625,1111,449,1623,51,74,225,320,302,476,346,762,384,551,216,213,240,383,184,693,13038,5420,47,0,0,0,0
2021-02-03T23:59:59+01:00,176,254,485,744,616,1176,728,1799,844,1355,483,530,610,1096,444,1617,40,49,166,226,249,356,259,573,306,424,171,169,173,294,138,519,12911,4112,46,0,0,0,0
2021-02-02T23:59:59+01:00,176,253,483,743,616,1176,724,1793,839,1352,482,529,606,1093,443,1613,30,42,142,176,204,287,218,437,253,340,129,134,138,219,104,411,12875,3264,46,0,0,0,0
2021-02-01T23:59:59+01:00,174,253,482,742,611,1171,723,1785,837,1348,480,526,601,1091,443,1608,25,31,102,130,146,194,152,304,160,240,82,94,96,136,54,222,12829,2168,46,0,0,0,0
2021-01-31T23:59:59+01:00,174,253,482,739,608,1170,723,1781,837,1347,478,526,600,1089,443,1607,16,22,70,86,104,128,116,228,133,192,78,88,92,127,52,209,12811,1741,46,0,0,0,0
2021-01-30T23:59:59+01:00,174,253,481,739,606,1168,722,1781,837,1347,478,526,599,1089,443,1607,16,22,70,86,104,126,114,225,130,189,77,86,92,122,46,199,12810,1704,40,0,0,0,0
2021-01-29T23:59:59+01:00,174,253,481,737,605,1166,720,1779,835,1346,478,526,599,1089,443,1607,13,20,59,82,86,121,97,216,109,176,72,79,90,119,46,198,12806,1583,32,0,0,0,0
2021-01-28T23:59:59+01:00,167,247,467,720,589,1141,713,1753,813,1318,472,521,596,1086,440,1604,7,4,13,22,24,44,31,103,46,82,45,52,59,86,34,149,12623,801,24,0,0,0,0
2021-01-27T23:59:59+01:00,159,244,456,710,579,1131,698,1717,808,1298,468,520,593,1080,440,1600,3,2,5,12,9,22,15,43,22,27,12,17,24,34,16,47,12479,310,22,0,0,0,0
2021-01-26T23:59:59+01:00,152,240,443,696,566,1117,690,1693,796,1278,463,514,587,1062,434,1569,3,2,5,11,6,20,12,38,17,26,12,14,23,34,16,46,12287,285,13,0,0,0,0
2021-01-25T23:59:59+01:00,149,238,433,683,551,1098,665,1664,779,1260,462,512,585,1062,434,1569,2,2,4,9,6,16,7,28,12,21,8,5,13,22,8,29,12142,192,2,0,0,0,0
2021-01-24T23:59:59+01:00,141,235,423,673,536,1079,649,1652,767,1249,461,509,584,1062,434,1569,1,0,2,6,6,4,5,7,4,9,1,2,11,14,5,16,12021,93,2,0,0,0,0
2021-01-23T23:59:59+01:00,141,235,423,672,536,1079,649,1652,767,1249,461,509,584,1062,434,1569,1,0,2,6,6,4,5,7,4,9,1,2,11,14,5,16,12020,93,2,0,0,0,0
2021-01-22T23:59:59+01:00,137,232,416,667,532,1071,637,1640,761,1232,460,506,571,1038,431,1546,1,0,2,6,6,4,5,7,4,9,1,2,11,14,5,16,11875,93,2,0,0,0,0
2021-01-21T23:59:59+01:00,124,223,402,647,506,1038,606,1587,742,1193,443,471,537,985,400,1490,1,0,2,6,6,4,5,7,4,9,1,2,11,14,5,16,11392,93,2,0,0,0,0
2021-01-20T23:59:59+01:00,104,173,361,553,463,894,552,1351,652,1020,383,413,452,841,348,1289,1,0,2,5,6,4,5,7,4,9,1,2,11,14,5,16,9847,92,2,0,0,0,0
2021-01-19T23:59:59+01:00,96,153,333,480,422,798,510,1236,602,928,358,375,414,762,325,1203,1,0,2,3,6,4,5,7,4,9,1,0,8,10,4,15,8993,79,2,0,0,0,0
2021-01-18T23:59:59+01:00,73,110,293,394,367,648,432,989,513,752,292,306,349,611,275,1021,1,0,2,3,6,4,5,7,4,9,1,0,8,10,4,15,7424,79,1,0,0,0,0
2021-01-17T23:59:59+01:00,70,95,273,365,347,591,410,945,493,720,289,298,347,604,274,1013,0,0,0,0,0,0,0,0,0,0,0,0,0,0,0,0,7133,0,1,0,0,0,0
2021-01-16T23:59:59+01:00,70,95,273,365,347,591,410,944,491,718,289,297,345,600,273,1013,0,0,0,0,0,0,0,0,0,0,0,0,0,0,0,0,7120,0,1,0,0,0,0
2021-01-15T23:59:59+01:00,68,95,271,362,341,585,398,916,479,696,277,293,328,570,253,978,0,0,0,0,0,0,0,0,0,0,0,0,0,0,0,0,6909,0,1,0,0,0,0
2021-01-14T23:59:59+01:00,53,79,255,337,319,504,357,788,392,564,217,216,241,384,187,711,0,0,0,0,0,0,0,0,0,0,0,0,0,0,0,0,5604,0,0,0,0,0,0
2021-01-13T23:59:59+01:00,46,66,227,275,279,414,291,622,320,458,164,174,180,299,146,552,0,0,0,0,0,0,0,0,0,0,0,0,0,0,0,0,4513,0,0,0,0,0,0
2021-01-12T23:59:59+01:00,42,64,219,258,264,381,272,549,286,412,127,135,145,226,110,431,0,0,0,0,0,0,0,0,0,0,0,0,0,0,0,0,3921,0,0,0,0,0,0
2021-01-11T23:59:59+01:00,36,58,207,237,245,330,222,454,236,348,94,102,112,147,62,273,0,0,0,0,0,0,0,0,0,0,0,0,0,0,0,0,3163,0,0,0,0,0,0
2021-01-10T23:59:59+01:00,31,51,170,168,202,253,184,359,190,282,88,97,109,141,60,260,0,0,0,0,0,0,0,0,0,0,0,0,0,0,0,0,2645,0,0,0,0,0,0
2021-01-09T23:59:59+01:00,30,49,164,164,200,246,180,353,188,277,88,97,109,141,60,260,0,0,0,0,0,0,0,0,0,0,0,0,0,0,0,0,2606,0,0,0,0,0,0
2021-01-08T23:59:59+01:00,25,43,134,141,179,233,157,325,162,257,83,87,107,138,60,259,0,0,0,0,0,0,0,0,0,0,0,0,0,0,0,0,2390,0,0,0,0,0,0
2021-01-07T23:59:59+01:00,8,6,17,25,32,53,38,115,60,103,47,51,66,94,38,178,0,0,0,0,0,0,0,0,0,0,0,0,0,0,0,0,931,0,0,0,0,0,0
2021-01-06T23:59:59+01:00,3,2,6,12,8,21,14,41,20,29,14,13,25,40,17,53,0,0,0,0,0,0,0,0,0,0,0,0,0,0,0,0,318,0,0,0,0,0,0
2021-01-05T23:59:59+01:00,2,1,5,11,7,17,11,33,15,24,10,13,22,33,17,49,0,0,0,0,0,0,0,0,0,0,0,0,0,0,0,0,270,0,0,0,0,0,0
2021-01-04T23:59:59+01:00,1,1,3,7,7,11,5,15,8,15,4,3,11,18,7,26,0,0,0,0,0,0,0,0,0,0,0,0,0,0,0,0,142,0,0,0,0,0,0
2021-01-03T23:59:59+01:00,1,0,2,6,7,4,5,7,4,9,1,2,11,14,6,16,0,0,0,0,0,0,0,0,0,0,0,0,0,0,0,0,95,0,0,0,0,0,0
2021-01-02T23:59:59+01:00,1,0,2,6,7,4,5,7,4,9,1,2,11,14,6,16,0,0,0,0,0,0,0,0,0,0,0,0,0,0,0,0,95,0,0,0,0,0,0
2021-01-01T23:59:59+01:00,1,0,2,6,7,4,5,7,4,9,1,2,11,14,6,16,0,0,0,0,0,0,0,0,0,0,0,0,0,0,0,0,95,0,0,0,0,0,0
2020-12-31T23:59:59+01:00,1,0,2,5,7,4,5,7,4,9,1,2,11,14,6,16,0,0,0,0,0,0,0,0,0,0,0,0,0,0,0,0,94,0,0,0,0,0,0
2020-12-30T23:59:59+01:00,1,0,2,5,7,4,5,7,4,9,1,2,11,14,6,16,0,0,0,0,0,0,0,0,0,0,0,0,0,0,0,0,94,0,0,0,0,0,0
2020-12-29T23:59:59+01:00,1,0,2,3,7,4,5,7,4,9,1,0,8,10,5,15,0,0,0,0,0,0,0,0,0,0,0,0,0,0,0,0,81,0,0,0,0,0,0
2020-12-28T23:59:59+01:00,1,0,2,3,7,4,5,7,4,9,1,0,8,10,5,15,0,0,0,0,0,0,0,0,0,0,0,0,0,0,0,0,81,0,0,0,0,0,0
2020-12-27T23:59:59+01:00,1,0,2,3,7,4,5,7,4,9,1,0,8,10,5,15,0,0,0,0,0,0,0,0,0,0,0,0,0,0,0,0,81,0,0,0,0,0,0
