Datum,<15_m,<15_w,15-24_1_m,15-24_1_w,25-34_1_m,25-34_1_w,35-44_1_m,35-44_1_w,45-54_1_m,45-54_1_w,55-64_1_m,55-64_1_w,65-74_1_m,65-74_1_w,75-84_1_m,75-84_1_w,>84_1_m,>84_1_w,<24_2_m,<24_2_w,25-34_2_m,25-34_2_w,35-44_2_m,35-44_2_w,45-54_2_m,45-54_2_w,55-64_2_m,55-64_2_w,65-74_2_m,65-74_2_w,75-84_2_m,75-84_2_w,>84_2_m,>84_2_w,bp_1,bp_2,mo_1,mo_2,az_1,az_2,ja,unb_1,unb_2
2021-09-30T23:59:59+02:00,2085,1944,16974,15710,22315,20576,24123,23665,27763,28417,30743,31661,21584,24648,15470,19439,4515,7831,15151,13993,20799,18937,22749,22157,26366,26835,29508,30389,20904,23877,15000,18751,4333,7524,234279,219173,32683,31410,55053,52039,17423,30,38
2021-09-29T23:59:59+02:00,2023,1904,16889,15638,22248,20510,24069,23614,27707,28372,30708,31634,21570,24635,15461,19421,4512,7829,15086,13941,20760,18886,22713,22106,26332,26810,29474,30363,20898,23867,14993,18744,4332,7521,233676,218812,32669,31388,55052,52036,17322,30,38
2021-09-28T23:59:59+02:00,2008,1888,16818,15577,22181,20456,24010,23574,27671,28332,30691,31616,21558,24618,15453,19405,4510,7824,15022,13896,20703,18845,22670,22080,26303,26774,29453,30342,20886,23852,14987,18734,4330,7517,233253,218483,32668,31388,55052,52035,17192,30,38
2021-09-27T23:59:59+02:00,1946,1822,16754,15517,22146,20420,23984,23547,27643,28296,30671,31599,21552,24612,15450,19399,4507,7820,14996,13864,20682,18808,22655,22055,26284,26762,29436,30326,20882,23842,14983,18726,4329,7513,232755,218214,32668,31388,55052,52034,17185,30,38
2021-09-26T23:59:59+02:00,1926,1801,16686,15453,22095,20361,23944,23497,27614,28270,30657,31590,21542,24605,15449,19396,4507,7819,14929,13799,20630,18755,22607,21999,26245,26725,29418,30299,20875,23832,14975,18723,4329,7510,232392,217822,32651,31361,55051,52022,17093,30,38
2021-09-25T23:59:59+02:00,1926,1801,16684,15453,22093,20360,23942,23496,27614,28270,30657,31590,21542,24605,15449,19396,4507,7819,14929,13799,20629,18755,22607,21999,26244,26723,29418,30299,20874,23832,14975,18723,4329,7510,232385,217818,32651,31361,55051,52022,17092,30,38
2021-09-24T23:59:59+02:00,1925,1798,16659,15434,22051,20332,23908,23475,27594,28249,30639,31575,21540,24601,15447,19395,4507,7819,14903,13772,20581,18723,22566,21973,26216,26703,29396,30279,20869,23826,14973,18721,4328,7509,232324,217692,32651,31361,55051,52022,16897,30,38
2021-09-23T23:59:59+02:00,1895,1761,16583,15351,21991,20257,23859,23407,27549,28194,30614,31535,21526,24590,15436,19377,4503,7815,14825,13709,20521,18680,22537,21926,26182,26659,29371,30252,20866,23815,14967,18713,4328,7508,231756,217290,32613,31327,55051,52022,16798,30,38
2021-09-22T23:59:59+02:00,1862,1730,16480,15275,21901,20181,23784,23352,27481,28134,30573,31500,21510,24568,15434,19364,4501,7812,14699,13602,20432,18603,22474,21856,26120,26598,29322,30217,20847,23805,14961,18705,4325,7499,231151,216614,32592,31285,55051,52015,16623,30,38
2021-09-21T23:59:59+02:00,1833,1686,16401,15201,21842,20121,23735,23304,27441,28098,30535,31460,21499,24548,15431,19354,4498,7804,14642,13554,20375,18563,22431,21813,26087,26573,29298,30191,20835,23791,14955,18694,4322,7498,230686,216333,32592,31285,55051,52015,16436,30,38
2021-09-20T23:59:59+02:00,1806,1671,16328,15137,21787,20074,23687,23264,27403,28055,30502,31442,21490,24536,15425,19348,4497,7802,14585,13501,20328,18518,22397,21786,26039,26541,29273,30166,20827,23779,14953,18688,4319,7495,230282,216017,32590,31284,55051,52014,16305,30,38
2021-09-19T23:59:59+02:00,1779,1649,16264,15089,21737,20014,23654,23231,27374,28027,30481,31417,21480,24525,15421,19337,4497,7799,14526,13458,20283,18466,22346,21763,26014,26509,29256,30152,20821,23766,14949,18685,4318,7491,229919,215735,32569,31251,55050,52014,16210,30,38
2021-09-18T23:59:59+02:00,1779,1649,16263,15087,21736,20013,23652,23229,27374,28026,30481,31417,21480,24525,15421,19337,4497,7799,14526,13456,20283,18466,22345,21762,26014,26507,29256,30152,20821,23766,14949,18685,4318,7491,229913,215734,32569,31250,55050,52014,16206,30,38
2021-09-17T23:59:59+02:00,1774,1642,16242,15069,21711,19994,23632,23217,27361,28010,30472,31411,21477,24522,15418,19334,4496,7799,14505,13442,20273,18460,22336,21758,26007,26503,29246,30146,20818,23763,14948,18684,4318,7491,229743,215632,32569,31250,55050,52014,16192,30,38
2021-09-16T23:59:59+02:00,1735,1612,16144,14972,21629,19894,23562,23134,27298,27951,30433,31374,21463,24505,15413,19324,4491,7799,14421,13370,20230,18405,22300,21707,25977,26458,29225,30115,20807,23753,14941,18677,4316,7487,228944,215179,32548,31172,55050,52002,16164,30,38
2021-09-15T23:59:59+02:00,1704,1595,16081,14895,21577,19841,23517,23088,27268,27918,30408,31349,21450,24484,15401,19316,4490,7797,14347,13284,20164,18345,22261,21656,25939,26415,29193,30092,20794,23738,14929,18669,4315,7485,228419,214620,32531,31128,55050,51997,16152,30,38
2021-09-14T23:59:59+02:00,1691,1581,16047,14850,21531,19802,23487,23054,27236,27881,30382,31325,21436,24473,15398,19304,4487,7796,14309,13245,20140,18323,22238,21630,25919,26400,29182,30082,20783,23730,14926,18662,4314,7483,228012,214338,32530,31127,55050,51997,16142,30,38
2021-09-13T23:59:59+02:00,1671,1568,16006,14798,21505,19771,23456,23024,27220,27845,30368,31311,21435,24463,15393,19302,4486,7793,14280,13232,20114,18307,22218,21610,25904,26388,29172,30059,20774,23719,14925,18655,4312,7481,227674,214116,32530,31127,55050,51997,16134,30,38
2021-09-12T23:59:59+02:00,1661,1555,15983,14776,21489,19749,23441,23000,27205,27831,30358,31303,21428,24455,15393,19297,4486,7793,14247,13203,20091,18270,22198,21585,25891,26366,29161,30050,20767,23711,14920,18648,4310,7476,227482,213877,32514,31096,55050,51996,16130,30,38
2021-09-11T23:59:59+02:00,1660,1555,15971,14772,21481,19742,23440,22999,27203,27830,30356,31302,21427,24454,15393,19297,4486,7793,14242,13201,20089,18267,22196,21585,25891,26365,29161,30050,20766,23711,14920,18648,4310,7476,227445,213866,32514,31096,55050,51996,16125,30,38
2021-09-10T23:59:59+02:00,1660,1555,15948,14767,21467,19731,23422,22996,27186,27820,30343,31297,21426,24452,15389,19295,4486,7792,14219,13194,20073,18257,22182,21581,25876,26352,29143,30047,20765,23707,14917,18645,4309,7475,227415,213827,32514,31096,55050,51996,16026,30,38
2021-09-09T23:59:59+02:00,1615,1516,15867,14691,21407,19663,23370,22948,27126,27770,30314,31268,21417,24435,15375,19281,4484,7790,14139,13122,20001,18189,22115,21526,25828,26311,29107,30016,20749,23679,14899,18631,4307,7473,226889,213363,32483,31013,55049,51977,15889,30,38
2021-09-08T23:59:59+02:00,1577,1470,15739,14599,21337,19587,23317,22873,27076,27727,30274,31220,21400,24417,15366,19270,4483,7790,14050,13032,19918,18135,22050,21474,25781,26272,29072,29966,20730,23658,14895,18623,4306,7472,226349,212964,32413,30922,55049,51972,15684,30,38
2021-09-07T23:59:59+02:00,1564,1450,15689,14548,21284,19561,23280,22850,27049,27694,30257,31205,21389,24395,15360,19262,4481,7790,13982,12984,19855,18096,22008,21443,25744,26239,29043,29938,20718,23644,14891,18616,4305,7472,226107,212680,32408,30892,55049,51967,15517,30,38
2021-09-06T23:59:59+02:00,1551,1440,15640,14502,21264,19530,23258,22821,27024,27675,30241,31183,21379,24392,15356,19255,4481,7788,13951,12947,19836,18071,21979,21421,25724,26219,29028,29923,20710,23636,14888,18612,4305,7469,225857,212478,32408,30892,55049,51967,15439,30,38
2021-09-05T23:59:59+02:00,1530,1425,15610,14476,21246,19508,23249,22796,27015,27663,30236,31175,21374,24386,15351,19253,4481,7784,13913,12911,19806,18035,21954,21393,25705,26201,29015,29904,20706,23628,14886,18610,4305,7469,225646,212262,32401,30812,55048,51966,15436,30,38
2021-09-04T23:59:59+02:00,1530,1425,15602,14473,21232,19503,23242,22791,27009,27657,30230,31172,21373,24383,15351,19252,4481,7784,13905,12908,19792,18029,21947,21388,25699,26195,29009,29900,20705,23625,14886,18609,4305,7469,225645,212261,32401,30811,55048,51966,15368,30,38
2021-09-03T23:59:59+02:00,1527,1422,15586,14459,21199,19480,23212,22770,26985,27645,30215,31157,21366,24375,15351,19246,4481,7783,13890,12894,19766,18010,21923,21373,25682,26186,28994,29889,20699,23618,14886,18606,4305,7469,225573,212244,32400,30806,55048,51965,15210,30,38
2021-09-02T23:59:59+02:00,1511,1402,15514,14400,21153,19430,23177,22723,26944,27604,30178,31131,21353,24365,15345,19233,4479,7777,13797,12830,19721,17949,21878,21330,25640,26140,28955,29862,20687,23607,14881,18594,4304,7468,225153,211789,32395,30801,55046,51945,15097,30,38
2021-09-01T23:59:59+02:00,1460,1345,15373,14246,21037,19334,23107,22669,26877,27532,30127,31081,21335,24340,15337,19219,4476,7772,13651,12711,19599,17853,21793,21260,25583,26071,28905,29799,20662,23578,14869,18579,4300,7462,224381,211209,32369,30606,55045,51933,14844,30,38
2021-08-31T23:59:59+02:00,1436,1330,15312,14175,20973,19282,23064,22627,26827,27490,30093,31049,21324,24328,15331,19210,4476,7771,13577,12645,19551,17812,21762,21225,25550,26048,28877,29773,20655,23568,14866,18571,4299,7461,223927,210866,32368,30606,55044,51928,14731,30,38
2021-08-30T23:59:59+02:00,1413,1311,15244,14129,20925,19228,23032,22589,26790,27457,30060,31020,21312,24319,15327,19201,4474,7764,13520,12604,19506,17762,21730,21200,25520,26011,28843,29748,20644,23553,14856,18562,4298,7457,223566,210564,32368,30606,55044,51926,14589,30,38
2021-08-29T23:59:59+02:00,1397,1299,15200,14083,20887,19197,23008,22565,26772,27433,30042,31005,21308,24310,15327,19199,4474,7763,13467,12560,19484,17741,21703,21180,25499,25992,28830,29731,20636,23545,14853,18558,4296,7456,223276,210298,32367,30606,55044,51925,14554,30,38
2021-08-28T23:59:59+02:00,1397,1299,15194,14080,20876,19190,23002,22561,26769,27424,30039,31004,21307,24310,15327,19199,4474,7763,13461,12556,19473,17734,21697,21176,25496,25983,28827,29730,20635,23545,14853,18558,4296,7456,223276,210297,32367,30606,55044,51925,14500,30,38
2021-08-27T23:59:59+02:00,1388,1292,15162,14053,20848,19174,22969,22545,26744,27413,30023,30985,21301,24302,15323,19198,4471,7760,13432,12525,19436,17717,21669,21155,25468,25970,28810,29712,20629,23536,14850,18557,4295,7456,223139,210155,32367,30605,55043,51924,14374,30,38
2021-08-26T23:59:59+02:00,1375,1274,15117,14008,20801,19136,22940,22507,26711,27374,29991,30948,21286,24286,15316,19190,4468,7752,13363,12465,19360,17661,21609,21098,25412,25922,28771,29676,20616,23515,14841,18544,4294,7452,222846,209872,32348,30481,55043,51850,14215,30,38
2021-08-25T23:59:59+02:00,1330,1229,14969,13885,20689,19043,22861,22414,26632,27290,29933,30892,21265,24260,15306,19180,4464,7746,13241,12381,19276,17585,21544,21026,25343,25868,28727,29633,20589,23494,14833,18530,4293,7449,221990,209305,32333,30433,55043,51842,13995,29,36
2021-08-24T23:59:59+02:00,1306,1205,14905,13834,20647,18991,22805,22368,26597,27254,29904,30861,21249,24245,15300,19170,4463,7745,13146,12322,19215,17503,21507,20974,25299,25825,28697,29595,20571,23474,14826,18518,4291,7444,221573,208823,32303,30375,55043,51827,13903,29,32
2021-08-23T23:59:59+02:00,1288,1186,14837,13797,20608,18962,22777,22343,26562,27234,29879,30834,21230,24231,15295,19158,4462,7744,13029,12244,19153,17444,21455,20925,25259,25770,28652,29552,20552,23457,14819,18506,4288,7444,221266,208304,32287,30284,55043,51827,13804,29,32
2021-08-22T23:59:59+02:00,1279,1178,14822,13777,20592,18942,22765,22323,26547,27219,29862,30830,21223,24227,15293,19150,4460,7743,12970,12175,19101,17410,21426,20890,25238,25744,28626,29530,20544,23446,14818,18502,4288,7444,221091,207980,32268,30175,55043,51824,13803,29,32
2021-08-21T23:59:59+02:00,1279,1178,14813,13767,20580,18934,22755,22317,26543,27214,29851,30823,21223,24225,15293,19150,4460,7743,12960,12165,19090,17402,21418,20884,25232,25739,28616,29523,20544,23444,14818,18502,4288,7444,221086,207976,32268,30175,55043,51824,13724,29,32
2021-08-20T23:59:59+02:00,1272,1173,14784,13732,20545,18904,22732,22294,26517,27191,29834,30807,21220,24216,15291,19144,4460,7743,12942,12149,19066,17382,21400,20863,25218,25721,28598,29504,20540,23438,14817,18499,4288,7444,220892,207871,32268,30173,55043,51824,13629,29,32
2021-08-19T23:59:59+02:00,1254,1157,14725,13683,20506,18875,22701,22259,26494,27162,29809,30783,21209,24208,15288,19139,4459,7740,12809,12031,18978,17306,21314,20805,25147,25654,28538,29454,20519,23425,14811,18490,4286,7441,220586,207235,32236,30037,55043,51763,13559,29,32
2021-08-18T23:59:59+02:00,1231,1138,14641,13591,20392,18816,22627,22198,26428,27105,29750,30726,21184,24188,15282,19127,4457,7737,12671,11912,18841,17225,21219,20715,25060,25571,28455,29386,20486,23381,14800,18475,4285,7436,220174,206627,32218,29915,55041,51755,13158,29,32
2021-08-17T23:59:59+02:00,1220,1125,14600,13553,20349,18772,22592,22164,26395,27077,29733,30706,21172,24174,15271,19118,4453,7736,12562,11828,18759,17164,21141,20654,25008,25518,28418,29345,20467,23366,14791,18462,4283,7434,219893,206095,32183,29785,55041,51747,13066,29,31
2021-08-16T23:59:59+02:00,1208,1114,14552,13505,20313,18743,22563,22132,26374,27048,29699,30675,21159,24163,15264,19106,4451,7734,12467,11729,18668,17092,21070,20569,24944,25459,28351,29282,20444,23344,14781,18444,4282,7431,219625,205476,32181,29658,55041,51746,12929,29,30
2021-08-15T23:59:59+02:00,1198,1101,14515,13478,20285,18713,22535,22113,26361,27032,29689,30661,21154,24151,15259,19104,4450,7732,12401,11662,18615,17062,21019,20531,24908,25416,28332,29260,20434,23331,14777,18438,4280,7429,219404,205027,32181,29657,55041,51745,12878,29,30
2021-08-14T23:59:59+02:00,1198,1100,14508,13474,20276,18707,22526,22106,26347,27025,29684,30653,21151,24150,15258,19103,4450,7732,12394,11658,18605,17054,21009,20524,24894,25409,28327,29251,20431,23330,14776,18437,4280,7429,219403,205025,32181,29654,55041,51745,12796,29,30
2021-08-13T23:59:59+02:00,1195,1097,14499,13464,20262,18697,22514,22101,26340,27015,29669,30645,21142,24145,15257,19103,4450,7732,12379,11645,18594,17045,20996,20515,24888,25393,28313,29247,20425,23323,14774,18437,4280,7428,219346,204959,32181,29654,55041,51745,12732,29,30
2021-08-12T23:59:59+02:00,1175,1075,14442,13409,20221,18657,22491,22066,26312,26985,29638,30623,21130,24126,15253,19096,4450,7727,12212,11502,18456,16934,20903,20431,24808,25308,28246,29191,20404,23291,14761,18425,4277,7422,219021,204167,32169,29466,55041,51676,12618,29,30
2021-08-11T23:59:59+02:00,1159,1053,14373,13346,20179,18603,22448,22028,26280,26960,29610,30583,21117,24109,15250,19085,4447,7723,12074,11362,18371,16846,20823,20357,24759,25235,28204,29127,20372,23264,14754,18414,4275,7417,218623,203267,32096,29461,55041,51671,12566,29,30
2021-08-10T23:59:59+02:00,1144,1035,14296,13274,20127,18559,22417,21984,26249,26930,29578,30555,21104,24100,15250,19077,4446,7721,11963,11246,18276,16779,20762,20291,24708,25179,28161,29076,20346,23236,14740,18396,4274,7411,218202,202518,32064,29438,55041,51646,12512,29,30
2021-08-09T23:59:59+02:00,1127,1016,14211,13212,20046,18502,22368,21936,26197,26886,29541,30521,21086,24083,15244,19068,4441,7719,11781,11084,18104,16682,20638,20209,24612,25083,28081,29000,20310,23197,14726,18384,4271,7402,217754,201530,32044,29329,55040,51551,12339,29,29
2021-08-08T23:59:59+02:00,1113,1009,14168,13173,20025,18467,22342,21916,26182,26866,29525,30507,21079,24077,15241,19064,4440,7718,11698,10998,18016,16598,20573,20152,24549,25036,28035,28956,20288,23174,14713,18373,4271,7398,217525,200875,32012,29251,55039,51533,12309,29,29
2021-08-07T23:59:59+02:00,1113,1009,14154,13168,20015,18462,22336,21911,26170,26852,29511,30495,21077,24073,15237,19059,4439,7718,11684,10992,17999,16594,20567,20146,24536,25021,28018,28944,20286,23170,14709,18368,4270,7398,217523,200860,32012,29250,55039,51533,12198,29,29
2021-08-06T23:59:59+02:00,1113,1009,14144,13156,20002,18443,22322,21897,26148,26843,29498,30484,21074,24069,15234,19057,4439,7717,11672,10978,17977,16573,20551,20130,24515,25012,28005,28933,20283,23166,14706,18366,4270,7398,217516,200833,32008,29250,55039,51532,12059,29,29
2021-08-05T23:59:59+02:00,1101,990,14074,13114,19952,18408,22279,21854,26113,26787,29470,30460,21060,24054,15226,19049,4437,7714,11498,10870,17865,16475,20440,20031,24410,24922,27936,28884,20257,23142,14695,18352,4267,7396,217203,200049,31964,29158,55036,51395,11912,29,29
2021-08-04T23:59:59+02:00,1085,973,14009,13044,19850,18324,22212,21795,26074,26745,29421,30413,21037,24036,15216,19036,4437,7711,11312,10695,17635,16335,20265,19904,24292,24798,27828,28787,20229,23109,14682,18340,4264,7394,216937,199004,31802,29098,55035,51152,11618,28,29
2021-08-03T23:59:59+02:00,1061,955,13939,12983,19813,18275,22178,21754,26039,26703,29387,30384,21021,24012,15206,19022,4434,7701,11128,10521,17462,16208,20126,19772,24144,24676,27708,28680,20186,23062,14665,18308,4262,7388,216560,197569,31775,29064,55035,51097,11471,28,29
2021-08-02T23:59:59+02:00,1037,935,13853,12916,19756,18217,22127,21714,25985,26643,29335,30334,20990,23981,15196,19002,4431,7699,10959,10352,17290,16083,19979,19659,24027,24561,27621,28579,20140,23009,14646,18289,4259,7378,216080,196379,31744,29014,55035,51021,11266,28,29
2021-08-01T23:59:59+02:00,1027,920,13791,12869,19720,18200,22108,21693,25960,26622,29316,30317,20981,23969,15192,18995,4431,7698,10814,10206,17129,15974,19829,19550,23883,24455,27513,28499,20126,22985,14638,18275,4259,7374,215843,195488,31694,28922,55035,50671,11210,28,29
2021-07-31T23:59:59+02:00,1027,920,13766,12860,19702,18192,22091,21682,25947,26610,29308,30306,20979,23964,15191,18994,4430,7698,10788,10194,17108,15961,19811,19537,23871,24443,27505,28488,20124,22980,14637,18274,4258,7374,215839,195469,31694,28922,55035,50671,11072,28,29
2021-07-30T23:59:59+02:00,1019,910,13706,12815,19657,18170,22062,21663,25917,26588,29280,30288,20972,23956,15185,18992,4428,7697,10702,10121,17044,15918,19752,19502,23804,24402,27457,28463,20109,22958,14628,18270,4255,7372,215660,195082,31693,28922,55035,50605,10890,28,29
2021-07-29T23:59:59+02:00,995,892,13601,12729,19593,18109,21989,21609,25866,26532,29228,30251,20954,23946,15178,18985,4428,7695,10435,9864,16744,15673,19457,19285,23503,24173,27206,28300,20054,22902,14616,18249,4255,7371,215217,193335,31621,28812,55035,49917,10680,28,29
2021-07-28T23:59:59+02:00,967,862,13470,12601,19467,18000,21903,21526,25786,26453,29153,30183,20931,23910,15165,18973,4426,7693,10146,9662,16483,15484,19196,19096,23275,23982,27051,28156,20006,22829,14597,18226,4252,7366,214567,192001,31586,28728,55031,49402,10258,28,29
2021-07-27T23:59:59+02:00,936,841,13352,12507,19402,17940,21837,21473,25720,26395,29113,30138,20916,23890,15160,18953,4425,7687,9890,9452,16231,15256,18969,18910,23082,23809,26887,28019,19964,22776,14575,18199,4246,7357,213972,190340,31531,28570,55030,49065,10126,27,29
2021-07-26T23:59:59+02:00,911,823,13247,12413,19350,17883,21763,21409,25671,26362,29058,30078,20887,23867,15142,18934,4425,7683,9654,9203,15992,15054,18722,18709,22856,23642,26736,27892,19893,22716,14547,18163,4241,7351,213369,188591,31459,28470,55029,48688,10024,26,29
2021-07-25T23:59:59+02:00,892,812,13172,12341,19271,17834,21706,21357,25631,26314,29021,30032,20870,23851,15135,18928,4422,7682,9469,9061,15791,14905,18519,18568,22687,23531,26587,27772,19843,22668,14531,18150,4238,7348,213068,187684,31397,28318,55029,48273,9752,26,29
2021-07-24T23:59:59+02:00,892,812,13162,12332,19261,17828,21695,21352,25616,26307,29016,30026,20866,23850,15134,18927,4422,7682,9459,9047,15781,14898,18506,18562,22670,23522,26581,27764,19840,22665,14530,18149,4238,7348,213065,187667,31397,28315,55029,48273,9664,26,29
2021-07-23T23:59:59+02:00,884,811,13097,12295,19183,17794,21655,21319,25580,26267,28983,29990,20852,23834,15126,18923,4420,7679,9408,9019,15697,14854,18452,18522,22619,23480,26537,27725,19824,22649,14523,18143,4236,7345,212938,187505,31396,28310,55029,48272,9304,26,29
2021-07-22T23:59:59+02:00,872,797,13002,12213,19124,17727,21610,21289,25531,26220,28959,29968,20839,23816,15124,18917,4417,7677,9090,8745,15295,14607,18089,18267,22288,23233,26331,27590,19767,22593,14510,18121,4233,7340,212471,185679,31311,28057,55026,47355,9269,26,29
2021-07-21T23:59:59+02:00,850,770,12800,12047,18975,17604,21476,21190,25425,26117,28882,29897,20797,23781,15107,18894,4413,7672,8712,8430,14862,14278,17710,17994,21931,22901,26058,27379,19674,22505,14484,18083,4230,7331,211845,183774,31202,27706,55023,46697,8602,26,29
2021-07-20T23:59:59+02:00,820,745,12651,11914,18865,17520,21406,21114,25363,26051,28844,29846,20772,23748,15099,18878,4410,7669,8383,8119,14393,13939,17329,17722,21627,22672,25814,27193,19593,22396,14455,18048,4228,7325,211163,181619,31092,27543,55019,45819,8416,26,28
2021-07-19T23:59:59+02:00,791,718,12530,11795,18774,17447,21344,21055,25309,25997,28794,29809,20747,23720,15089,18864,4406,7663,8057,7865,14027,13684,16982,17473,21300,22470,25587,27051,19524,22320,14433,18026,4222,7319,210443,179578,30986,27384,55019,45109,8379,26,28
2021-07-18T23:59:59+02:00,773,699,12417,11687,18675,17368,21277,21002,25253,25944,28757,29755,20724,23700,15077,18853,4404,7661,7887,7712,13871,13561,16831,17351,21138,22358,25457,26970,19484,22280,14419,18010,4222,7316,209858,178642,30837,27280,55019,44744,8287,26,28
2021-07-17T23:59:59+02:00,773,699,12414,11687,18674,17365,21277,21002,25253,25944,28757,29755,20724,23700,15077,18853,4404,7661,7880,7711,13867,13556,16830,17350,21137,22357,25456,26968,19483,22280,14419,18010,4222,7316,209854,178622,30837,27279,55019,44743,8284,26,28
2021-07-16T23:59:59+02:00,766,694,12342,11633,18633,17333,21242,20975,25220,25921,28731,29736,20722,23697,15077,18851,4404,7661,7729,7610,13714,13485,16686,17291,20999,22298,25349,26920,19465,22261,14418,18004,4222,7313,209646,178174,30837,27206,55019,44352,8111,26,28
2021-07-15T23:59:59+02:00,751,674,12269,11563,18569,17275,21186,20927,25172,25880,28703,29708,20707,23680,15072,18842,4403,7658,7385,7295,13106,13079,16019,16868,20362,21928,24893,26608,19319,22121,14375,17958,4219,7306,209166,175941,30751,26309,55012,42580,8085,26,28
2021-07-14T23:59:59+02:00,722,654,12057,11426,18396,17165,21064,20829,25068,25776,28613,29607,20673,23647,15053,18826,4400,7655,6970,6940,12442,12626,15328,16380,19729,21470,24429,26265,19101,21895,14343,17910,4211,7295,208347,173117,30585,25973,55009,40634,7665,26,28
2021-07-13T23:59:59+02:00,678,619,11919,11294,18275,17082,20953,20734,24971,25680,28543,29541,20644,23608,15033,18816,4398,7645,6508,6517,11808,12128,14634,15875,19124,21058,23988,25938,18924,21680,14299,17848,4207,7286,207329,169454,30447,25802,54999,38970,7633,26,25
2021-07-12T23:59:59+02:00,644,588,11794,11156,18160,16992,20861,20627,24870,25580,28461,29474,20618,23574,15025,18804,4393,7638,6092,6102,11205,11592,14009,15337,18569,20567,23570,25576,18728,21490,14234,17790,4198,7282,206310,165768,30318,24976,54996,38014,7610,26,25
2021-07-11T23:59:59+02:00,608,561,11679,11064,18096,16931,20804,20570,24816,25533,28404,29426,20599,23554,15016,18795,4393,7637,5903,5935,10952,11390,13778,15138,18324,20378,23361,25391,18656,21409,14207,17764,4197,7276,205673,164383,30199,24510,54994,37592,7597,24,25
2021-07-10T23:59:59+02:00,607,560,11672,11063,18092,16929,20800,20569,24813,25532,28403,29426,20599,23554,15015,18793,4393,7637,5896,5934,10947,11383,13768,15134,18323,20376,23359,25389,18654,21408,14206,17764,4197,7276,205653,164353,30197,24509,54994,37585,7590,24,25
2021-07-09T23:59:59+02:00,579,537,11562,10939,18018,16845,20729,20508,24739,25456,28353,29381,20576,23534,15012,18783,4393,7636,5862,5901,10919,11349,13718,15113,18292,20344,23340,25367,18649,21398,14204,17761,4197,7275,204785,164119,30196,24459,54994,37551,7582,24,25
2021-07-08T23:59:59+02:00,544,509,11398,10804,17893,16740,20593,20406,24633,25328,28235,29303,20532,23484,14996,18754,4390,7628,5518,5644,10403,10953,13097,14663,17628,19784,22732,24901,18333,21008,14108,17678,4192,7265,204016,161809,30170,23651,54965,35467,6996,24,25
2021-07-07T23:59:59+02:00,484,456,11229,10659,17810,16653,20523,20338,24560,25250,28174,29239,20504,23448,14991,18742,4388,7620,5211,5351,9875,10502,12518,14182,16947,19263,22166,24402,18019,20644,14006,17581,4185,7242,203002,159348,30146,22185,54948,33623,6949,24,25
2021-07-06T23:59:59+02:00,443,422,11105,10509,17699,16560,20430,20235,24481,25157,28083,29160,20478,23410,14982,18725,4386,7617,4812,4923,9276,9987,11805,13580,16238,18649,21651,23907,17700,20339,13905,17465,4176,7232,201869,155159,30139,21244,54939,32328,6912,24,25
2021-07-05T23:59:59+02:00,421,395,11016,10420,17608,16489,20349,20163,24420,25106,28042,29123,20454,23389,14970,18717,4385,7614,4524,4602,8778,9536,11245,13026,15529,18005,21030,23298,17307,19944,13772,17307,4168,7224,201129,151264,30136,20564,54930,30598,6863,24,25
2021-07-04T23:59:59+02:00,408,389,10940,10365,17543,16435,20299,20113,24389,25070,28026,29105,20445,23378,14965,18714,4384,7613,4378,4511,8650,9370,11053,12851,15288,17795,20764,23026,17034,19653,13712,17215,4164,7220,200649,149950,30130,20259,54929,29619,6850,24,25
2021-07-03T23:59:59+02:00,406,388,10933,10354,17533,16430,20297,20110,24387,25070,28023,29104,20445,23377,14965,18714,4384,7613,4374,4504,8643,9366,11050,12851,15284,17795,20761,23023,17034,19650,13712,17215,4164,7220,200621,149937,30129,20259,54929,29613,6831,24,25
2021-07-02T23:59:59+02:00,363,325,10788,10244,17417,16328,20193,20034,24314,25005,27960,29045,20419,23351,14959,18700,4384,7610,4287,4423,8481,9229,10914,12739,15161,17688,20650,22919,16992,19620,13705,17200,4164,7217,199736,148948,30129,20258,54929,29555,6622,24,25
2021-07-01T23:59:59+02:00,316,282,10654,10109,17290,16234,20070,19945,24230,24930,27896,28993,20399,23327,14943,18685,4381,7606,4083,4222,8181,8891,10546,12328,14592,17189,20141,22381,16704,19321,13497,16986,4154,7195,198662,145892,30071,19574,54923,28326,6611,24,25
2021-06-30T23:59:59+02:00,233,220,10399,9871,17116,16083,19937,19814,24114,24806,27817,28905,20377,23295,14924,18667,4380,7605,3886,4027,7879,8554,10138,11866,14104,16633,19569,21747,16382,18979,13224,16709,4141,7168,197012,142218,30016,19323,54915,26859,6597,24,25
2021-06-29T23:59:59+02:00,189,183,10251,9695,16980,15988,19834,19722,24045,24730,27759,28837,20350,23268,14910,18647,4380,7601,3684,3767,7479,8102,9664,11329,13450,15963,18956,21043,16064,18652,12977,16419,4134,7154,195861,137932,30011,19024,54911,25307,6564,23,25
2021-06-28T23:59:59+02:00,140,131,10058,9513,16853,15882,19729,19618,23951,24636,27691,28775,20320,23238,14896,18629,4378,7599,3484,3512,7078,7659,9229,10836,12901,15425,18458,20525,15814,18386,12858,16286,4128,7143,194678,134097,29898,18601,54908,24481,6531,23,25
2021-06-27T23:59:59+02:00,122,114,9919,9401,16793,15822,19668,19567,23893,24586,27664,28751,20307,23222,14893,18625,4377,7596,3393,3445,6901,7464,9040,10637,12672,15185,18196,20266,15691,18281,12793,16199,4128,7139,194045,132905,29838,18253,54902,23747,6513,23,25
2021-06-26T23:59:59+02:00,122,114,9918,9397,16791,15818,19665,19566,23891,24585,27664,28751,20307,23222,14893,18625,4377,7596,3391,3445,6898,7463,9037,10636,12669,15182,18194,20265,15688,18280,12793,16198,4128,7139,194028,132885,29837,18253,54902,23743,6513,23,25
2021-06-25T23:59:59+02:00,118,111,9871,9357,16753,15785,19631,19536,23855,24557,27640,28733,20301,23215,14891,18622,4377,7596,3370,3399,6824,7353,8940,10481,12554,14986,18049,20057,15665,18251,12785,16195,4127,7138,193709,132703,29803,17900,54902,23046,6513,23,25
2021-06-24T23:59:59+02:00,108,100,9742,9234,16567,15657,19496,19412,23733,24468,27582,28672,20287,23199,14884,18613,4376,7594,3243,3254,6606,7023,8628,10027,12020,14363,17495,19351,15440,18019,12638,16064,4124,7126,192869,130302,29458,17040,54901,21592,6474,23,25
2021-06-23T23:59:59+02:00,102,95,9613,9096,16424,15532,19379,19308,23636,24363,27516,28625,20272,23177,14880,18608,4373,7593,3038,3017,6252,6540,8127,9459,11316,13540,16732,18370,15144,17678,12488,15922,4114,7101,191951,125749,29291,16067,54890,20572,6437,23,25
2021-06-22T23:59:59+02:00,71,69,9324,8791,16191,15330,19193,19157,23492,24238,27444,28541,20248,23152,14872,18589,4369,7587,2804,2734,5767,5992,7503,8696,10403,12498,15712,17168,14848,17320,12381,15798,4101,7078,190264,119318,29083,15575,54886,19498,6404,21,20
2021-06-21T23:59:59+02:00,67,62,9198,8634,16019,15181,19003,19004,23362,24115,27383,28462,20224,23124,14867,18579,4369,7583,2658,2545,5386,5527,7040,8111,9673,11620,14982,16234,14569,17007,12274,15677,4096,7061,189069,114614,28861,15015,54883,18421,6402,21,20
2021-06-20T23:59:59+02:00,64,61,9061,8505,15882,15063,18893,18915,23289,24044,27343,28411,20213,23103,14856,18572,4366,7582,2599,2477,5214,5345,6826,7845,9365,11289,14616,15831,14434,16873,12234,15640,4091,7055,188178,112909,28743,14782,54883,17637,6398,21,20
2021-06-19T23:59:59+02:00,64,61,9060,8500,15879,15054,18891,18915,23287,24043,27343,28410,20213,23103,14856,18572,4366,7582,2596,2476,5213,5340,6825,7844,9365,11288,14614,15827,14432,16873,12234,15640,4091,7055,188157,112891,28741,14780,54882,17636,6398,21,20
2021-06-18T23:59:59+02:00,64,57,9029,8488,15866,15045,18877,18907,23280,24034,27337,28405,20213,23100,14855,18572,4366,7582,2567,2443,5158,5281,6747,7744,9266,11132,14443,15599,14353,16772,12223,15619,4089,7052,188037,112106,28740,14779,54881,17197,6398,21,20
2021-06-17T23:59:59+02:00,57,54,8847,8326,15630,14877,18678,18749,23124,23903,27201,28312,20189,23079,14848,18560,4364,7579,2427,2295,4833,4981,6361,7341,8718,10529,13615,14727,14116,16479,12150,15497,4085,7041,186697,109242,28735,13822,54874,16073,6050,21,20
2021-06-16T23:59:59+02:00,49,52,8621,8110,15399,14650,18467,18549,22933,23734,27095,28202,20160,23036,14834,18540,4360,7573,2312,2186,4592,4778,6008,6998,8190,10044,12897,13888,13766,16096,12065,15408,4080,7029,184913,105791,28635,13022,54871,15592,5924,21,20
2021-06-15T23:59:59+02:00,40,39,8276,7776,15022,14291,18145,18262,22681,23523,26936,28068,20130,23002,14821,18524,4358,7562,2130,2016,4242,4430,5502,6436,7309,9153,11705,12612,13225,15478,11944,15245,4065,7006,182316,99555,28599,12357,54869,14927,5651,21,20
2021-06-14T23:59:59+02:00,34,34,8097,7607,14763,14058,17942,18089,22530,23402,26824,27986,20109,22969,14808,18516,4354,7554,2015,1892,3985,4180,5117,5966,6652,8431,10780,11557,12909,15130,11873,15151,4055,6987,180734,94719,28575,11997,54867,14475,5479,21,20
2021-06-13T23:59:59+02:00,34,34,8023,7551,14679,13969,17826,17978,22449,23323,26795,27956,20096,22958,14804,18510,4354,7554,1971,1865,3903,4083,4999,5826,6419,8191,10485,11223,12752,14952,11815,15095,4054,6986,179976,93338,28565,11705,54863,14096,5468,21,20
2021-06-12T23:59:59+02:00,34,34,8022,7550,14679,13968,17826,17978,22447,23322,26794,27953,20096,22957,14804,18510,4354,7554,1970,1863,3901,4083,4997,5825,6416,8187,10482,11217,12749,14951,11815,15093,4054,6986,179965,93317,28565,11705,54863,14087,5468,21,20
2021-06-11T23:59:59+02:00,34,33,7956,7509,14590,13921,17750,17928,22378,23288,26750,27930,20094,22953,14804,18509,4354,7554,1954,1851,3865,4025,4954,5758,6355,8105,10382,11112,12709,14916,11804,15087,4054,6986,179628,93099,28488,11699,54862,13771,5336,21,20
2021-06-10T23:59:59+02:00,29,26,7617,7214,14195,13557,17317,17553,22047,23006,26554,27749,20050,22908,14791,18491,4351,7542,1853,1769,3649,3861,4679,5484,6031,7737,9764,10501,12190,14256,11735,14979,4046,6979,177031,89938,27995,11319,54849,13142,5101,21,19
2021-06-09T23:59:59+02:00,28,23,7250,6866,13736,13121,16802,17087,21657,22637,26339,27535,19977,22838,14773,18456,4348,7534,1687,1654,3454,3682,4424,5216,5645,7329,8987,9785,11525,13421,11616,14839,4036,6967,173789,85688,27454,10685,54837,12975,4906,21,19
2021-06-08T23:59:59+02:00,23,19,6875,6463,13222,12633,16335,16618,21300,22297,26123,27332,19920,22759,14742,18421,4345,7527,1595,1579,3234,3451,4105,4865,5138,6841,8101,8863,10640,12344,11472,14681,4032,6952,170379,80033,26964,10389,54828,12697,4762,21,18
2021-06-07T23:59:59+02:00,20,16,6599,6178,12788,12259,15937,16219,20973,22000,25961,27176,19883,22706,14721,18401,4338,7521,1534,1508,3042,3279,3830,4636,4736,6464,7387,8109,9729,11197,11361,14535,4021,6935,167815,75290,26544,10017,54808,12476,4508,21,18
2021-06-06T23:59:59+02:00,20,16,6458,6047,12646,12106,15775,16062,20809,21838,25875,27089,19863,22669,14710,18391,4337,7517,1519,1486,2969,3238,3736,4570,4630,6385,7245,7980,9472,10928,11315,14485,4018,6930,166590,74608,26440,9593,54787,12303,4390,21,18
2021-06-05T23:59:59+02:00,20,16,6449,6043,12632,12093,15765,16053,20806,21833,25875,27086,19863,22669,14710,18391,4337,7517,1517,1484,2966,3237,3735,4569,4627,6385,7240,7975,9465,10923,11315,14485,4018,6930,166531,74579,26429,9591,54787,12299,4390,21,18
2021-06-04T23:59:59+02:00,20,16,6417,6003,12573,12044,15705,16004,20778,21802,25856,27069,19859,22663,14707,18391,4337,7517,1516,1478,2954,3225,3716,4555,4617,6371,7204,7932,9433,10853,11277,14444,4017,6929,166433,74304,26171,9578,54763,12254,4373,21,18
2021-06-03T23:59:59+02:00,20,15,6183,5781,12273,11794,15383,15694,20446,21464,25599,26857,19813,22589,14687,18371,4336,7513,1474,1435,2881,3159,3619,4477,4508,6272,7004,7751,9056,10405,11225,14370,4017,6924,163952,73006,25924,9283,54761,12115,4160,21,18
2021-06-02T23:59:59+02:00,20,15,6120,5720,12202,11729,15310,15627,20374,21403,25582,26833,19809,22586,14684,18368,4335,7512,1460,1425,2864,3146,3602,4462,4473,6255,6969,7713,8975,10295,11216,14345,4016,6923,163601,72643,25740,9274,54760,12105,4107,21,15
2021-06-01T23:59:59+02:00,16,15,5666,5225,11467,11030,14484,14895,19655,20738,25172,26452,19719,22496,14650,18322,4327,7504,1346,1317,2566,2876,3223,4128,3985,5795,6141,6910,7786,8670,10972,13998,4002,6906,158567,67236,25090,8368,54732,11586,3423,21,13
2021-05-31T23:59:59+02:00,14,15,5416,4928,11025,10604,13957,14402,19177,20241,24865,26112,19626,22410,14611,18276,4318,7488,1286,1262,2412,2741,3021,3959,3701,5502,5583,6378,6770,7384,10728,13678,3993,6872,155105,63199,24394,7446,54727,11379,3238,21,13
2021-05-30T23:59:59+02:00,14,15,5337,4852,10840,10482,13792,14224,18828,19919,24622,25863,19595,22380,14603,18256,4317,7486,1266,1248,2385,2708,2973,3913,3633,5446,5480,6290,6598,7155,10691,13603,3991,6862,153610,62465,23890,7384,54700,11181,3204,21,13
2021-05-29T23:59:59+02:00,14,15,5334,4852,10840,10478,13788,14221,18828,19918,24621,25861,19595,22380,14603,18256,4317,7486,1265,1244,2384,2705,2971,3910,3633,5444,5479,6288,6593,7152,10691,13603,3991,6862,153593,62455,23890,7381,54699,11167,3204,21,13
2021-05-28T23:59:59+02:00,14,15,5318,4838,10819,10440,13763,14202,18811,19901,24613,25851,19594,22379,14601,18253,4317,7485,1260,1244,2383,2698,2970,3908,3627,5438,5465,6272,6577,7135,10682,13581,3990,6858,153408,62351,23888,7381,54695,11146,3202,21,13
2021-05-27T23:59:59+02:00,11,14,5026,4555,10296,9984,13176,13671,18121,19287,24031,25314,19495,22264,14568,18207,4306,7473,1097,1104,2099,2505,2671,3616,3332,5082,5134,5993,6277,6718,10453,13298,3985,6842,150146,60496,22895,7345,54589,10209,2148,21,12
2021-05-26T23:59:59+02:00,11,14,4763,4299,9858,9603,12658,13151,17507,18677,23397,24637,19370,22115,14521,18152,4300,7456,1018,1024,1940,2352,2471,3419,3070,4838,4746,5641,5720,6069,10080,12764,3969,6806,146043,57350,22135,7307,54467,9439,1823,21,12
2021-05-25T23:59:59+02:00,11,13,4548,4069,9447,9129,12197,12644,16969,18098,22876,23998,19238,21943,14490,18073,4291,7442,969,980,1878,2262,2362,3283,2898,4635,4400,5265,5137,5337,9628,12164,3953,6781,141995,53797,21300,7292,54339,9014,1821,21,12
2021-05-24T23:59:59+02:00,11,13,4436,3912,9237,8924,11993,12384,16667,17776,22547,23595,19162,21864,14475,18053,4289,7441,953,932,1818,2221,2288,3222,2812,4554,4278,5149,4992,5177,9537,12037,3950,6773,140490,53089,20339,7239,54162,8590,1767,21,12
2021-05-23T23:59:59+02:00,11,13,4425,3911,9231,8921,11981,12374,16656,17769,22531,23574,19157,21859,14474,18051,4289,7441,952,927,1816,2216,2283,3220,2805,4550,4271,5132,4984,5163,9530,12024,3949,6772,140383,53009,20336,7226,54161,8584,1767,21,12
2021-05-22T23:59:59+02:00,11,13,4421,3908,9227,8917,11973,12368,16652,17765,22529,23572,19157,21859,14474,18051,4289,7441,952,927,1815,2214,2280,3220,2804,4550,4271,5130,4982,5162,9529,12024,3949,6772,140354,53003,20336,7226,54149,8577,1767,21,12
2021-05-21T23:59:59+02:00,11,13,4390,3869,9155,8841,11900,12281,16561,17690,22466,23504,19137,21841,14470,18044,4289,7439,907,917,1783,2203,2248,3211,2774,4525,4223,5101,4958,5138,9516,12017,3948,6771,139697,52936,20336,7226,54130,8353,1717,21,12
2021-05-20T23:59:59+02:00,8,12,4136,3689,8708,8484,11417,11867,15890,17187,21885,22925,18952,21673,14438,18004,4284,7428,760,853,1527,2043,2005,3054,2532,4306,3972,4868,4801,4975,9401,11873,3940,6747,136299,52208,19962,7127,53713,7322,992,21,12
2021-05-19T23:59:59+02:00,8,12,3893,3448,8215,8021,10837,11322,15218,16480,21209,22202,18751,21442,14397,17954,4278,7410,711,807,1467,1963,1928,2954,2466,4180,3831,4710,4626,4762,9198,11643,3920,6718,130907,51131,19779,6994,53416,6777,974,21,12
2021-05-18T23:59:59+02:00,7,11,3605,3186,7668,7483,10108,10623,14257,15542,20266,21145,18491,21159,14342,17894,4272,7388,656,758,1413,1876,1853,2843,2337,4040,3655,4508,4355,4470,8995,11393,3907,6691,123863,49900,19683,6793,52978,6147,902,21,12
2021-05-17T23:59:59+02:00,7,11,3414,2978,7210,7015,9603,10082,13528,14753,19579,20345,18305,20897,14295,17828,4262,7373,600,703,1332,1813,1778,2762,2227,3965,3519,4395,4109,4239,8851,11180,3894,6663,118622,49098,19443,6580,52513,5458,886,21,12
2021-05-16T23:59:59+02:00,7,10,3285,2905,7003,6838,9400,9867,13274,14518,19350,20116,18228,20818,14281,17809,4261,7367,587,657,1293,1765,1733,2701,2190,3872,3454,4312,4018,4138,8830,11153,3892,6661,117000,48954,19203,6412,52231,5000,882,21,12
2021-05-15T23:59:59+02:00,7,10,3284,2902,6997,6830,9398,9861,13271,14516,19347,20106,18226,20817,14281,17809,4261,7367,587,657,1291,1764,1730,2700,2188,3872,3453,4312,4016,4136,8830,11153,3892,6661,116956,48946,19203,6411,52229,4996,881,21,12
2021-05-14T23:59:59+02:00,7,10,3243,2858,6884,6686,9268,9723,13121,14334,19175,19971,18202,20792,14280,17801,4260,7364,567,644,1270,1743,1701,2678,2154,3846,3409,4274,3966,4082,8823,11146,3892,6660,116550,48907,18454,6260,52145,4871,809,21,12
2021-05-13T23:59:59+02:00,7,10,3124,2696,6556,6367,8833,9325,12573,13854,18572,19374,18074,20648,14247,17765,4255,7362,535,619,1216,1687,1644,2604,2067,3740,3261,4154,3862,3945,8800,11126,3889,6656,113671,48811,17757,5870,51540,4462,654,20,10
2021-05-12T23:59:59+02:00,7,10,3097,2666,6523,6329,8784,9272,12434,13741,18388,19170,18041,20614,14239,17755,4255,7362,534,617,1215,1684,1639,2601,2059,3734,3247,4146,3849,3931,8792,11120,3889,6655,112960,48785,17532,5843,51522,4423,653,20,10
2021-05-11T23:59:59+02:00,5,10,2707,2408,5724,5833,7816,8461,11041,12574,16822,17695,17536,20051,14155,17650,4236,7339,498,557,1088,1579,1476,2445,1872,3555,3026,3884,3742,3817,8723,11027,3885,6650,105559,48554,16909,5647,49448,3487,128,19,10
2021-05-10T23:59:59+02:00,5,8,2520,2242,5251,5454,7124,7838,10014,11658,15528,16323,17157,19600,14092,17536,4228,7315,473,531,1045,1540,1433,2394,1813,3452,2906,3753,3660,3744,8684,10979,3881,6646,99756,48438,16000,5418,47991,2943,127,19,10
2021-05-09T23:59:59+02:00,5,8,2437,2211,5114,5370,6937,7719,9604,11321,14982,15796,17039,19461,14072,17508,4225,7310,457,513,1013,1483,1362,2310,1755,3330,2794,3599,3574,3652,8661,10947,3878,6643,98184,48353,15412,5148,47379,2337,125,19,10
2021-05-08T23:59:59+02:00,5,8,2433,2210,5113,5370,6937,7717,9600,11317,14981,15795,17039,19461,14072,17508,4225,7310,456,512,1012,1483,1362,2309,1755,3330,2793,3598,3572,3652,8661,10947,3878,6643,98169,48348,15411,5148,47377,2334,125,19,10
2021-05-07T23:59:59+02:00,5,8,2261,2148,4842,5275,6573,7564,9151,11103,14538,15475,16862,19259,14060,17479,4225,7308,444,510,1001,1471,1347,2294,1720,3320,2744,3563,3526,3612,8582,10866,3878,6640,97463,48325,14893,4799,45641,2266,120,19,10
2021-05-06T23:59:59+02:00,5,8,2027,2016,4293,4928,5920,7189,8384,10545,13563,14653,16464,18808,14011,17385,4213,7295,415,462,960,1371,1260,2131,1614,3096,2523,3280,3349,3412,8403,10673,3869,6626,94884,47885,13656,4193,43098,1307,51,18,10
2021-05-05T23:59:59+02:00,5,8,1904,1906,4011,4705,5489,6818,7689,9956,12447,13596,15787,17971,13907,17284,4204,7271,407,450,947,1344,1232,2089,1579,3020,2463,3196,3299,3372,8324,10576,3863,6616,90474,47754,12334,4045,42096,934,36,18,10
2021-05-04T23:59:59+02:00,5,8,1817,1820,3744,4469,5082,6462,7027,9381,11227,12353,14868,16843,13798,17147,4200,7257,402,440,928,1324,1214,2047,1561,2982,2419,3141,3255,3325,8235,10465,3857,6602,84664,47616,11696,3845,41108,705,23,17,10
2021-05-03T23:59:59+02:00,4,8,1765,1767,3592,4343,4851,6250,6643,9050,10498,11617,14142,15865,13710,17032,4191,7240,396,430,924,1310,1200,2014,1540,2941,2386,3096,3202,3285,8120,10363,3852,6596,80232,47489,11492,3624,40808,516,19,17,9
2021-05-02T23:59:59+02:00,4,8,1755,1748,3518,4318,4769,6197,6573,8990,10380,11502,13955,15671,13678,17005,4190,7235,394,422,918,1295,1197,1997,1537,2928,2370,3079,3187,3268,8083,10331,3851,6592,79672,47470,11216,3526,40576,431,15,17,9
2021-05-01T23:59:59+02:00,4,8,1752,1748,3517,4317,4768,6196,6570,8989,10375,11498,13952,15671,13677,17004,4190,7232,393,422,918,1295,1196,1996,1537,2928,2370,3079,3187,3268,8083,10331,3851,6591,79646,47467,11216,3526,40575,431,14,17,9
2021-04-30T23:59:59+02:00,4,8,1750,1741,3511,4308,4761,6184,6549,8974,10337,11460,13901,15597,13651,16973,4189,7231,393,420,916,1293,1196,1996,1537,2928,2368,3078,3187,3266,8082,10329,3851,6591,79319,47460,11216,3525,40565,426,13,16,9
2021-04-29T23:59:59+02:00,4,7,1625,1700,3270,4194,4485,6031,6233,8723,9922,11068,13318,14893,13547,16817,4183,7223,384,409,907,1272,1176,1962,1512,2892,2339,3030,3173,3255,8069,10311,3848,6587,76536,47344,10831,3523,39850,240,12,14,9
2021-04-28T23:59:59+02:00,4,7,1500,1653,3097,4094,4250,5851,5876,8449,9334,10576,12441,13710,13390,16608,4174,7209,375,399,890,1259,1160,1933,1475,2848,2269,2961,3020,3122,7956,10195,3841,6576,72038,46926,10645,3110,39516,226,10,14,9
2021-04-27T23:59:59+02:00,4,7,1462,1610,2988,3974,4046,5709,5569,8190,8714,9906,11403,12398,13160,16251,4163,7187,363,384,881,1238,1145,1898,1448,2776,2223,2900,2981,3077,7929,10163,3834,6571,67230,46712,10457,2936,39031,146,10,13,9
2021-04-26T23:59:59+02:00,4,7,1437,1576,2875,3896,3874,5565,5258,7976,8222,9465,10648,11471,13016,16047,4152,7169,362,379,871,1228,1128,1887,1418,2756,2195,2869,2931,3025,7879,10113,3828,6566,63815,46611,10267,2682,38553,125,10,13,9
2021-04-25T23:59:59+02:00,4,7,1426,1570,2808,3865,3777,5506,5122,7929,8027,9360,10452,11237,12979,15993,4151,7164,361,374,862,1222,1110,1873,1403,2737,2172,2842,2889,2992,7831,10065,3827,6561,63312,46531,10066,2474,37976,99,10,13,9
2021-04-24T23:59:59+02:00,4,7,1425,1570,2808,3863,3776,5505,5120,7927,8023,9356,10445,11234,12979,15993,4151,7164,361,374,862,1222,1110,1870,1401,2736,2171,2842,2889,2992,7831,10065,3827,6561,63286,46526,10066,2473,37975,98,10,13,9
2021-04-23T23:59:59+02:00,4,7,1408,1559,2741,3828,3694,5475,5002,7879,7889,9296,10359,11123,12955,15952,4149,7160,360,374,861,1219,1110,1870,1400,2736,2171,2842,2889,2992,7830,10065,3827,6561,63155,46521,9785,2472,37517,97,10,13,9
2021-04-22T23:59:59+02:00,4,7,1366,1528,2633,3762,3534,5370,4770,7725,7536,9061,9786,10429,12688,15653,4143,7136,354,373,853,1210,1099,1858,1389,2710,2144,2821,2853,2960,7740,9956,3815,6545,61529,46112,9126,2463,36453,88,10,13,9
2021-04-21T23:59:59+02:00,4,7,1333,1491,2553,3686,3415,5267,4552,7545,7126,8733,8896,9397,12273,15074,4130,7094,349,371,848,1193,1090,1837,1371,2680,2114,2793,2794,2904,7625,9791,3797,6517,58799,45631,8257,2338,35497,88,10,13,9
2021-04-20T23:59:59+02:00,4,7,1311,1465,2483,3611,3315,5170,4378,7362,6740,8402,8003,8270,11807,14484,4116,7080,343,366,836,1180,1080,1815,1347,2657,2081,2750,2733,2847,7475,9604,3765,6461,55946,44909,7492,2332,34549,83,9,12,9
2021-04-19T23:59:59+02:00,4,7,1294,1449,2447,3574,3254,5103,4271,7260,6501,8169,7369,7495,11554,14127,4105,7062,341,364,832,1170,1074,1803,1324,2644,2047,2724,2678,2803,7359,9438,3742,6422,53995,44351,7119,2318,33910,80,9,12,9
2021-04-18T23:59:59+02:00,4,6,1284,1437,2416,3550,3213,5082,4217,7204,6365,8040,7016,7107,11460,14024,4102,7050,341,363,830,1166,1073,1796,1322,2631,2041,2719,2672,2789,7332,9406,3740,6418,53477,44227,6661,2316,33418,80,9,12,9
2021-04-17T23:59:59+02:00,4,6,1283,1435,2416,3549,3212,5078,4212,7201,6358,8030,7002,7097,11458,14022,4102,7050,341,363,829,1165,1073,1796,1320,2630,2040,2717,2669,2787,7331,9406,3740,6418,53455,44214,6659,2315,33380,80,9,12,9
2021-04-16T23:59:59+02:00,4,6,1280,1434,2406,3541,3204,5070,4193,7183,6307,7997,6926,7012,11446,14008,4100,7048,341,362,825,1163,1071,1796,1318,2629,2037,2717,2668,2780,7329,9404,3739,6418,53399,44190,6422,2311,33323,80,9,12,9
2021-04-15T23:59:59+02:00,2,4,1244,1413,2352,3492,3109,5011,4032,7055,6051,7765,6382,6454,11196,13719,4085,7016,333,360,806,1143,1032,1737,1273,2557,1963,2622,2588,2711,7241,9317,3729,6401,52312,43601,6032,2125,32017,74,9,12,6
2021-04-14T23:59:59+02:00,2,4,1223,1399,2317,3465,3040,4949,3925,6950,5861,7557,5738,5751,10803,13229,4053,6966,326,357,794,1134,1015,1711,1243,2516,1911,2571,2511,2641,7092,9121,3710,6375,50906,42940,5826,2002,30480,74,8,12,6
2021-04-13T23:59:59+02:00,2,4,1209,1390,2285,3434,2984,4886,3814,6869,5613,7336,5203,5205,10461,12815,4030,6938,305,343,775,1105,993,1690,1220,2481,1875,2530,2445,2575,6973,8984,3674,6314,49887,42254,5622,1945,28949,71,8,12,6
2021-04-12T23:59:59+02:00,2,4,1194,1384,2259,3411,2934,4841,3686,6789,5403,7186,4874,4911,10212,12534,4021,6914,289,339,761,1101,976,1674,1206,2459,1825,2483,2368,2515,6859,8843,3660,6292,49423,41680,5423,1896,27696,64,6,11,6
2021-04-11T23:59:59+02:00,2,4,1188,1371,2239,3391,2901,4821,3626,6718,5259,7077,4642,4711,10027,12335,4015,6903,282,337,756,1093,966,1660,1195,2431,1802,2451,2315,2456,6775,8735,3646,6272,49340,41265,5186,1835,26690,63,5,9,6
2021-04-10T23:59:59+02:00,2,4,1188,1370,2236,3387,2899,4817,3620,6715,5249,7065,4636,4702,10019,12322,4015,6902,279,333,740,1086,953,1655,1171,2411,1731,2399,2227,2370,6716,8688,3645,6268,49285,41096,5184,1506,26665,61,5,9,6
2021-04-09T23:59:59+02:00,2,4,1185,1367,2229,3385,2891,4808,3611,6704,5220,7041,4611,4674,9993,12292,4014,6902,270,330,720,1076,937,1634,1137,2364,1639,2323,2007,2101,6561,8527,3623,6235,49211,40241,5179,1173,26529,61,5,9,6
2021-04-08T23:59:59+02:00,2,4,1161,1347,2175,3329,2805,4718,3470,6574,4984,6808,4221,4266,9446,11719,3995,6848,245,309,669,1016,879,1561,1064,2268,1504,2203,1730,1764,6096,7965,3535,6090,48750,37669,4650,1170,24458,50,5,9,6
2021-04-07T23:59:59+02:00,2,4,1151,1333,2141,3311,2763,4681,3381,6512,4821,6674,3930,3966,8884,11168,3978,6820,212,280,610,961,819,1492,1005,2207,1398,2104,1590,1589,5497,7265,3446,5933,48543,35186,4176,1166,22789,49,3,9,6
2021-04-06T23:59:59+02:00,2,4,1129,1316,2097,3286,2724,4649,3316,6465,4695,6582,3676,3711,8393,10659,3962,6789,204,275,582,941,794,1444,960,2150,1315,2017,1444,1400,4914,6472,3332,5727,48348,32760,3639,1158,21456,46,3,9,6
2021-04-05T23:59:59+02:00,2,4,1126,1311,2091,3283,2714,4647,3302,6451,4673,6564,3644,3684,8364,10621,3958,6787,201,262,575,926,775,1420,944,2114,1275,1977,1397,1337,4700,6202,3284,5670,48260,31850,3633,1156,21321,46,3,9,6
2021-04-04T23:59:59+02:00,2,4,1126,1311,2091,3282,2714,4646,3302,6451,4672,6563,3639,3682,8362,10619,3958,6787,201,262,574,926,775,1420,944,2114,1275,1976,1397,1337,4699,6202,3284,5670,48254,31847,3633,1156,21312,46,3,9,6
2021-04-03T23:59:59+02:00,2,4,1126,1311,2090,3282,2714,4646,3302,6451,4672,6563,3638,3680,8362,10617,3958,6787,201,262,574,925,775,1420,944,2114,1275,1976,1397,1337,4699,6202,3284,5670,48252,31846,3632,1156,21309,46,3,9,6
2021-04-02T23:59:59+02:00,2,4,1126,1311,2090,3280,2714,4645,3302,6448,4672,6561,3636,3676,8360,10616,3958,6787,201,262,574,925,775,1418,944,2114,1275,1975,1397,1335,4697,6201,3283,5670,48236,31838,3632,1155,21308,46,3,9,6
2021-04-01T23:59:59+02:00,1,4,1113,1276,2025,3160,2606,4445,3154,6199,4514,6322,3592,3640,8261,10510,3947,6770,196,253,570,916,764,1412,934,2100,1252,1959,1376,1308,4458,5882,3163,5505,47866,30851,3626,1151,20035,39,3,9,6
2021-03-31T23:59:59+02:00,1,4,1096,1246,1987,3061,2531,4302,3064,5986,4384,6092,3509,3558,8108,10313,3927,6735,188,250,563,905,760,1394,922,2080,1210,1926,1320,1245,3968,5281,3035,5269,47261,29122,3499,1151,19132,38,3,9,4
2021-03-30T23:59:59+02:00,1,3,1074,1212,1936,2877,2429,4077,2914,5628,4184,5703,3415,3463,7943,10108,3900,6681,184,245,554,895,749,1372,900,2060,1162,1881,1234,1161,3447,4568,2808,4934,46621,26969,3334,1151,17581,29,3,9,4
2021-03-29T23:59:59+02:00,1,3,1057,1169,1873,2747,2345,3920,2776,5374,4021,5429,3315,3363,7781,9878,3871,6633,183,240,548,884,739,1358,882,2036,1125,1853,1160,1072,2864,3887,2629,4640,45976,24932,3099,1145,16470,19,2,9,4
2021-03-28T23:59:59+02:00,1,3,1038,1137,1802,2585,2263,3716,2655,5079,3869,5152,3250,3297,7716,9813,3867,6627,183,240,546,881,738,1356,880,2030,1122,1850,1151,1060,2809,3819,2616,4613,45867,24735,2890,1142,15102,14,2,9,3
2021-03-27T23:59:59+01:00,1,3,1038,1137,1802,2584,2262,3715,2652,5079,3866,5152,3246,3297,7715,9813,3867,6627,183,240,545,881,738,1356,879,2030,1119,1850,1151,1060,2809,3819,2616,4613,45858,24730,2890,1142,15097,14,2,9,3
2021-03-26T23:59:59+01:00,1,3,1033,1114,1760,2469,2198,3557,2589,4869,3780,4928,3225,3280,7712,9808,3866,6626,183,239,545,881,737,1356,879,2030,1119,1847,1147,1059,2806,3811,2615,4610,45831,24707,2887,1142,14089,12,2,9,3
2021-03-25T23:59:59+01:00,1,3,1008,1083,1709,2366,2115,3388,2481,4640,3668,4731,3123,3188,7584,9674,3859,6612,181,236,540,879,730,1346,873,2012,1102,1823,1101,1015,2577,3463,2415,4317,45573,23454,2550,1142,13102,12,1,7,3
2021-03-24T23:59:59+01:00,1,3,985,1064,1689,2323,2084,3338,2446,4573,3624,4662,3036,3117,7456,9504,3840,6594,181,232,534,874,723,1336,861,1997,1083,1802,1061,973,2184,2918,2022,3798,45036,21425,2420,1140,12875,12,1,7,3
2021-03-23T23:59:59+01:00,1,3,975,1058,1671,2291,2060,3304,2413,4529,3584,4612,2969,3044,7362,9402,3822,6566,179,229,530,869,716,1324,847,1978,1047,1772,980,883,1821,2427,1671,3333,44525,19486,2409,1106,12725,12,1,6,3
2021-03-22T23:59:59+01:00,1,3,973,1049,1656,2274,2046,3286,2391,4501,3547,4570,2925,3010,7299,9332,3808,6549,176,226,529,858,700,1301,833,1964,1018,1745,932,811,1346,1853,1317,2844,44191,17390,2387,1049,12635,12,1,6,3
2021-03-21T23:59:59+01:00,1,3,973,1049,1655,2271,2046,3285,2387,4497,3535,4562,2911,3001,7251,9277,3802,6543,176,223,528,856,699,1297,831,1960,1007,1740,909,792,1268,1768,1261,2775,44045,17088,2384,988,12613,12,1,6,3
2021-03-20T23:59:59+01:00,1,3,972,1048,1654,2270,2046,3285,2387,4497,3533,4560,2910,3000,7251,9276,3802,6543,176,223,528,856,699,1297,831,1960,994,1725,874,764,1236,1745,1252,2773,44043,17085,2380,834,12608,12,1,6,3
2021-03-19T23:59:59+01:00,1,3,971,1040,1647,2256,2035,3281,2385,4491,3526,4553,2900,2989,7239,9258,3801,6540,176,221,527,856,699,1295,831,1959,987,1720,830,725,1173,1693,1242,2763,43980,17042,2376,641,12553,12,1,6,3
2021-03-18T23:59:59+01:00,1,3,933,1008,1572,2142,1911,3113,2236,4244,3296,4301,2747,2831,6937,8893,3735,6439,175,220,522,851,692,1288,822,1948,964,1704,812,703,1097,1585,1097,2558,42585,16461,2064,563,11686,12,1,6,3
2021-03-17T23:59:59+01:00,1,3,880,976,1501,2082,1848,3047,2171,4183,3201,4205,2613,2698,6509,8398,3670,6324,174,218,519,846,690,1284,818,1943,959,1696,783,684,962,1432,941,2343,40810,15716,2060,562,11433,12,1,6,3
2021-03-16T23:59:59+01:00,1,3,855,952,1467,2041,1810,2998,2117,4128,3106,4107,2479,2539,6033,7746,3579,6174,168,215,514,845,687,1277,813,1934,952,1683,778,671,874,1306,797,2177,38812,15113,1999,562,11317,12,1,6,3
2021-03-15T23:59:59+01:00,1,3,838,945,1449,2019,1772,2943,2079,4057,3005,3998,2345,2368,5545,7203,3506,6058,167,214,514,837,685,1268,809,1924,942,1667,767,661,804,1194,644,1975,37041,14533,1898,524,11189,12,0,6,3
2021-03-14T23:59:59+01:00,1,3,833,931,1425,1992,1748,2914,2048,3998,2942,3931,2166,2171,5360,6975,3475,6025,167,214,513,834,683,1257,808,1917,939,1658,749,652,788,1175,620,1920,36017,14388,1797,500,11118,3,0,6,3
2021-03-13T23:59:59+01:00,1,3,825,924,1403,1980,1732,2901,2021,3970,2868,3883,2094,2097,5311,6920,3473,6024,167,214,513,833,683,1257,807,1917,939,1658,749,652,788,1175,620,1920,35762,14386,1550,500,11112,3,0,6,3
2021-03-12T23:59:59+01:00,1,3,801,908,1357,1921,1669,2803,1922,3819,2710,3717,1897,1857,5125,6696,3441,5981,167,214,512,833,683,1257,806,1917,939,1657,741,649,775,1160,612,1917,34431,14334,1306,499,10885,3,0,6,3
2021-03-11T23:59:59+01:00,1,3,767,849,1289,1836,1585,2655,1838,3618,2547,3544,1632,1547,4757,6224,3304,5800,158,207,506,824,673,1248,791,1881,919,1616,611,587,706,1118,591,1885,32318,13828,1206,489,10266,2,0,6,2
2021-03-10T23:59:59+01:00,1,3,752,797,1266,1780,1552,2597,1788,3547,2465,3455,1560,1458,4286,5680,3185,5546,158,205,497,803,655,1235,782,1861,912,1600,542,572,673,1109,584,1880,30499,13677,1200,387,10013,2,0,6,2
2021-03-09T23:59:59+01:00,1,3,738,776,1245,1750,1525,2551,1748,3496,2391,3403,1466,1359,3725,4928,2990,5236,156,203,492,782,645,1211,768,1829,900,1572,538,570,671,1104,581,1874,28313,13617,1197,275,9815,2,0,6,2
2021-03-08T23:59:59+01:00,0,3,734,748,1231,1730,1507,2531,1720,3458,2351,3360,1373,1257,3051,4099,2752,4867,152,200,478,759,623,1178,749,1779,876,1535,534,568,671,1103,581,1874,25850,13609,1197,49,9719,0,0,6,2
2021-03-07T23:59:59+01:00,0,3,731,744,1222,1720,1499,2516,1709,3450,2340,3352,1360,1241,2948,3977,2729,4817,152,200,478,759,623,1178,749,1779,876,1535,534,568,671,1103,581,1874,25495,13609,1195,49,9662,0,0,6,2
2021-03-06T23:59:59+01:00,0,3,730,744,1221,1715,1496,2513,1705,3447,2336,3351,1357,1241,2948,3977,2729,4817,151,200,478,759,623,1178,749,1779,876,1535,534,568,671,1103,581,1874,25490,13608,1195,49,9639,0,0,6,2
2021-03-05T23:59:59+01:00,0,3,668,718,1195,1700,1475,2503,1680,3432,2307,3341,1352,1238,2940,3969,2726,4812,151,200,478,758,623,1177,749,1779,876,1533,533,568,671,1103,581,1874,25461,13603,1191,49,9401,0,0,6,2
2021-03-04T23:59:59+01:00,0,3,602,671,1128,1631,1419,2420,1639,3351,2232,3264,1302,1190,2719,3603,2540,4524,149,194,475,744,612,1165,738,1751,867,1520,523,557,659,1093,576,1865,24231,13438,1183,48,8818,0,0,6,2
2021-03-03T23:59:59+01:00,0,3,565,632,1061,1568,1322,2339,1538,3265,2107,3178,1257,1144,2345,3086,2185,4072,149,194,473,741,612,1165,737,1749,865,1519,520,554,657,1090,576,1863,22360,13415,1181,47,8122,0,0,4,2
2021-03-02T23:59:59+01:00,0,3,547,599,1023,1522,1266,2296,1480,3213,2010,3117,1173,1043,1977,2608,1788,3547,147,192,468,735,607,1154,727,1739,860,1498,511,545,646,1069,556,1830,20282,13235,1178,47,7748,0,0,4,2
2021-03-01T23:59:59+01:00,0,3,540,550,1005,1483,1220,2235,1434,3147,1955,3044,1128,969,1480,2012,1401,3002,145,192,468,735,607,1153,727,1736,859,1498,509,545,643,1060,552,1819,17991,13199,1175,47,7438,0,0,4,2
2021-02-28T23:59:59+01:00,0,3,533,536,988,1443,1194,2173,1406,3089,1900,2971,1107,947,1365,1871,1327,2914,145,192,467,734,607,1153,726,1734,858,1497,507,545,643,1060,552,1819,17511,13190,1172,47,7080,0,0,4,2
2021-02-27T23:59:59+01:00,0,3,533,534,987,1442,1194,2172,1406,3088,1900,2970,1107,947,1365,1870,1325,2914,145,192,466,733,604,1151,724,1732,856,1496,507,545,643,1060,552,1819,17508,13190,1172,33,7073,0,0,4,2
2021-02-26T23:59:59+01:00,0,3,390,483,856,1399,1111,2130,1339,3047,1841,2928,1102,941,1362,1869,1325,2913,145,192,466,733,604,1151,724,1731,856,1495,507,545,643,1060,552,1819,17497,13189,1172,32,6366,0,0,4,2
2021-02-25T23:59:59+01:00,0,3,300,429,760,1305,1027,2040,1240,2874,1702,2766,1064,909,1280,1746,1205,2721,138,182,454,720,588,1126,717,1706,836,1471,493,531,614,1028,538,1800,16898,12918,1172,22,5297,0,0,4,2
2021-02-24T23:59:59+01:00,0,2,254,384,687,1229,953,1952,1186,2756,1636,2648,1037,889,1157,1600,1047,2504,136,182,451,716,584,1125,716,1701,835,1467,488,526,606,1023,535,1788,16185,12858,1170,19,4562,0,0,4,2
2021-02-23T23:59:59+01:00,0,2,242,362,666,1171,924,1873,1139,2644,1561,2538,1011,861,1077,1474,905,2339,136,181,451,714,584,1125,716,1698,833,1466,487,523,604,1022,535,1787,15627,12847,1135,14,4023,0,0,4,1
2021-02-22T23:59:59+01:00,0,0,227,342,643,1141,892,1790,1089,2552,1474,2416,966,831,958,1330,718,2083,136,181,450,713,582,1124,715,1698,827,1464,486,522,603,1020,534,1785,14873,12835,1063,4,3512,0,0,4,1
2021-02-21T23:59:59+01:00,0,0,221,331,608,1074,843,1686,1046,2451,1394,2309,949,810,925,1278,667,2018,136,180,447,706,581,1120,715,1693,827,1463,485,522,602,1020,533,1784,14666,12809,1020,4,2920,0,0,4,1
2021-02-20T23:59:59+01:00,0,0,221,328,605,1073,841,1681,1042,2446,1379,2290,913,781,892,1255,659,2016,136,180,447,706,581,1120,715,1693,827,1463,485,521,601,1020,533,1784,14665,12808,860,4,2893,0,0,4,0
2021-02-19T23:59:59+01:00,0,0,211,320,595,1065,828,1666,1021,2429,1346,2247,668,678,749,1191,634,1999,136,180,447,705,581,1117,714,1691,824,1460,485,520,601,1019,532,1784,14187,12793,671,3,2785,0,0,4,0
2021-02-18T23:59:59+01:00,0,0,194,270,555,944,743,1439,890,2170,1096,1871,590,610,708,1149,614,1982,131,180,434,693,566,1100,708,1665,809,1432,482,517,600,1018,532,1784,14028,12648,571,3,1223,0,0,3,0
2021-02-17T23:59:59+01:00,0,0,188,231,535,895,706,1342,833,2004,1012,1740,568,590,708,1146,612,1979,124,178,423,683,558,1084,689,1634,796,1409,479,515,598,1015,532,1783,14011,12497,571,3,504,0,0,3,0
2021-02-16T23:59:59+01:00,0,0,182,228,527,879,691,1311,814,1965,979,1700,556,585,702,1144,611,1976,119,173,409,678,547,1068,677,1616,787,1395,473,509,591,1001,524,1752,13982,12317,571,2,294,0,0,3,0
2021-02-15T23:59:59+01:00,0,0,168,219,522,852,685,1277,800,1930,950,1653,555,582,700,1144,611,1976,116,172,402,668,536,1049,648,1589,773,1377,471,506,591,1001,524,1752,13979,12173,532,2,110,0,0,3,0
2021-02-14T23:59:59+01:00,0,0,163,211,519,839,684,1268,797,1921,932,1644,554,581,700,1141,610,1976,109,168,391,657,519,1031,630,1574,766,1364,471,504,589,999,524,1752,13973,12046,530,2,34,0,0,3,0
2021-02-13T23:59:59+01:00,0,0,162,211,518,839,684,1268,797,1921,932,1644,554,581,700,1141,610,1976,109,168,390,657,519,1031,630,1574,766,1364,471,504,589,999,524,1752,13972,12045,530,2,33,0,0,3,0
2021-02-12T23:59:59+01:00,0,0,161,210,513,838,683,1265,793,1920,930,1641,553,581,700,1141,610,1976,106,166,387,651,515,1025,616,1559,763,1347,469,503,578,979,519,1725,13965,11906,529,2,18,0,0,3,0
2021-02-11T23:59:59+01:00,0,0,159,209,509,831,676,1261,791,1917,924,1639,548,575,693,1135,605,1970,87,130,358,579,469,945,564,1442,719,1253,444,458,535,925,476,1627,13914,11010,517,1,8,0,0,3,0
2021-02-10T23:59:59+01:00,0,0,156,207,499,814,660,1246,779,1890,909,1615,540,569,682,1123,600,1960,78,118,329,519,442,838,522,1267,646,1096,395,408,468,808,427,1466,13789,9826,456,1,1,0,0,3,0
2021-02-09T23:59:59+01:00,0,0,155,201,491,776,644,1207,759,1829,898,1574,528,557,676,1108,591,1941,73,101,310,452,407,754,480,1164,581,996,364,354,426,721,394,1345,13676,8922,256,0,0,0,0,3,0
2021-02-08T23:59:59+01:00,0,0,151,197,474,751,622,1172,739,1779,878,1530,522,556,674,1102,587,1925,59,75,264,383,357,619,420,935,509,817,306,299,360,567,329,1139,13606,7438,50,0,0,0,0,3,0
2021-02-07T23:59:59+01:00,0,0,151,196,472,750,620,1171,738,1771,876,1528,521,556,674,1102,587,1924,58,67,246,348,338,574,404,903,489,782,306,292,358,560,327,1135,13584,7187,50,0,0,0,0,3,0
2021-02-06T23:59:59+01:00,0,0,151,196,472,750,620,1171,738,1771,876,1528,521,556,674,1102,587,1924,58,67,246,347,338,574,404,902,487,780,306,291,357,558,326,1135,13584,7176,50,0,0,0,0,3,0
2021-02-05T23:59:59+01:00,0,0,151,196,472,750,620,1171,738,1771,876,1527,521,556,673,1102,587,1924,56,67,244,345,331,570,396,880,478,760,296,286,346,535,309,1095,13582,6994,50,0,0,0,0,3,0
2021-02-04T23:59:59+01:00,0,0,145,191,468,742,613,1163,734,1757,870,1518,514,549,651,1077,578,1906,41,51,211,311,289,474,354,739,384,614,233,217,261,370,228,808,13424,5585,49,0,0,0,0,3,0
2021-02-03T23:59:59+01:00,0,0,143,190,462,735,605,1154,730,1745,861,1502,503,541,636,1064,571,1898,33,32,155,220,236,346,264,565,309,464,182,171,184,277,177,602,13289,4217,48,0,0,0,0,3,0
2021-02-02T23:59:59+01:00,0,0,143,187,460,734,605,1154,727,1739,854,1498,502,539,632,1061,570,1894,24,26,136,173,191,278,220,429,257,373,142,131,136,207,140,476,13249,3339,48,0,0,0,0,2,0
2021-02-01T23:59:59+01:00,0,0,141,187,459,733,600,1151,726,1731,852,1493,501,537,627,1058,569,1887,20,19,100,128,137,187,154,299,168,258,90,94,93,132,77,257,13202,2213,48,0,0,0,0,2,0
2021-01-31T23:59:59+01:00,0,0,141,187,459,730,597,1150,726,1727,852,1492,499,536,626,1056,569,1886,14,15,67,88,95,122,117,222,141,202,85,87,89,124,75,243,13184,1786,48,0,0,0,0,1,0
2021-01-30T23:59:59+01:00,0,0,141,187,458,730,595,1148,725,1726,852,1492,499,536,625,1056,569,1886,14,15,67,88,95,120,115,218,138,199,84,86,89,118,69,233,13183,1748,41,0,0,0,0,1,0
2021-01-29T23:59:59+01:00,0,0,141,187,458,728,594,1145,723,1724,850,1491,499,536,625,1056,569,1886,12,15,55,82,78,116,97,207,115,187,79,79,87,114,68,232,13178,1623,33,0,0,0,0,1,0
2021-01-28T23:59:59+01:00,0,0,134,183,445,711,577,1119,717,1697,828,1462,492,530,622,1053,566,1883,7,3,12,20,24,44,30,95,47,87,46,50,56,84,50,175,12993,830,25,0,0,0,0,1,0
2021-01-27T23:59:59+01:00,0,0,127,181,434,701,569,1110,701,1663,821,1438,489,528,618,1048,566,1878,3,1,4,12,10,23,13,40,23,30,13,17,24,34,21,54,12848,322,23,0,0,0,0,1,0
2021-01-26T23:59:59+01:00,0,0,121,177,420,689,556,1096,692,1640,810,1417,484,522,612,1031,558,1843,3,1,4,11,7,21,11,37,17,27,13,15,23,33,21,53,12653,297,14,0,0,0,0,1,0
2021-01-25T23:59:59+01:00,0,0,118,175,411,677,545,1077,665,1612,792,1400,482,518,610,1030,558,1843,2,1,3,9,7,16,6,28,12,21,9,6,13,22,11,34,12508,200,4,0,0,0,0,1,0
2021-01-24T23:59:59+01:00,0,0,111,172,401,667,531,1059,648,1599,779,1388,481,515,609,1030,558,1843,2,0,1,6,7,4,4,7,5,8,1,2,11,15,7,20,12386,100,4,0,0,0,0,1,0
2021-01-23T23:59:59+01:00,0,0,111,172,401,667,531,1059,648,1599,779,1388,481,515,609,1030,558,1843,1,0,1,6,7,4,4,7,5,8,1,2,11,15,7,20,12386,99,4,0,0,0,0,1,0
2021-01-22T23:59:59+01:00,0,0,108,170,394,661,528,1053,634,1584,773,1370,481,510,598,1009,551,1815,1,0,1,6,7,4,4,7,5,8,1,2,11,15,7,20,12236,99,3,0,0,0,0,0,0
2021-01-21T23:59:59+01:00,0,0,97,162,379,642,505,1019,604,1534,751,1327,465,472,564,965,515,1747,1,0,1,6,7,4,4,7,5,8,1,2,11,15,7,20,11745,99,3,0,0,0,0,0,0
2021-01-20T23:59:59+01:00,0,0,79,120,344,553,461,879,546,1300,663,1140,403,413,480,823,452,1524,1,0,1,5,7,4,4,7,5,8,1,2,11,15,7,20,10177,98,3,0,0,0,0,0,0
2021-01-19T23:59:59+01:00,0,0,74,106,316,475,420,791,504,1188,611,1037,379,376,443,744,422,1428,1,0,1,3,7,4,4,7,5,8,1,0,8,10,6,18,9311,83,3,0,0,0,0,0,0
2021-01-18T23:59:59+01:00,0,0,60,76,269,388,365,642,429,956,518,840,311,309,373,590,356,1220,1,0,1,3,7,4,4,7,5,8,1,0,8,10,6,18,7700,83,2,0,0,0,0,0,0
2021-01-17T23:59:59+01:00,0,0,59,67,250,353,343,589,410,913,494,801,308,300,371,583,353,1212,0,0,0,0,0,0,0,0,0,0,0,0,0,0,0,0,7404,0,2,0,0,0,0,0,0
2021-01-16T23:59:59+01:00,0,0,59,67,250,352,343,589,410,912,492,799,308,299,369,579,352,1212,0,0,0,0,0,0,0,0,0,0,0,0,0,0,0,0,7390,0,2,0,0,0,0,0,0
2021-01-15T23:59:59+01:00,0,0,57,67,249,349,337,583,399,889,481,774,294,293,351,551,329,1170,0,0,0,0,0,0,0,0,0,0,0,0,0,0,0,0,7171,0,2,0,0,0,0,0,0
2021-01-14T23:59:59+01:00,0,0,43,54,235,325,312,508,365,764,392,628,233,219,261,375,236,839,0,0,0,0,0,0,0,0,0,0,0,0,0,0,0,0,5789,0,0,0,0,0,0,0,0
2021-01-13T23:59:59+01:00,0,0,37,43,210,269,272,408,299,615,321,501,178,176,189,286,191,647,0,0,0,0,0,0,0,0,0,0,0,0,0,0,0,0,4642,0,0,0,0,0,0,0,0
2021-01-12T23:59:59+01:00,0,0,32,41,205,254,257,376,276,535,289,455,141,134,143,218,149,507,0,0,0,0,0,0,0,0,0,0,0,0,0,0,0,0,4012,0,0,0,0,0,0,0,0
2021-01-11T23:59:59+01:00,0,0,27,37,195,233,239,324,229,446,239,381,110,106,108,143,88,319,0,0,0,0,0,0,0,0,0,0,0,0,0,0,0,0,3224,0,0,0,0,0,0,0,0
2021-01-10T23:59:59+01:00,0,0,26,31,157,172,196,249,191,350,197,304,98,99,105,138,86,304,0,0,0,0,0,0,0,0,0,0,0,0,0,0,0,0,2703,0,0,0,0,0,0,0,0
2021-01-09T23:59:59+01:00,0,0,26,31,150,168,194,241,187,342,195,299,98,99,105,138,86,304,0,0,0,0,0,0,0,0,0,0,0,0,0,0,0,0,2663,0,0,0,0,0,0,0,0
2021-01-08T23:59:59+01:00,0,0,23,28,119,144,173,228,162,313,167,278,93,89,103,134,85,303,0,0,0,0,0,0,0,0,0,0,0,0,0,0,0,0,2442,0,0,0,0,0,0,0,0
2021-01-07T23:59:59+01:00,0,0,8,3,16,26,32,54,37,105,60,111,49,51,64,92,54,211,0,0,0,0,0,0,0,0,0,0,0,0,0,0,0,0,973,0,0,0,0,0,0,0,0
2021-01-06T23:59:59+01:00,0,0,3,1,5,13,10,22,13,39,20,31,14,14,27,38,23,64,0,0,0,0,0,0,0,0,0,0,0,0,0,0,0,0,337,0,0,0,0,0,0,0,0
2021-01-05T23:59:59+01:00,0,0,3,1,4,10,9,18,10,31,15,26,11,14,23,33,21,56,0,0,0,0,0,0,0,0,0,0,0,0,0,0,0,0,285,0,0,0,0,0,0,0,0
2021-01-04T23:59:59+01:00,0,0,2,1,2,7,9,10,4,15,8,16,5,3,12,19,8,30,0,0,0,0,0,0,0,0,0,0,0,0,0,0,0,0,151,0,0,0,0,0,0,0,0
2021-01-03T23:59:59+01:00,0,0,2,0,1,6,8,4,4,7,5,9,1,2,12,15,7,20,0,0,0,0,0,0,0,0,0,0,0,0,0,0,0,0,103,0,0,0,0,0,0,0,0
2021-01-02T23:59:59+01:00,0,0,2,0,1,6,8,4,4,7,5,9,1,2,12,15,7,20,0,0,0,0,0,0,0,0,0,0,0,0,0,0,0,0,103,0,0,0,0,0,0,0,0
2021-01-01T23:59:59+01:00,0,0,1,0,1,6,8,4,4,7,5,9,1,2,12,15,7,20,0,0,0,0,0,0,0,0,0,0,0,0,0,0,0,0,102,0,0,0,0,0,0,0,0
2020-12-31T23:59:59+01:00,0,0,1,0,1,5,8,4,4,7,5,9,1,2,12,15,7,20,0,0,0,0,0,0,0,0,0,0,0,0,0,0,0,0,101,0,0,0,0,0,0,0,0
2020-12-30T23:59:59+01:00,0,0,1,0,1,5,8,4,4,7,5,9,1,2,12,15,7,20,0,0,0,0,0,0,0,0,0,0,0,0,0,0,0,0,101,0,0,0,0,0,0,0,0
2020-12-29T23:59:59+01:00,0,0,1,0,1,3,8,4,4,7,5,9,1,0,9,10,6,18,0,0,0,0,0,0,0,0,0,0,0,0,0,0,0,0,86,0,0,0,0,0,0,0,0
2020-12-28T23:59:59+01:00,0,0,1,0,1,3,8,4,4,7,5,9,1,0,9,10,6,18,0,0,0,0,0,0,0,0,0,0,0,0,0,0,0,0,86,0,0,0,0,0,0,0,0
2020-12-27T23:59:59+01:00,0,0,1,0,1,3,8,4,4,7,5,9,1,0,9,10,6,18,0,0,0,0,0,0,0,0,0,0,0,0,0,0,0,0,86,0,0,0,0,0,0,0,0
