Datum,<24_1_m,<24_1_w,25-34_1_m,25-34_1_w,35-44_1_m,35-44_1_w,45-54_1_m,45-54_1_w,55-64_1_m,55-64_1_w,65-74_1_m,65-74_1_w,75-84_1_m,75-84_1_w,>84_1_m,>84_1_w,<24_2_m,<24_2_w,25-34_2_m,25-34_2_w,35-44_2_m,35-44_2_w,45-54_2_m,45-54_2_w,55-64_2_m,55-64_2_w,65-74_2_m,65-74_2_w,75-84_2_m,75-84_2_w,>84_2_m,>84_2_w,bp_1,bp_2,mo_1,mo_2,az_1,az_2,ja
2021-06-15T23:59:59+02:00,9474,8942,15271,14614,18030,18202,23325,24306,26304,27638,19390,22321,13595,17343,3512,6270,2436,2330,4288,4492,5417,6403,7610,9515,11782,12759,12884,15258,11193,14531,3294,5832,180293,97734,28294,12104,54378,14614,5572
2021-06-14T23:59:59+02:00,9273,8757,15016,14382,17845,18045,23171,24196,26217,27570,19373,22291,13583,17336,3509,6264,2311,2189,4019,4236,5040,5927,6916,8769,10890,11730,12631,14977,11133,14448,3283,5816,178773,92991,28272,11744,54378,14175,5405
2021-06-13T23:59:59+02:00,9196,8700,14933,14299,17759,17939,23106,24131,26192,27552,19362,22281,13580,17331,3509,6264,2259,2154,3932,4132,4923,5787,6678,8514,10612,11400,12487,14828,11084,14402,3282,5814,178103,91629,28260,11453,54377,13812,5394
2021-06-12T23:59:59+02:00,9195,8698,14932,14299,17759,17939,23104,24130,26191,27548,19362,22281,13580,17331,3509,6264,2258,2152,3932,4131,4920,5786,6676,8512,10608,11394,12485,14826,11084,14401,3282,5814,178091,91610,28260,11453,54377,13804,5394
2021-06-11T23:59:59+02:00,9123,8660,14850,14246,17689,17896,23038,24096,26152,27528,19361,22278,13580,17330,3509,6264,2241,2139,3897,4074,4874,5718,6614,8426,10507,11290,12453,14801,11075,14396,3282,5814,177779,91399,28182,11447,54376,13492,5263
2021-06-10T23:59:59+02:00,8741,8335,14474,13872,17258,17543,22733,23822,25983,27366,19324,22239,13570,17312,3506,6253,2119,2050,3685,3895,4609,5466,6268,8044,9912,10655,11974,14208,11023,14310,3275,5810,175231,88306,27700,11079,54366,12884,5034
2021-06-09T23:59:59+02:00,8323,7945,14014,13430,16763,17086,22364,23472,25776,27175,19265,22171,13554,17280,3503,6248,1965,1924,3508,3736,4376,5202,5896,7643,9205,9937,11361,13432,10932,14197,3267,5803,172014,84322,27159,10452,54355,12769,4841
2021-06-08T23:59:59+02:00,7907,7494,13506,12954,16326,16643,22019,23134,25578,26989,19216,22102,13526,17249,3501,6242,1867,1832,3283,3505,4056,4848,5356,7115,8286,8980,10566,12452,10825,14080,3263,5791,168640,78719,26671,10159,54346,12498,4729
2021-06-07T23:59:59+02:00,7579,7167,13091,12577,15937,16257,21704,22854,25438,26845,19181,22054,13505,17229,3496,6238,1791,1755,3092,3315,3773,4625,4936,6719,7534,8170,9783,11449,10761,13989,3253,5776,166102,74157,26248,9803,54327,12286,4475
2021-06-06T23:59:59+02:00,7429,7024,12929,12423,15789,16094,21543,22696,25365,26767,19157,22024,13499,17220,3495,6234,1770,1730,3013,3272,3681,4560,4831,6644,7370,8024,9556,11194,10724,13952,3250,5771,164876,73485,26145,9382,54308,12116,4359
2021-06-05T23:59:59+02:00,7420,7019,12918,12412,15782,16088,21543,22694,25365,26766,19157,22024,13499,17220,3495,6234,1767,1729,3010,3271,3680,4559,4828,6644,7366,8018,9550,11192,10724,13952,3250,5771,164824,73459,26145,9381,54308,12112,4359
2021-06-04T23:59:59+02:00,7381,6976,12865,12358,15724,16041,21515,22665,25350,26754,19154,22019,13496,17220,3495,6234,1765,1724,2997,3261,3663,4546,4815,6630,7331,7970,9519,11121,10693,13920,3249,5770,164731,73191,25888,9369,54286,12072,4342
2021-06-03T23:59:59+02:00,7133,6730,12559,12109,15396,15745,21197,22325,25119,26559,19116,21959,13480,17204,3495,6230,1714,1675,2926,3194,3561,4469,4703,6533,7111,7758,9177,10697,10652,13869,3249,5765,162299,71908,25644,9080,54285,11937,4128
2021-06-02T23:59:59+02:00,7063,6663,12500,12045,15323,15684,21130,22264,25104,26539,19111,21956,13478,17200,3494,6230,1698,1665,2911,3181,3540,4455,4673,6518,7076,7714,9100,10590,10647,13851,3248,5764,161965,71554,25460,9074,54284,11928,4075
2021-06-01T23:59:59+02:00,6555,6103,11752,11351,14512,14964,20430,21618,24749,26196,19031,21877,13448,17159,3487,6225,1557,1535,2608,2907,3174,4117,4141,6038,6219,6833,7939,9015,10492,13608,3235,5754,156999,66201,24810,8180,54257,11400,3391
2021-05-31T23:59:59+02:00,6268,5768,11299,10919,13994,14461,19962,21154,24482,25869,18945,21806,13414,17124,3481,6211,1486,1472,2453,2775,2982,3946,3845,5727,5648,6238,6974,7787,10321,13387,3226,5730,153572,62207,24124,7382,54252,11199,3209
2021-05-30T23:59:59+02:00,6179,5677,11108,10797,13838,14278,19583,20814,24288,25659,18914,21781,13407,17107,3480,6209,1465,1457,2423,2742,2940,3903,3772,5669,5545,6137,6804,7555,10297,13335,3224,5720,152088,61481,23629,7324,54226,11007,3176
2021-05-29T23:59:59+02:00,6177,5677,11108,10793,13834,14276,19583,20813,24287,25657,18914,21781,13407,17107,3480,6209,1464,1456,2421,2741,2939,3900,3772,5667,5544,6133,6800,7553,10297,13335,3224,5720,152073,61471,23629,7324,54225,10995,3176
2021-05-28T23:59:59+02:00,6158,5662,11082,10756,13814,14259,19567,20796,24280,25650,18913,21779,13405,17106,3480,6208,1459,1454,2421,2737,2938,3899,3767,5661,5531,6116,6783,7535,10288,13316,3224,5716,151889,61370,23627,7324,54224,10976,3175
2021-05-27T23:59:59+02:00,5817,5340,10566,10289,13236,13739,18854,20168,23775,25163,18834,21690,13366,17060,3475,6199,1271,1295,2134,2534,2642,3620,3470,5314,5224,5845,6452,7074,10110,13108,3220,5702,148673,59546,22643,7292,54122,10044,2133
2021-05-26T23:59:59+02:00,5510,5051,10132,9904,12721,13231,18236,19545,23175,24525,18731,21562,13329,17011,3469,6186,1182,1194,1974,2382,2446,3424,3200,5055,4843,5507,5860,6344,9808,12694,3209,5674,144597,56434,21909,7258,54003,9295,1809
2021-05-25T23:59:59+02:00,5260,4793,9718,9405,12246,12748,17711,18954,22670,23913,18630,21420,13303,16936,3461,6176,1125,1141,1912,2292,2333,3291,3017,4833,4477,5116,5239,5533,9462,12231,3193,5653,140576,52917,21083,7244,53877,8879,1808
2021-05-24T23:59:59+02:00,5130,4620,9505,9196,12047,12496,17400,18619,22352,23522,18583,21375,13289,16917,3460,6176,1108,1090,1851,2250,2263,3228,2930,4750,4354,5004,5095,5370,9391,12120,3191,5646,139092,52223,20138,7195,53701,8467,1756
2021-05-23T23:59:59+02:00,5120,4616,9499,9193,12036,12489,17387,18609,22336,23504,18578,21369,13288,16916,3460,6176,1108,1087,1849,2247,2259,3226,2924,4746,4348,4986,5087,5356,9385,12110,3190,5645,138983,52152,20137,7182,53700,8463,1756
2021-05-22T23:59:59+02:00,5114,4613,9498,9188,12028,12485,17385,18605,22334,23502,18578,21369,13288,16916,3460,6176,1108,1087,1849,2246,2256,3226,2924,4746,4348,4984,5085,5355,9384,12110,3190,5645,138958,52147,20137,7182,53688,8458,1756
2021-05-21T23:59:59+02:00,5075,4569,9431,9109,11956,12402,17289,18534,22277,23434,18562,21354,13285,16909,3460,6174,1061,1075,1815,2237,2226,3215,2891,4723,4303,4953,5060,5338,9375,12104,3189,5644,138307,52084,20137,7182,53669,8236,1707
2021-05-20T23:59:59+02:00,4798,4372,8978,8751,11479,11975,16615,18018,21752,22910,18403,21213,13256,16875,3456,6164,895,994,1550,2083,2001,3059,2637,4498,4079,4738,4904,5180,9287,11982,3183,5628,135008,51390,19766,7089,53256,7234,985
2021-05-19T23:59:59+02:00,4519,4091,8463,8277,10915,11416,15945,17300,21103,22243,18236,21017,13223,16834,3451,6150,839,941,1486,2004,1927,2959,2568,4377,3929,4574,4712,4945,9122,11790,3166,5605,129679,50325,19586,6957,52954,6698,964
2021-05-18T23:59:59+02:00,4201,3787,7885,7724,10193,10719,14951,16335,20218,21237,18025,20785,13181,16786,3445,6134,782,889,1426,1908,1854,2854,2438,4229,3740,4368,4450,4652,8946,11568,3158,5589,122707,49122,19493,6761,52514,6076,892
2021-05-17T23:59:59+02:00,3975,3540,7417,7236,9690,10191,14214,15512,19562,20480,17877,20572,13136,16729,3438,6122,714,824,1354,1851,1778,2772,2331,4156,3587,4238,4208,4410,8822,11389,3146,5563,117511,48328,19253,6550,52051,5389,876
2021-05-16T23:59:59+02:00,3833,3449,7210,7056,9486,9983,13967,15275,19354,20268,17817,20511,13124,16714,3437,6116,698,776,1317,1799,1735,2718,2289,4058,3525,4149,4118,4324,8809,11369,3144,5562,115943,48191,19014,6385,51771,4942,872
2021-05-15T23:59:59+02:00,3831,3446,7204,7049,9485,9978,13964,15270,19352,20262,17815,20510,13124,16714,3437,6116,697,776,1316,1799,1734,2718,2288,4058,3525,4149,4116,4322,8809,11369,3144,5562,115903,48187,19014,6384,51769,4940,871
2021-05-14T23:59:59+02:00,3781,3393,7095,6909,9354,9846,13808,15083,19196,20136,17795,20493,13123,16706,3436,6114,674,764,1292,1780,1708,2696,2252,4030,3477,4114,4072,4268,8805,11366,3144,5561,115506,48149,18273,6240,51689,4814,800
2021-05-13T23:59:59+02:00,3627,3207,6769,6574,8901,9448,13252,14582,18630,19585,17693,20369,13094,16679,3433,6112,628,733,1239,1730,1653,2619,2155,3924,3336,3992,3978,4148,8785,11353,3142,5557,112651,48066,17579,5857,51091,4415,634
2021-05-12T23:59:59+02:00,3599,3171,6736,6536,8849,9393,13109,14457,18449,19388,17671,20344,13087,16672,3433,6112,627,731,1239,1728,1648,2616,2145,3918,3322,3984,3966,4134,8779,11348,3142,5557,111945,48043,17353,5831,51074,4376,634
2021-05-11T23:59:59+02:00,3151,2889,5915,6002,7880,8567,11634,13266,16972,17937,17253,19891,13024,16578,3417,6093,583,667,1107,1616,1487,2457,1957,3734,3095,3739,3872,4027,8726,11273,3140,5552,104605,47814,16736,5637,49013,3466,115
2021-05-10T23:59:59+02:00,2931,2684,5411,5597,7175,7942,10549,12286,15739,16588,16951,19536,12971,16483,3409,6072,545,640,1070,1573,1447,2408,1892,3622,2970,3610,3802,3959,8691,11231,3138,5550,98817,47698,15841,5410,47552,2926,114
2021-05-09T23:59:59+02:00,2838,2650,5273,5515,6977,7815,10114,11909,15227,16079,16860,19433,12954,16458,3406,6067,527,616,1034,1522,1381,2318,1825,3495,2863,3468,3721,3863,8675,11210,3136,5548,97258,47615,15266,5145,46938,2329,113
2021-05-08T23:59:59+02:00,2834,2649,5272,5515,6977,7813,10111,11906,15226,16078,16860,19433,12954,16458,3406,6067,526,615,1034,1521,1381,2318,1825,3494,2861,3468,3720,3863,8675,11210,3136,5548,97245,47611,15265,5145,46936,2326,113
2021-05-07T23:59:59+02:00,2638,2577,4999,5424,6608,7648,9661,11693,14790,15732,16714,19276,12947,16434,3406,6067,514,611,1026,1510,1364,2306,1788,3481,2810,3431,3666,3818,8614,11140,3136,5545,96546,47589,14774,4806,45184,2255,110
2021-05-06T23:59:59+02:00,2368,2421,4436,5061,5969,7279,8859,11104,13870,14907,16377,18893,12903,16355,3396,6056,479,553,986,1411,1278,2146,1672,3241,2583,3155,3483,3611,8469,10979,3128,5533,93983,47154,13542,4209,42687,1302,42
2021-05-05T23:59:59+02:00,2212,2292,4142,4822,5525,6907,8132,10473,12755,13803,15781,18174,12822,16271,3389,6037,470,539,970,1384,1251,2107,1636,3166,2523,3066,3432,3572,8395,10891,3125,5525,89585,47023,12221,4068,41704,934,27
2021-05-04T23:59:59+02:00,2111,2189,3852,4576,5114,6543,7410,9828,11515,12526,14979,17155,12733,16178,3385,6026,464,527,951,1363,1232,2068,1616,3129,2479,3011,3384,3521,8314,10787,3120,5513,83795,46890,11584,3870,40728,706,13
2021-05-03T23:59:59+02:00,2044,2128,3694,4441,4884,6335,7001,9470,10745,11722,14325,16265,12678,16094,3377,6011,458,517,949,1347,1217,2036,1596,3087,2444,2966,3329,3476,8206,10692,3117,5508,79388,46767,11381,3652,40434,515,11
2021-05-02T23:59:59+02:00,2031,2110,3617,4412,4806,6276,6928,9417,10613,11589,14158,16093,12656,16072,3376,6006,456,508,943,1333,1214,2017,1592,3075,2429,2951,3313,3458,8171,10661,3116,5504,78835,46748,11105,3556,40213,430,7
2021-05-01T23:59:59+02:00,2029,2110,3615,4411,4805,6275,6926,9416,10607,11585,14156,16092,12655,16071,3376,6004,455,508,943,1333,1214,2016,1592,3075,2429,2951,3313,3458,8171,10661,3116,5503,78808,46745,11105,3556,40213,430,7
2021-04-30T23:59:59+02:00,2026,2103,3609,4403,4799,6261,6900,9396,10568,11544,14108,16020,12632,16047,3375,6003,455,506,942,1331,1214,2016,1591,3075,2428,2950,3312,3456,8170,10659,3116,5503,78479,46738,11105,3554,40204,426,6
2021-04-29T23:59:59+02:00,1891,2051,3345,4291,4528,6102,6590,9131,10129,11130,13556,15338,12561,15930,3371,5996,447,494,932,1310,1191,1976,1567,3036,2397,2906,3300,3443,8158,10645,3113,5499,75705,46616,10721,3553,39508,239,6
2021-04-28T23:59:59+02:00,1748,1997,3173,4183,4274,5915,6203,8854,9529,10577,12718,14191,12446,15779,3363,5988,436,485,917,1296,1175,1945,1529,2990,2324,2834,3131,3298,8072,10551,3107,5489,71225,46207,10534,3143,39174,224,5
2021-04-27T23:59:59+02:00,1702,1941,3056,4066,4070,5768,5870,8562,8858,9845,11706,12902,12293,15514,3352,5973,424,469,909,1274,1159,1906,1502,2920,2274,2774,3091,3257,8051,10522,3101,5487,66434,46000,10346,2971,38693,144,5
2021-04-26T23:59:59+02:00,1671,1900,2940,3985,3890,5620,5530,8336,8349,9352,10972,11988,12200,15378,3341,5959,423,463,899,1266,1143,1895,1471,2897,2243,2745,3044,3205,8008,10476,3096,5485,63028,45906,10158,2725,38220,123,5
2021-04-25T23:59:59+02:00,1653,1892,2873,3955,3790,5559,5390,8289,8155,9227,10787,11760,12171,15338,3340,5955,419,456,892,1260,1124,1881,1456,2878,2219,2717,2999,3166,7967,10433,3095,5483,62527,45827,9956,2516,37646,97,5
2021-04-24T23:59:59+02:00,1652,1892,2873,3954,3790,5558,5388,8288,8151,9222,10782,11759,12171,15338,3340,5955,419,456,892,1260,1124,1880,1455,2877,2218,2717,2999,3166,7967,10433,3095,5483,62507,45823,9956,2516,37645,97,5
2021-04-23T23:59:59+02:00,1627,1879,2808,3919,3710,5533,5266,8234,8021,9164,10703,11650,12149,15304,3339,5951,419,456,892,1258,1124,1880,1454,2876,2218,2717,2998,3166,7967,10433,3095,5483,62379,45820,9682,2516,37192,96,4
2021-04-22T23:59:59+02:00,1574,1839,2703,3858,3552,5428,5006,8072,7690,8898,10093,10929,11956,15081,3333,5934,410,454,882,1248,1110,1866,1429,2848,2182,2686,2943,3113,7885,10328,3083,5469,60779,45415,9030,2437,36133,80,4
2021-04-21T23:59:59+02:00,1534,1798,2619,3771,3433,5334,4774,7869,7253,8543,9179,9818,11633,14638,3322,5899,406,452,877,1231,1101,1849,1410,2817,2150,2658,2880,3045,7778,10167,3070,5451,58063,44945,8163,2313,35187,80,4
2021-04-20T23:59:59+02:00,1499,1768,2556,3695,3330,5235,4586,7670,6833,8164,8233,8627,11290,14192,3309,5886,401,449,867,1217,1091,1827,1384,2786,2119,2616,2811,2979,7638,9992,3043,5405,55219,44240,7397,2307,34254,75,3
2021-04-19T23:59:59+02:00,1481,1752,2518,3655,3267,5165,4470,7558,6565,7894,7595,7823,11090,13925,3301,5871,398,447,864,1207,1085,1816,1357,2771,2085,2588,2755,2931,7526,9831,3026,5373,53278,43691,7026,2294,33623,72,3
2021-04-18T23:59:59+02:00,1470,1736,2484,3630,3229,5141,4406,7500,6419,7737,7226,7448,11031,13849,3298,5859,397,444,863,1205,1084,1808,1355,2758,2079,2584,2748,2918,7501,9798,3024,5371,52765,43570,6560,2292,33135,72,3
2021-04-17T23:59:59+02:00,1469,1735,2483,3628,3228,5138,4402,7495,6410,7726,7213,7439,11029,13849,3298,5859,397,444,862,1204,1084,1808,1354,2757,2078,2582,2745,2916,7500,9798,3024,5371,52744,43558,6559,2291,33095,72,3
2021-04-16T23:59:59+02:00,1465,1733,2473,3624,3219,5130,4379,7477,6355,7685,7140,7360,11024,13840,3296,5857,397,443,858,1202,1083,1808,1352,2756,2075,2581,2743,2910,7498,9796,3023,5371,52688,43535,6325,2286,33041,72,3
2021-04-15T23:59:59+02:00,1423,1707,2413,3576,3123,5071,4203,7342,6077,7435,6589,6802,10836,13589,3284,5835,389,441,834,1178,1046,1746,1307,2674,2001,2493,2665,2840,7415,9716,3015,5357,51607,42947,5939,2100,31756,67,3
2021-04-14T23:59:59+02:00,1397,1691,2380,3546,3048,5010,4081,7226,5872,7213,5912,6038,10515,13189,3260,5797,381,436,822,1167,1027,1723,1275,2628,1948,2439,2576,2764,7280,9537,3001,5334,50213,42290,5732,1979,30228,67,2
2021-04-13T23:59:59+02:00,1380,1682,2345,3514,2991,4949,3967,7132,5593,6981,5373,5457,10228,12840,3242,5775,360,421,800,1135,1005,1704,1250,2593,1911,2395,2506,2702,7166,9397,2972,5281,49203,41610,5530,1921,28714,65,2
2021-04-12T23:59:59+02:00,1364,1675,2318,3488,2939,4904,3828,7043,5391,6828,5007,5124,10039,12616,3233,5754,344,416,788,1130,989,1687,1233,2568,1860,2352,2429,2636,7056,9263,2960,5264,48742,41043,5333,1872,27474,58,2
2021-04-11T23:59:59+02:00,1359,1662,2298,3465,2908,4885,3758,6971,5225,6708,4762,4903,9896,12457,3229,5745,338,412,783,1123,977,1670,1220,2541,1839,2324,2372,2568,6975,9164,2949,5245,48661,40628,5098,1813,26470,57,2
2021-04-10T23:59:59+02:00,1359,1661,2296,3461,2906,4880,3752,6969,5216,6697,4752,4888,9893,12450,3229,5744,334,407,768,1117,964,1664,1195,2516,1767,2272,2288,2479,6924,9126,2949,5241,48608,40462,5098,1490,26445,57,2
2021-04-09T23:59:59+02:00,1356,1658,2288,3459,2900,4871,3739,6955,5191,6671,4722,4862,9874,12423,3228,5744,321,404,751,1108,945,1638,1162,2472,1671,2188,2055,2193,6795,8992,2932,5213,48535,39619,5093,1162,26311,57,2
2021-04-08T23:59:59+02:00,1329,1635,2228,3397,2821,4783,3585,6819,4947,6427,4298,4388,9399,11947,3218,5699,290,379,696,1047,889,1564,1078,2373,1530,2059,1771,1824,6337,8458,2874,5105,48082,37072,4571,1151,24265,49,2
2021-04-07T23:59:59+02:00,1318,1619,2192,3379,2782,4742,3486,6760,4779,6273,3960,4047,8906,11463,3204,5670,246,348,645,989,824,1498,1017,2303,1424,1959,1610,1637,5753,7765,2805,4975,47875,34601,4100,1148,22604,48,1
2021-04-06T23:59:59+02:00,1294,1598,2151,3356,2745,4710,3413,6713,4645,6170,3672,3762,8482,11013,3189,5644,239,342,617,967,800,1452,969,2242,1333,1872,1457,1431,5185,6972,2716,4810,47682,32217,3564,1141,21310,45,1
2021-04-05T23:59:59+02:00,1292,1594,2147,3353,2733,4709,3398,6696,4625,6153,3639,3731,8457,10982,3186,5643,236,328,608,950,783,1429,953,2205,1292,1833,1403,1353,4971,6708,2678,4765,47596,31310,3560,1139,21181,45,1
2021-04-04T23:59:59+02:00,1292,1594,2147,3352,2733,4708,3398,6695,4624,6153,3635,3729,8455,10981,3186,5643,236,328,607,950,783,1429,953,2205,1292,1833,1403,1353,4970,6708,2678,4765,47590,31308,3560,1139,21174,45,1
2021-04-03T23:59:59+02:00,1292,1594,2147,3352,2733,4708,3398,6695,4624,6153,3634,3727,8455,10979,3186,5643,236,328,607,950,783,1429,953,2205,1292,1833,1403,1353,4970,6708,2678,4765,47588,31308,3560,1139,21171,45,1
2021-04-02T23:59:59+02:00,1292,1594,2147,3350,2733,4707,3398,6691,4624,6151,3631,3724,8454,10978,3186,5643,236,328,607,950,783,1427,953,2205,1292,1832,1403,1351,4968,6707,2677,4765,47572,31300,3560,1138,21170,45,1
2021-04-01T23:59:59+02:00,1274,1548,2075,3224,2628,4504,3248,6436,4478,5941,3587,3687,8360,10874,3177,5632,231,319,601,941,773,1421,942,2192,1269,1814,1383,1323,4708,6362,2581,4630,47211,30317,3555,1134,19906,38,1
2021-03-31T23:59:59+02:00,1256,1510,2032,3118,2556,4363,3154,6207,4347,5732,3501,3592,8222,10691,3160,5602,223,316,594,926,769,1405,926,2170,1226,1779,1325,1259,4218,5735,2470,4434,46612,28603,3429,1134,19001,37,1
2021-03-30T23:59:59+02:00,1234,1465,1978,2934,2448,4124,2998,5829,4155,5383,3399,3494,8073,10495,3137,5559,219,311,586,915,757,1384,904,2145,1172,1734,1240,1172,3671,4980,2286,4160,45980,26473,3267,1134,17457,28,1
2021-03-29T23:59:59+02:00,1213,1408,1912,2800,2364,3959,2862,5554,3988,5132,3305,3394,7916,10275,3115,5523,218,308,579,903,747,1371,888,2117,1131,1703,1155,1072,3071,4257,2147,3931,45342,24449,3040,1130,16337,18,1
2021-03-28T23:59:59+02:00,1190,1358,1842,2636,2276,3745,2734,5272,3844,4864,3242,3332,7860,10214,3111,5520,218,308,577,900,746,1369,886,2110,1128,1702,1145,1059,3014,4185,2137,3911,45235,24254,2830,1127,14974,13,1
2021-03-27T23:59:59+01:00,1190,1358,1842,2635,2275,3744,2731,5272,3841,4864,3239,3332,7859,10214,3111,5520,218,308,576,900,746,1369,885,2110,1126,1702,1145,1059,3014,4185,2137,3911,45226,24250,2830,1127,14970,13,1
2021-03-26T23:59:59+01:00,1186,1325,1797,2522,2205,3580,2671,5056,3759,4654,3222,3322,7856,10209,3110,5519,218,307,575,900,745,1369,885,2109,1125,1700,1142,1058,3011,4177,2136,3908,45200,24226,2828,1127,13964,11,1
2021-03-25T23:59:59+01:00,1160,1284,1743,2414,2117,3412,2570,4829,3654,4473,3100,3224,7754,10092,3104,5509,215,304,571,899,738,1359,879,2088,1109,1675,1096,1010,2740,3773,1988,3685,44942,22990,2496,1127,13000,11,1
2021-03-24T23:59:59+01:00,1139,1263,1722,2373,2087,3357,2532,4767,3607,4403,3013,3149,7632,9929,3088,5494,215,299,563,895,732,1351,868,2072,1090,1655,1049,963,2288,3136,1676,3274,44409,20989,2367,1125,12778,11,1
2021-03-23T23:59:59+01:00,1128,1253,1700,2337,2069,3330,2491,4722,3570,4347,2942,3075,7544,9835,3074,5468,213,296,559,890,724,1340,849,2051,1052,1613,961,879,1888,2596,1389,2874,43899,19071,2356,1091,12629,11,1
2021-03-22T23:59:59+01:00,1122,1243,1687,2324,2054,3311,2468,4691,3531,4310,2898,3037,7483,9770,3062,5452,210,292,558,877,707,1321,834,2036,1019,1583,908,797,1369,1959,1106,2474,43565,17001,2336,1037,12541,11,1
2021-03-21T23:59:59+01:00,1122,1241,1686,2323,2054,3309,2464,4688,3521,4303,2883,3029,7434,9714,3059,5447,210,290,557,875,706,1316,830,2032,1008,1576,882,777,1291,1867,1058,2415,43420,16699,2333,979,12523,11,1
2021-03-20T23:59:59+01:00,1121,1240,1685,2323,2054,3309,2464,4688,3519,4301,2883,3028,7434,9713,3059,5447,210,290,557,875,706,1316,830,2032,994,1559,845,745,1261,1852,1051,2413,43420,16697,2329,827,12518,11,1
2021-03-19T23:59:59+01:00,1119,1231,1678,2312,2043,3305,2462,4680,3513,4294,2871,3015,7423,9698,3058,5445,210,289,556,874,706,1315,829,2031,985,1546,801,708,1205,1807,1041,2405,43358,16655,2324,641,12464,11,1
2021-03-18T23:59:59+01:00,1073,1192,1599,2190,1916,3135,2310,4415,3295,4068,2702,2854,7124,9324,3013,5375,209,288,549,867,701,1310,820,2018,964,1530,781,684,1121,1690,912,2221,41962,16089,2014,564,11608,11,1
2021-03-17T23:59:59+01:00,1013,1155,1530,2134,1850,3067,2245,4347,3202,3976,2555,2707,6703,8832,2965,5280,207,287,546,860,700,1308,815,2012,959,1521,752,664,971,1523,774,2027,40192,15351,2011,563,11357,11,1
2021-03-16T23:59:59+01:00,988,1130,1492,2092,1812,3018,2190,4291,3099,3877,2417,2528,6236,8192,2890,5154,200,282,542,859,695,1300,811,2002,950,1508,747,652,868,1379,648,1881,38210,14749,1951,563,11244,11,1
2021-03-15T23:59:59+01:00,971,1121,1472,2068,1774,2961,2145,4212,2998,3771,2274,2348,5759,7654,2833,5056,199,279,541,853,692,1289,807,1994,941,1493,736,642,787,1241,509,1711,36446,14178,1853,525,11118,11,0
2021-03-14T23:59:59+01:00,966,1105,1443,2038,1749,2932,2113,4143,2935,3700,2086,2147,5586,7452,2807,5026,199,279,540,848,690,1280,806,1986,937,1484,719,634,771,1219,486,1659,35427,14034,1755,500,11046,3,0
2021-03-13T23:59:59+01:00,955,1097,1424,2029,1732,2915,2083,4116,2862,3651,2019,2065,5543,7411,2806,5025,199,279,540,848,690,1280,806,1986,937,1484,717,633,771,1216,485,1659,35178,14027,1515,500,11040,3,0
2021-03-12T23:59:59+01:00,928,1077,1378,1971,1668,2809,1979,3960,2696,3489,1822,1816,5376,7210,2784,4987,198,279,540,848,690,1280,805,1986,937,1483,709,629,755,1202,482,1656,33855,13977,1275,499,10820,3,0
2021-03-11T23:59:59+01:00,888,1013,1307,1881,1589,2658,1885,3761,2528,3308,1551,1492,5003,6744,2681,4838,189,273,533,839,681,1266,789,1953,908,1443,583,567,690,1162,467,1629,31744,13481,1178,489,10205,2,0
2021-03-10T23:59:59+01:00,869,956,1285,1822,1557,2606,1825,3681,2445,3227,1482,1394,4527,6171,2582,4635,189,269,523,818,663,1250,782,1936,895,1428,518,553,658,1153,462,1624,29936,13332,1173,387,9955,2,0
2021-03-09T23:59:59+01:00,856,931,1263,1788,1529,2563,1780,3627,2373,3170,1383,1295,3949,5378,2430,4388,187,267,517,794,652,1230,769,1900,883,1403,515,552,655,1146,459,1620,27774,13273,1171,274,9758,2,0
2021-03-08T23:59:59+01:00,850,903,1250,1767,1512,2545,1755,3588,2331,3122,1281,1183,3247,4495,2242,4093,183,262,502,768,632,1197,746,1839,863,1381,510,550,654,1145,459,1620,25325,13264,1171,47,9668,0,0
2021-03-07T23:59:59+01:00,846,899,1243,1758,1503,2531,1748,3578,2319,3116,1268,1163,3142,4369,2226,4053,183,262,502,768,632,1197,746,1839,863,1381,510,550,654,1145,459,1620,24977,13264,1169,47,9616,0,0
2021-03-06T23:59:59+01:00,845,899,1241,1755,1500,2528,1745,3575,2316,3115,1265,1163,3142,4369,2226,4053,182,262,502,768,632,1197,746,1839,863,1381,510,550,654,1145,459,1620,24973,13263,1169,47,9595,0,0
2021-03-05T23:59:59+01:00,779,873,1215,1739,1479,2519,1718,3561,2292,3107,1260,1161,3133,4359,2224,4050,182,262,502,768,632,1196,746,1839,863,1379,509,550,654,1145,459,1620,24943,13259,1165,47,9361,0,0
2021-03-04T23:59:59+01:00,706,823,1151,1667,1425,2436,1678,3477,2219,3033,1207,1110,2878,3937,2085,3830,181,257,498,752,621,1184,735,1809,852,1370,500,540,643,1135,454,1611,23725,13096,1158,46,8779,0,0
2021-03-03T23:59:59+01:00,665,776,1079,1601,1331,2358,1567,3392,2109,2952,1160,1066,2442,3327,1811,3478,181,257,496,749,621,1184,734,1805,850,1370,497,539,642,1131,454,1610,21870,13075,1156,45,8088,0,0
2021-03-02T23:59:59+01:00,645,737,1040,1556,1273,2321,1504,3335,2018,2880,1070,976,2035,2782,1476,3030,179,255,491,742,616,1172,724,1794,843,1350,490,532,629,1108,437,1581,19807,12898,1153,45,7718,0,0
2021-03-01T23:59:59+01:00,637,686,1022,1513,1222,2264,1462,3265,1961,2809,1019,892,1482,2120,1169,2580,177,255,491,742,616,1171,724,1791,842,1350,488,532,625,1096,434,1573,17540,12862,1150,45,7413,0,0
2021-02-28T23:59:59+01:00,628,669,1007,1471,1194,2206,1431,3207,1907,2737,1002,871,1360,1967,1106,2505,177,255,490,741,616,1171,723,1789,841,1349,486,532,625,1096,434,1573,17063,12853,1148,45,7057,0,0
2021-02-27T23:59:59+01:00,628,667,1006,1471,1194,2204,1431,3206,1907,2736,1002,871,1360,1966,1105,2505,177,255,489,740,613,1169,721,1788,839,1348,486,532,625,1096,434,1573,17061,12853,1148,32,7050,0,0
2021-02-26T23:59:59+01:00,456,607,884,1435,1120,2161,1366,3164,1852,2694,1001,868,1357,1965,1105,2504,177,255,489,740,613,1169,721,1787,839,1347,486,532,625,1096,434,1573,17051,12852,1148,31,6340,0,0
2021-02-25T23:59:59+01:00,360,542,788,1345,1035,2067,1264,2983,1714,2543,974,845,1269,1830,1001,2330,170,244,473,726,601,1144,711,1762,824,1325,474,518,591,1063,426,1557,16462,12588,1148,21,5280,0,0
2021-02-24T23:59:59+01:00,304,488,719,1271,962,1973,1210,2861,1645,2440,954,824,1134,1669,858,2139,168,244,470,723,597,1143,710,1756,823,1320,469,514,583,1058,423,1545,15759,12528,1146,18,4546,0,0
2021-02-23T23:59:59+01:00,291,461,695,1209,933,1888,1163,2747,1563,2343,939,800,1042,1530,734,1991,168,244,470,721,597,1142,710,1754,820,1319,469,512,581,1057,423,1544,15204,12518,1114,13,4011,0,0
2021-02-22T23:59:59+01:00,273,438,671,1171,903,1808,1107,2650,1479,2231,897,772,913,1353,569,1772,168,244,468,720,595,1141,708,1754,815,1317,468,510,580,1056,422,1542,14462,12506,1045,2,3500,0,0
2021-02-21T23:59:59+01:00,265,420,636,1105,854,1704,1059,2545,1403,2128,880,756,880,1297,520,1715,168,243,465,712,594,1138,708,1749,815,1316,467,510,579,1056,421,1541,14256,12480,1004,2,2907,0,0
2021-02-20T23:59:59+01:00,265,417,633,1104,851,1699,1057,2541,1386,2107,844,723,850,1282,513,1713,168,243,465,712,594,1138,708,1749,815,1316,467,510,578,1056,421,1541,14256,12479,849,2,2880,0,0
2021-02-19T23:59:59+01:00,254,407,624,1096,839,1684,1034,2522,1339,2059,604,620,719,1231,494,1696,168,243,465,710,594,1137,707,1747,812,1313,467,510,578,1055,420,1541,13782,12465,667,2,2773,0,0
2021-02-18T23:59:59+01:00,231,342,584,974,753,1455,898,2245,1077,1692,553,578,680,1188,479,1685,162,240,452,701,579,1118,701,1721,796,1287,464,508,578,1053,420,1541,13626,12319,571,2,1217,0,0
2021-02-17T23:59:59+01:00,224,303,563,914,717,1360,835,2077,993,1560,538,571,680,1184,477,1683,154,236,442,691,568,1100,683,1690,785,1267,461,507,576,1049,420,1541,13610,12168,571,2,498,0,0
2021-02-16T23:59:59+01:00,218,298,554,901,701,1327,819,2040,955,1520,531,566,674,1182,476,1682,148,231,429,683,557,1086,671,1671,777,1253,455,502,569,1034,414,1517,13582,11996,571,1,291,0,0
2021-02-15T23:59:59+01:00,202,286,548,872,693,1294,804,2005,930,1476,529,565,674,1182,476,1681,145,230,421,673,545,1068,645,1642,763,1235,454,502,569,1034,414,1517,13579,11856,532,1,106,0,0
2021-02-14T23:59:59+01:00,196,279,545,858,693,1287,799,1993,914,1470,528,565,673,1179,475,1681,137,227,410,662,526,1050,629,1628,757,1223,454,500,567,1032,414,1517,13573,11732,530,1,32,0,0
2021-02-13T23:59:59+01:00,195,279,544,858,693,1287,799,1993,914,1470,528,565,673,1179,475,1681,137,227,409,661,526,1050,629,1628,757,1223,454,500,567,1032,414,1517,13572,11730,530,1,31,0,0
2021-02-12T23:59:59+01:00,194,278,540,857,692,1285,794,1991,913,1468,527,565,673,1179,475,1681,133,224,406,656,521,1042,617,1616,753,1206,451,499,555,1010,412,1494,13565,11594,529,1,18,0,0
2021-02-11T23:59:59+01:00,192,277,535,850,686,1281,792,1988,906,1466,522,558,667,1174,470,1675,112,180,372,585,476,964,566,1491,713,1124,425,456,514,945,373,1412,13514,10708,517,0,8,0,0
2021-02-10T23:59:59+01:00,188,274,525,832,669,1265,780,1958,892,1448,513,553,659,1161,465,1666,101,167,343,519,448,852,525,1318,636,977,376,407,445,828,335,1264,13391,9541,456,0,1,0,0
2021-02-09T23:59:59+01:00,187,267,515,788,655,1229,760,1890,877,1413,504,544,652,1145,458,1652,93,145,326,455,410,764,478,1204,578,894,345,352,403,743,312,1156,13282,8658,254,0,0,0,0
2021-02-08T23:59:59+01:00,183,261,498,762,631,1192,739,1832,860,1382,498,543,649,1139,455,1638,71,107,286,389,362,624,421,966,503,733,287,295,340,591,260,971,13214,7206,48,0,0,0,0
2021-02-07T23:59:59+01:00,183,260,497,760,629,1192,737,1824,859,1380,497,543,649,1139,455,1637,70,93,266,360,345,576,402,933,487,704,286,288,337,584,259,968,13193,6958,48,0,0,0,0
2021-02-06T23:59:59+01:00,183,260,497,760,629,1192,737,1824,859,1380,497,543,649,1139,455,1637,70,93,266,360,345,576,402,932,485,702,286,287,336,582,258,968,13193,6948,48,0,0,0,0
2021-02-05T23:59:59+01:00,183,260,497,760,629,1192,737,1824,859,1379,497,543,649,1139,455,1637,68,93,263,358,340,572,392,905,476,685,278,284,326,557,243,935,13192,6775,48,0,0,0,0
2021-02-04T23:59:59+01:00,177,254,491,751,624,1184,733,1810,852,1371,491,537,625,1111,449,1622,51,74,225,320,302,476,345,761,384,551,215,213,240,383,184,692,13035,5416,47,0,0,0,0
2021-02-03T23:59:59+01:00,176,254,485,744,616,1176,728,1798,844,1355,482,530,610,1096,444,1616,40,49,166,226,249,356,258,572,306,424,170,169,173,294,138,518,12908,4108,46,0,0,0,0
2021-02-02T23:59:59+01:00,176,253,483,743,616,1176,724,1792,839,1352,481,529,606,1093,443,1612,30,42,142,176,204,287,217,436,253,340,128,134,138,219,104,411,12872,3261,46,0,0,0,0
2021-02-01T23:59:59+01:00,174,253,482,742,611,1171,723,1784,837,1348,479,526,601,1091,443,1607,25,31,102,130,146,194,152,303,160,240,81,94,96,136,54,222,12826,2166,46,0,0,0,0
2021-01-31T23:59:59+01:00,174,253,482,739,608,1170,723,1780,837,1347,477,526,600,1089,443,1606,16,22,70,86,104,128,116,227,133,192,77,88,92,127,52,209,12808,1739,46,0,0,0,0
2021-01-30T23:59:59+01:00,174,253,481,739,606,1168,722,1780,837,1347,477,526,599,1089,443,1606,16,22,70,86,104,126,114,224,130,189,76,86,92,122,46,199,12807,1702,40,0,0,0,0
2021-01-29T23:59:59+01:00,174,253,481,737,605,1166,720,1778,835,1346,477,526,599,1089,443,1606,13,20,59,82,86,121,97,215,109,176,71,79,90,119,46,198,12803,1581,32,0,0,0,0
2021-01-28T23:59:59+01:00,167,247,467,720,589,1141,713,1752,813,1318,471,521,596,1086,440,1603,7,4,13,22,24,44,31,102,46,82,45,52,59,86,34,149,12620,800,24,0,0,0,0
2021-01-27T23:59:59+01:00,159,244,456,710,579,1131,698,1716,808,1298,467,520,593,1080,440,1599,3,2,5,12,9,22,15,42,22,27,12,17,24,34,16,47,12476,309,22,0,0,0,0
2021-01-26T23:59:59+01:00,152,240,443,696,566,1117,690,1692,796,1278,462,514,587,1062,434,1568,3,2,5,11,6,20,12,37,17,26,12,14,23,34,16,46,12284,284,13,0,0,0,0
2021-01-25T23:59:59+01:00,149,238,433,683,551,1098,665,1663,779,1260,461,512,585,1062,434,1568,2,2,4,9,6,16,7,28,12,21,8,5,13,22,8,29,12139,192,2,0,0,0,0
2021-01-24T23:59:59+01:00,141,235,423,673,536,1079,649,1651,767,1249,460,509,584,1062,434,1568,1,0,2,6,6,4,5,7,4,9,1,2,11,14,5,16,12018,93,2,0,0,0,0
2021-01-23T23:59:59+01:00,141,235,423,672,536,1079,649,1651,767,1249,460,509,584,1062,434,1568,1,0,2,6,6,4,5,7,4,9,1,2,11,14,5,16,12017,93,2,0,0,0,0
2021-01-22T23:59:59+01:00,137,232,416,667,532,1071,637,1639,761,1232,459,506,571,1038,431,1545,1,0,2,6,6,4,5,7,4,9,1,2,11,14,5,16,11872,93,2,0,0,0,0
2021-01-21T23:59:59+01:00,124,223,402,647,506,1038,606,1586,742,1193,442,471,537,985,400,1489,1,0,2,6,6,4,5,7,4,9,1,2,11,14,5,16,11389,93,2,0,0,0,0
2021-01-20T23:59:59+01:00,104,173,361,553,463,894,552,1350,652,1020,382,413,452,841,348,1288,1,0,2,5,6,4,5,7,4,9,1,2,11,14,5,16,9844,92,2,0,0,0,0
2021-01-19T23:59:59+01:00,96,153,333,480,422,798,510,1235,602,928,357,375,414,762,325,1202,1,0,2,3,6,4,5,7,4,9,1,0,8,10,4,15,8990,79,2,0,0,0,0
2021-01-18T23:59:59+01:00,73,110,293,394,367,648,432,988,513,752,291,306,349,611,275,1020,1,0,2,3,6,4,5,7,4,9,1,0,8,10,4,15,7421,79,1,0,0,0,0
2021-01-17T23:59:59+01:00,70,95,273,365,347,591,410,944,493,720,288,298,347,604,274,1012,0,0,0,0,0,0,0,0,0,0,0,0,0,0,0,0,7130,0,1,0,0,0,0
2021-01-16T23:59:59+01:00,70,95,273,365,347,591,410,943,491,718,288,297,345,600,273,1012,0,0,0,0,0,0,0,0,0,0,0,0,0,0,0,0,7117,0,1,0,0,0,0
2021-01-15T23:59:59+01:00,68,95,271,362,341,585,398,915,479,696,276,293,328,570,253,978,0,0,0,0,0,0,0,0,0,0,0,0,0,0,0,0,6907,0,1,0,0,0,0
2021-01-14T23:59:59+01:00,53,79,255,337,319,504,357,787,392,564,216,216,241,384,187,711,0,0,0,0,0,0,0,0,0,0,0,0,0,0,0,0,5602,0,0,0,0,0,0
2021-01-13T23:59:59+01:00,46,66,227,275,279,414,291,621,320,458,163,174,180,299,146,552,0,0,0,0,0,0,0,0,0,0,0,0,0,0,0,0,4511,0,0,0,0,0,0
2021-01-12T23:59:59+01:00,42,64,219,258,264,381,272,548,286,412,126,135,145,226,110,431,0,0,0,0,0,0,0,0,0,0,0,0,0,0,0,0,3919,0,0,0,0,0,0
2021-01-11T23:59:59+01:00,36,58,207,237,245,330,222,453,236,348,93,102,112,147,62,273,0,0,0,0,0,0,0,0,0,0,0,0,0,0,0,0,3161,0,0,0,0,0,0
2021-01-10T23:59:59+01:00,31,51,170,168,202,253,184,358,190,282,87,97,109,141,60,260,0,0,0,0,0,0,0,0,0,0,0,0,0,0,0,0,2643,0,0,0,0,0,0
2021-01-09T23:59:59+01:00,30,49,164,164,200,246,180,352,188,277,87,97,109,141,60,260,0,0,0,0,0,0,0,0,0,0,0,0,0,0,0,0,2604,0,0,0,0,0,0
2021-01-08T23:59:59+01:00,25,43,134,141,179,233,157,324,162,257,82,87,107,138,60,259,0,0,0,0,0,0,0,0,0,0,0,0,0,0,0,0,2388,0,0,0,0,0,0
2021-01-07T23:59:59+01:00,8,6,17,25,32,53,38,114,60,103,47,51,66,94,38,178,0,0,0,0,0,0,0,0,0,0,0,0,0,0,0,0,930,0,0,0,0,0,0
2021-01-06T23:59:59+01:00,3,2,6,12,8,21,14,40,20,29,14,13,25,40,17,53,0,0,0,0,0,0,0,0,0,0,0,0,0,0,0,0,317,0,0,0,0,0,0
2021-01-05T23:59:59+01:00,2,1,5,11,7,17,11,32,15,24,10,13,22,33,17,49,0,0,0,0,0,0,0,0,0,0,0,0,0,0,0,0,269,0,0,0,0,0,0
2021-01-04T23:59:59+01:00,1,1,3,7,7,11,5,15,8,15,4,3,11,18,7,26,0,0,0,0,0,0,0,0,0,0,0,0,0,0,0,0,142,0,0,0,0,0,0
2021-01-03T23:59:59+01:00,1,0,2,6,7,4,5,7,4,9,1,2,11,14,6,16,0,0,0,0,0,0,0,0,0,0,0,0,0,0,0,0,95,0,0,0,0,0,0
2021-01-02T23:59:59+01:00,1,0,2,6,7,4,5,7,4,9,1,2,11,14,6,16,0,0,0,0,0,0,0,0,0,0,0,0,0,0,0,0,95,0,0,0,0,0,0
2021-01-01T23:59:59+01:00,1,0,2,6,7,4,5,7,4,9,1,2,11,14,6,16,0,0,0,0,0,0,0,0,0,0,0,0,0,0,0,0,95,0,0,0,0,0,0
2020-12-31T23:59:59+01:00,1,0,2,5,7,4,5,7,4,9,1,2,11,14,6,16,0,0,0,0,0,0,0,0,0,0,0,0,0,0,0,0,94,0,0,0,0,0,0
2020-12-30T23:59:59+01:00,1,0,2,5,7,4,5,7,4,9,1,2,11,14,6,16,0,0,0,0,0,0,0,0,0,0,0,0,0,0,0,0,94,0,0,0,0,0,0
2020-12-29T23:59:59+01:00,1,0,2,3,7,4,5,7,4,9,1,0,8,10,5,15,0,0,0,0,0,0,0,0,0,0,0,0,0,0,0,0,81,0,0,0,0,0,0
2020-12-28T23:59:59+01:00,1,0,2,3,7,4,5,7,4,9,1,0,8,10,5,15,0,0,0,0,0,0,0,0,0,0,0,0,0,0,0,0,81,0,0,0,0,0,0
2020-12-27T23:59:59+01:00,1,0,2,3,7,4,5,7,4,9,1,0,8,10,5,15,0,0,0,0,0,0,0,0,0,0,0,0,0,0,0,0,81,0,0,0,0,0,0
