Datum,<15_m,<15_w,15-24_1_m,15-24_1_w,25-34_1_m,25-34_1_w,35-44_1_m,35-44_1_w,45-54_1_m,45-54_1_w,55-64_1_m,55-64_1_w,65-74_1_m,65-74_1_w,75-84_1_m,75-84_1_w,>84_1_m,>84_1_w,<24_2_m,<24_2_w,25-34_2_m,25-34_2_w,35-44_2_m,35-44_2_w,45-54_2_m,45-54_2_w,55-64_2_m,55-64_2_w,65-74_2_m,65-74_2_w,75-84_2_m,75-84_2_w,>84_2_m,>84_2_w,bp_1,bp_2,mo_1,mo_2,az_1,az_2,ja,unb_1,unb_2
2021-08-12T23:59:59+02:00,1167,1057,14478,13410,20132,18558,22434,22049,26235,26926,29573,30572,21037,24054,15087,18990,4290,7473,12235,11488,18333,16828,20819,20367,24704,25237,28162,29111,20307,23200,14607,18284,4151,7212,218017,203056,32034,29320,55023,51600,12422,26,27
2021-08-11T23:59:59+02:00,1151,1035,14413,13350,20097,18509,22392,22009,26206,26902,29545,30536,21025,24037,15084,18979,4288,7469,12100,11353,18256,16742,20741,20297,24654,25167,28122,29052,20276,23174,14601,18274,4149,7207,217642,202189,31962,29315,55023,51595,12374,26,27
2021-08-10T23:59:59+02:00,1136,1018,14338,13280,20048,18467,22364,21969,26178,26874,29515,30510,21016,24029,15084,18971,4287,7467,11999,11245,18167,16675,20683,20237,24603,25113,28081,29003,20254,23146,14587,18256,4148,7201,217230,201461,31933,29295,55023,51570,12339,26,27
2021-08-09T23:59:59+02:00,1118,1000,14254,13220,19968,18413,22317,21922,26125,26831,29481,30477,20998,24012,15078,18962,4282,7465,11818,11090,18002,16580,20565,20157,24510,25018,28003,28929,20218,23107,14573,18244,4145,7192,216788,200498,31915,29186,55022,51477,12172,26,27
2021-08-08T23:59:59+02:00,1105,993,14213,13184,19949,18379,22291,21902,26110,26812,29466,30463,20991,24006,15075,18958,4281,7464,11736,11004,17916,16500,20501,20102,24446,24973,27957,28885,20196,23084,14561,18233,4145,7188,216569,199851,31883,29112,55021,51458,12143,26,27
2021-08-07T23:59:59+02:00,1105,993,14198,13178,19939,18374,22284,21897,26098,26798,29453,30451,20989,24002,15071,18953,4280,7464,11722,10999,17900,16495,20495,20096,24433,24958,27941,28873,20194,23080,14557,18228,4144,7188,216564,199838,31883,29111,55021,51458,12033,26,27
2021-08-06T23:59:59+02:00,1105,992,14187,13166,19927,18356,22270,21883,26076,26789,29441,30440,20986,23998,15068,18950,4280,7464,11709,10985,17880,16476,20480,20081,24411,24949,27929,28862,20191,23076,14554,18226,4144,7188,216557,199815,31879,29111,55021,51457,11895,26,27
2021-08-05T23:59:59+02:00,1094,976,14120,13130,19882,18325,22227,21844,26042,26736,29415,30417,20976,23984,15062,18942,4278,7461,11548,10882,17776,16382,20378,19989,24310,24861,27863,28815,20167,23052,14544,18216,4142,7186,216275,199077,31841,29020,55020,51338,11749,26,27
2021-08-04T23:59:59+02:00,1080,960,14058,13061,19781,18246,22164,21787,26006,26696,29366,30371,20953,23966,15052,18930,4278,7458,11361,10712,17549,16247,20205,19863,24195,24738,27756,28719,20140,23019,14531,18204,4139,7184,216020,198042,31685,28965,55020,51095,11462,26,27
2021-08-03T23:59:59+02:00,1056,942,13988,13002,19747,18199,22130,21748,25973,26655,29337,30344,20939,23943,15042,18917,4275,7448,11178,10540,17378,16123,20068,19734,24050,24617,27641,28617,20099,22974,14513,18173,4137,7178,215651,196620,31656,28932,55020,51040,11332,26,27
2021-08-02T23:59:59+02:00,1032,922,13901,12935,19692,18144,22079,21708,25920,26595,29285,30294,20908,23913,15033,18897,4272,7446,11010,10372,17210,15999,19926,19623,23935,24502,27555,28516,20052,22921,14494,18154,4134,7168,215180,195435,31625,28895,55020,50964,11125,26,27
2021-08-01T23:59:59+02:00,1022,907,13841,12886,19655,18127,22060,21688,25895,26575,29266,30277,20899,23901,15029,18890,4272,7445,10868,10230,17054,15891,19779,19515,23792,24397,27450,28438,20038,22897,14486,18141,4134,7164,214948,194555,31569,28813,55020,50615,11072,26,27
2021-07-31T23:59:59+02:00,1022,907,13815,12877,19638,18120,22043,21678,25883,26564,29258,30266,20897,23896,15028,18889,4271,7445,10841,10218,17034,15878,19761,19503,23780,24385,27442,28427,20036,22892,14485,18140,4133,7164,214945,194535,31569,28813,55020,50615,10937,26,27
2021-07-30T23:59:59+02:00,1014,898,13756,12833,19593,18099,22014,21659,25854,26542,29231,30248,20890,23888,15022,18887,4269,7444,10754,10146,16969,15836,19702,19469,23713,24344,27394,28403,20021,22870,14476,18136,4130,7162,214769,194147,31568,28813,55020,50549,10758,26,27
2021-07-29T23:59:59+02:00,992,884,13654,12759,19535,18041,21946,21617,25810,26489,29185,30215,20872,23879,15015,18880,4269,7442,10490,9893,16679,15598,19412,19260,23418,24119,27148,28244,19966,22816,14464,18116,4130,7161,214360,192426,31497,28702,55020,49862,10581,26,27
2021-07-28T23:59:59+02:00,965,857,13522,12631,19414,17937,21864,21536,25731,26408,29109,30146,20851,23843,15002,18868,4267,7440,10199,9691,16420,15412,19154,19074,23190,23930,26992,28099,19917,22743,14445,18094,4127,7156,213723,191095,31464,28619,55016,49352,10162,26,27
2021-07-27T23:59:59+02:00,934,836,13409,12542,19360,17881,21808,21491,25679,26355,29077,30107,20839,23825,14999,18850,4266,7434,9949,9483,16176,15194,18936,18899,23010,23762,26837,27965,19878,22692,14425,18069,4121,7147,213135,189440,31411,28462,55016,49020,10104,26,27
2021-07-26T23:59:59+02:00,909,818,13309,12448,19308,17824,21735,21427,25631,26322,29023,30048,20811,23802,14981,18831,4266,7430,9712,9234,15943,14992,18689,18699,22784,23595,26685,27835,19807,22632,14398,18033,4116,7141,212540,187692,31340,28363,55015,48645,10002,26,27
2021-07-25T23:59:59+02:00,890,807,13234,12379,19230,17778,21678,21376,25591,26274,28987,30003,20795,23786,14975,18825,4263,7429,9526,9093,15742,14845,18489,18559,22615,23485,26536,27715,19757,22584,14383,18020,4113,7138,212247,186794,31280,28211,55015,48227,9732,26,27
2021-07-24T23:59:59+02:00,890,807,13225,12370,19220,17772,21669,21371,25576,26267,28982,29997,20791,23785,14974,18824,4263,7429,9517,9080,15733,14837,18478,18553,22598,23476,26530,27707,19754,22581,14382,18019,4113,7137,212243,186776,31280,28208,55015,48227,9648,26,27
2021-07-23T23:59:59+02:00,882,806,13162,12334,19142,17740,21632,21338,25539,26228,28949,29961,20777,23769,14966,18820,4261,7426,9469,9052,15651,14793,18426,18514,22545,23435,26486,27668,19739,22565,14375,18013,4111,7134,212119,186616,31279,28204,55015,48226,9293,26,27
2021-07-22T23:59:59+02:00,870,793,13063,12254,19086,17673,21584,21309,25489,26181,28925,29939,20765,23751,14964,18814,4258,7424,9152,8780,15250,14547,18063,18258,22213,23192,26281,27534,19682,22509,14362,17991,4108,7129,211655,184792,31193,27952,55011,47316,9257,26,27
2021-07-21T23:59:59+02:00,848,766,12862,12087,18938,17548,21452,21210,25382,26079,28850,29869,20723,23716,14947,18791,4254,7419,8769,8459,14814,14218,17687,17987,21858,22864,26010,27325,19589,22421,14337,17954,4105,7120,211037,182890,31083,27601,55006,46659,8589,26,27
2021-07-20T23:59:59+02:00,818,742,12718,11954,18834,17465,21383,21133,25322,26015,28814,29818,20698,23684,14939,18775,4251,7416,8439,8152,14352,13883,17304,17714,21558,22634,25767,27140,19507,22312,14308,17919,4103,7114,210372,180746,30974,27441,55004,45782,8403,26,26
2021-07-19T23:59:59+02:00,789,714,12598,11840,18742,17395,21324,21073,25267,25962,28764,29781,20673,23656,14929,18761,4247,7410,8110,7893,13987,13629,16957,17465,21235,22433,25541,26998,19438,22237,14286,17897,4097,7108,209660,178711,30870,27276,55004,45074,8365,26,26
2021-07-18T23:59:59+02:00,771,695,12488,11736,18639,17320,21261,21021,25213,25912,28727,29727,20651,23636,14918,18750,4245,7408,7941,7740,13831,13511,16805,17342,21074,22321,25412,26919,19398,22197,14271,17881,4097,7105,209094,177778,30720,27172,55004,44712,8274,26,26
2021-07-17T23:59:59+02:00,771,695,12484,11736,18638,17317,21261,21021,25213,25912,28727,29727,20651,23636,14918,18750,4245,7408,7933,7739,13827,13506,16804,17341,21073,22320,25411,26917,19397,22197,14271,17881,4097,7105,209090,177758,30720,27171,55004,44711,8270,26,26
2021-07-16T23:59:59+02:00,764,690,12410,11680,18601,17286,21224,20994,25180,25889,28701,29708,20649,23633,14918,18748,4245,7408,7784,7637,13674,13433,16661,17283,20935,22262,25304,26869,19379,22178,14270,17875,4097,7102,208882,177312,30720,27099,55003,44319,8097,26,26
2021-07-15T23:59:59+02:00,749,670,12339,11609,18539,17228,21170,20944,25132,25850,28673,29680,20634,23615,14913,18739,4244,7405,7441,7319,13068,13030,15993,16862,20300,21893,24852,26557,19233,22037,14227,17829,4094,7095,208404,175086,30634,26204,54997,42547,8072,26,26
2021-07-14T23:59:59+02:00,720,650,12132,11476,18373,17122,21051,20849,25031,25750,28586,29582,20600,23582,14894,18723,4241,7402,7024,6956,12408,12572,15306,16380,19667,21436,24389,26214,19015,21811,14195,17781,4086,7084,207600,172252,30487,25872,54996,40604,7655,26,26
2021-07-13T23:59:59+02:00,676,616,11993,11346,18252,17041,20938,20751,24936,25655,28516,29517,20571,23543,14874,18713,4239,7392,6559,6522,11776,12076,14617,15872,19065,21022,23951,25889,18836,21596,14151,17718,4082,7075,206588,168595,30348,25699,54986,38934,7621,26,22
2021-07-12T23:59:59+02:00,643,585,11870,11208,18136,16951,20847,20643,24834,25557,28434,29451,20544,23509,14866,18701,4234,7385,6143,6106,11178,11542,13998,15331,18512,20530,23535,25526,18642,21406,14087,17660,4073,7071,205573,164922,30218,24873,54983,37979,7598,26,22
2021-07-11T23:59:59+02:00,607,558,11756,11116,18069,16889,20791,20586,24780,25511,28378,29403,20525,23489,14857,18692,4234,7384,5949,5937,10919,11340,13767,15132,18268,20341,23326,25341,18570,21326,14060,17634,4072,7065,204943,163536,30097,24403,54981,37554,7585,19,19
2021-07-10T23:59:59+02:00,606,558,11749,11115,18065,16887,20788,20586,24777,25510,28377,29403,20525,23489,14856,18690,4234,7384,5942,5936,10917,11334,13758,15128,18267,20339,23324,25339,18568,21325,14059,17634,4072,7065,204924,163510,30096,24402,54981,37547,7579,19,19
2021-07-09T23:59:59+02:00,578,535,11638,10993,17990,16803,20719,20524,24704,25434,28328,29358,20502,23469,14853,18681,4234,7383,5908,5906,10888,11301,13708,15106,18236,20306,23305,25316,18563,21315,14057,17631,4072,7064,204059,163275,30096,24352,54981,37514,7571,19,19
2021-07-08T23:59:59+02:00,543,510,11477,10859,17869,16701,20590,20427,24598,25308,28211,29281,20458,23419,14837,18653,4231,7375,5555,5648,10380,10909,13088,14653,17577,19750,22701,24854,18254,20931,13961,17548,4067,7054,203308,160975,30071,23546,54958,35442,6991,19,19
2021-07-07T23:59:59+02:00,483,457,11313,10719,17789,16616,20521,20358,24524,25230,28149,29217,20430,23384,14832,18641,4229,7367,5243,5355,9856,10460,12511,14176,16898,19232,22137,24356,17942,20567,13859,17451,4060,7031,202310,158521,30049,22085,54939,33603,6942,19,19
2021-07-06T23:59:59+02:00,444,423,11189,10570,17675,16522,20430,20257,24446,25139,28059,29138,20404,23346,14823,18624,4227,7364,4860,4935,9257,9949,11806,13579,16198,18624,21626,23862,17625,20263,13760,17338,4051,7021,201183,154404,30043,21140,54931,32310,6904,19,19
2021-07-05T23:59:59+02:00,422,396,11097,10484,17589,16452,20350,20186,24385,25087,28018,29100,20380,23325,14812,18616,4226,7361,4569,4617,8762,9498,11244,13026,15490,17982,21006,23255,17231,19869,13629,17182,4043,7013,200450,150515,30039,20464,54922,30581,6856,19,19
2021-07-04T23:59:59+02:00,409,390,11021,10429,17522,16399,20301,20137,24354,25051,28002,29082,20371,23314,14806,18613,4225,7360,4424,4524,8632,9332,11053,12850,15251,17772,20741,22983,16959,19577,13570,17091,4039,7009,199968,149205,30035,20157,54922,29603,6842,19,19
2021-07-03T23:59:59+02:00,408,389,11014,10420,17512,16391,20299,20134,24352,25050,27999,29081,20371,23313,14806,18613,4225,7359,4420,4518,8625,9331,11050,12850,15247,17772,20738,22980,16959,19574,13570,17091,4039,7009,199936,149193,30034,20157,54922,29598,6825,19,19
2021-07-02T23:59:59+02:00,364,326,10867,10310,17399,16289,20197,20059,24279,24985,27937,29021,20345,23287,14800,18599,4225,7356,4331,4437,8466,9191,10915,12740,15124,17665,20626,22876,16918,19545,13563,17076,4039,7006,199051,148202,30034,20156,54922,29541,6619,19,19
2021-07-01T23:59:59+02:00,317,282,10732,10173,17270,16196,20074,19969,24195,24909,27874,28970,20325,23263,14784,18584,4222,7352,4127,4235,8168,8853,10546,12328,14557,17169,20117,22334,16630,19246,13355,16863,4029,6984,197974,145145,29975,19472,54916,28315,6607,19,19
2021-06-30T23:59:59+02:00,235,220,10478,9935,17102,16047,19942,19837,24081,24787,27794,28881,20302,23231,14765,18566,4221,7351,3931,4038,7865,8513,10134,11865,14069,16610,19543,21701,16308,18908,13083,16587,4016,6958,196336,141466,29919,19216,54908,26851,6593,19,19
2021-06-29T23:59:59+02:00,190,183,10332,9759,16967,15950,19838,19745,24013,24712,27736,28811,20276,23204,14751,18546,4221,7347,3727,3777,7467,8064,9660,11329,13416,15944,18929,20997,15991,18582,12837,16297,4009,6944,195183,137184,29915,18918,54904,25303,6561,18,19
2021-06-28T23:59:59+02:00,140,131,10134,9576,16846,15843,19736,19644,23920,24618,27668,28750,20246,23174,14737,18527,4219,7345,3523,3519,7067,7623,9226,10836,12866,15406,18434,20482,15741,18317,12719,16165,4003,6933,194007,133357,29801,18493,54901,24477,6527,18,19
2021-06-27T23:59:59+02:00,122,114,9996,9464,16790,15785,19676,19593,23862,24568,27641,28726,20233,23158,14734,18523,4218,7342,3431,3451,6891,7430,9038,10635,12637,15166,18172,20222,15621,18213,12654,16080,4003,6929,193379,132167,29744,18145,54895,23746,6509,18,19
2021-06-26T23:59:59+02:00,122,114,9994,9459,16789,15781,19674,19592,23859,24567,27641,28726,20233,23158,14734,18523,4218,7342,3428,3451,6889,7429,9035,10633,12635,15163,18170,20221,15618,18212,12654,16079,4003,6929,193361,132147,29743,18145,54895,23742,6509,18,19
2021-06-25T23:59:59+02:00,118,111,9948,9418,16752,15749,19641,19563,23823,24539,27617,28708,20227,23151,14732,18520,4218,7342,3409,3405,6815,7318,8939,10478,12521,14967,18027,20014,15596,18183,12646,16076,4002,6928,193046,131968,29709,17793,54895,23048,6509,18,19
2021-06-24T23:59:59+02:00,108,100,9821,9292,16565,15626,19509,19441,23701,24450,27560,28648,20213,23135,14725,18511,4217,7340,3283,3258,6602,6990,8628,10022,11990,14346,17472,19309,15371,17954,12501,15947,3999,6916,192214,129575,29365,16935,54894,21600,6471,18,19
2021-06-23T23:59:59+02:00,102,94,9692,9154,16425,15500,19392,19335,23604,24345,27495,28601,20198,23113,14721,18506,4214,7339,3078,3017,6249,6504,8127,9456,11291,13525,16710,18328,15075,17612,12350,15804,3989,6891,191295,125027,29198,15964,54883,20572,6436,18,19
2021-06-22T23:59:59+02:00,71,68,9402,8848,16197,15299,19206,19187,23460,24219,27424,28516,20175,23088,14713,18487,4210,7333,2843,2728,5765,5957,7505,8695,10383,12487,15684,17127,14779,17253,12243,15680,3976,6868,189613,118597,28991,15474,54879,19497,6404,16,13
2021-06-21T23:59:59+02:00,67,61,9274,8685,16024,15153,19018,19033,23329,24096,27363,28437,20151,23060,14707,18477,4210,7329,2698,2535,5382,5490,7039,8109,9652,11608,14953,16193,14501,16940,12137,15559,3971,6852,188415,113884,28766,14915,54875,18417,6402,16,13
2021-06-20T23:59:59+02:00,64,60,9139,8553,15887,15037,18908,18942,23255,24025,27323,28386,20140,23040,14696,18470,4207,7328,2640,2466,5214,5307,6825,7843,9344,11277,14590,15792,14367,16807,12097,15522,3966,6847,187526,112187,28645,14691,54875,17627,6398,16,13
2021-06-19T23:59:59+02:00,64,60,9139,8551,15886,15031,18906,18942,23254,24025,27323,28385,20140,23040,14696,18470,4207,7328,2637,2465,5213,5303,6824,7843,9344,11276,14588,15788,14365,16807,12097,15522,3966,6847,187515,112171,28643,14689,54875,17626,6398,16,13
2021-06-18T23:59:59+02:00,64,56,9111,8539,15873,15022,18891,18934,23247,24016,27316,28380,20140,23037,14695,18470,4207,7328,2608,2431,5158,5244,6746,7743,9245,11120,14416,15560,14286,16706,12087,15501,3964,6844,187396,111386,28642,14688,54874,17186,6398,16,13
2021-06-17T23:59:59+02:00,57,53,8936,8377,15639,14854,18693,18778,23091,23885,27180,28288,20116,23015,14688,18458,4205,7325,2471,2278,4831,4945,6359,7340,8695,10514,13585,14689,14049,16415,12014,15380,3960,6832,186070,108518,28637,13729,54866,16060,6049,16,13
2021-06-16T23:59:59+02:00,49,51,8705,8162,15403,14629,18482,18578,22901,23718,27074,28178,20087,22972,14674,18438,4201,7319,2357,2170,4589,4743,6007,6994,8170,10028,12869,13850,13699,16032,11929,15291,3955,6820,184283,105071,28538,12929,54863,15581,5921,16,13
2021-06-15T23:59:59+02:00,40,38,8356,7823,15023,14271,18161,18287,22652,23505,26915,28044,20057,22938,14661,18422,4199,7308,2173,2003,4237,4389,5499,6430,7289,9142,11676,12576,13160,15417,11807,15128,3940,6797,181674,98835,28502,12266,54862,14915,5646,16,13
2021-06-14T23:59:59+02:00,34,33,8175,7655,14767,14040,17958,18114,22501,23385,26803,27963,20036,22905,14648,18414,4195,7300,2058,1878,3983,4143,5112,5959,6633,8420,10750,11522,12844,15070,11735,15034,3930,6778,180094,94001,28478,11904,54860,14463,5478,16,13
2021-06-13T23:59:59+02:00,34,33,8098,7600,14687,13955,17843,18003,22420,23305,26773,27933,20023,22894,14644,18408,4195,7300,2010,1850,3902,4045,4992,5819,6402,8177,10456,11188,12687,14892,11677,14978,3929,6777,179340,92613,28469,11612,54856,14085,5467,16,12
2021-06-12T23:59:59+02:00,34,33,8097,7599,14686,13955,17843,18003,22418,23304,26772,27930,20023,22893,14644,18408,4195,7300,2009,1848,3901,4045,4990,5818,6399,8174,10453,11182,12684,14891,11677,14976,3929,6777,179329,92594,28469,11612,54856,14076,5467,16,12
2021-06-11T23:59:59+02:00,34,32,8031,7558,14597,13907,17768,17953,22348,23270,26728,27907,20021,22889,14644,18407,4195,7300,1993,1839,3865,3987,4948,5751,6338,8092,10354,11077,12645,14856,11666,14970,3929,6777,178992,92380,28391,11606,54855,13762,5335,16,12
2021-06-10T23:59:59+02:00,29,25,7690,7259,14202,13543,17339,17577,22018,22989,26534,27727,19977,22844,14631,18390,4192,7288,1888,1756,3649,3825,4675,5482,6019,7724,9739,10465,12130,14197,11598,14862,3921,6770,176394,89224,27897,11227,54845,13142,5102,16,11
2021-06-09T23:59:59+02:00,28,22,7320,6908,13735,13101,16821,17109,21627,22620,26320,27514,19904,22773,14613,18355,4189,7280,1718,1642,3449,3649,4421,5214,5635,7319,8967,9752,11466,13367,11479,14722,3911,6758,173136,84990,27348,10591,54832,12976,4907,16,11
2021-06-08T23:59:59+02:00,23,18,6942,6500,13221,12618,16352,16641,21269,22282,26104,27312,19846,22695,14583,18320,4186,7273,1626,1566,3226,3420,4103,4861,5128,6831,8081,8833,10583,12290,11338,14565,3907,6743,169722,79340,26860,10295,54823,12698,4764,16,10
2021-06-07T23:59:59+02:00,20,15,6662,6208,12793,12243,15951,16242,20942,21985,25942,27156,19810,22642,14562,18301,4179,7267,1564,1494,3037,3247,3825,4633,4728,6455,7369,8082,9674,11145,11228,14419,3896,6725,167158,74601,26433,9924,54803,12482,4510,16,10
2021-06-06T23:59:59+02:00,20,15,6520,6075,12650,12092,15788,16082,20777,21822,25856,27069,19790,22605,14551,18291,4178,7263,1549,1471,2964,3206,3730,4569,4622,6374,7227,7953,9417,10877,11182,14369,3893,6720,165926,73920,26329,9499,54782,12309,4391,16,10
2021-06-05T23:59:59+02:00,20,15,6511,6072,12641,12080,15779,16075,20775,21820,25856,27067,19790,22605,14551,18291,4178,7263,1547,1469,2961,3205,3729,4568,4619,6374,7223,7948,9411,10873,11182,14369,3893,6720,165871,73893,26329,9498,54782,12305,4391,16,10
2021-06-04T23:59:59+02:00,20,15,6481,6032,12583,12029,15719,16027,20747,21788,25839,27050,19786,22599,14548,18291,4178,7263,1546,1464,2948,3195,3710,4554,4609,6360,7188,7905,9379,10803,11144,14328,3892,6719,165776,73619,26070,9486,54760,12262,4373,16,10
2021-06-03T23:59:59+02:00,20,14,6247,5808,12284,11781,15397,15714,20414,21449,25584,26837,19740,22525,14528,18271,4177,7259,1504,1419,2876,3130,3613,4477,4497,6261,6987,7724,9003,10357,11092,14255,3892,6714,163292,72322,25823,9190,54759,12125,4159,16,10
2021-06-02T23:59:59+02:00,20,14,6186,5748,12218,11715,15323,15647,20342,21388,25567,26813,19735,22522,14525,18268,4176,7258,1490,1409,2860,3117,3597,4463,4463,6244,6954,7686,8924,10247,11083,14230,3891,6713,162948,71961,25637,9184,54758,12116,4106,16,9
2021-06-01T23:59:59+02:00,16,14,5728,5250,11475,11016,14497,14915,19624,20720,25157,26428,19644,22432,14491,18221,4168,7250,1377,1301,2560,2849,3219,4127,3975,5784,6127,6884,7737,8627,10839,13884,3877,6696,157898,66563,24982,8280,54730,11597,3420,16,8
2021-05-31T23:59:59+02:00,14,14,5479,4949,11030,10591,13968,14421,19145,20222,24851,26088,19550,22347,14452,18175,4159,7234,1317,1247,2407,2717,3018,3957,3699,5494,5573,6354,6736,7363,10598,13565,3868,6662,154420,62537,24291,7405,54726,11394,3236,16,8
2021-05-30T23:59:59+02:00,14,14,5399,4872,10847,10466,13804,14242,18798,19903,24608,25841,19519,22317,14444,18155,4158,7232,1296,1234,2382,2687,2971,3911,3631,5439,5470,6265,6565,7133,10561,13491,3866,6652,152926,61807,23789,7344,54699,11197,3203,16,8
2021-05-29T23:59:59+02:00,14,14,5397,4872,10847,10462,13800,14239,18798,19902,24607,25839,19519,22317,14444,18155,4158,7232,1295,1231,2381,2686,2969,3908,3631,5437,5469,6263,6560,7129,10561,13491,3866,6652,152910,61797,23789,7341,54698,11185,3203,16,8
2021-05-28T23:59:59+02:00,14,14,5380,4860,10825,10426,13774,14220,18782,19885,24599,25830,19518,22316,14442,18152,4158,7231,1290,1231,2381,2680,2968,3906,3625,5431,5455,6247,6544,7112,10552,13469,3865,6648,152725,61693,23787,7341,54697,11166,3201,16,8
2021-05-27T23:59:59+02:00,11,14,5087,4577,10308,9973,13188,13688,18093,19272,24018,25293,19420,22203,14409,18106,4147,7218,1121,1091,2098,2490,2669,3618,3330,5075,5125,5969,6247,6696,10324,13187,3860,6633,149472,59852,22793,7304,54592,10222,2152,16,7
2021-05-26T23:59:59+02:00,11,14,4822,4316,9870,9593,12667,13167,17480,18663,23384,24615,19296,22054,14363,18051,4141,7201,1041,1009,1941,2337,2469,3421,3068,4830,4736,5619,5691,6047,9956,12656,3844,6597,145361,56714,22038,7267,54470,9453,1825,14,7
2021-05-25T23:59:59+02:00,11,13,4607,4086,9455,9116,12205,12662,16943,18085,22862,23976,19164,21881,14332,17972,4132,7187,990,964,1879,2248,2358,3285,2896,4627,4391,5245,5114,5314,9508,12055,3828,6572,141304,53166,21208,7252,54340,9030,1823,14,7
2021-05-24T23:59:59+02:00,11,13,4493,3927,9243,8912,12001,12402,16642,17764,22533,23578,19089,21802,14317,17952,4130,7186,974,916,1820,2206,2285,3224,2810,4546,4271,5129,4969,5155,9418,11928,3826,6564,139801,52461,20250,7200,54161,8608,1769,14,7
2021-05-23T23:59:59+02:00,11,13,4482,3926,9237,8908,11989,12392,16631,17757,22517,23557,19083,21797,14316,17950,4130,7186,973,912,1818,2202,2282,3222,2804,4542,4264,5113,4961,5141,9411,11915,3825,6563,139692,52386,20247,7187,54160,8603,1769,14,7
2021-05-22T23:59:59+02:00,11,13,4477,3923,9234,8905,11981,12386,16629,17753,22515,23555,19083,21797,14316,17950,4130,7186,973,912,1817,2201,2280,3222,2803,4542,4264,5111,4959,5140,9410,11915,3825,6563,139666,52380,20247,7187,54148,8598,1769,14,7
2021-05-21T23:59:59+02:00,11,13,4444,3884,9166,8830,11908,12297,16538,17678,22451,23487,19063,21779,14312,17943,4130,7184,928,902,1784,2189,2249,3213,2772,4517,4216,5083,4934,5117,9398,11908,3824,6562,139009,52315,20247,7187,54129,8372,1719,14,7
2021-05-20T23:59:59+02:00,8,12,4187,3700,8721,8476,11426,11880,15868,17175,21867,22907,18878,21612,14281,17903,4125,7173,781,837,1527,2029,2006,3057,2530,4298,3966,4851,4777,4954,9283,11764,3816,6537,135605,51582,19872,7089,53713,7344,995,14,7
2021-05-19T23:59:59+02:00,8,12,3940,3455,8223,8008,10845,11331,15195,16471,21188,22182,18677,21381,14240,17853,4119,7156,729,791,1467,1948,1929,2954,2463,4174,3824,4693,4603,4743,9080,11536,3796,6508,130190,50500,19689,6957,53414,6801,977,14,7
2021-05-18T23:59:59+02:00,7,11,3652,3188,7674,7468,10112,10631,14235,15536,20241,21125,18418,21098,14185,17793,4113,7134,674,743,1413,1863,1856,2844,2335,4034,3648,4490,4335,4452,8878,11287,3783,6481,123135,49273,19595,6759,52972,6176,905,14,7
2021-05-17T23:59:59+02:00,7,11,3461,2977,7211,7000,9604,10091,13504,14745,19554,20324,18232,20836,14138,17728,4103,7120,615,688,1332,1800,1782,2762,2226,3960,3511,4377,4087,4221,8735,11075,3770,6452,117883,48474,19354,6545,52506,5482,889,14,7
2021-05-16T23:59:59+02:00,7,10,3332,2903,7003,6822,9401,9877,13250,14510,19327,20096,18154,20757,14124,17709,4102,7114,602,643,1293,1750,1736,2701,2189,3867,3446,4294,3996,4120,8715,11050,3768,6450,116262,48331,19112,6378,52225,5023,885,14,7
2021-05-15T23:59:59+02:00,7,10,3331,2900,6997,6815,9399,9871,13246,14508,19324,20087,18152,20756,14124,17709,4102,7114,602,643,1291,1750,1734,2701,2187,3867,3445,4294,3994,4118,8715,11050,3768,6450,116219,48325,19112,6377,52223,5020,884,14,7
2021-05-14T23:59:59+02:00,7,10,3291,2856,6884,6673,9270,9734,13097,14326,19152,19952,18128,20731,14123,17701,4101,7111,580,631,1270,1731,1706,2680,2153,3841,3401,4258,3944,4064,8708,11043,3768,6449,115816,48287,18364,6228,52141,4896,813,13,7
2021-05-13T23:59:59+02:00,7,10,3167,2692,6558,6353,8832,9338,12551,13844,18548,19356,17998,20587,14090,17665,4096,7109,544,606,1215,1677,1648,2607,2065,3735,3251,4139,3840,3928,8687,11023,3765,6445,112940,48193,17668,5841,51535,4490,646,12,7
2021-05-12T23:59:59+02:00,7,10,3140,2660,6525,6315,8785,9284,12413,13731,18363,19152,17965,20553,14082,17655,4096,7109,543,604,1214,1675,1643,2604,2057,3729,3237,4131,3827,3915,8679,11017,3765,6444,112229,48168,17441,5814,51517,4451,646,12,7
2021-05-11T23:59:59+02:00,5,10,2748,2404,5724,5813,7816,8470,11022,12571,16793,17677,17459,19991,14000,17550,4078,7086,506,546,1083,1567,1479,2448,1871,3551,3015,3871,3719,3802,8610,10925,3761,6439,104827,47939,16819,5619,49440,3510,120,11,7
2021-05-10T23:59:59+02:00,5,8,2560,2235,5249,5432,7119,7844,9988,11654,15498,16305,17081,19541,13937,17436,4071,7062,479,520,1040,1528,1435,2397,1811,3449,2896,3740,3637,3729,8571,10878,3757,6435,99009,47824,15912,5390,47974,2965,119,11,6
2021-05-09T23:59:59+02:00,5,8,2476,2205,5111,5348,6933,7725,9580,11315,14952,15778,16963,19403,13917,17408,4068,7057,463,502,1007,1472,1364,2313,1753,3327,2785,3586,3553,3637,8548,10846,3754,6432,97435,47739,15330,5122,47359,2360,117,11,6
2021-05-08T23:59:59+02:00,5,8,2472,2204,5110,5348,6933,7723,9576,11312,14951,15777,16963,19403,13917,17408,4068,7057,462,501,1007,1472,1364,2312,1753,3327,2784,3585,3551,3637,8548,10846,3754,6432,97421,47735,15329,5122,47357,2357,117,11,6
2021-05-07T23:59:59+02:00,5,8,2300,2142,4838,5254,6571,7569,9127,11097,14508,15457,16786,19201,13905,17379,4068,7055,450,499,996,1461,1349,2297,1718,3317,2735,3550,3506,3597,8472,10765,3754,6429,96714,47712,14814,4779,45618,2287,113,11,6
2021-05-06T23:59:59+02:00,5,8,2063,2009,4286,4904,5918,7192,8360,10539,13531,14635,16390,18751,13856,17285,4056,7042,420,451,954,1362,1263,2136,1612,3093,2513,3267,3328,3397,8294,10574,3745,6416,94140,47274,13573,4175,43063,1328,44,10,6
2021-05-05T23:59:59+02:00,5,8,1938,1896,4001,4680,5485,6821,7669,9953,12413,13577,15714,17916,13753,17183,4047,7018,411,439,941,1335,1233,2092,1576,3017,2453,3183,3278,3357,8216,10478,3739,6406,89729,47143,12248,4030,42061,948,29,10,6
2021-05-04T23:59:59+02:00,5,8,1852,1811,3733,4444,5075,6463,7008,9379,11196,12334,14796,16789,13643,17046,4043,7004,406,431,922,1316,1214,2048,1558,2980,2408,3128,3235,3310,8127,10367,3733,6392,83919,47008,11610,3832,41075,717,15,10,5
2021-05-03T23:59:59+02:00,4,8,1799,1759,3583,4320,4843,6251,6624,9047,10468,11598,14074,15811,13557,16930,4034,6987,400,422,919,1303,1200,2014,1538,2939,2375,3082,3183,3270,8014,10265,3728,6386,79493,46883,11406,3613,40776,526,13,9,5
2021-05-02T23:59:59+02:00,4,8,1789,1740,3509,4295,4762,6198,6554,8986,10353,11484,13887,15617,13525,16903,4033,6982,398,414,913,1288,1197,1997,1535,2926,2359,3065,3168,3253,7978,10233,3727,6382,78937,46864,11129,3516,40545,441,9,9,5
2021-05-01T23:59:59+02:00,4,8,1787,1740,3508,4294,4762,6197,6551,8985,10348,11480,13884,15617,13524,16902,4033,6979,397,414,913,1288,1197,1996,1535,2926,2359,3065,3168,3253,7978,10233,3727,6381,78911,46861,11129,3516,40545,441,9,9,5
2021-04-30T23:59:59+02:00,4,8,1785,1734,3502,4284,4755,6184,6530,8970,10310,11442,13832,15543,13498,16871,4032,6978,397,412,912,1286,1197,1996,1535,2926,2357,3064,3168,3251,7977,10231,3727,6381,78582,46854,11129,3515,40535,437,8,8,5
2021-04-29T23:59:59+02:00,4,7,1657,1692,3262,4169,4481,6035,6218,8721,9896,11052,13253,14840,13395,16717,4026,6970,389,401,904,1264,1176,1962,1510,2889,2327,3016,3153,3239,7964,10213,3725,6377,75810,46735,10743,3514,39827,249,8,7,5
2021-04-28T23:59:59+02:00,4,7,1529,1645,3086,4069,4244,5857,5859,8449,9308,10562,12377,13659,13239,16508,4017,6956,380,391,888,1252,1160,1933,1474,2845,2257,2947,3000,3107,7852,10097,3718,6366,71317,46321,10556,3103,39489,234,6,7,5
2021-04-27T23:59:59+02:00,4,7,1489,1600,2977,3951,4042,5714,5552,8190,8687,9891,11338,12353,13010,16153,4006,6934,368,376,879,1231,1145,1898,1447,2773,2211,2886,2961,3064,7825,10067,3712,6362,66513,46111,10368,2931,39004,154,6,7,5
2021-04-26T23:59:59+02:00,4,7,1462,1567,2864,3874,3869,5570,5241,7977,8198,9450,10583,11427,12866,15949,3995,6916,367,371,869,1220,1129,1887,1417,2753,2184,2856,2912,3014,7780,10018,3706,6357,63103,46015,10178,2683,38525,133,6,7,5
2021-04-25T23:59:59+02:00,4,7,1451,1561,2797,3844,3774,5510,5106,7930,8002,9344,10387,11192,12829,15895,3994,6911,366,366,860,1213,1111,1873,1402,2734,2162,2829,2870,2981,7731,9970,3705,6352,62599,45936,9975,2473,37951,107,6,7,5
2021-04-24T23:59:59+02:00,4,7,1450,1561,2797,3843,3774,5509,5104,7928,7998,9340,10381,11190,12829,15895,3994,6911,366,366,860,1213,1111,1871,1400,2733,2161,2829,2870,2981,7731,9970,3705,6352,62577,45932,9975,2472,37950,106,6,7,5
2021-04-23T23:59:59+02:00,4,7,1434,1552,2729,3809,3692,5479,4986,7880,7864,9280,10295,11081,12805,15854,3992,6907,365,366,859,1211,1111,1871,1399,2733,2161,2829,2870,2981,7730,9970,3705,6352,62447,45928,9696,2471,37494,105,6,7,5
2021-04-22T23:59:59+02:00,4,7,1391,1523,2622,3742,3534,5375,4755,7727,7512,9044,9727,10389,12539,15556,3986,6884,358,365,850,1200,1099,1859,1383,2706,2131,2806,2823,2932,7638,9864,3694,6336,60834,45524,9037,2420,36433,91,6,7,5
2021-04-21T23:59:59+02:00,4,7,1357,1485,2540,3664,3416,5273,4538,7546,7103,8717,8841,9358,12128,14977,3973,6843,354,363,845,1184,1090,1838,1365,2676,2101,2778,2765,2875,7525,9700,3677,6308,58113,45048,8168,2296,35476,91,6,7,5
2021-04-20T23:59:59+02:00,4,7,1334,1459,2470,3590,3314,5175,4363,7364,6717,8387,7950,8230,11666,14386,3959,6829,349,358,833,1171,1081,1816,1341,2653,2068,2735,2704,2818,7377,9517,3647,6255,55259,44338,7403,2291,34531,86,5,6,5
2021-04-19T23:59:59+02:00,4,7,1318,1444,2432,3552,3253,5108,4257,7262,6477,8155,7318,7456,11414,14031,3949,6811,347,356,829,1161,1075,1804,1318,2640,2034,2710,2651,2775,7262,9353,3624,6216,53316,43786,7031,2278,33890,83,5,6,5
2021-04-18T23:59:59+02:00,4,6,1309,1432,2400,3526,3214,5087,4204,7204,6343,8026,6963,7068,11320,13927,3946,6799,347,355,827,1157,1074,1797,1316,2627,2028,2705,2645,2762,7236,9321,3622,6213,52801,43665,6570,2276,33396,83,5,6,5
2021-04-17T23:59:59+02:00,4,6,1308,1430,2400,3525,3213,5083,4199,7201,6336,8016,6949,7058,11318,13925,3946,6799,347,355,826,1156,1074,1797,1314,2626,2027,2703,2642,2760,7235,9321,3622,6213,52779,43652,6568,2275,33358,83,5,6,5
2021-04-16T23:59:59+02:00,4,6,1305,1429,2390,3518,3205,5075,4179,7183,6285,7983,6873,6973,11306,13911,3944,6797,347,354,823,1154,1072,1797,1311,2625,2024,2703,2641,2753,7232,9319,3621,6213,52721,43629,6332,2270,33302,82,5,6,5
2021-04-15T23:59:59+02:00,2,4,1268,1408,2335,3470,3108,5016,4019,7055,6027,7751,6329,6415,11058,13622,3930,6765,339,352,805,1133,1033,1738,1266,2553,1950,2608,2564,2683,7144,9232,3611,6196,51635,43040,5944,2084,31992,77,5,6,3
2021-04-14T23:59:59+02:00,2,4,1246,1395,2300,3442,3039,4954,3912,6949,5836,7542,5687,5713,10670,13137,3898,6714,331,349,793,1124,1016,1713,1236,2512,1899,2558,2487,2614,6996,9037,3592,6170,50233,42381,5737,1964,30460,77,4,6,3
2021-04-13T23:59:59+02:00,2,4,1232,1386,2268,3412,2984,4891,3802,6867,5588,7320,5155,5167,10329,12724,3875,6686,310,335,775,1096,993,1693,1211,2477,1863,2517,2421,2549,6878,8901,3556,6109,49218,41698,5533,1907,28931,74,4,6,3
2021-04-12T23:59:59+02:00,2,4,1216,1380,2243,3389,2934,4846,3676,6787,5378,7170,4828,4872,10080,12443,3866,6663,294,331,762,1092,976,1677,1197,2454,1814,2471,2345,2491,6764,8760,3541,6087,48755,41126,5335,1859,27678,67,3,6,3
2021-04-11T23:59:59+02:00,2,4,1209,1367,2224,3370,2901,4826,3614,6716,5233,7061,4597,4673,9895,12245,3861,6652,287,329,757,1084,966,1663,1186,2426,1792,2441,2291,2432,6681,8652,3527,6067,48672,40711,5099,1801,26671,66,2,6,3
2021-04-10T23:59:59+02:00,2,4,1209,1366,2221,3366,2899,4822,3608,6713,5223,7050,4592,4664,9887,12232,3861,6651,284,325,742,1077,953,1658,1163,2406,1722,2389,2208,2346,6625,8605,3526,6063,48617,40546,5099,1480,26646,63,2,6,3
2021-04-09T23:59:59+02:00,2,4,1206,1363,2214,3364,2891,4813,3599,6702,5193,7026,4568,4638,9862,12202,3860,6651,275,322,722,1067,938,1637,1130,2359,1631,2314,1990,2077,6471,8448,3505,6030,48544,39696,5094,1154,26512,63,2,6,3
2021-04-08T23:59:59+02:00,2,4,1181,1343,2159,3308,2807,4723,3458,6573,4957,6793,4181,4230,9321,11631,3842,6598,250,302,670,1006,880,1564,1057,2262,1498,2194,1715,1743,6011,7891,3418,5887,48087,37144,4569,1151,24447,50,2,6,3
2021-04-07T23:59:59+02:00,2,4,1171,1329,2127,3291,2765,4685,3369,6511,4793,6658,3888,3930,8760,11081,3825,6567,216,272,610,952,820,1493,998,2201,1393,2095,1575,1568,5415,7196,3328,5735,47881,34670,4096,1146,22772,49,1,6,3
2021-04-06T23:59:59+02:00,2,4,1150,1312,2084,3266,2726,4653,3304,6464,4666,6566,3637,3676,8271,10571,3809,6537,209,266,582,933,795,1444,954,2144,1310,2008,1431,1382,4840,6407,3218,5530,47686,32267,3560,1138,21445,46,1,6,3
2021-04-05T23:59:59+02:00,2,4,1147,1308,2080,3263,2716,4651,3290,6450,4644,6548,3605,3649,8244,10534,3805,6535,206,253,575,917,776,1420,938,2108,1270,1968,1384,1319,4627,6137,3170,5475,47600,31359,3555,1136,21313,46,1,6,3
2021-04-04T23:59:59+02:00,2,4,1147,1308,2080,3262,2716,4650,3290,6450,4643,6547,3601,3647,8242,10532,3805,6535,206,253,574,917,776,1420,938,2108,1270,1967,1384,1319,4626,6137,3170,5475,47594,31356,3555,1136,21305,46,1,6,3
2021-04-03T23:59:59+02:00,2,4,1147,1308,2079,3262,2716,4650,3290,6450,4643,6547,3600,3645,8242,10530,3805,6535,206,253,574,917,776,1420,938,2108,1270,1967,1384,1319,4626,6137,3170,5475,47592,31356,3554,1136,21302,46,1,6,3
2021-04-02T23:59:59+02:00,2,4,1147,1308,2079,3260,2716,4649,3290,6447,4643,6545,3598,3641,8240,10529,3805,6535,206,253,574,917,776,1418,938,2108,1270,1966,1384,1317,4624,6136,3169,5475,47576,31348,3554,1135,21301,46,1,6,3
2021-04-01T23:59:59+02:00,1,4,1134,1271,2014,3138,2608,4450,3142,6198,4486,6307,3554,3605,8142,10424,3795,6519,201,244,570,909,765,1412,928,2094,1247,1950,1363,1289,4385,5817,3051,5310,47210,30363,3549,1131,20026,39,1,6,3
2021-03-31T23:59:59+02:00,1,4,1116,1239,1975,3037,2532,4307,3052,5985,4357,6077,3473,3524,7991,10226,3776,6485,193,241,563,897,761,1394,916,2074,1206,1916,1307,1226,3900,5223,2924,5077,46611,28649,3422,1131,19117,38,1,6,1
2021-03-30T23:59:59+02:00,1,3,1094,1205,1926,2856,2430,4081,2901,5627,4155,5689,3380,3430,7827,10022,3750,6434,189,236,555,885,750,1372,893,2054,1158,1871,1223,1143,3379,4515,2702,4745,45978,26510,3260,1131,17566,29,1,6,1
2021-03-29T23:59:59+02:00,1,3,1078,1161,1865,2720,2346,3921,2763,5373,3993,5415,3283,3332,7667,9794,3721,6387,188,233,549,874,740,1358,876,2030,1123,1842,1149,1058,2802,3838,2523,4451,45337,24488,3033,1127,16446,19,1,6,1
2021-03-28T23:59:59+02:00,1,3,1058,1128,1793,2555,2262,3715,2642,5073,3841,5138,3218,3267,7602,9729,3717,6381,188,233,547,871,739,1356,874,2024,1120,1840,1140,1046,2747,3770,2510,4424,45230,24291,2822,1124,15064,14,1,6,1
2021-03-27T23:59:59+01:00,1,3,1058,1128,1793,2554,2261,3714,2639,5073,3838,5138,3214,3267,7601,9729,3717,6381,188,233,546,871,739,1356,873,2024,1118,1840,1140,1046,2747,3770,2510,4424,45221,24287,2822,1124,15059,14,1,6,1
2021-03-26T23:59:59+01:00,1,3,1054,1106,1750,2439,2197,3556,2577,4862,3752,4914,3193,3250,7598,9724,3716,6380,188,232,545,871,738,1356,873,2024,1118,1837,1136,1045,2744,3762,2509,4421,45195,24263,2819,1124,14051,12,1,6,1
2021-03-25T23:59:59+01:00,1,3,1028,1074,1699,2336,2114,3388,2471,4634,3641,4717,3092,3160,7471,9593,3709,6366,186,229,540,870,731,1346,867,2007,1103,1813,1090,1001,2518,3416,2312,4130,44940,23023,2487,1124,13064,12,1,5,1
2021-03-24T23:59:59+01:00,1,3,1006,1055,1679,2294,2083,3338,2436,4567,3597,4648,3005,3091,7343,9422,3692,6347,186,225,534,866,724,1336,856,1992,1084,1792,1050,959,2134,2873,1923,3620,44405,21020,2358,1122,12838,12,1,5,1
2021-03-23T23:59:59+01:00,1,3,996,1049,1660,2262,2060,3304,2400,4524,3557,4597,2938,3018,7250,9321,3674,6319,184,222,530,861,717,1324,842,1973,1047,1762,969,869,1773,2384,1581,3157,43892,19095,2348,1088,12688,12,1,4,1
2021-03-22T23:59:59+01:00,1,3,993,1041,1645,2246,2046,3286,2378,4496,3520,4556,2893,2984,7188,9251,3659,6302,181,219,529,851,701,1301,828,1959,1018,1735,923,798,1304,1811,1236,2677,43556,17025,2328,1034,12599,12,1,4,1
2021-03-21T23:59:59+01:00,1,3,993,1041,1644,2243,2046,3285,2374,4492,3509,4549,2880,2975,7140,9195,3653,6296,181,216,528,849,700,1297,826,1955,1007,1730,900,779,1228,1726,1183,2608,43411,16724,2325,977,12578,12,1,4,1
2021-03-20T23:59:59+01:00,1,3,992,1040,1643,2242,2046,3285,2374,4492,3507,4547,2880,2974,7140,9194,3653,6296,181,216,528,849,700,1297,826,1955,995,1717,865,751,1197,1703,1175,2606,43410,16722,2321,827,12573,12,1,4,1
2021-03-19T23:59:59+01:00,1,3,991,1032,1636,2230,2035,3281,2372,4486,3500,4540,2870,2963,7127,9177,3652,6293,181,215,527,849,700,1295,826,1954,988,1712,821,714,1140,1653,1165,2596,43347,16680,2316,644,12521,12,1,4,1
2021-03-18T23:59:59+01:00,1,3,952,1000,1562,2119,1911,3114,2224,4240,3272,4289,2718,2805,6825,8812,3586,6194,180,214,522,844,693,1288,817,1943,966,1696,803,692,1065,1547,1025,2397,41952,16113,2007,567,11663,12,1,4,1
2021-03-17T23:59:59+01:00,1,3,898,967,1491,2062,1848,3048,2159,4178,3177,4193,2583,2672,6400,8321,3522,6080,179,212,519,839,691,1284,813,1938,961,1689,774,673,930,1394,869,2185,40186,15372,2004,566,11408,12,1,4,1
2021-03-16T23:59:59+01:00,1,3,873,944,1458,2023,1809,2999,2106,4123,3083,4095,2449,2513,5930,7675,3434,5930,173,209,514,838,687,1277,808,1929,954,1676,769,660,843,1268,727,2022,38203,14774,1945,566,11295,12,1,4,1
2021-03-15T23:59:59+01:00,1,3,856,937,1440,2001,1771,2944,2068,4051,2983,3986,2317,2343,5448,7133,3362,5817,172,208,514,831,685,1268,804,1919,944,1660,758,650,773,1157,579,1825,36439,14206,1849,528,11169,12,0,4,1
2021-03-14T23:59:59+01:00,1,3,851,923,1415,1972,1747,2915,2038,3991,2922,3920,2140,2150,5262,6907,3330,5786,172,208,513,828,683,1257,803,1912,941,1650,741,641,757,1138,555,1770,35420,14062,1752,503,11097,3,0,4,1
2021-03-13T23:59:59+01:00,1,3,843,916,1394,1961,1731,2902,2013,3963,2850,3872,2071,2076,5215,6854,3328,5785,172,208,513,827,683,1257,803,1912,941,1650,739,641,757,1135,554,1770,35170,14055,1513,503,11091,3,0,4,1
2021-03-12T23:59:59+01:00,1,3,819,901,1350,1904,1669,2803,1916,3811,2694,3705,1874,1839,5031,6632,3298,5742,172,208,512,827,683,1257,802,1912,941,1649,731,638,744,1120,547,1767,33846,14004,1274,502,10868,3,0,4,1
2021-03-11T23:59:59+01:00,1,3,784,842,1281,1822,1586,2656,1832,3610,2531,3533,1611,1530,4665,6163,3165,5560,163,202,506,818,673,1248,787,1877,920,1609,604,577,675,1079,527,1736,31738,13506,1179,492,10254,2,0,4,1
2021-03-10T23:59:59+01:00,1,3,768,791,1258,1764,1553,2597,1781,3539,2450,3443,1541,1442,4197,5625,3047,5310,163,200,497,796,655,1235,779,1857,913,1593,535,562,642,1070,520,1730,29931,13356,1172,388,10003,2,0,4,1
2021-03-09T23:59:59+01:00,1,3,756,768,1238,1734,1525,2551,1741,3488,2377,3391,1450,1346,3637,4877,2863,5005,161,198,492,775,645,1211,765,1825,901,1565,531,560,640,1065,517,1724,27772,13296,1169,276,9806,2,0,4,1
2021-03-08T23:59:59+01:00,0,3,752,741,1225,1715,1509,2531,1715,3452,2339,3348,1358,1246,2969,4050,2627,4635,157,195,478,751,623,1178,746,1775,877,1528,527,558,640,1064,517,1724,25327,13288,1169,49,9715,0,0,4,1
2021-03-07T23:59:59+01:00,0,3,749,737,1217,1706,1501,2517,1705,3444,2328,3340,1345,1230,2868,3930,2604,4585,157,195,478,751,623,1178,746,1775,877,1528,527,558,640,1064,517,1724,24976,13288,1167,49,9662,0,0,4,1
2021-03-06T23:59:59+01:00,0,3,748,737,1216,1703,1498,2514,1701,3441,2325,3339,1342,1230,2868,3930,2604,4585,156,195,478,751,623,1178,746,1775,877,1528,527,558,640,1064,517,1724,24972,13287,1167,49,9641,0,0,4,1
2021-03-05T23:59:59+01:00,0,3,683,711,1190,1689,1477,2505,1676,3426,2296,3330,1337,1227,2860,3922,2601,4580,156,195,478,750,623,1177,746,1775,877,1526,526,558,640,1064,517,1724,24942,13282,1163,49,9404,0,0,4,1
2021-03-04T23:59:59+01:00,0,3,617,662,1123,1620,1420,2423,1635,3347,2222,3253,1287,1179,2644,3558,2418,4293,154,190,475,736,611,1165,735,1747,868,1513,516,547,628,1054,512,1715,23725,13117,1156,48,8819,0,0,4,1
2021-03-03T23:59:59+01:00,0,3,581,623,1055,1556,1323,2341,1535,3261,2097,3169,1243,1134,2277,3038,2065,3849,154,190,473,733,611,1165,734,1745,866,1512,514,546,626,1051,512,1713,21870,13097,1155,47,8123,0,0,2,1
2021-03-02T23:59:59+01:00,0,3,563,590,1017,1510,1267,2298,1478,3209,2001,3108,1160,1034,1911,2559,1677,3327,152,188,468,727,606,1154,724,1735,861,1492,505,537,615,1030,493,1683,19807,12922,1152,47,7751,0,0,2,1
2021-03-01T23:59:59+01:00,0,3,556,542,999,1471,1221,2237,1432,3144,1946,3035,1116,960,1419,1964,1302,2791,150,188,468,727,606,1153,724,1732,860,1492,503,537,612,1021,489,1672,17544,12886,1149,47,7443,0,0,2,1
2021-02-28T23:59:59+01:00,0,3,549,529,982,1432,1195,2176,1404,3086,1891,2962,1095,938,1305,1823,1230,2702,150,188,467,726,606,1153,723,1730,859,1491,501,537,612,1021,489,1672,17066,12877,1147,47,7087,0,0,2,1
2021-02-27T23:59:59+01:00,0,3,549,527,981,1432,1195,2174,1404,3085,1891,2961,1095,938,1305,1822,1229,2702,150,188,466,725,603,1151,721,1728,857,1490,501,537,612,1021,489,1672,17064,12877,1147,33,7080,0,0,2,1
2021-02-26T23:59:59+01:00,0,3,400,476,851,1388,1111,2131,1337,3044,1832,2919,1090,931,1302,1821,1229,2701,150,188,466,725,603,1151,721,1727,857,1489,501,537,612,1021,489,1672,17054,12876,1147,32,6363,0,0,2,1
2021-02-25T23:59:59+01:00,0,3,308,422,756,1294,1027,2042,1238,2870,1693,2757,1052,899,1221,1697,1116,2513,143,178,454,712,587,1126,714,1702,837,1465,489,523,584,990,475,1653,16466,12609,1147,22,5293,0,0,2,1
2021-02-24T23:59:59+01:00,0,2,259,377,684,1219,953,1954,1184,2753,1628,2639,1025,879,1098,1552,960,2300,141,178,451,709,583,1125,713,1696,836,1461,484,518,576,985,472,1641,15761,12549,1145,19,4558,0,0,2,1
2021-02-23T23:59:59+01:00,0,2,247,356,662,1161,925,1875,1136,2641,1553,2531,1000,851,1021,1424,823,2142,141,177,451,707,583,1125,713,1693,834,1460,483,516,574,984,472,1640,15212,12538,1114,14,4022,0,0,2,1
2021-02-22T23:59:59+01:00,0,0,233,337,639,1131,893,1792,1087,2549,1469,2408,955,822,903,1281,642,1890,141,177,450,706,581,1124,711,1693,828,1458,482,515,573,982,471,1638,14472,12526,1045,3,3512,0,0,2,1
2021-02-21T23:59:59+01:00,0,0,227,326,605,1066,843,1686,1044,2448,1390,2301,938,801,872,1230,590,1826,141,176,447,699,580,1120,711,1688,828,1457,481,515,572,982,470,1637,14266,12500,1005,3,2920,0,0,2,1
2021-02-20T23:59:59+01:00,0,0,227,323,602,1065,841,1681,1041,2443,1377,2284,902,772,841,1207,582,1824,141,176,447,699,580,1120,711,1688,828,1457,481,514,571,982,470,1637,14266,12499,851,3,2893,0,0,2,0
2021-02-19T23:59:59+01:00,0,0,217,315,592,1057,828,1666,1020,2426,1344,2241,659,670,704,1145,557,1807,141,176,447,698,580,1117,710,1686,825,1454,481,514,571,981,469,1637,13790,12484,671,3,2785,0,0,2,0
2021-02-18T23:59:59+01:00,0,0,200,265,553,936,744,1439,889,2167,1096,1866,579,602,666,1105,538,1790,136,176,434,686,565,1100,704,1660,809,1426,478,511,570,979,469,1637,13634,12337,575,3,1224,0,0,2,0
2021-02-17T23:59:59+01:00,0,0,195,227,533,887,708,1342,831,2000,1011,1734,557,582,666,1102,536,1787,129,174,423,676,557,1084,685,1629,796,1404,475,509,568,976,469,1636,13618,12187,575,3,503,0,0,2,0
2021-02-16T23:59:59+01:00,0,0,189,224,526,872,692,1311,812,1961,978,1694,545,577,660,1100,535,1785,124,169,409,670,546,1068,673,1611,787,1390,468,504,561,963,463,1609,13590,12013,575,2,294,0,0,2,0
2021-02-15T23:59:59+01:00,0,0,174,215,520,845,686,1277,798,1926,949,1647,544,574,658,1100,535,1785,121,168,402,661,536,1049,644,1584,773,1372,466,502,561,963,463,1609,13587,11872,536,2,108,0,0,2,0
2021-02-14T23:59:59+01:00,0,0,169,207,517,833,685,1268,795,1917,931,1638,543,573,658,1097,534,1785,114,165,391,650,519,1031,626,1570,766,1360,466,500,559,961,463,1609,13581,11748,534,2,33,0,0,2,0
2021-02-13T23:59:59+01:00,0,0,168,207,516,833,685,1268,795,1917,931,1638,543,573,658,1097,534,1785,114,165,390,649,519,1031,626,1570,766,1360,466,500,559,961,463,1609,13580,11746,534,2,32,0,0,2,0
2021-02-12T23:59:59+01:00,0,0,167,206,512,832,684,1265,791,1916,929,1635,542,573,658,1097,534,1785,110,163,387,643,515,1025,612,1556,762,1343,464,499,548,941,460,1584,13573,11610,533,2,18,0,0,2,0
2021-02-11T23:59:59+01:00,0,0,165,205,508,825,677,1261,789,1912,923,1633,537,567,651,1091,529,1779,90,127,358,572,469,946,561,1439,718,1249,439,454,507,887,419,1491,13521,10725,521,1,8,0,0,2,0
2021-02-10T23:59:59+01:00,0,0,162,203,498,808,661,1246,777,1885,908,1609,529,561,641,1079,524,1769,80,115,330,513,442,839,519,1264,644,1093,391,404,441,775,373,1336,13398,9558,459,1,1,0,0,2,0
2021-02-09T23:59:59+01:00,0,0,161,196,490,769,645,1207,757,1824,897,1567,517,549,635,1065,516,1753,75,99,311,447,407,755,479,1160,579,993,361,351,402,691,343,1223,13289,8676,257,0,0,0,0,2,0
2021-02-08T23:59:59+01:00,0,0,157,192,473,744,622,1172,737,1774,877,1523,511,548,633,1059,512,1740,62,73,266,378,359,619,419,931,506,814,304,296,339,543,288,1032,13222,7229,50,0,0,0,0,2,0
2021-02-07T23:59:59+01:00,0,0,157,191,472,743,620,1171,736,1766,875,1521,510,548,633,1059,512,1739,61,65,248,343,340,575,403,899,487,780,303,288,337,536,286,1029,13201,6980,50,0,0,0,0,2,0
2021-02-06T23:59:59+01:00,0,0,157,191,472,743,620,1171,736,1766,875,1521,510,548,633,1059,512,1739,61,65,248,343,340,575,403,898,485,778,303,287,336,534,285,1029,13201,6970,50,0,0,0,0,2,0
2021-02-05T23:59:59+01:00,0,0,157,191,472,743,620,1170,736,1766,875,1520,510,548,633,1059,512,1739,59,65,246,341,333,571,395,876,476,758,293,282,326,512,270,993,13200,6796,50,0,0,0,0,1,0
2021-02-04T23:59:59+01:00,0,0,151,186,468,735,613,1162,732,1752,869,1511,503,541,612,1034,503,1721,43,50,212,308,292,475,354,735,384,612,229,215,243,352,201,735,13043,5440,49,0,0,0,0,1,0
2021-02-03T23:59:59+01:00,0,0,149,186,462,729,605,1153,728,1740,860,1495,494,533,599,1021,496,1713,35,32,156,217,238,348,265,561,309,464,180,169,171,264,153,554,12914,4116,48,0,0,0,0,1,0
2021-02-02T23:59:59+01:00,0,0,149,183,460,728,605,1153,725,1734,853,1491,493,532,595,1018,495,1709,26,26,137,170,193,279,221,427,258,374,140,130,129,199,119,437,12874,3265,48,0,0,0,0,1,0
2021-02-01T23:59:59+01:00,0,0,147,183,459,727,600,1150,724,1726,851,1486,492,530,590,1015,494,1704,21,19,100,125,137,188,154,299,169,259,89,93,87,126,65,238,12829,2169,48,0,0,0,0,1,0
2021-01-31T23:59:59+01:00,0,0,147,183,459,724,597,1149,724,1722,851,1485,490,529,589,1013,494,1703,15,15,67,84,95,123,117,222,142,203,84,87,83,118,63,224,12811,1742,48,0,0,0,0,0,0
2021-01-30T23:59:59+01:00,0,0,147,183,458,724,595,1147,723,1721,851,1485,490,529,588,1013,494,1703,15,15,67,84,95,121,115,218,139,200,83,86,83,112,57,214,12810,1704,41,0,0,0,0,0,0
2021-01-29T23:59:59+01:00,0,0,147,183,458,722,594,1144,721,1719,849,1484,490,529,588,1013,494,1703,13,15,55,79,78,117,97,207,116,188,78,79,82,108,56,213,12805,1581,33,0,0,0,0,0,0
2021-01-28T23:59:59+01:00,0,0,140,179,445,705,577,1119,715,1692,826,1455,483,523,585,1010,491,1700,8,3,12,19,24,45,30,95,48,89,45,50,54,78,41,158,12620,799,25,0,0,0,0,0,0
2021-01-27T23:59:59+01:00,0,0,133,177,434,695,569,1110,699,1658,819,1432,480,521,581,1005,491,1695,4,1,4,11,10,23,13,40,23,31,12,17,24,31,18,48,12476,310,23,0,0,0,0,0,0
2021-01-26T23:59:59+01:00,0,0,127,173,420,682,556,1096,690,1635,808,1411,474,516,575,988,484,1661,4,1,4,10,7,21,11,37,17,28,12,15,23,30,18,47,12282,285,14,0,0,0,0,0,0
2021-01-25T23:59:59+01:00,0,0,124,171,411,670,545,1077,662,1607,790,1394,472,513,573,987,484,1661,3,1,3,9,7,16,6,28,12,22,9,6,13,19,9,29,12138,192,3,0,0,0,0,0,0
2021-01-24T23:59:59+01:00,0,0,117,168,401,660,531,1059,645,1594,777,1383,471,510,572,987,484,1661,2,0,1,6,7,4,4,7,5,9,1,2,11,12,6,16,12017,93,3,0,0,0,0,0,0
2021-01-23T23:59:59+01:00,0,0,117,168,401,659,531,1059,645,1594,777,1383,471,510,572,987,484,1661,1,0,1,6,7,4,4,7,5,9,1,2,11,12,6,16,12016,92,3,0,0,0,0,0,0
2021-01-22T23:59:59+01:00,0,0,113,166,394,653,528,1053,631,1580,771,1366,471,507,561,966,479,1635,1,0,1,6,7,4,4,7,5,9,1,2,11,12,6,16,11871,92,3,0,0,0,0,0,0
2021-01-21T23:59:59+01:00,0,0,101,158,379,635,505,1020,601,1531,748,1324,455,469,528,922,446,1570,1,0,1,6,7,4,4,7,5,9,1,2,11,12,6,16,11389,92,3,0,0,0,0,0,0
2021-01-20T23:59:59+01:00,0,0,82,116,345,546,461,880,543,1297,660,1137,397,410,445,787,387,1358,1,0,1,5,7,4,4,7,5,9,1,2,11,12,6,16,9848,91,3,0,0,0,0,0,0
2021-01-19T23:59:59+01:00,0,0,77,104,316,470,421,791,503,1183,608,1034,374,373,410,710,358,1268,1,0,1,3,7,4,4,7,5,9,1,0,8,8,5,15,8997,78,3,0,0,0,0,0,0
2021-01-18T23:59:59+01:00,0,0,63,74,271,383,366,641,429,951,515,837,308,306,345,562,305,1080,1,0,1,3,7,4,4,7,5,9,1,0,8,8,5,15,7434,78,2,0,0,0,0,0,0
2021-01-17T23:59:59+01:00,0,0,61,65,252,348,344,589,410,909,492,799,305,297,344,555,303,1072,0,0,0,0,0,0,0,0,0,0,0,0,0,0,0,0,7143,0,2,0,0,0,0,0,0
2021-01-16T23:59:59+01:00,0,0,61,65,252,348,344,589,410,908,490,797,305,296,342,551,302,1072,0,0,0,0,0,0,0,0,0,0,0,0,0,0,0,0,7130,0,2,0,0,0,0,0,0
2021-01-15T23:59:59+01:00,0,0,59,65,251,345,338,583,399,885,479,772,291,290,325,524,281,1034,0,0,0,0,0,0,0,0,0,0,0,0,0,0,0,0,6919,0,2,0,0,0,0,0,0
2021-01-14T23:59:59+01:00,0,0,45,52,237,322,314,508,365,760,392,626,228,218,242,353,205,751,0,0,0,0,0,0,0,0,0,0,0,0,0,0,0,0,5618,0,0,0,0,0,0,0,0
2021-01-13T23:59:59+01:00,0,0,39,42,212,266,273,409,300,611,321,501,177,175,174,269,163,587,0,0,0,0,0,0,0,0,0,0,0,0,0,0,0,0,4519,0,0,0,0,0,0,0,0
2021-01-12T23:59:59+01:00,0,0,35,40,207,251,259,377,277,533,290,456,141,134,135,206,127,458,0,0,0,0,0,0,0,0,0,0,0,0,0,0,0,0,3926,0,0,0,0,0,0,0,0
2021-01-11T23:59:59+01:00,0,0,29,36,196,230,240,325,229,444,240,382,110,105,101,133,75,291,0,0,0,0,0,0,0,0,0,0,0,0,0,0,0,0,3166,0,0,0,0,0,0,0,0
2021-01-10T23:59:59+01:00,0,0,27,31,158,168,197,250,191,348,198,305,98,99,98,128,73,277,0,0,0,0,0,0,0,0,0,0,0,0,0,0,0,0,2646,0,0,0,0,0,0,0,0
2021-01-09T23:59:59+01:00,0,0,27,31,151,164,195,242,187,341,196,300,98,99,98,128,73,277,0,0,0,0,0,0,0,0,0,0,0,0,0,0,0,0,2607,0,0,0,0,0,0,0,0
2021-01-08T23:59:59+01:00,0,0,24,28,121,141,174,229,162,312,168,279,93,89,97,124,72,276,0,0,0,0,0,0,0,0,0,0,0,0,0,0,0,0,2389,0,0,0,0,0,0,0,0
2021-01-07T23:59:59+01:00,0,0,9,3,16,24,32,55,37,104,61,112,48,51,60,84,46,187,0,0,0,0,0,0,0,0,0,0,0,0,0,0,0,0,929,0,0,0,0,0,0,0,0
2021-01-06T23:59:59+01:00,0,0,4,1,5,11,10,22,13,39,20,31,13,14,25,35,20,55,0,0,0,0,0,0,0,0,0,0,0,0,0,0,0,0,318,0,0,0,0,0,0,0,0
2021-01-05T23:59:59+01:00,0,0,3,1,4,9,9,18,10,31,15,26,10,14,22,30,19,49,0,0,0,0,0,0,0,0,0,0,0,0,0,0,0,0,270,0,0,0,0,0,0,0,0
2021-01-04T23:59:59+01:00,0,0,2,1,2,7,9,10,4,15,8,16,5,3,11,16,8,26,0,0,0,0,0,0,0,0,0,0,0,0,0,0,0,0,143,0,0,0,0,0,0,0,0
2021-01-03T23:59:59+01:00,0,0,2,0,1,6,8,4,4,7,5,9,1,2,11,12,7,16,0,0,0,0,0,0,0,0,0,0,0,0,0,0,0,0,95,0,0,0,0,0,0,0,0
2021-01-02T23:59:59+01:00,0,0,2,0,1,6,8,4,4,7,5,9,1,2,11,12,7,16,0,0,0,0,0,0,0,0,0,0,0,0,0,0,0,0,95,0,0,0,0,0,0,0,0
2021-01-01T23:59:59+01:00,0,0,1,0,1,6,8,4,4,7,5,9,1,2,11,12,7,16,0,0,0,0,0,0,0,0,0,0,0,0,0,0,0,0,94,0,0,0,0,0,0,0,0
2020-12-31T23:59:59+01:00,0,0,1,0,1,5,8,4,4,7,5,9,1,2,11,12,7,16,0,0,0,0,0,0,0,0,0,0,0,0,0,0,0,0,93,0,0,0,0,0,0,0,0
2020-12-30T23:59:59+01:00,0,0,1,0,1,5,8,4,4,7,5,9,1,2,11,12,7,16,0,0,0,0,0,0,0,0,0,0,0,0,0,0,0,0,93,0,0,0,0,0,0,0,0
2020-12-29T23:59:59+01:00,0,0,1,0,1,3,8,4,4,7,5,9,1,0,8,8,6,15,0,0,0,0,0,0,0,0,0,0,0,0,0,0,0,0,80,0,0,0,0,0,0,0,0
2020-12-28T23:59:59+01:00,0,0,1,0,1,3,8,4,4,7,5,9,1,0,8,8,6,15,0,0,0,0,0,0,0,0,0,0,0,0,0,0,0,0,80,0,0,0,0,0,0,0,0
2020-12-27T23:59:59+01:00,0,0,1,0,1,3,8,4,4,7,5,9,1,0,8,8,6,15,0,0,0,0,0,0,0,0,0,0,0,0,0,0,0,0,80,0,0,0,0,0,0,0,0
