Datum,<15_m,<15_w,15-24_1_m,15-24_1_w,25-34_1_m,25-34_1_w,35-44_1_m,35-44_1_w,45-54_1_m,45-54_1_w,55-64_1_m,55-64_1_w,65-74_1_m,65-74_1_w,75-84_1_m,75-84_1_w,>84_1_m,>84_1_w,<24_2_m,<24_2_w,25-34_2_m,25-34_2_w,35-44_2_m,35-44_2_w,45-54_2_m,45-54_2_w,55-64_2_m,55-64_2_w,65-74_2_m,65-74_2_w,75-84_2_m,75-84_2_w,>84_2_m,>84_2_w,bp_1,bp_2,mo_1,mo_2,az_1,az_2,ja,unb_1,unb_2
2021-10-04T23:59:59+02:00,2122,1982,17081,15827,22394,20673,24213,23743,27819,28481,30789,31701,21600,24664,15477,19454,4522,7840,15261,14108,20865,19004,22809,22217,26406,26897,29545,30426,20920,23904,15015,18764,4337,7535,235040,219847,32704,31447,55055,52047,17559,30,38
2021-10-03T23:59:59+02:00,2117,1971,17056,15788,22368,20642,24182,23722,27806,28462,30772,31692,21597,24657,15476,19447,4520,7836,15230,14071,20844,18979,22787,22200,26394,26876,29532,30416,20910,23892,15013,18761,4336,7534,234836,219641,32698,31437,55054,52046,17499,30,38
2021-10-02T23:59:59+02:00,2117,1971,17056,15788,22368,20642,24181,23722,27806,28462,30772,31692,21597,24657,15476,19447,4520,7836,15230,14071,20844,18979,22787,22200,26394,26876,29532,30415,20910,23892,15013,18761,4336,7534,234835,219640,32698,31437,55054,52046,17499,30,38
2021-10-01T23:59:59+02:00,2112,1966,17043,15772,22365,20630,24170,23703,27801,28455,30768,31687,21594,24655,15476,19445,4519,7836,15226,14069,20841,18977,22786,22200,26392,26874,29532,30411,20909,23890,15013,18761,4336,7534,234725,219614,32697,31437,55054,52046,17497,30,38
2021-09-30T23:59:59+02:00,2092,1950,16986,15721,22322,20576,24129,23668,27771,28422,30744,31663,21584,24646,15467,19434,4516,7831,15156,14003,20804,18942,22755,22159,26371,26841,29513,30390,20905,23881,15010,18753,4332,7529,234329,219231,32685,31414,55054,52044,17430,30,38
2021-09-29T23:59:59+02:00,2025,1908,16899,15646,22253,20509,24074,23617,27710,28374,30709,31635,21570,24633,15460,19419,4513,7829,15091,13950,20763,18891,22719,22108,26335,26813,29479,30364,20898,23869,14999,18746,4331,7526,233709,218855,32671,31392,55053,52041,17326,30,38
2021-09-28T23:59:59+02:00,2008,1891,16817,15581,22185,20457,24012,23576,27673,28334,30692,31617,21559,24618,15454,19405,4513,7824,15025,13903,20706,18850,22675,22082,26305,26777,29457,30343,20885,23854,14993,18736,4329,7522,233275,218520,32670,31392,55053,52040,17194,30,38
2021-09-27T23:59:59+02:00,1946,1823,16753,15521,22150,20421,23986,23548,27645,28298,30672,31600,21553,24612,15452,19400,4512,7822,14999,13871,20684,18813,22660,22056,26286,26765,29440,30327,20881,23844,14989,18728,4328,7519,232780,218250,32670,31392,55053,52039,17187,30,38
2021-09-26T23:59:59+02:00,1926,1802,16685,15457,22099,20362,23946,23497,27616,28272,30658,31591,21543,24605,15451,19397,4512,7821,14931,13805,20632,18760,22612,22000,26247,26728,29421,30300,20874,23834,14981,18725,4328,7516,232416,217856,32653,31365,55052,52026,17095,30,38
2021-09-25T23:59:59+02:00,1926,1802,16683,15457,22097,20361,23944,23496,27616,28272,30658,31591,21543,24605,15451,19397,4512,7821,14931,13805,20631,18760,22612,22000,26246,26726,29421,30300,20873,23834,14981,18725,4328,7516,232409,217852,32653,31365,55052,52026,17094,30,38
2021-09-24T23:59:59+02:00,1925,1799,16658,15438,22055,20333,23910,23475,27596,28251,30641,31576,21541,24601,15449,19396,4512,7821,14905,13778,20582,18728,22571,21974,26218,26706,29399,30280,20868,23828,14979,18723,4327,7515,232349,217725,32653,31365,55052,52026,16899,30,38
2021-09-23T23:59:59+02:00,1895,1762,16582,15355,21995,20258,23861,23407,27551,28196,30616,31536,21528,24590,15441,19381,4509,7818,14827,13715,20522,18685,22542,21927,26184,26662,29374,30253,20865,23817,14973,18715,4327,7514,231790,217323,32615,31331,55052,52026,16800,30,38
2021-09-22T23:59:59+02:00,1862,1731,16479,15279,21905,20182,23786,23352,27483,28136,30575,31501,21512,24568,15439,19368,4507,7815,14701,13608,20433,18608,22479,21857,26122,26601,29325,30218,20846,23807,14967,18707,4324,7505,231185,216647,32594,31289,55052,52019,16625,30,38
2021-09-21T23:59:59+02:00,1833,1687,16400,15205,21846,20122,23737,23304,27443,28100,30537,31461,21501,24548,15436,19358,4501,7807,14644,13560,20376,18568,22436,21814,26089,26576,29300,30192,20834,23793,14960,18696,4321,7501,230717,216361,32594,31289,55052,52019,16438,30,38
2021-09-20T23:59:59+02:00,1806,1672,16327,15141,21791,20075,23689,23264,27405,28057,30504,31443,21492,24536,15430,19352,4500,7805,14587,13507,20329,18523,22400,21787,26041,26544,29275,30167,20826,23781,14958,18690,4318,7498,230313,216044,32592,31288,55052,52018,16306,30,38
2021-09-19T23:59:59+02:00,1779,1650,16263,15093,21741,20015,23656,23231,27376,28029,30483,31418,21482,24525,15426,19341,4500,7802,14528,13464,20284,18471,22349,21764,26016,26512,29258,30153,20820,23768,14954,18687,4317,7494,229950,215762,32571,31255,55051,52018,16211,30,38
2021-09-18T23:59:59+02:00,1779,1650,16262,15091,21740,20014,23654,23229,27376,28028,30483,31418,21482,24525,15426,19341,4500,7802,14528,13462,20284,18471,22348,21763,26016,26510,29258,30153,20820,23768,14954,18687,4317,7494,229944,215761,32571,31254,55051,52018,16207,30,38
2021-09-17T23:59:59+02:00,1774,1643,16241,15073,21715,19995,23634,23217,27363,28012,30474,31412,21479,24522,15423,19338,4499,7802,14507,13448,20274,18465,22339,21759,26009,26506,29248,30147,20817,23765,14953,18686,4317,7494,229774,215659,32571,31254,55051,52018,16193,30,38
2021-09-16T23:59:59+02:00,1735,1613,16143,14976,21633,19895,23564,23134,27300,27953,30435,31375,21465,24505,15418,19328,4494,7802,14423,13375,20231,18410,22303,21708,25979,26461,29227,30116,20806,23755,14946,18679,4315,7490,228975,215205,32550,31176,55051,52006,16165,30,38
2021-09-15T23:59:59+02:00,1704,1596,16080,14899,21581,19842,23519,23088,27270,27920,30410,31350,21452,24484,15406,19320,4493,7800,14349,13289,20165,18350,22264,21656,25941,26418,29195,30093,20793,23740,14934,18671,4314,7488,228450,214645,32533,31132,55051,52001,16153,30,38
2021-09-14T23:59:59+02:00,1691,1582,16046,14854,21535,19803,23489,23054,27238,27883,30384,31326,21438,24473,15403,19308,4490,7799,14311,13250,20141,18328,22241,21630,25921,26403,29184,30083,20782,23732,14931,18664,4313,7486,228043,214363,32532,31131,55051,52001,16143,30,38
2021-09-13T23:59:59+02:00,1671,1569,16005,14802,21509,19772,23458,23024,27222,27847,30370,31312,21437,24463,15398,19306,4489,7796,14282,13237,20115,18312,22221,21610,25906,26391,29174,30060,20773,23721,14930,18657,4311,7484,227705,214141,32532,31131,55051,52001,16135,30,38
2021-09-12T23:59:59+02:00,1661,1556,15982,14780,21493,19750,23443,23000,27207,27833,30360,31304,21430,24455,15398,19301,4489,7796,14249,13208,20092,18275,22201,21585,25893,26369,29163,30051,20766,23713,14925,18650,4309,7479,227513,213902,32516,31100,55051,52000,16131,30,38
2021-09-11T23:59:59+02:00,1660,1556,15970,14776,21485,19742,23442,22999,27205,27832,30357,31302,21429,24454,15398,19301,4489,7796,14244,13206,20090,18272,22199,21585,25893,26368,29163,30051,20765,23713,14925,18650,4309,7479,227476,213891,32516,31100,55048,52000,16126,30,38
2021-09-10T23:59:59+02:00,1660,1556,15947,14771,21471,19731,23424,22996,27188,27822,30344,31297,21428,24452,15394,19299,4489,7795,14221,13199,20074,18262,22185,21581,25878,26355,29145,30048,20764,23709,14922,18647,4308,7478,227446,213852,32516,31100,55048,52000,16027,30,38
2021-09-09T23:59:59+02:00,1615,1517,15866,14695,21411,19663,23371,22948,27128,27772,30315,31268,21419,24435,15380,19285,4487,7793,14141,13127,20002,18194,22118,21526,25830,26314,29109,30017,20748,23681,14904,18633,4306,7476,226919,213388,32485,31017,55047,51981,15890,30,38
2021-09-08T23:59:59+02:00,1577,1470,15738,14602,21341,19587,23318,22873,27078,27729,30275,31220,21402,24417,15371,19274,4486,7793,14052,13036,19919,18140,22053,21474,25783,26275,29074,29967,20729,23660,14900,18625,4305,7475,226377,212989,32415,30925,55047,51976,15685,30,38
2021-09-07T23:59:59+02:00,1564,1450,15688,14551,21287,19562,23281,22850,27051,27696,30258,31205,21391,24395,15365,19266,4484,7793,13984,12988,19856,18101,22011,21444,25746,26242,29045,29939,20717,23646,14896,18618,4304,7475,226135,212706,32410,30895,55047,51971,15518,30,38
2021-09-06T23:59:59+02:00,1551,1440,15639,14505,21267,19531,23259,22821,27026,27677,30242,31183,21381,24392,15361,19259,4484,7791,13953,12951,19837,18076,21982,21422,25726,26222,29030,29924,20709,23638,14892,18614,4304,7472,225885,212503,32410,30895,55047,51971,15440,30,38
2021-09-05T23:59:59+02:00,1530,1425,15609,14478,21249,19509,23250,22796,27017,27665,30237,31175,21376,24386,15356,19257,4484,7787,13915,12915,19807,18040,21957,21394,25707,26204,29017,29905,20705,23630,14890,18612,4304,7472,225673,212287,32403,30815,55046,51970,15437,30,38
2021-09-04T23:59:59+02:00,1530,1425,15601,14475,21235,19504,23243,22791,27011,27659,30231,31172,21375,24383,15356,19256,4484,7787,13907,12912,19793,18034,21950,21389,25701,26198,29011,29901,20704,23627,14890,18611,4304,7472,225672,212286,32403,30814,55046,51970,15369,30,38
2021-09-03T23:59:59+02:00,1527,1422,15585,14461,21202,19480,23213,22770,26987,27647,30216,31157,21368,24375,15356,19250,4484,7786,13892,12898,19767,18015,21926,21374,25684,26189,28996,29890,20698,23620,14890,18608,4304,7472,225599,212269,32402,30809,55046,51969,15211,30,38
2021-09-02T23:59:59+02:00,1511,1402,15513,14402,21156,19430,23178,22723,26946,27606,30179,31131,21355,24365,15350,19237,4482,7780,13799,12834,19722,17954,21881,21331,25642,26143,28957,29863,20686,23609,14885,18596,4303,7471,225179,211814,32397,30804,55044,51949,15098,30,38
2021-09-01T23:59:59+02:00,1460,1345,15372,14248,21039,19334,23108,22669,26879,27534,30128,31081,21337,24340,15342,19223,4479,7775,13653,12715,19600,17857,21796,21261,25584,26074,28907,29800,20661,23580,14873,18581,4299,7465,224406,211232,32371,30609,55043,51937,14845,30,38
2021-08-31T23:59:59+02:00,1436,1330,15311,14177,20975,19282,23065,22627,26829,27492,30094,31049,21325,24328,15336,19214,4479,7774,13579,12649,19552,17816,21765,21226,25551,26051,28879,29774,20655,23570,14870,18573,4298,7464,223951,210890,32370,30609,55042,51932,14732,30,38
2021-08-30T23:59:59+02:00,1413,1311,15243,14131,20927,19228,23033,22589,26792,27459,30061,31020,21313,24319,15332,19205,4477,7767,13522,12608,19507,17766,21733,21201,25521,26014,28845,29749,20644,23555,14860,18564,4297,7460,223590,210588,32370,30609,55042,51930,14590,30,38
2021-08-29T23:59:59+02:00,1397,1299,15199,14085,20889,19197,23009,22565,26774,27435,30043,31005,21309,24310,15332,19203,4477,7766,13469,12563,19485,17745,21706,21181,25500,25995,28832,29732,20636,23547,14857,18560,4295,7459,223300,210321,32369,30609,55042,51929,14555,30,38
2021-08-28T23:59:59+02:00,1397,1299,15193,14082,20878,19190,23003,22561,26771,27426,30040,31004,21308,24310,15332,19203,4477,7766,13463,12559,19474,17738,21700,21177,25497,25986,28829,29731,20635,23547,14857,18560,4295,7459,223300,210320,32369,30609,55042,51929,14501,30,38
2021-08-27T23:59:59+02:00,1388,1292,15161,14055,20850,19174,22970,22545,26746,27415,30024,30984,21302,24302,15328,19202,4474,7763,13434,12528,19437,17721,21672,21156,25469,25973,28812,29713,20629,23538,14854,18559,4294,7459,223162,210178,32369,30608,55041,51928,14375,30,38
2021-08-26T23:59:59+02:00,1375,1274,15116,14010,20803,19136,22941,22507,26713,27376,29992,30947,21287,24286,15321,19194,4471,7755,13365,12468,19361,17665,21612,21099,25413,25925,28773,29677,20616,23517,14845,18546,4293,7455,222869,209895,32350,30484,55041,51854,14216,30,38
2021-08-25T23:59:59+02:00,1330,1229,14969,13887,20691,19043,22862,22414,26634,27292,29934,30891,21266,24260,15311,19184,4467,7749,13243,12384,19277,17589,21547,21027,25344,25871,28729,29634,20589,23496,14837,18532,4292,7452,222014,209328,32335,30436,55041,51846,13996,29,36
2021-08-24T23:59:59+02:00,1306,1205,14905,13836,20649,18991,22806,22368,26599,27256,29905,30860,21250,24245,15305,19174,4466,7748,13148,12325,19216,17507,21510,20975,25300,25828,28699,29596,20571,23476,14830,18520,4290,7447,221597,208846,32305,30378,55041,51831,13904,29,32
2021-08-23T23:59:59+02:00,1288,1186,14837,13799,20610,18962,22778,22343,26564,27236,29880,30833,21231,24231,15300,19162,4465,7747,13031,12247,19154,17448,21458,20926,25260,25773,28654,29553,20552,23459,14823,18508,4287,7447,221290,208327,32289,30287,55041,51831,13805,29,32
2021-08-22T23:59:59+02:00,1279,1178,14822,13779,20594,18942,22766,22323,26549,27221,29863,30829,21224,24227,15298,19154,4463,7746,12972,12178,19102,17414,21429,20891,25239,25747,28628,29531,20544,23448,14822,18504,4287,7447,221115,208003,32270,30178,55041,51828,13804,29,32
2021-08-21T23:59:59+02:00,1279,1178,14813,13769,20582,18934,22756,22317,26545,27216,29852,30822,21224,24225,15298,19154,4463,7746,12962,12168,19091,17406,21421,20885,25233,25742,28618,29524,20544,23446,14822,18504,4287,7447,221110,207999,32270,30178,55041,51828,13725,29,32
2021-08-20T23:59:59+02:00,1272,1173,14784,13734,20547,18904,22733,22294,26519,27193,29835,30806,21221,24216,15296,19148,4463,7746,12944,12152,19067,17386,21403,20864,25219,25724,28600,29505,20540,23440,14821,18501,4287,7447,220916,207894,32270,30176,55041,51828,13630,29,32
2021-08-19T23:59:59+02:00,1254,1157,14725,13685,20508,18875,22702,22259,26496,27164,29810,30782,21210,24208,15293,19143,4462,7743,12811,12034,18979,17309,21317,20806,25148,25657,28540,29455,20519,23427,14815,18492,4285,7444,220610,207258,32238,30039,55041,51767,13560,29,32
2021-08-18T23:59:59+02:00,1231,1138,14641,13593,20394,18816,22628,22198,26430,27107,29751,30725,21185,24188,15287,19131,4460,7740,12673,11915,18842,17228,21222,20716,25061,25574,28457,29387,20486,23383,14804,18477,4284,7439,220198,206650,32220,29917,55039,51759,13159,29,32
2021-08-17T23:59:59+02:00,1220,1125,14600,13555,20351,18772,22593,22164,26397,27079,29734,30705,21173,24174,15276,19122,4456,7739,12564,11831,18760,17167,21144,20655,25009,25521,28420,29346,20467,23368,14795,18464,4282,7437,219917,206118,32185,29787,55039,51751,13067,29,31
2021-08-16T23:59:59+02:00,1208,1114,14552,13507,20315,18743,22564,22132,26376,27050,29700,30674,21160,24163,15269,19110,4454,7737,12469,11732,18669,17095,21073,20570,24945,25462,28353,29283,20444,23346,14785,18446,4281,7434,219649,205499,32183,29660,55039,51750,12930,29,30
2021-08-15T23:59:59+02:00,1198,1101,14515,13480,20287,18713,22536,22113,26363,27034,29690,30660,21155,24151,15264,19108,4453,7735,12403,11665,18616,17065,21022,20532,24909,25419,28334,29261,20434,23333,14781,18440,4279,7432,219428,205050,32183,29659,55039,51749,12879,29,30
2021-08-14T23:59:59+02:00,1198,1100,14508,13476,20278,18707,22527,22106,26349,27027,29685,30652,21152,24150,15263,19107,4453,7735,12396,11661,18606,17057,21012,20525,24895,25412,28329,29252,20431,23332,14780,18439,4279,7432,219427,205048,32183,29656,55039,51749,12797,29,30
2021-08-13T23:59:59+02:00,1195,1097,14499,13466,20264,18697,22515,22101,26342,27017,29670,30644,21143,24145,15262,19107,4453,7735,12381,11648,18595,17048,20999,20516,24889,25396,28315,29248,20425,23325,14778,18439,4279,7431,219370,204982,32183,29656,55039,51749,12733,29,30
2021-08-12T23:59:59+02:00,1175,1075,14442,13411,20223,18657,22492,22066,26314,26987,29639,30622,21131,24126,15258,19100,4453,7730,12214,11505,18457,16937,20906,20432,24809,25311,28248,29192,20404,23293,14765,18427,4276,7425,219045,204190,32171,29468,55039,51680,12619,29,30
2021-08-11T23:59:59+02:00,1159,1053,14373,13348,20181,18603,22449,22028,26281,26962,29611,30582,21118,24109,15255,19089,4450,7726,12076,11365,18372,16849,20826,20358,24760,25238,28206,29128,20372,23266,14758,18416,4274,7420,218646,203290,32098,29463,55039,51675,12567,29,30
2021-08-10T23:59:59+02:00,1144,1035,14296,13276,20127,18558,22418,21984,26250,26932,29579,30554,21105,24100,15255,19081,4449,7724,11965,11249,18276,16781,20765,20292,24709,25182,28163,29077,20346,23238,14744,18398,4273,7414,218224,202541,32066,29440,55039,51650,12511,29,30
2021-08-09T23:59:59+02:00,1127,1016,14211,13214,20046,18501,22369,21936,26198,26888,29542,30520,21087,24083,15249,19072,4444,7722,11783,11087,18104,16684,20641,20210,24613,25086,28083,29001,20310,23199,14730,18386,4270,7405,217776,201553,32046,29331,55038,51555,12338,29,29
2021-08-08T23:59:59+02:00,1113,1009,14168,13175,20025,18466,22343,21916,26183,26868,29526,30506,21080,24077,15246,19068,4443,7721,11700,11001,18016,16600,20576,20153,24550,25039,28037,28957,20288,23176,14717,18375,4270,7401,217547,200898,32014,29253,55037,51537,12308,29,29
2021-08-07T23:59:59+02:00,1113,1009,14154,13170,20015,18461,22337,21911,26171,26854,29512,30494,21078,24073,15242,19063,4442,7721,11686,10995,17999,16596,20570,20147,24537,25024,28020,28945,20286,23172,14713,18370,4269,7401,217545,200883,32014,29252,55037,51537,12197,29,29
2021-08-06T23:59:59+02:00,1113,1009,14144,13158,20002,18442,22323,21897,26149,26845,29499,30483,21075,24069,15239,19061,4442,7720,11674,10981,17977,16575,20554,20131,24516,25015,28007,28934,20283,23168,14710,18368,4269,7401,217538,200856,32010,29252,55037,51536,12058,29,29
2021-08-05T23:59:59+02:00,1101,990,14074,13116,19952,18408,22280,21854,26114,26789,29471,30459,21061,24054,15231,19053,4440,7717,11500,10873,17865,16476,20443,20032,24411,24925,27938,28885,20257,23144,14699,18354,4266,7399,217226,200071,31966,29160,55034,51399,11911,29,29
2021-08-04T23:59:59+02:00,1085,973,14009,13046,19850,18324,22213,21795,26075,26747,29422,30412,21038,24036,15221,19040,4440,7714,11314,10698,17635,16336,20268,19905,24293,24801,27830,28788,20229,23111,14686,18342,4263,7397,216960,199026,31804,29100,55033,51156,11617,28,29
2021-08-03T23:59:59+02:00,1061,955,13939,12985,19813,18275,22179,21754,26040,26705,29388,30383,21022,24012,15211,19026,4437,7704,11130,10524,17462,16209,20129,19773,24145,24679,27710,28681,20186,23064,14669,18310,4261,7391,216583,197591,31777,29066,55033,51101,11470,28,29
2021-08-02T23:59:59+02:00,1037,935,13853,12918,19756,18217,22128,21714,25986,26645,29336,30333,20991,23981,15201,19006,4434,7702,10961,10355,17290,16084,19982,19660,24028,24564,27623,28580,20140,23011,14650,18291,4258,7381,216103,196401,31746,29016,55033,51025,11265,28,29
2021-08-01T23:59:59+02:00,1027,920,13792,12871,19720,18200,22109,21693,25961,26624,29317,30316,20982,23969,15197,18999,4434,7701,10816,10209,17129,15975,19832,19551,23884,24458,27515,28500,20126,22987,14642,18277,4258,7377,215867,195510,31696,28924,55033,50675,11209,28,29
2021-07-31T23:59:59+02:00,1027,920,13767,12862,19702,18192,22092,21682,25948,26612,29309,30305,20980,23964,15196,18998,4433,7701,10790,10197,17108,15962,19814,19538,23872,24446,27507,28489,20124,22982,14641,18276,4257,7377,215863,195491,31696,28924,55033,50675,11071,28,29
2021-07-30T23:59:59+02:00,1019,910,13707,12817,19657,18170,22063,21663,25918,26590,29281,30287,20973,23956,15190,18996,4431,7700,10704,10124,17044,15919,19755,19503,23805,24405,27459,28464,20109,22960,14632,18272,4254,7375,215684,195104,31695,28924,55033,50609,10889,28,29
2021-07-29T23:59:59+02:00,995,892,13602,12731,19593,18109,21990,21609,25867,26534,29229,30250,20955,23946,15183,18989,4431,7698,10437,9866,16744,15674,19460,19286,23504,24176,27208,28301,20054,22904,14620,18251,4254,7374,215241,193356,31623,28814,55033,49921,10679,28,29
2021-07-28T23:59:59+02:00,967,862,13471,12603,19467,18000,21904,21526,25787,26455,29154,30182,20932,23910,15170,18977,4429,7696,10147,9664,16483,15485,19199,19097,23276,23985,27053,28157,20006,22831,14601,18228,4251,7369,214591,192021,31588,28730,55029,49406,10257,28,29
2021-07-27T23:59:59+02:00,936,841,13353,12509,19402,17940,21838,21473,25721,26397,29114,30137,20917,23890,15165,18957,4428,7690,9891,9453,16231,15257,18972,18911,23083,23812,26889,28020,19964,22778,14579,18201,4245,7360,213996,190359,31533,28572,55028,49069,10125,27,29
2021-07-26T23:59:59+02:00,911,823,13248,12415,19350,17883,21764,21409,25672,26364,29059,30077,20888,23867,15147,18938,4428,7686,9655,9204,15992,15055,18725,18710,22857,23645,26738,27893,19893,22718,14551,18165,4240,7354,213393,188610,31461,28472,55027,48692,10023,26,29
2021-07-25T23:59:59+02:00,892,812,13173,12343,19271,17834,21707,21357,25632,26316,29022,30031,20871,23851,15140,18932,4425,7685,9470,9062,15791,14906,18522,18569,22688,23534,26589,27773,19843,22670,14535,18152,4237,7351,213092,187703,31399,28320,55027,48277,9751,26,29
2021-07-24T23:59:59+02:00,892,812,13163,12334,19261,17828,21696,21352,25617,26309,29017,30025,20867,23850,15139,18931,4425,7685,9460,9048,15781,14899,18509,18563,22671,23525,26583,27765,19840,22667,14534,18151,4237,7351,213089,187686,31399,28317,55027,48277,9663,26,29
2021-07-23T23:59:59+02:00,884,811,13098,12297,19184,17794,21656,21319,25581,26269,28984,29989,20853,23834,15131,18927,4423,7682,9409,9020,15698,14855,18455,18523,22620,23483,26539,27726,19824,22651,14527,18145,4235,7348,212962,187524,31398,28312,55027,48276,9304,26,29
2021-07-22T23:59:59+02:00,872,797,13003,12215,19125,17727,21611,21289,25532,26222,28960,29967,20840,23816,15129,18921,4420,7680,9091,8746,15296,14608,18092,18268,22289,23236,26333,27591,19767,22595,14514,18123,4232,7343,212495,185698,31313,28059,55024,47359,9269,26,29
2021-07-21T23:59:59+02:00,850,770,12801,12049,18976,17604,21477,21190,25426,26119,28883,29896,20798,23781,15112,18898,4416,7675,8713,8431,14863,14279,17713,17995,21932,22904,26060,27380,19674,22507,14488,18085,4229,7334,211869,183793,31204,27708,55021,46701,8602,26,29
2021-07-20T23:59:59+02:00,820,745,12652,11915,18866,17520,21407,21114,25364,26053,28845,29845,20773,23748,15104,18882,4413,7672,8384,8120,14394,13940,17332,17723,21628,22675,25816,27194,19593,22398,14459,18050,4227,7328,211186,181638,31094,27545,55017,45823,8416,26,28
2021-07-19T23:59:59+02:00,791,718,12531,11796,18775,17447,21345,21055,25310,25999,28795,29808,20748,23720,15094,18868,4409,7666,8058,7866,14028,13685,16985,17474,21301,22473,25589,27052,19524,22322,14437,18028,4221,7322,210466,179597,30988,27386,55017,45113,8379,26,28
2021-07-18T23:59:59+02:00,773,699,12418,11688,18676,17368,21278,21002,25254,25946,28758,29754,20726,23700,15082,18857,4407,7664,7888,7713,13872,13562,16834,17352,21139,22361,25459,26971,19484,22282,14423,18012,4221,7319,209882,178661,30839,27282,55017,44748,8287,26,28
2021-07-17T23:59:59+02:00,773,699,12415,11688,18675,17365,21278,21002,25254,25946,28758,29754,20726,23700,15082,18857,4407,7664,7881,7712,13868,13557,16833,17351,21138,22360,25458,26969,19483,22282,14423,18012,4221,7319,209878,178641,30839,27281,55017,44747,8284,26,28
2021-07-16T23:59:59+02:00,766,694,12343,11634,18634,17333,21243,20975,25221,25923,28732,29735,20724,23697,15082,18855,4407,7664,7729,7611,13715,13486,16689,17292,21000,22301,25351,26921,19465,22263,14422,18006,4221,7316,209670,178193,30839,27208,55017,44355,8111,26,28
2021-07-15T23:59:59+02:00,751,674,12270,11564,18570,17275,21187,20927,25173,25882,28704,29707,20709,23680,15077,18846,4406,7661,7385,7296,13107,13080,16022,16868,20363,21931,24895,26609,19319,22123,14379,17960,4218,7309,209190,175960,30753,26310,55010,42583,8085,26,28
2021-07-14T23:59:59+02:00,722,654,12058,11427,18397,17165,21065,20829,25069,25778,28614,29606,20675,23647,15058,18830,4403,7658,6970,6941,12443,12627,15331,16380,19730,21473,24431,26266,19101,21897,14347,17912,4210,7298,208371,173136,30587,25974,55007,40637,7665,26,28
2021-07-13T23:59:59+02:00,678,619,11920,11295,18276,17082,20954,20734,24972,25682,28544,29540,20646,23608,15038,18820,4401,7648,6508,6518,11809,12129,14637,15875,19125,21061,23990,25939,18924,21682,14303,17850,4206,7289,207353,169473,30449,25803,54997,38973,7633,26,25
2021-07-12T23:59:59+02:00,644,588,11795,11157,18161,16992,20862,20627,24871,25582,28462,29473,20620,23574,15030,18808,4396,7641,6092,6103,11206,11593,14012,15337,18570,20570,23572,25577,18728,21492,14238,17792,4197,7285,206334,165787,30320,24977,54994,38017,7610,26,25
2021-07-11T23:59:59+02:00,608,561,11680,11065,18097,16930,20805,20570,24817,25535,28405,29425,20601,23554,15021,18799,4396,7640,5903,5935,10953,11391,13781,15138,18325,20381,23363,25392,18656,21411,14211,17766,4196,7279,205696,164401,30201,24511,54992,37595,7597,24,25
2021-07-10T23:59:59+02:00,607,560,11673,11064,18093,16928,20801,20569,24814,25534,28404,29425,20601,23554,15020,18797,4396,7640,5896,5934,10948,11384,13771,15134,18324,20379,23361,25390,18654,21410,14210,17766,4196,7279,205676,164371,30199,24510,54992,37588,7590,24,25
2021-07-09T23:59:59+02:00,579,537,11563,10939,18019,16844,20730,20508,24740,25458,28354,29380,20578,23534,15017,18787,4396,7639,5862,5901,10920,11350,13721,15113,18293,20347,23342,25368,18649,21400,14208,17763,4196,7278,204807,164137,30198,24460,54992,37554,7582,24,25
2021-07-08T23:59:59+02:00,544,509,11399,10804,17894,16739,20594,20406,24634,25330,28236,29302,20534,23484,15001,18758,4393,7631,5518,5644,10404,10954,13099,14663,17629,19787,22734,24902,18333,21010,14112,17680,4191,7268,204038,161827,30172,23652,54963,35469,6996,24,25
2021-07-07T23:59:59+02:00,484,456,11230,10659,17811,16652,20524,20338,24561,25252,28175,29238,20506,23448,14996,18746,4391,7623,5211,5351,9876,10502,12520,14182,16948,19266,22168,24403,18019,20646,14010,17583,4184,7245,203024,159365,30148,22186,54946,33625,6949,24,25
2021-07-06T23:59:59+02:00,443,422,11106,10509,17700,16559,20431,20235,24482,25159,28084,29159,20480,23410,14987,18729,4389,7620,4812,4923,9277,9987,11807,13580,16239,18652,21653,23908,17700,20341,13909,17467,4175,7235,201891,155176,30141,21245,54937,32330,6912,24,25
2021-07-05T23:59:59+02:00,421,395,11016,10420,17609,16488,20350,20163,24421,25108,28043,29122,20456,23389,14975,18721,4388,7617,4524,4602,8779,9536,11247,13026,15530,18008,21032,23299,17307,19946,13776,17309,4167,7227,201150,151281,30138,20565,54928,30600,6863,24,25
2021-07-04T23:59:59+02:00,408,389,10940,10365,17544,16434,20300,20113,24390,25072,28027,29104,20447,23378,14970,18718,4387,7616,4378,4511,8651,9370,11055,12851,15288,17798,20766,23027,17034,19655,13716,17217,4163,7223,200670,149966,30132,20260,54927,29621,6850,24,25
2021-07-03T23:59:59+02:00,406,388,10933,10354,17534,16428,20298,20110,24388,25072,28024,29103,20447,23377,14970,18718,4387,7616,4374,4504,8644,9366,11052,12851,15284,17798,20763,23024,17034,19652,13716,17217,4163,7223,200642,149953,30130,20260,54927,29615,6831,24,25
2021-07-02T23:59:59+02:00,363,325,10788,10244,17418,16326,20194,20034,24315,25007,27961,29044,20421,23351,14964,18704,4387,7613,4287,4423,8482,9229,10916,12739,15161,17691,20652,22920,16992,19622,13709,17202,4163,7220,199757,148964,30130,20259,54927,29557,6622,24,25
2021-07-01T23:59:59+02:00,316,282,10654,10109,17291,16232,20071,19945,24231,24932,27897,28992,20401,23327,14948,18689,4384,7609,4083,4222,8182,8891,10547,12328,14592,17191,20143,22382,16704,19323,13501,16988,4153,7198,198683,145906,30072,19575,54921,28328,6611,24,25
2021-06-30T23:59:59+02:00,233,220,10399,9871,17117,16081,19938,19814,24115,24808,27818,28904,20379,23295,14929,18671,4383,7608,3886,4027,7880,8554,10139,11866,14104,16635,19571,21748,16382,18981,13228,16711,4140,7171,197033,142232,30017,19324,54913,26861,6597,24,25
2021-06-29T23:59:59+02:00,189,183,10251,9695,16981,15986,19835,19722,24046,24732,27760,28836,20352,23268,14915,18651,4383,7604,3684,3767,7480,8102,9665,11329,13450,15965,18958,21044,16064,18654,12981,16421,4133,7157,195882,137946,30012,19025,54909,25309,6564,23,25
2021-06-28T23:59:59+02:00,140,131,10058,9513,16854,15880,19730,19618,23952,24638,27692,28774,20322,23238,14901,18633,4381,7602,3484,3512,7079,7659,9230,10836,12901,15427,18460,20526,15814,18388,12862,16288,4127,7146,194699,134111,29899,18602,54906,24483,6531,23,25
2021-06-27T23:59:59+02:00,122,114,9919,9401,16794,15820,19669,19567,23894,24588,27665,28750,20309,23222,14898,18629,4380,7599,3393,3445,6902,7464,9041,10637,12672,15187,18198,20267,15691,18283,12797,16201,4127,7142,194066,132919,29839,18254,54900,23749,6513,23,25
2021-06-26T23:59:59+02:00,122,114,9918,9397,16792,15816,19666,19566,23892,24587,27665,28750,20309,23222,14898,18629,4380,7599,3391,3445,6899,7463,9038,10636,12669,15184,18196,20266,15688,18282,12797,16200,4127,7142,194049,132899,29838,18254,54900,23745,6513,23,25
2021-06-25T23:59:59+02:00,118,111,9871,9357,16754,15783,19632,19536,23856,24559,27641,28732,20303,23215,14896,18626,4380,7599,3370,3399,6825,7353,8941,10481,12554,14988,18051,20058,15665,18253,12789,16197,4126,7141,193730,132717,29804,17901,54900,23048,6513,23,25
2021-06-24T23:59:59+02:00,108,100,9742,9234,16568,15655,19497,19412,23734,24470,27583,28671,20289,23199,14889,18617,4379,7597,3243,3254,6607,7023,8629,10027,12020,14365,17497,19352,15440,18021,12642,16066,4123,7129,192890,130316,29459,17041,54899,21594,6474,23,25
2021-06-23T23:59:59+02:00,102,95,9613,9096,16425,15530,19380,19308,23637,24365,27517,28624,20274,23177,14885,18612,4376,7596,3038,3017,6253,6540,8128,9459,11316,13542,16734,18371,15144,17680,12492,15924,4113,7104,191972,125763,29292,16068,54888,20574,6437,23,25
2021-06-22T23:59:59+02:00,71,69,9324,8791,16192,15328,19194,19157,23493,24240,27445,28540,20250,23152,14877,18593,4372,7590,2804,2734,5768,5991,7504,8696,10403,12500,15714,17169,14848,17322,12385,15800,4100,7081,190285,119332,29084,15576,54884,19499,6404,21,20
2021-06-21T23:59:59+02:00,67,62,9198,8634,16020,15178,19004,19004,23363,24117,27384,28461,20226,23124,14872,18583,4372,7586,2658,2545,5387,5526,7041,8111,9673,11622,14984,16235,14569,17009,12278,15679,4095,7064,189089,114628,28862,15016,54881,18422,6402,21,20
2021-06-20T23:59:59+02:00,64,61,9061,8505,15883,15060,18893,18915,23290,24046,27344,28410,20215,23103,14861,18576,4369,7585,2599,2477,5215,5344,6827,7845,9366,11290,14618,15832,14434,16875,12238,15642,4090,7058,188198,112923,28744,14783,54880,17638,6398,21,20
2021-06-19T23:59:59+02:00,64,61,9060,8500,15880,15051,18891,18915,23288,24045,27344,28409,20215,23103,14861,18576,4369,7585,2596,2476,5214,5339,6826,7844,9366,11289,14616,15828,14432,16875,12238,15642,4090,7058,188177,112905,28742,14781,54879,17637,6398,21,20
2021-06-18T23:59:59+02:00,64,57,9029,8488,15867,15042,18877,18907,23281,24036,27338,28404,20215,23100,14860,18576,4369,7585,2567,2443,5159,5280,6748,7744,9267,11133,14445,15600,14353,16774,12227,15621,4088,7055,188057,112120,28741,14780,54878,17198,6398,21,20
2021-06-17T23:59:59+02:00,57,54,8847,8326,15631,14874,18678,18749,23125,23905,27202,28311,20191,23079,14853,18564,4367,7582,2427,2295,4834,4980,6361,7341,8719,10530,13617,14728,14116,16481,12154,15499,4084,7044,186717,109255,28736,13823,54871,16074,6050,21,20
2021-06-16T23:59:59+02:00,49,52,8621,8110,15400,14647,18467,18549,22934,23736,27096,28201,20162,23036,14839,18544,4363,7576,2312,2186,4593,4777,6008,6998,8191,10045,12899,13889,13766,16098,12069,15410,4079,7032,184933,105804,28636,13023,54868,15593,5924,21,20
2021-06-15T23:59:59+02:00,40,39,8276,7776,15023,14288,18145,18262,22682,23525,26937,28067,20132,23002,14826,18528,4361,7565,2130,2016,4243,4429,5502,6436,7310,9154,11707,12613,13225,15480,11948,15247,4064,7009,182336,99568,28600,12358,54866,14928,5651,21,20
2021-06-14T23:59:59+02:00,34,34,8097,7607,14764,14055,17942,18089,22531,23404,26825,27985,20111,22969,14813,18520,4357,7557,2015,1892,3986,4179,5117,5966,6653,8432,10782,11558,12909,15132,11877,15153,4054,6990,180754,94732,28576,11998,54864,14476,5479,21,20
2021-06-13T23:59:59+02:00,34,34,8023,7551,14680,13966,17826,17978,22450,23325,26796,27955,20098,22958,14809,18514,4357,7557,1971,1865,3904,4082,4999,5826,6420,8192,10487,11224,12752,14954,11819,15097,4053,6989,179996,93351,28566,11706,54860,14097,5468,21,20
2021-06-12T23:59:59+02:00,34,34,8022,7550,14680,13965,17826,17978,22448,23324,26795,27952,20098,22957,14809,18514,4357,7557,1970,1863,3902,4082,4997,5825,6417,8188,10484,11218,12749,14953,11819,15095,4053,6989,179985,93330,28566,11706,54860,14088,5468,21,20
2021-06-11T23:59:59+02:00,34,33,7956,7509,14591,13918,17750,17928,22379,23290,26751,27929,20096,22953,14809,18513,4357,7557,1954,1851,3866,4024,4954,5758,6356,8106,10384,11113,12709,14918,11808,15089,4053,6989,179648,93112,28489,11700,54859,13772,5336,21,20
2021-06-10T23:59:59+02:00,29,26,7617,7214,14196,13554,17317,17553,22048,23008,26555,27748,20052,22908,14796,18495,4354,7545,1853,1769,3650,3860,4679,5484,6032,7738,9766,10502,12190,14258,11739,14981,4045,6982,177051,89951,27996,11320,54846,13143,5101,21,19
2021-06-09T23:59:59+02:00,28,23,7250,6866,13737,13118,16802,17087,21658,22639,26340,27534,19979,22838,14778,18460,4351,7537,1687,1654,3455,3681,4424,5216,5646,7330,8989,9785,11525,13422,11620,14841,4035,6970,173809,85700,27455,10685,54834,12976,4906,21,19
2021-06-08T23:59:59+02:00,23,19,6875,6463,13223,12630,16335,16618,21301,22299,26124,27331,19922,22759,14747,18425,4348,7530,1595,1579,3235,3450,4105,4865,5139,6842,8103,8863,10640,12345,11476,14683,4031,6955,170399,80045,26965,10389,54825,12698,4762,21,18
2021-06-07T23:59:59+02:00,20,16,6599,6178,12789,12256,15937,16219,20974,22002,25962,27175,19885,22706,14726,18405,4341,7524,1534,1508,3043,3278,3830,4636,4737,6465,7389,8109,9728,11198,11365,14537,4020,6938,167835,75301,26545,10017,54805,12477,4508,21,18
2021-06-06T23:59:59+02:00,20,16,6458,6047,12647,12103,15775,16062,20810,21840,25876,27088,19865,22669,14715,18395,4340,7520,1519,1486,2970,3237,3736,4570,4631,6386,7247,7980,9471,10929,11319,14487,4017,6933,166610,74619,26441,9593,54784,12304,4390,21,18
2021-06-05T23:59:59+02:00,20,16,6449,6043,12633,12090,15765,16053,20807,21835,25876,27085,19865,22669,14715,18395,4340,7520,1517,1484,2967,3236,3735,4569,4628,6386,7242,7975,9464,10924,11319,14487,4017,6933,166551,74590,26430,9591,54784,12300,4390,21,18
2021-06-04T23:59:59+02:00,20,16,6417,6003,12574,12041,15705,16004,20779,21804,25857,27068,19861,22663,14712,18395,4340,7520,1516,1478,2955,3224,3716,4555,4618,6372,7205,7932,9432,10854,11281,14446,4016,6932,166453,74314,26172,9578,54760,12255,4373,21,18
2021-06-03T23:59:59+02:00,20,15,6183,5781,12274,11791,15383,15694,20447,21466,25600,26856,19815,22589,14692,18375,4339,7516,1474,1435,2882,3158,3619,4477,4509,6273,7005,7751,9055,10406,11229,14372,4016,6927,163972,73016,25925,9283,54758,12116,4160,21,18
2021-06-02T23:59:59+02:00,20,15,6120,5720,12203,11727,15310,15627,20375,21405,25583,26832,19811,22586,14689,18372,4338,7515,1460,1425,2865,3146,3602,4462,4474,6256,6970,7713,8974,10296,11220,14347,4015,6926,163621,72653,25741,9274,54757,12106,4108,21,15
2021-06-01T23:59:59+02:00,16,15,5666,5225,11468,11028,14484,14895,19656,20740,25173,26451,19721,22496,14655,18326,4330,7507,1346,1317,2567,2876,3223,4128,3986,5796,6142,6910,7785,8671,10976,14000,4001,6909,158587,67246,25091,8368,54729,11587,3424,21,13
2021-05-31T23:59:59+02:00,14,15,5416,4928,11026,10602,13957,14402,19178,20243,24866,26111,19628,22410,14616,18280,4321,7491,1286,1262,2413,2741,3021,3959,3702,5503,5584,6378,6769,7385,10732,13680,3992,6875,155125,63209,24395,7446,54724,11380,3239,21,13
2021-05-30T23:59:59+02:00,14,15,5337,4852,10841,10480,13792,14224,18829,19921,24623,25862,19597,22380,14608,18260,4320,7489,1266,1248,2386,2708,2973,3913,3634,5447,5481,6290,6597,7156,10695,13605,3990,6865,153630,62475,23891,7384,54697,11182,3205,21,13
2021-05-29T23:59:59+02:00,14,15,5334,4852,10841,10476,13787,14221,18829,19920,24622,25860,19597,22380,14608,18260,4320,7489,1265,1244,2385,2705,2971,3910,3634,5445,5480,6288,6592,7153,10695,13605,3990,6865,153612,62465,23891,7381,54696,11168,3205,21,13
2021-05-28T23:59:59+02:00,14,15,5318,4838,10820,10438,13762,14202,18812,19903,24614,25850,19596,22379,14606,18257,4320,7488,1260,1244,2384,2698,2970,3908,3628,5439,5466,6272,6576,7136,10686,13583,3989,6861,153427,62361,23889,7381,54692,11147,3203,21,13
2021-05-27T23:59:59+02:00,11,14,5026,4555,10297,9982,13175,13671,18122,19289,24032,25313,19497,22264,14573,18211,4309,7476,1097,1104,2100,2505,2671,3616,3333,5083,5135,5993,6276,6719,10457,13300,3984,6845,150165,60506,22896,7345,54586,10210,2149,21,12
2021-05-26T23:59:59+02:00,11,14,4763,4299,9859,9601,12657,13151,17508,18679,23398,24636,19372,22115,14526,18156,4303,7459,1018,1024,1941,2352,2471,3419,3071,4839,4747,5641,5719,6070,10084,12766,3968,6809,146062,57360,22136,7307,54464,9440,1824,21,12
2021-05-25T23:59:59+02:00,11,13,4548,4069,9448,9127,12196,12644,16970,18100,22877,23997,19240,21943,14495,18077,4294,7445,969,980,1879,2262,2362,3283,2899,4636,4401,5265,5136,5338,9632,12166,3952,6784,142014,53807,21301,7292,54336,9015,1822,21,12
2021-05-24T23:59:59+02:00,11,13,4436,3912,9238,8922,11992,12384,16668,17778,22548,23594,19164,21864,14480,18057,4292,7444,953,932,1819,2221,2288,3222,2813,4555,4279,5149,4991,5178,9541,12039,3949,6776,140509,53099,20340,7239,54159,8591,1768,21,12
2021-05-23T23:59:59+02:00,11,13,4425,3911,9232,8919,11980,12374,16657,17771,22532,23573,19159,21859,14479,18055,4292,7444,952,927,1817,2216,2283,3220,2806,4551,4272,5132,4983,5164,9534,12026,3948,6775,140402,53019,20337,7226,54158,8585,1768,21,12
2021-05-22T23:59:59+02:00,11,13,4421,3908,9228,8915,11972,12368,16653,17767,22530,23571,19159,21859,14479,18055,4292,7444,952,927,1816,2214,2280,3220,2805,4551,4272,5130,4981,5163,9533,12026,3948,6775,140373,53013,20337,7226,54146,8578,1768,21,12
2021-05-21T23:59:59+02:00,11,13,4390,3869,9156,8839,11899,12281,16562,17692,22467,23503,19139,21841,14475,18048,4292,7442,907,917,1784,2203,2248,3211,2775,4526,4224,5101,4957,5139,9520,12019,3947,6774,139716,52946,20337,7226,54127,8354,1718,21,12
2021-05-20T23:59:59+02:00,8,12,4136,3689,8709,8482,11416,11867,15891,17189,21886,22924,18954,21673,14443,18008,4287,7431,760,853,1528,2043,2005,3054,2533,4307,3973,4868,4800,4976,9405,11875,3939,6750,136318,52218,19963,7127,53710,7323,993,21,12
2021-05-19T23:59:59+02:00,8,12,3893,3448,8216,8020,10836,11322,15219,16482,21210,22201,18753,21442,14402,17958,4281,7413,711,807,1468,1963,1928,2954,2467,4181,3832,4710,4625,4763,9202,11645,3919,6721,130927,51141,19780,6994,53413,6778,975,21,12
2021-05-18T23:59:59+02:00,7,11,3605,3186,7669,7482,10108,10623,14258,15544,20267,21144,18493,21159,14347,17898,4275,7391,656,758,1414,1876,1853,2843,2338,4041,3656,4508,4354,4471,8999,11395,3906,6694,123884,49910,19684,6793,52975,6148,903,21,12
2021-05-17T23:59:59+02:00,7,11,3414,2978,7211,7014,9603,10082,13529,14755,19580,20344,18307,20897,14300,17832,4265,7376,600,703,1333,1813,1778,2762,2228,3966,3520,4395,4108,4240,8855,11182,3893,6665,118643,49108,19444,6580,52510,5458,887,21,12
2021-05-16T23:59:59+02:00,7,10,3285,2905,7004,6837,9400,9867,13275,14520,19351,20115,18230,20818,14286,17813,4264,7370,587,657,1294,1765,1733,2701,2191,3873,3455,4312,4017,4139,8834,11155,3891,6663,117021,48964,19204,6412,52228,5000,883,21,12
2021-05-15T23:59:59+02:00,7,10,3284,2902,6998,6829,9398,9861,13272,14518,19348,20105,18228,20817,14286,17813,4264,7370,587,657,1292,1764,1730,2700,2189,3873,3454,4312,4015,4137,8834,11155,3891,6663,116977,48956,19204,6411,52226,4996,882,21,12
2021-05-14T23:59:59+02:00,7,10,3243,2858,6885,6685,9268,9723,13122,14336,19176,19970,18204,20792,14285,17805,4263,7367,567,644,1271,1743,1701,2678,2155,3847,3410,4274,3965,4083,8827,11148,3891,6662,116571,48917,18455,6260,52142,4871,810,21,12
2021-05-13T23:59:59+02:00,7,10,3124,2696,6557,6366,8832,9325,12575,13855,18573,19373,18076,20648,14252,17769,4258,7365,535,619,1217,1687,1644,2604,2068,3741,3262,4154,3861,3946,8804,11128,3888,6658,113691,48821,17758,5870,51537,4462,655,20,10
2021-05-12T23:59:59+02:00,7,10,3097,2666,6524,6328,8783,9272,12436,13742,18389,19169,18043,20614,14244,17759,4258,7365,534,617,1216,1684,1639,2601,2060,3735,3248,4146,3848,3932,8796,11122,3888,6657,112980,48795,17533,5843,51519,4423,654,20,10
2021-05-11T23:59:59+02:00,5,10,2707,2408,5725,5832,7815,8461,11043,12575,16823,17694,17538,20051,14160,17654,4239,7342,498,557,1089,1579,1476,2445,1873,3556,3027,3884,3741,3818,8727,11029,3884,6652,105579,48564,16910,5647,49445,3487,129,19,10
2021-05-10T23:59:59+02:00,5,8,2520,2242,5252,5453,7123,7838,10016,11659,15529,16322,17159,19600,14097,17540,4231,7318,473,531,1046,1540,1433,2394,1814,3453,2907,3753,3659,3745,8688,10981,3880,6648,99776,48448,16001,5418,47988,2943,128,19,10
2021-05-09T23:59:59+02:00,5,8,2437,2211,5115,5369,6936,7719,9606,11322,14983,15795,17041,19461,14077,17512,4228,7313,457,513,1014,1483,1362,2310,1756,3331,2795,3599,3573,3653,8665,10949,3877,6645,98204,48363,15413,5148,47376,2337,126,19,10
2021-05-08T23:59:59+02:00,5,8,2433,2210,5114,5369,6936,7717,9602,11318,14982,15794,17041,19461,14077,17512,4228,7313,456,512,1013,1483,1362,2309,1756,3331,2794,3598,3571,3653,8665,10949,3877,6645,98189,48358,15412,5148,47374,2334,126,19,10
2021-05-07T23:59:59+02:00,5,8,2261,2148,4843,5274,6572,7564,9153,11104,14539,15474,16864,19259,14065,17483,4228,7311,444,510,1002,1471,1347,2294,1721,3321,2745,3563,3525,3613,8586,10868,3877,6642,97483,48335,14894,4799,45638,2266,121,19,10
2021-05-06T23:59:59+02:00,5,8,2027,2016,4294,4927,5919,7189,8386,10546,13564,14652,16466,18808,14016,17389,4216,7298,415,462,961,1371,1260,2131,1615,3097,2524,3280,3348,3413,8407,10675,3868,6628,94904,47895,13657,4193,43095,1307,52,18,10
2021-05-05T23:59:59+02:00,5,8,1904,1906,4012,4704,5488,6818,7691,9957,12448,13595,15789,17971,13912,17288,4207,7274,407,450,948,1344,1232,2089,1580,3021,2464,3196,3298,3373,8328,10578,3862,6618,90494,47764,12335,4045,42093,934,37,18,10
2021-05-04T23:59:59+02:00,5,8,1817,1820,3745,4468,5081,6462,7029,9382,11228,12352,14870,16843,13803,17151,4203,7260,402,440,929,1324,1214,2047,1562,2983,2420,3141,3254,3326,8239,10467,3856,6604,84684,47626,11697,3845,41105,705,24,17,10
2021-05-03T23:59:59+02:00,4,8,1765,1767,3593,4342,4850,6250,6645,9051,10499,11616,14144,15864,13715,17036,4194,7243,396,430,925,1310,1200,2014,1541,2942,2387,3096,3201,3286,8124,10365,3851,6598,80251,47499,11493,3624,40805,516,20,17,9
2021-05-02T23:59:59+02:00,4,8,1755,1748,3519,4317,4768,6197,6575,8991,10381,11501,13957,15670,13683,17009,4193,7238,394,422,919,1295,1197,1997,1538,2929,2371,3079,3186,3269,8087,10333,3850,6594,79691,47480,11217,3526,40573,431,16,17,9
2021-05-01T23:59:59+02:00,4,8,1752,1748,3518,4316,4767,6196,6572,8990,10376,11497,13954,15670,13682,17008,4193,7235,393,422,919,1295,1196,1996,1538,2929,2371,3079,3186,3269,8087,10333,3850,6593,79665,47477,11217,3526,40572,431,15,17,9
2021-04-30T23:59:59+02:00,4,8,1750,1741,3512,4307,4760,6184,6551,8975,10338,11459,13903,15596,13656,16977,4192,7234,393,420,917,1293,1196,1996,1538,2929,2369,3078,3186,3267,8086,10331,3850,6593,79338,47470,11217,3525,40562,426,14,16,9
2021-04-29T23:59:59+02:00,4,7,1625,1700,3271,4193,4484,6031,6234,8724,9923,11067,13320,14892,13552,16821,4186,7226,384,409,908,1272,1176,1962,1513,2893,2340,3030,3172,3256,8073,10313,3847,6589,76554,47354,10832,3523,39847,240,13,14,9
2021-04-28T23:59:59+02:00,4,7,1500,1653,3098,4093,4249,5851,5877,8450,9335,10575,12443,13709,13395,16612,4177,7212,375,399,891,1259,1160,1933,1476,2849,2270,2961,3019,3123,7960,10197,3840,6578,72056,46936,10646,3110,39513,226,11,14,9
2021-04-27T23:59:59+02:00,4,7,1462,1610,2989,3973,4045,5709,5570,8191,8715,9905,11405,12397,13165,16255,4166,7190,363,384,882,1238,1145,1898,1449,2777,2224,2900,2980,3078,7933,10165,3833,6573,67248,46722,10458,2936,39028,146,11,13,9
2021-04-26T23:59:59+02:00,4,7,1437,1576,2876,3895,3873,5565,5259,7977,8223,9464,10650,11470,13021,16051,4155,7172,362,379,872,1228,1128,1887,1419,2756,2195,2869,2930,3026,7883,10115,3827,6568,63833,46619,10268,2682,38550,125,11,13,9
2021-04-25T23:59:59+02:00,4,7,1426,1570,2809,3864,3776,5506,5123,7930,8028,9359,10454,11236,12984,15997,4154,7167,361,374,863,1222,1110,1873,1404,2737,2172,2842,2888,2993,7835,10067,3826,6563,63330,46539,10067,2474,37973,99,11,13,9
2021-04-24T23:59:59+02:00,4,7,1425,1570,2809,3862,3775,5505,5121,7928,8024,9355,10447,11233,12984,15997,4154,7167,361,374,863,1222,1110,1870,1402,2736,2171,2842,2888,2993,7835,10067,3826,6563,63304,46534,10067,2473,37972,98,11,13,9
2021-04-23T23:59:59+02:00,4,7,1408,1559,2742,3827,3693,5475,5003,7880,7890,9295,10361,11122,12960,15956,4152,7163,360,374,862,1219,1110,1870,1401,2736,2171,2842,2888,2993,7834,10067,3826,6563,63173,46529,9786,2472,37514,97,11,13,9
2021-04-22T23:59:59+02:00,4,7,1366,1528,2634,3761,3533,5370,4771,7726,7537,9060,9788,10428,12693,15657,4146,7139,354,373,854,1210,1099,1858,1390,2710,2144,2821,2852,2961,7744,9958,3814,6547,61547,46120,9127,2463,36450,88,11,13,9
2021-04-21T23:59:59+02:00,4,7,1333,1491,2554,3685,3414,5267,4553,7546,7128,8732,8898,9396,12278,15078,4133,7097,349,371,849,1193,1090,1837,1372,2680,2114,2793,2793,2905,7629,9793,3796,6519,58817,45639,8258,2338,35495,88,11,13,9
2021-04-20T23:59:59+02:00,4,7,1311,1465,2484,3610,3314,5170,4379,7363,6742,8401,8005,8268,11812,14488,4119,7083,343,366,837,1180,1080,1815,1348,2657,2081,2750,2732,2848,7479,9606,3764,6463,55963,44917,7493,2332,34547,83,10,12,9
2021-04-19T23:59:59+02:00,4,7,1294,1449,2448,3573,3253,5103,4272,7261,6503,8168,7371,7493,11559,14131,4108,7065,341,364,833,1170,1074,1803,1325,2644,2047,2724,2677,2804,7363,9440,3741,6424,54012,44359,7120,2318,33908,80,10,12,9
2021-04-18T23:59:59+02:00,4,6,1284,1437,2417,3549,3212,5082,4218,7205,6367,8039,7018,7105,11465,14028,4105,7053,341,363,831,1166,1073,1796,1323,2631,2041,2719,2671,2790,7336,9408,3739,6420,53494,44235,6662,2316,33416,80,10,12,9
2021-04-17T23:59:59+02:00,4,6,1283,1435,2417,3548,3211,5078,4213,7202,6360,8029,7004,7095,11463,14026,4105,7053,341,363,830,1165,1073,1796,1321,2630,2040,2717,2668,2788,7335,9408,3739,6420,53472,44222,6660,2315,33378,80,10,12,9
2021-04-16T23:59:59+02:00,4,6,1280,1434,2407,3540,3203,5070,4194,7184,6309,7996,6928,7010,11451,14012,4103,7051,341,362,826,1163,1071,1796,1319,2629,2037,2717,2667,2781,7333,9406,3738,6420,53416,44198,6423,2311,33321,80,10,12,9
2021-04-15T23:59:59+02:00,2,4,1244,1413,2353,3491,3108,5011,4033,7056,6053,7764,6384,6452,11201,13723,4088,7019,333,360,807,1143,1032,1737,1274,2557,1963,2622,2587,2712,7245,9319,3728,6403,52329,43609,6033,2125,32015,74,10,12,6
2021-04-14T23:59:59+02:00,2,4,1223,1399,2318,3464,3039,4949,3926,6951,5863,7556,5740,5749,10808,13233,4056,6969,326,357,795,1134,1015,1711,1244,2516,1911,2571,2510,2642,7096,9123,3709,6377,50922,42948,5827,2002,30479,74,9,12,6
2021-04-13T23:59:59+02:00,2,4,1209,1390,2286,3433,2983,4886,3815,6870,5615,7335,5205,5203,10467,12819,4033,6941,305,343,776,1105,993,1690,1221,2481,1875,2530,2444,2576,6977,8986,3673,6316,49904,42262,5623,1945,28948,71,9,12,6
2021-04-12T23:59:59+02:00,2,4,1194,1384,2260,3410,2933,4841,3687,6790,5405,7185,4876,4909,10217,12538,4024,6917,289,339,762,1101,976,1674,1207,2459,1825,2483,2367,2515,6863,8845,3659,6294,49439,41687,5424,1896,27695,64,7,11,6
2021-04-11T23:59:59+02:00,2,4,1188,1371,2240,3390,2900,4821,3627,6719,5261,7076,4644,4709,10032,12339,4018,6906,282,337,757,1093,966,1660,1196,2431,1802,2451,2314,2456,6779,8737,3645,6274,49356,41272,5187,1835,26689,63,6,9,6
2021-04-10T23:59:59+02:00,2,4,1188,1370,2237,3386,2898,4817,3621,6716,5251,7064,4638,4700,10024,12326,4018,6905,279,333,741,1086,953,1655,1172,2411,1731,2399,2226,2370,6720,8690,3644,6270,49301,41103,5185,1506,26664,61,6,9,6
2021-04-09T23:59:59+02:00,2,4,1185,1367,2230,3384,2890,4808,3612,6705,5222,7040,4613,4672,9998,12296,4017,6905,270,330,721,1076,937,1634,1138,2364,1639,2323,2006,2101,6565,8529,3622,6237,49227,40248,5180,1173,26528,61,6,9,6
2021-04-08T23:59:59+02:00,2,4,1161,1347,2176,3328,2804,4718,3471,6575,4986,6807,4223,4264,9451,11723,3998,6851,245,309,670,1016,879,1561,1065,2268,1504,2203,1729,1764,6100,7967,3534,6092,48766,37676,4651,1170,24457,50,6,9,6
2021-04-07T23:59:59+02:00,2,4,1151,1333,2142,3310,2762,4681,3382,6513,4823,6673,3932,3964,8889,11172,3981,6823,212,280,611,961,819,1492,1006,2207,1398,2104,1589,1589,5501,7267,3445,5935,48559,35193,4177,1166,22788,49,4,9,6
2021-04-06T23:59:59+02:00,2,4,1129,1316,2097,3285,2723,4649,3317,6466,4697,6581,3678,3709,8398,10664,3965,6792,204,275,582,941,794,1444,961,2150,1315,2017,1443,1400,4917,6474,3331,5729,48364,32766,3640,1158,21456,46,3,9,6
2021-04-05T23:59:59+02:00,2,4,1126,1311,2091,3282,2713,4647,3303,6451,4674,6563,3646,3682,8369,10626,3961,6790,201,262,575,926,775,1420,945,2114,1275,1977,1396,1337,4703,6204,3283,5672,48274,31856,3634,1156,21321,46,3,9,6
2021-04-04T23:59:59+02:00,2,4,1126,1311,2091,3281,2713,4646,3303,6451,4673,6562,3641,3680,8367,10624,3961,6790,201,262,574,926,775,1420,945,2114,1275,1976,1396,1337,4702,6204,3283,5672,48268,31853,3634,1156,21312,46,3,9,6
2021-04-03T23:59:59+02:00,2,4,1126,1311,2090,3281,2713,4646,3303,6451,4673,6562,3640,3678,8367,10622,3961,6790,201,262,574,925,775,1420,945,2114,1275,1976,1396,1337,4702,6204,3283,5672,48266,31852,3633,1156,21309,46,3,9,6
2021-04-02T23:59:59+02:00,2,4,1126,1311,2090,3279,2713,4645,3303,6448,4673,6560,3638,3674,8365,10621,3961,6790,201,262,574,925,775,1418,945,2114,1275,1975,1396,1335,4700,6203,3282,5672,48250,31844,3633,1155,21308,46,3,9,6
2021-04-01T23:59:59+02:00,1,4,1113,1276,2025,3159,2605,4445,3155,6199,4515,6321,3594,3638,8266,10515,3950,6773,196,253,570,916,764,1412,935,2100,1252,1959,1375,1308,4461,5884,3162,5507,47880,30857,3627,1151,20035,39,3,9,6
2021-03-31T23:59:59+02:00,1,4,1096,1246,1987,3060,2530,4302,3065,5986,4385,6091,3511,3556,8113,10318,3930,6738,188,250,563,905,760,1394,923,2080,1210,1926,1319,1245,3971,5284,3034,5271,47275,29129,3500,1151,19132,38,3,9,4
2021-03-30T23:59:59+02:00,1,3,1074,1212,1936,2876,2428,4077,2915,5628,4184,5702,3417,3461,7948,10113,3903,6684,184,245,554,895,749,1372,901,2060,1162,1881,1233,1161,3450,4570,2807,4936,46635,26975,3334,1151,17581,29,3,9,4
2021-03-29T23:59:59+02:00,1,3,1057,1169,1873,2746,2344,3920,2777,5374,4021,5428,3317,3361,7786,9883,3874,6636,183,240,548,884,739,1358,883,2036,1125,1853,1159,1072,2866,3888,2628,4642,45990,24936,3099,1145,16470,19,2,9,4
2021-03-28T23:59:59+02:00,1,3,1038,1137,1802,2584,2262,3716,2656,5079,3869,5151,3252,3295,7721,9818,3870,6630,183,240,546,881,738,1356,881,2030,1122,1850,1150,1060,2811,3820,2615,4615,45881,24739,2890,1142,15102,14,2,9,3
2021-03-27T23:59:59+01:00,1,3,1038,1137,1802,2583,2261,3715,2653,5079,3866,5151,3248,3295,7720,9818,3870,6630,183,240,545,881,738,1356,880,2030,1119,1850,1150,1060,2811,3820,2615,4615,45872,24734,2890,1142,15097,14,2,9,3
2021-03-26T23:59:59+01:00,1,3,1033,1114,1760,2468,2197,3557,2590,4869,3780,4927,3227,3278,7717,9813,3869,6629,183,239,545,881,737,1356,880,2030,1119,1847,1146,1059,2808,3812,2614,4612,45845,24711,2887,1142,14089,12,2,9,3
2021-03-25T23:59:59+01:00,1,3,1008,1083,1709,2365,2114,3388,2482,4640,3668,4730,3125,3186,7589,9679,3862,6615,181,236,540,879,730,1346,874,2012,1102,1823,1100,1015,2579,3464,2414,4319,45587,23458,2550,1142,13102,12,1,7,3
2021-03-24T23:59:59+01:00,1,3,985,1064,1689,2322,2083,3338,2447,4573,3624,4661,3038,3116,7460,9509,3843,6597,181,232,534,874,723,1336,862,1997,1083,1802,1060,973,2186,2918,2021,3800,45050,21428,2420,1140,12875,12,1,7,3
2021-03-23T23:59:59+01:00,1,3,975,1058,1671,2290,2059,3304,2414,4529,3584,4611,2971,3043,7366,9407,3825,6569,179,229,530,869,716,1324,848,1978,1047,1772,979,883,1823,2427,1671,3336,44539,19491,2409,1106,12725,12,1,6,3
2021-03-22T23:59:59+01:00,1,3,973,1049,1656,2273,2045,3286,2392,4501,3547,4569,2927,3009,7303,9337,3811,6552,176,226,529,858,700,1301,834,1964,1018,1745,931,811,1348,1853,1317,2847,44205,17395,2387,1049,12635,12,1,6,3
2021-03-21T23:59:59+01:00,1,3,973,1049,1655,2270,2045,3285,2388,4497,3535,4561,2913,3000,7255,9282,3805,6546,176,223,528,856,699,1297,832,1960,1007,1740,908,792,1270,1768,1261,2778,44059,17093,2384,988,12613,12,1,6,3
2021-03-20T23:59:59+01:00,1,3,972,1048,1654,2269,2045,3285,2388,4497,3533,4559,2912,2999,7255,9281,3805,6546,176,223,528,856,699,1297,832,1960,994,1725,873,764,1238,1745,1252,2776,44057,17090,2380,834,12608,12,1,6,3
2021-03-19T23:59:59+01:00,1,3,971,1040,1647,2255,2034,3281,2386,4491,3526,4552,2902,2988,7243,9263,3804,6543,176,221,527,856,699,1295,832,1959,987,1720,829,725,1175,1693,1242,2766,43994,17047,2376,641,12553,12,1,6,3
2021-03-18T23:59:59+01:00,1,3,933,1008,1572,2141,1910,3113,2237,4244,3296,4300,2749,2830,6941,8898,3738,6442,175,220,522,851,692,1288,823,1948,964,1704,811,703,1099,1585,1097,2561,42599,16466,2064,563,11686,12,1,6,3
2021-03-17T23:59:59+01:00,1,3,880,976,1501,2081,1847,3047,2172,4183,3201,4204,2615,2697,6513,8403,3673,6327,174,218,519,846,690,1284,819,1943,959,1696,782,684,964,1432,941,2346,40824,15721,2060,562,11433,12,1,6,3
2021-03-16T23:59:59+01:00,1,3,855,952,1467,2040,1809,2998,2118,4128,3106,4106,2481,2538,6036,7751,3582,6177,168,215,514,845,687,1277,814,1934,952,1683,777,671,876,1306,797,2180,38825,15118,1999,562,11317,12,1,6,3
2021-03-15T23:59:59+01:00,1,3,838,945,1449,2018,1771,2943,2080,4057,3005,3997,2347,2367,5548,7207,3509,6060,167,214,514,837,685,1268,810,1924,942,1667,766,661,806,1194,644,1978,37052,14538,1898,524,11189,12,0,6,3
2021-03-14T23:59:59+01:00,1,3,833,931,1425,1991,1747,2914,2049,3998,2942,3930,2168,2170,5363,6979,3478,6027,167,214,513,834,683,1257,809,1917,939,1658,748,652,790,1175,620,1923,36028,14393,1797,500,11118,3,0,6,3
2021-03-13T23:59:59+01:00,1,3,825,924,1403,1979,1731,2901,2022,3970,2868,3882,2096,2096,5314,6924,3476,6026,167,214,513,833,683,1257,808,1917,939,1658,748,652,790,1175,620,1923,35773,14391,1550,500,11112,3,0,6,3
2021-03-12T23:59:59+01:00,1,3,801,908,1357,1920,1668,2803,1923,3819,2710,3716,1899,1856,5128,6700,3444,5983,167,214,512,833,683,1257,807,1917,939,1657,740,649,777,1160,612,1920,34442,14339,1306,499,10885,3,0,6,3
2021-03-11T23:59:59+01:00,1,3,767,849,1289,1835,1584,2655,1839,3618,2547,3543,1634,1546,4760,6228,3307,5802,158,207,506,824,673,1248,792,1881,919,1616,610,587,708,1118,591,1888,32329,13833,1206,489,10266,2,0,6,2
2021-03-10T23:59:59+01:00,1,3,752,797,1266,1779,1551,2597,1789,3547,2465,3454,1562,1457,4287,5683,3188,5548,158,205,497,803,655,1235,783,1861,912,1600,541,572,675,1109,584,1883,30507,13682,1200,387,10013,2,0,6,2
2021-03-09T23:59:59+01:00,1,3,738,776,1245,1749,1524,2551,1749,3496,2391,3402,1468,1358,3726,4931,2993,5238,156,203,492,782,645,1211,769,1829,900,1572,537,570,673,1104,581,1877,28321,13622,1197,275,9815,2,0,6,2
2021-03-08T23:59:59+01:00,0,3,734,748,1231,1729,1506,2531,1721,3458,2351,3359,1375,1256,3052,4102,2754,4867,152,200,478,759,623,1178,750,1779,876,1535,533,568,673,1103,581,1877,25855,13614,1197,49,9719,0,0,6,2
2021-03-07T23:59:59+01:00,0,3,731,744,1222,1719,1498,2516,1710,3450,2340,3351,1362,1240,2949,3980,2731,4817,152,200,478,759,623,1178,750,1779,876,1535,533,568,673,1103,581,1877,25500,13614,1195,49,9662,0,0,6,2
2021-03-06T23:59:59+01:00,0,3,730,744,1221,1714,1495,2513,1706,3447,2336,3350,1359,1240,2949,3980,2731,4817,151,200,478,759,623,1178,750,1779,876,1535,533,568,673,1103,581,1877,25495,13613,1195,49,9639,0,0,6,2
2021-03-05T23:59:59+01:00,0,3,668,718,1195,1699,1474,2503,1681,3432,2307,3340,1354,1237,2941,3972,2728,4812,151,200,478,758,623,1177,750,1779,876,1533,532,568,673,1103,581,1877,25466,13608,1191,49,9401,0,0,6,2
2021-03-04T23:59:59+01:00,0,3,602,671,1128,1630,1418,2420,1640,3351,2232,3263,1304,1189,2720,3606,2542,4524,149,194,475,744,612,1165,739,1751,867,1520,522,557,661,1093,576,1868,24236,13443,1183,48,8818,0,0,6,2
2021-03-03T23:59:59+01:00,0,3,565,632,1061,1568,1321,2339,1539,3265,2107,3177,1259,1143,2346,3087,2186,4072,149,194,473,741,612,1165,738,1749,865,1519,519,554,659,1090,576,1866,22362,13420,1181,47,8123,0,0,4,2
2021-03-02T23:59:59+01:00,0,3,547,599,1023,1522,1266,2296,1481,3213,2010,3116,1175,1042,1977,2609,1790,3549,147,192,468,735,607,1154,728,1739,860,1498,510,545,648,1069,556,1833,20287,13240,1178,47,7749,0,0,4,2
2021-03-01T23:59:59+01:00,0,3,540,550,1005,1483,1220,2235,1435,3147,1955,3043,1130,968,1481,2015,1403,3004,145,192,468,735,607,1153,728,1736,859,1498,508,545,645,1060,552,1822,17999,13204,1175,47,7439,0,0,4,2
2021-02-28T23:59:59+01:00,0,3,533,536,988,1443,1194,2173,1407,3089,1900,2970,1109,946,1366,1874,1329,2916,145,192,467,734,607,1153,727,1734,858,1497,506,545,645,1060,552,1822,17519,13195,1172,47,7081,0,0,4,2
2021-02-27T23:59:59+01:00,0,3,533,534,987,1442,1194,2172,1407,3088,1900,2969,1109,946,1366,1873,1327,2916,145,192,466,733,604,1151,725,1732,856,1496,506,545,645,1060,552,1822,17516,13195,1172,33,7074,0,0,4,2
2021-02-26T23:59:59+01:00,0,3,390,483,856,1399,1111,2130,1340,3047,1841,2927,1104,940,1363,1872,1327,2915,145,192,466,733,604,1151,725,1731,856,1495,506,545,645,1060,552,1822,17505,13194,1172,32,6367,0,0,4,2
2021-02-25T23:59:59+01:00,0,3,300,429,760,1305,1027,2040,1241,2874,1702,2765,1066,908,1281,1747,1207,2723,138,182,454,720,588,1126,718,1706,836,1471,492,531,616,1028,538,1803,16904,12923,1172,22,5298,0,0,4,2
2021-02-24T23:59:59+01:00,0,2,254,384,687,1229,953,1952,1187,2756,1636,2647,1039,888,1158,1601,1049,2506,136,182,451,716,584,1125,717,1701,835,1467,487,526,608,1023,535,1791,16191,12863,1170,19,4563,0,0,4,2
2021-02-23T23:59:59+01:00,0,2,242,362,666,1171,924,1873,1140,2644,1561,2537,1013,860,1078,1474,906,2341,136,181,451,714,584,1125,717,1698,833,1466,486,523,606,1022,535,1790,15631,12852,1135,14,4024,0,0,4,1
2021-02-22T23:59:59+01:00,0,0,227,342,643,1141,892,1790,1090,2552,1474,2415,968,830,959,1330,719,2085,136,181,450,713,582,1124,716,1698,827,1464,485,522,605,1020,534,1788,14877,12840,1063,4,3513,0,0,4,1
2021-02-21T23:59:59+01:00,0,0,221,331,608,1074,843,1686,1047,2451,1394,2308,951,809,926,1278,667,2020,136,180,447,706,581,1120,716,1693,827,1463,484,522,604,1020,533,1787,14669,12814,1020,4,2921,0,0,4,1
2021-02-20T23:59:59+01:00,0,0,221,328,605,1073,841,1681,1043,2446,1379,2289,915,780,893,1255,659,2018,136,180,447,706,581,1120,716,1693,827,1463,484,521,603,1020,533,1787,14668,12813,860,4,2894,0,0,4,0
2021-02-19T23:59:59+01:00,0,0,211,320,595,1065,828,1666,1022,2429,1346,2246,670,677,750,1191,634,2001,136,180,447,705,581,1117,715,1691,824,1460,484,520,603,1019,532,1787,14190,12798,671,3,2786,0,0,4,0
2021-02-18T23:59:59+01:00,0,0,194,270,555,944,743,1439,891,2170,1096,1870,591,609,709,1149,614,1984,131,180,434,693,566,1100,709,1665,809,1432,481,517,602,1018,532,1787,14031,12653,571,3,1223,0,0,3,0
2021-02-17T23:59:59+01:00,0,0,188,231,535,895,706,1342,833,2004,1012,1739,569,589,709,1146,612,1981,124,178,423,683,558,1084,690,1634,796,1409,478,515,600,1015,532,1786,14014,12502,571,3,503,0,0,3,0
2021-02-16T23:59:59+01:00,0,0,182,228,527,879,691,1311,814,1965,979,1699,557,584,703,1144,611,1978,119,173,409,678,547,1068,677,1616,787,1395,472,509,593,1001,524,1755,13985,12321,571,2,293,0,0,3,0
2021-02-15T23:59:59+01:00,0,0,168,219,522,852,685,1277,800,1930,950,1653,556,581,701,1144,611,1978,116,172,402,668,536,1049,648,1589,773,1377,470,506,593,1001,524,1755,13982,12177,532,2,110,0,0,3,0
2021-02-14T23:59:59+01:00,0,0,163,211,519,839,684,1268,797,1921,932,1644,555,580,701,1141,610,1978,109,168,391,657,519,1031,630,1574,766,1364,470,504,591,999,524,1755,13976,12050,530,2,34,0,0,3,0
2021-02-13T23:59:59+01:00,0,0,162,211,518,839,684,1268,797,1921,932,1644,555,580,701,1141,610,1978,109,168,390,657,519,1031,630,1574,766,1364,470,504,591,999,524,1755,13975,12049,530,2,33,0,0,3,0
2021-02-12T23:59:59+01:00,0,0,161,210,513,838,683,1265,793,1920,930,1641,554,580,701,1141,610,1978,106,166,387,651,515,1025,616,1559,763,1347,468,503,580,979,519,1728,13968,11910,529,2,18,0,0,3,0
2021-02-11T23:59:59+01:00,0,0,159,209,509,831,676,1261,791,1917,924,1639,549,574,694,1135,605,1972,87,130,358,579,469,945,564,1442,719,1253,444,458,537,925,476,1630,13917,11015,517,1,8,0,0,3,0
2021-02-10T23:59:59+01:00,0,0,156,207,499,814,660,1246,779,1890,909,1615,541,568,683,1123,600,1962,78,118,329,519,442,838,522,1267,646,1096,395,408,470,808,427,1469,13792,9831,456,1,1,0,0,3,0
2021-02-09T23:59:59+01:00,0,0,155,201,491,776,644,1207,759,1829,898,1574,529,556,677,1108,591,1943,73,101,310,452,407,754,480,1164,581,996,364,354,427,721,394,1348,13679,8926,256,0,0,0,0,3,0
2021-02-08T23:59:59+01:00,0,0,151,197,474,751,622,1172,739,1779,878,1530,523,555,675,1102,587,1927,59,75,264,383,357,619,420,935,509,817,306,299,361,567,329,1142,13609,7442,50,0,0,0,0,3,0
2021-02-07T23:59:59+01:00,0,0,151,196,472,750,620,1171,738,1771,876,1528,522,555,675,1102,587,1926,58,67,246,348,338,574,404,903,489,782,306,292,359,560,327,1138,13587,7191,50,0,0,0,0,3,0
2021-02-06T23:59:59+01:00,0,0,151,196,472,750,620,1171,738,1771,876,1528,522,555,675,1102,587,1926,58,67,246,347,338,574,404,902,487,780,306,291,358,558,326,1138,13587,7180,50,0,0,0,0,3,0
2021-02-05T23:59:59+01:00,0,0,151,196,472,750,620,1171,738,1771,876,1527,522,555,674,1102,587,1926,56,67,244,345,331,570,396,880,478,760,296,286,347,535,309,1098,13585,6998,50,0,0,0,0,3,0
2021-02-04T23:59:59+01:00,0,0,145,191,468,742,613,1163,734,1757,870,1518,515,548,652,1077,578,1908,41,51,211,311,289,474,354,739,384,614,233,217,262,370,228,811,13427,5589,49,0,0,0,0,3,0
2021-02-03T23:59:59+01:00,0,0,143,190,462,735,605,1154,730,1745,861,1502,504,540,637,1064,571,1900,33,32,155,220,236,346,264,565,309,464,182,171,185,277,177,605,13292,4221,48,0,0,0,0,3,0
2021-02-02T23:59:59+01:00,0,0,143,187,460,734,605,1154,727,1739,854,1498,503,538,633,1061,570,1896,24,26,136,173,191,278,220,429,257,373,142,131,137,207,140,477,13252,3341,48,0,0,0,0,2,0
2021-02-01T23:59:59+01:00,0,0,141,187,459,733,600,1151,726,1731,852,1493,502,536,628,1058,569,1889,20,19,100,128,137,187,154,299,168,258,90,94,93,132,77,258,13205,2214,48,0,0,0,0,2,0
2021-01-31T23:59:59+01:00,0,0,141,187,459,730,597,1150,726,1727,852,1492,500,535,627,1056,569,1888,14,15,67,88,95,122,117,222,141,202,85,87,89,124,75,244,13187,1787,48,0,0,0,0,1,0
2021-01-30T23:59:59+01:00,0,0,141,187,458,730,595,1148,725,1726,852,1492,500,535,626,1056,569,1888,14,15,67,88,95,120,115,218,138,199,84,86,89,118,69,234,13186,1749,41,0,0,0,0,1,0
2021-01-29T23:59:59+01:00,0,0,141,187,458,728,594,1145,723,1724,850,1491,500,535,626,1056,569,1888,12,15,55,82,78,116,97,207,115,187,79,79,87,114,68,233,13181,1624,33,0,0,0,0,1,0
2021-01-28T23:59:59+01:00,0,0,134,183,445,711,577,1119,717,1697,828,1462,493,529,623,1053,566,1885,7,3,12,20,24,44,30,95,47,87,46,50,56,84,50,176,12996,831,25,0,0,0,0,1,0
2021-01-27T23:59:59+01:00,0,0,127,181,434,701,569,1110,701,1663,821,1438,490,527,619,1048,566,1880,3,1,4,12,10,23,13,40,23,30,13,17,24,34,21,55,12851,323,23,0,0,0,0,1,0
2021-01-26T23:59:59+01:00,0,0,121,177,420,689,556,1096,692,1640,810,1417,485,521,613,1031,558,1845,3,1,4,11,7,21,11,37,17,27,13,15,23,33,21,54,12656,298,14,0,0,0,0,1,0
2021-01-25T23:59:59+01:00,0,0,118,175,411,677,545,1077,665,1612,792,1400,483,517,611,1030,558,1845,2,1,3,9,7,16,6,28,12,21,9,6,13,22,11,35,12511,201,4,0,0,0,0,1,0
2021-01-24T23:59:59+01:00,0,0,111,172,401,667,531,1059,648,1599,779,1388,482,514,610,1030,558,1845,2,0,1,6,7,4,4,7,5,8,1,2,11,15,7,21,12389,101,4,0,0,0,0,1,0
2021-01-23T23:59:59+01:00,0,0,111,172,401,667,531,1059,648,1599,779,1388,482,514,610,1030,558,1845,1,0,1,6,7,4,4,7,5,8,1,2,11,15,7,21,12389,100,4,0,0,0,0,1,0
2021-01-22T23:59:59+01:00,0,0,108,170,394,661,528,1053,634,1584,773,1370,482,509,599,1009,551,1817,1,0,1,6,7,4,4,7,5,8,1,2,11,15,7,21,12239,100,3,0,0,0,0,0,0
2021-01-21T23:59:59+01:00,0,0,97,162,379,642,505,1019,604,1534,751,1327,467,473,566,966,515,1749,1,0,1,6,7,4,4,7,5,8,1,2,11,15,7,21,11753,100,3,0,0,0,0,0,0
2021-01-20T23:59:59+01:00,0,0,79,120,344,553,461,879,546,1300,663,1140,405,414,481,823,452,1526,1,0,1,5,7,4,4,7,5,8,1,2,11,15,7,21,10183,99,3,0,0,0,0,0,0
2021-01-19T23:59:59+01:00,0,0,74,106,316,475,420,791,504,1188,611,1037,381,377,444,744,422,1430,1,0,1,3,7,4,4,7,5,8,1,0,8,10,6,18,9317,83,3,0,0,0,0,0,0
2021-01-18T23:59:59+01:00,0,0,60,76,269,388,365,642,429,956,518,840,313,310,374,590,356,1222,1,0,1,3,7,4,4,7,5,8,1,0,8,10,6,18,7706,83,2,0,0,0,0,0,0
2021-01-17T23:59:59+01:00,0,0,59,67,250,353,343,589,410,913,494,801,310,301,372,583,353,1214,0,0,0,0,0,0,0,0,0,0,0,0,0,0,0,0,7410,0,2,0,0,0,0,0,0
2021-01-16T23:59:59+01:00,0,0,59,67,250,352,343,589,410,912,492,799,310,300,370,579,352,1214,0,0,0,0,0,0,0,0,0,0,0,0,0,0,0,0,7396,0,2,0,0,0,0,0,0
2021-01-15T23:59:59+01:00,0,0,57,67,249,349,337,583,399,889,481,774,296,294,352,551,329,1172,0,0,0,0,0,0,0,0,0,0,0,0,0,0,0,0,7177,0,2,0,0,0,0,0,0
2021-01-14T23:59:59+01:00,0,0,43,54,235,325,312,508,365,764,392,628,235,220,262,375,236,841,0,0,0,0,0,0,0,0,0,0,0,0,0,0,0,0,5795,0,0,0,0,0,0,0,0
2021-01-13T23:59:59+01:00,0,0,37,43,210,269,272,408,299,615,321,501,180,177,189,286,191,649,0,0,0,0,0,0,0,0,0,0,0,0,0,0,0,0,4647,0,0,0,0,0,0,0,0
2021-01-12T23:59:59+01:00,0,0,32,41,205,254,257,376,276,535,289,455,143,135,143,218,149,508,0,0,0,0,0,0,0,0,0,0,0,0,0,0,0,0,4016,0,0,0,0,0,0,0,0
2021-01-11T23:59:59+01:00,0,0,27,37,195,233,239,324,229,446,239,381,111,106,108,143,88,320,0,0,0,0,0,0,0,0,0,0,0,0,0,0,0,0,3226,0,0,0,0,0,0,0,0
2021-01-10T23:59:59+01:00,0,0,26,31,157,172,196,249,191,350,197,304,99,99,105,138,86,305,0,0,0,0,0,0,0,0,0,0,0,0,0,0,0,0,2705,0,0,0,0,0,0,0,0
2021-01-09T23:59:59+01:00,0,0,26,31,150,168,194,241,187,342,195,299,99,99,105,138,86,305,0,0,0,0,0,0,0,0,0,0,0,0,0,0,0,0,2665,0,0,0,0,0,0,0,0
2021-01-08T23:59:59+01:00,0,0,23,28,119,144,173,228,162,313,167,278,94,89,103,134,85,304,0,0,0,0,0,0,0,0,0,0,0,0,0,0,0,0,2444,0,0,0,0,0,0,0,0
2021-01-07T23:59:59+01:00,0,0,8,3,16,26,32,54,37,105,60,111,49,51,64,92,54,212,0,0,0,0,0,0,0,0,0,0,0,0,0,0,0,0,974,0,0,0,0,0,0,0,0
2021-01-06T23:59:59+01:00,0,0,3,1,5,13,10,22,13,39,20,31,14,14,27,38,23,65,0,0,0,0,0,0,0,0,0,0,0,0,0,0,0,0,338,0,0,0,0,0,0,0,0
2021-01-05T23:59:59+01:00,0,0,3,1,4,10,9,18,10,31,15,26,11,14,23,33,21,57,0,0,0,0,0,0,0,0,0,0,0,0,0,0,0,0,286,0,0,0,0,0,0,0,0
2021-01-04T23:59:59+01:00,0,0,2,1,2,7,9,10,4,15,8,16,5,3,12,19,8,31,0,0,0,0,0,0,0,0,0,0,0,0,0,0,0,0,152,0,0,0,0,0,0,0,0
2021-01-03T23:59:59+01:00,0,0,2,0,1,6,8,4,4,7,5,9,1,2,12,15,7,21,0,0,0,0,0,0,0,0,0,0,0,0,0,0,0,0,104,0,0,0,0,0,0,0,0
2021-01-02T23:59:59+01:00,0,0,2,0,1,6,8,4,4,7,5,9,1,2,12,15,7,21,0,0,0,0,0,0,0,0,0,0,0,0,0,0,0,0,104,0,0,0,0,0,0,0,0
2021-01-01T23:59:59+01:00,0,0,1,0,1,6,8,4,4,7,5,9,1,2,12,15,7,21,0,0,0,0,0,0,0,0,0,0,0,0,0,0,0,0,103,0,0,0,0,0,0,0,0
2020-12-31T23:59:59+01:00,0,0,1,0,1,5,8,4,4,7,5,9,1,2,12,15,7,21,0,0,0,0,0,0,0,0,0,0,0,0,0,0,0,0,102,0,0,0,0,0,0,0,0
2020-12-30T23:59:59+01:00,0,0,1,0,1,5,8,4,4,7,5,9,1,2,12,15,7,21,0,0,0,0,0,0,0,0,0,0,0,0,0,0,0,0,102,0,0,0,0,0,0,0,0
2020-12-29T23:59:59+01:00,0,0,1,0,1,3,8,4,4,7,5,9,1,0,9,10,6,18,0,0,0,0,0,0,0,0,0,0,0,0,0,0,0,0,86,0,0,0,0,0,0,0,0
2020-12-28T23:59:59+01:00,0,0,1,0,1,3,8,4,4,7,5,9,1,0,9,10,6,18,0,0,0,0,0,0,0,0,0,0,0,0,0,0,0,0,86,0,0,0,0,0,0,0,0
2020-12-27T23:59:59+01:00,0,0,1,0,1,3,8,4,4,7,5,9,1,0,9,10,6,18,0,0,0,0,0,0,0,0,0,0,0,0,0,0,0,0,86,0,0,0,0,0,0,0,0
