Datum,<15_m,<15_w,15-24_1_m,15-24_1_w,25-34_1_m,25-34_1_w,35-44_1_m,35-44_1_w,45-54_1_m,45-54_1_w,55-64_1_m,55-64_1_w,65-74_1_m,65-74_1_w,75-84_1_m,75-84_1_w,>84_1_m,>84_1_w,<24_2_m,<24_2_w,25-34_2_m,25-34_2_w,35-44_2_m,35-44_2_w,45-54_2_m,45-54_2_w,55-64_2_m,55-64_2_w,65-74_2_m,65-74_2_w,75-84_2_m,75-84_2_w,>84_2_m,>84_2_w,bp_1,bp_2,mo_1,mo_2,az_1,az_2,ja,unb_1,unb_2
2021-10-14T23:59:59+02:00,2270,2133,17491,16189,22725,20972,24442,23991,28022,28709,30930,31874,21661,24735,15502,19506,4532,7870,15722,14563,21261,19418,23087,22506,26673,27176,29744,30624,21007,24025,15065,18835,4356,7562,237800,223319,32779,31590,55078,52084,17872,33,41
2021-10-13T23:59:59+02:00,2249,2123,17420,16124,22671,20917,24401,23958,27990,28669,30904,31844,21648,24725,15497,19501,4531,7867,15634,14478,21215,19369,23047,22470,26633,27139,29719,30598,21000,24008,15063,18822,4356,7559,237359,222818,32761,31567,55078,52084,17817,32,41
2021-10-12T23:59:59+02:00,2239,2104,17378,16080,22647,20890,24376,23930,27974,28649,30892,31825,21641,24719,15483,19479,4523,7853,15583,14417,21197,19337,23022,22449,26610,27114,29697,30580,20993,23999,15062,18819,4354,7558,237005,222472,32760,31558,55077,52080,17816,32,41
2021-10-11T23:59:59+02:00,2228,2092,17349,16049,22632,20869,24361,23911,27956,28630,30878,31814,21636,24709,15481,19466,4518,7841,15541,14381,21158,19283,22999,22412,26584,27074,29668,30564,20982,23989,15056,18812,4350,7555,236747,222064,32760,31558,55077,52080,17812,32,41
2021-10-10T23:59:59+02:00,2224,2084,17331,16031,22612,20855,24356,23903,27948,28616,30874,31807,21630,24704,15480,19463,4515,7836,15485,14337,21093,19223,22961,22374,26539,27048,29647,30542,20972,23978,15050,18805,4350,7555,236605,221617,32756,31535,55077,52079,17807,32,41
2021-10-09T23:59:59+02:00,2222,2084,17331,16030,22610,20854,24356,23903,27948,28616,30874,31807,21630,24704,15480,19463,4515,7836,15484,14335,21093,19223,22961,22374,26539,27047,29647,30542,20972,23978,15050,18805,4350,7555,236599,221610,32756,31535,55077,52079,17807,32,41
2021-10-08T23:59:59+02:00,2218,2077,17320,16007,22584,20842,24338,23894,27933,28601,30859,31798,21628,24699,15480,19463,4515,7836,15479,14323,21079,19208,22950,22367,26530,27031,29643,30535,20970,23972,15048,18804,4350,7555,236466,221516,32744,31535,55076,52079,17782,32,41
2021-10-07T23:59:59+02:00,2194,2057,17265,15963,22553,20796,24312,23867,27902,28576,30837,31775,21623,24696,15473,19452,4509,7829,15406,14245,21013,19138,22906,22319,26500,26994,29615,30512,20959,23957,15043,18794,4347,7554,236081,220978,32734,31488,55073,52071,17767,32,41
2021-10-06T23:59:59+02:00,2169,2034,17206,15917,22508,20743,24287,23824,27870,28545,30820,31749,21612,24682,15464,19440,4508,7815,15343,14172,20961,19078,22868,22284,26470,26955,29591,30483,20949,23943,15032,18788,4345,7552,235641,220481,32715,31463,55073,52071,17740,32,41
2021-10-05T23:59:59+02:00,2149,2018,17161,15879,22463,20715,24254,23785,27848,28521,30807,31732,21607,24674,15464,19435,4507,7814,15315,14142,20908,19053,22838,22256,26442,26930,29566,30459,20941,23925,15029,18780,4342,7552,235376,220213,32715,31463,55073,52071,17643,32,41
2021-10-04T23:59:59+02:00,2122,1983,17105,15841,22413,20686,24231,23760,27832,28487,30789,31714,21603,24665,15462,19432,4506,7811,15278,14120,20883,19025,22824,22231,26424,26911,29555,30445,20934,23915,15025,18776,4342,7544,235038,220004,32715,31463,55073,52069,17590,32,41
2021-10-03T23:59:59+02:00,2117,1972,17078,15802,22384,20654,24197,23738,27818,28467,30772,31705,21600,24658,15461,19427,4506,7809,15246,14081,20859,18996,22800,22213,26410,26889,29541,30435,20924,23902,15023,18773,4342,7544,234833,219786,32709,31453,55072,52067,17525,32,41
2021-10-02T23:59:59+02:00,2117,1972,17078,15802,22384,20654,24196,23738,27818,28467,30772,31705,21600,24658,15461,19427,4506,7809,15246,14081,20859,18996,22800,22213,26410,26889,29541,30434,20924,23902,15023,18773,4342,7544,234832,219785,32709,31453,55072,52067,17525,32,41
2021-10-01T23:59:59+02:00,2112,1967,17064,15785,22381,20642,24182,23717,27813,28460,30768,31700,21597,24656,15461,19425,4505,7809,15242,14079,20856,18994,22799,22213,26408,26887,29541,30430,20923,23900,15023,18773,4342,7544,234715,219759,32708,31453,55072,52067,17523,32,41
2021-09-30T23:59:59+02:00,2092,1951,17007,15735,22339,20590,24142,23682,27783,28427,30745,31677,21588,24648,15456,19418,4503,7804,15172,14012,20819,18957,22768,22172,26385,26853,29522,30409,20919,23891,15020,18765,4338,7539,234337,219372,32696,31430,55072,52063,17456,32,41
2021-09-29T23:59:59+02:00,2025,1909,16918,15659,22271,20524,24088,23632,27722,28378,30709,31649,21573,24635,15449,19404,4500,7802,15104,13958,20777,18905,22732,22120,26349,26824,29487,30382,20912,23879,15009,18757,4337,7536,233719,218981,32681,31408,55071,52060,17350,32,41
2021-09-28T23:59:59+02:00,2008,1892,16837,15594,22201,20472,24025,23590,27684,28338,30692,31632,21564,24620,15444,19395,4500,7799,15037,13911,20719,18864,22689,22094,26319,26789,29466,30361,20899,23864,15003,18747,4335,7532,233293,218648,32680,31408,55071,52059,17217,32,41
2021-09-27T23:59:59+02:00,1946,1824,16773,15534,22166,20436,23999,23562,27656,28302,30673,31615,21558,24614,15442,19392,4499,7797,15010,13879,20697,18827,22674,22068,26300,26777,29448,30345,20895,23854,14999,18739,4334,7529,232801,218376,32680,31408,55071,52058,17210,32,41
2021-09-26T23:59:59+02:00,1926,1803,16704,15470,22115,20377,23959,23511,27627,28276,30658,31606,21548,24607,15441,19389,4499,7795,14941,13813,20645,18773,22625,22012,26261,26740,29429,30318,20888,23844,14991,18736,4334,7526,232434,217979,32663,31381,55070,52045,17118,32,41
2021-09-25T23:59:59+02:00,1926,1803,16702,15470,22113,20376,23957,23510,27627,28276,30658,31606,21548,24607,15441,19389,4499,7795,14941,13813,20644,18773,22625,22012,26260,26738,29429,30318,20887,23844,14991,18736,4334,7526,232427,217975,32663,31381,55070,52045,17117,32,41
2021-09-24T23:59:59+02:00,1925,1800,16675,15451,22071,20348,23923,23489,27607,28255,30641,31591,21546,24603,15439,19388,4499,7795,14913,13786,20595,18741,22584,21986,26232,26718,29407,30298,20882,23838,14989,18734,4333,7525,232367,217848,32663,31381,55070,52045,16920,32,41
2021-09-23T23:59:59+02:00,1895,1763,16599,15366,22010,20273,23874,23421,27562,28200,30616,31551,21533,24592,15432,19373,4496,7793,14835,13723,20534,18698,22555,21939,26198,26674,29382,30271,20879,23827,14983,18726,4333,7524,231808,217447,32625,31347,55070,52045,16820,32,41
2021-09-22T23:59:59+02:00,1862,1732,16496,15290,21920,20196,23798,23366,27494,28140,30576,31516,21517,24570,15430,19360,4494,7790,14709,13616,20445,18620,22492,21869,26136,26613,29333,30236,20860,23817,14977,18718,4330,7515,231202,216770,32604,31305,55070,52038,16645,32,41
2021-09-21T23:59:59+02:00,1833,1688,16417,15215,21861,20136,23748,23317,27454,28104,30538,31476,21506,24550,15427,19350,4488,7782,14652,13569,20388,18580,22449,21826,26103,26588,29308,30210,20848,23803,14970,18707,4327,7511,230732,216486,32604,31305,55070,52038,16457,32,41
2021-09-20T23:59:59+02:00,1806,1673,16343,15151,21806,20089,23700,23277,27416,28061,30505,31458,21497,24537,15421,19344,4487,7780,14595,13516,20341,18536,22413,21798,26055,26556,29283,30185,20840,23791,14968,18701,4324,7508,230326,216169,32602,31304,55070,52037,16325,32,41
2021-09-19T23:59:59+02:00,1779,1651,16279,15101,21756,20029,23667,23244,27385,28033,30484,31433,21487,24526,15417,19333,4487,7777,14536,13472,20296,18484,22362,21775,26030,26524,29266,30171,20834,23778,14964,18698,4323,7504,229961,215887,32580,31271,55069,52037,16229,32,41
2021-09-18T23:59:59+02:00,1779,1651,16278,15099,21755,20028,23665,23242,27385,28032,30484,31433,21487,24526,15417,19333,4487,7777,14536,13470,20296,18484,22361,21774,26030,26522,29266,30171,20834,23778,14964,18698,4323,7504,229955,215886,32580,31270,55069,52037,16225,32,41
2021-09-17T23:59:59+02:00,1774,1644,16257,15080,21730,20009,23645,23230,27372,28016,30475,31427,21484,24523,15414,19330,4486,7777,14515,13456,20286,18478,22352,21770,26023,26518,29256,30165,20831,23775,14963,18697,4323,7504,229784,215784,32580,31270,55069,52037,16211,32,41
2021-09-16T23:59:59+02:00,1735,1614,16159,14983,21647,19909,23575,23147,27308,27956,30436,31390,21471,24506,15409,19320,4481,7777,14431,13383,20243,18423,22316,21719,25993,26473,29235,30134,20820,23765,14956,18690,4321,7500,228983,215330,32559,31192,55069,52025,16183,32,41
2021-09-15T23:59:59+02:00,1704,1597,16094,14906,21594,19855,23530,23102,27278,27923,30411,31365,21458,24485,15397,19311,4480,7775,14357,13297,20177,18363,22277,21667,25955,26430,29203,30111,20807,23750,14944,18682,4320,7498,228454,214770,32542,31148,55069,52020,16171,32,41
2021-09-14T23:59:59+02:00,1691,1582,16059,14860,21547,19816,23500,23067,27246,27885,30385,31341,21444,24474,15394,19299,4477,7774,14319,13258,20153,18341,22254,21641,25935,26415,29192,30101,20796,23742,14941,18675,4319,7496,228041,214488,32541,31147,55069,52020,16161,32,41
2021-09-13T23:59:59+02:00,1671,1569,16017,14808,21521,19785,23469,23035,27230,27849,30371,31327,21443,24464,15389,19297,4476,7771,14290,13243,20127,18325,22234,21621,25920,26403,29182,30078,20787,23731,14940,18668,4317,7494,227700,214264,32541,31147,55069,52020,16153,32,41
2021-09-12T23:59:59+02:00,1661,1556,15993,14786,21505,19763,23454,23011,27215,27834,30361,31319,21436,24456,15389,19292,4476,7771,14257,13214,20104,18288,22214,21595,25907,26380,29171,30069,20780,23723,14935,18661,4315,7489,227507,214024,32525,31116,55069,52019,16148,32,41
2021-09-11T23:59:59+02:00,1660,1556,15981,14782,21497,19755,23453,23010,27213,27833,30358,31317,21435,24455,15389,19292,4476,7771,14252,13212,20102,18285,22212,21595,25907,26379,29171,30069,20779,23723,14935,18661,4315,7489,227470,214013,32525,31116,55066,52019,16143,32,41
2021-09-10T23:59:59+02:00,1660,1556,15958,14777,21483,19744,23435,23007,27196,27823,30345,31312,21434,24453,15385,19290,4476,7770,14229,13205,20086,18275,22198,21591,25892,26366,29153,30066,20778,23719,14932,18658,4314,7488,227440,213974,32525,31116,55066,52019,16044,32,41
2021-09-09T23:59:59+02:00,1615,1517,15876,14700,21423,19675,23382,22957,27136,27773,30316,31283,21425,24436,15371,19276,4474,7768,14149,13133,20014,18207,22131,21536,25843,26325,29117,30034,20762,23691,14914,18644,4312,7486,226908,213509,32494,31033,55065,51999,15907,32,41
2021-09-08T23:59:59+02:00,1577,1470,15748,14606,21352,19599,23329,22882,27086,27730,30276,31235,21408,24418,15362,19265,4473,7768,14060,13042,19931,18153,22066,21484,25796,26286,29081,29984,20743,23670,14910,18636,4311,7485,226364,213109,32424,30941,55065,51994,15702,32,41
2021-09-07T23:59:59+02:00,1564,1450,15698,14554,21298,19574,23292,22859,27059,27697,30259,31219,21397,24396,15356,19257,4471,7768,13992,12994,19868,18114,22024,21454,25759,26253,29052,29956,20731,23656,14906,18629,4310,7485,226120,212825,32419,30911,55065,51989,15535,32,41
2021-09-06T23:59:59+02:00,1551,1440,15649,14508,21278,19543,23269,22830,27034,27678,30243,31197,21387,24393,15352,19250,4471,7766,13961,12957,19849,18089,21995,21432,25739,26233,29037,29941,20723,23648,14902,18625,4310,7482,225869,212622,32419,30911,55065,51989,15457,32,41
2021-09-05T23:59:59+02:00,1530,1425,15619,14481,21260,19521,23259,22805,27025,27666,30238,31189,21382,24387,15346,19248,4471,7762,13923,12921,19819,18053,21970,21404,25720,26215,29024,29922,20719,23640,14900,18623,4310,7482,225655,212406,32412,30831,55064,51988,15454,32,41
2021-09-04T23:59:59+02:00,1530,1425,15611,14478,21246,19516,23252,22800,27019,27660,30232,31186,21381,24384,15346,19247,4471,7762,13915,12918,19805,18047,21963,21399,25714,26209,29018,29918,20718,23637,14900,18622,4310,7482,225654,212405,32412,30830,55064,51988,15386,32,41
2021-09-03T23:59:59+02:00,1527,1422,15595,14464,21213,19492,23222,22779,26995,27648,30217,31171,21374,24376,15346,19241,4471,7761,13900,12904,19778,18028,21939,21384,25697,26199,29003,29907,20712,23630,14900,18619,4310,7482,225581,212386,32411,30825,55064,51987,15228,32,41
2021-09-02T23:59:59+02:00,1511,1402,15523,14405,21166,19442,23187,22732,26954,27607,30180,31145,21361,24366,15340,19228,4469,7755,13807,12840,19733,17967,21894,21341,25655,26153,28964,29880,20700,23619,14895,18607,4309,7481,225160,211931,32406,30820,55062,51967,15115,32,41
2021-09-01T23:59:59+02:00,1460,1345,15382,14251,21048,19346,23117,22677,26887,27535,30129,31095,21343,24341,15332,19214,4466,7750,13661,12719,19610,17870,21809,21271,25597,26084,28914,29817,20675,23590,14883,18592,4305,7475,224385,211348,32380,30623,55061,51955,14862,32,41
2021-08-31T23:59:59+02:00,1436,1330,15320,14180,20984,19294,23074,22635,26837,27493,30095,31063,21331,24329,15326,19205,4466,7749,13587,12653,19562,17829,21777,21235,25564,26061,28886,29791,20669,23580,14880,18584,4304,7474,223929,211003,32379,30623,55060,51950,14749,32,41
2021-08-30T23:59:59+02:00,1413,1311,15252,14134,20936,19240,23042,22597,26800,27460,30062,31033,21319,24320,15322,19196,4464,7742,13530,12612,19516,17779,21744,21210,25534,26024,28852,29766,20658,23565,14870,18575,4303,7470,223567,210701,32379,30621,55060,51948,14607,32,41
2021-08-29T23:59:59+02:00,1397,1299,15208,14088,20898,19209,23018,22573,26782,27436,30044,31018,21315,24311,15322,19194,4464,7741,13477,12567,19494,17758,21717,21190,25513,26005,28839,29749,20650,23557,14867,18571,4301,7469,223277,210434,32378,30621,55060,51947,14572,32,41
2021-08-28T23:59:59+02:00,1397,1299,15202,14085,20887,19202,23012,22569,26779,27427,30041,31017,21314,24311,15322,19194,4464,7741,13471,12563,19483,17751,21711,21186,25510,25996,28836,29748,20649,23557,14867,18571,4301,7469,223277,210433,32378,30621,55060,51947,14518,32,41
2021-08-27T23:59:59+02:00,1388,1292,15170,14058,20859,19186,22979,22553,26753,27415,30025,30997,21308,24303,15318,19193,4461,7738,13442,12532,19446,17734,21683,21165,25482,25983,28819,29730,20643,23548,14864,18570,4300,7469,223139,210291,32378,30620,55057,51946,14392,32,41
2021-08-26T23:59:59+02:00,1375,1274,15125,14013,20812,19148,22950,22515,26720,27376,29993,30960,21293,24287,15311,19185,4458,7730,13373,12472,19370,17678,21623,21108,25426,25935,28780,29694,20630,23527,14855,18557,4299,7465,222846,210008,32359,30496,55057,51872,14233,32,41
2021-08-25T23:59:59+02:00,1330,1229,14977,13890,20699,19054,22871,22421,26641,27292,29935,30904,21272,24261,15301,19175,4454,7724,13251,12388,19285,17601,21557,21036,25356,25881,28736,29651,20603,23506,14847,18543,4298,7462,221988,209438,32344,30448,55057,51864,14012,31,39
2021-08-24T23:59:59+02:00,1306,1205,14913,13839,20657,19002,22816,22375,26606,27256,29906,30873,21256,24246,15295,19165,4453,7723,13156,12329,19224,17519,21520,20984,25312,25838,28706,29613,20585,23486,14840,18531,4296,7457,221572,208956,32314,30390,55057,51849,13920,31,35
2021-08-23T23:59:59+02:00,1288,1186,14845,13801,20618,18973,22788,22350,26571,27236,29881,30846,21237,24232,15290,19152,4452,7722,13039,12251,19162,17460,21468,20935,25272,25783,28661,29570,20566,23469,14833,18519,4293,7457,221263,208437,32298,30299,55057,51849,13821,31,35
2021-08-22T23:59:59+02:00,1279,1178,14830,13781,20602,18953,22776,22330,26556,27221,29864,30842,21230,24228,15288,19144,4450,7721,12980,12182,19110,17426,21439,20900,25251,25757,28635,29548,20558,23458,14832,18515,4293,7457,221088,208113,32279,30190,55057,51846,13820,31,35
2021-08-21T23:59:59+02:00,1279,1178,14821,13771,20590,18945,22766,22324,26552,27216,29853,30835,21230,24226,15288,19144,4450,7721,12970,12172,19099,17418,21431,20894,25245,25752,28625,29541,20558,23456,14832,18515,4293,7457,221083,208109,32279,30190,55057,51846,13741,31,35
2021-08-20T23:59:59+02:00,1272,1173,14792,13736,20555,18915,22743,22301,26526,27193,29836,30819,21227,24217,15286,19138,4450,7721,12952,12156,19075,17398,21413,20873,25231,25734,28607,29522,20554,23450,14831,18512,4293,7457,220889,208004,32279,30188,55057,51846,13646,31,35
2021-08-19T23:59:59+02:00,1254,1157,14733,13687,20516,18886,22712,22266,26503,27164,29811,30795,21216,24209,15283,19133,4449,7718,12819,12038,18987,17321,21327,20815,25160,25667,28547,29472,20533,23437,14825,18503,4291,7454,220583,207368,32247,30051,55057,51785,13576,31,35
2021-08-18T23:59:59+02:00,1231,1138,14649,13595,20401,18826,22638,22205,26437,27107,29752,30737,21191,24189,15277,19121,4447,7715,12681,11919,18849,17239,21232,20725,25073,25584,28464,29404,20500,23392,14814,18488,4290,7449,220170,206759,32229,29929,55055,51777,13173,31,35
2021-08-17T23:59:59+02:00,1220,1125,14608,13558,20358,18782,22603,22171,26403,27079,29735,30717,21179,24175,15266,19112,4443,7714,12572,11835,18767,17178,21154,20664,25021,25531,28427,29363,20481,23377,14805,18475,4288,7447,219889,206227,32194,29799,55055,51769,13081,31,34
2021-08-16T23:59:59+02:00,1208,1114,14560,13510,20322,18753,22574,22139,26382,27050,29701,30686,21166,24164,15259,19100,4441,7712,12477,11736,18676,17106,21083,20579,24957,25472,28360,29300,20458,23355,14795,18457,4287,7444,219621,205608,32192,29672,55055,51768,12944,31,33
2021-08-15T23:59:59+02:00,1198,1101,14523,13483,20294,18723,22546,22120,26369,27034,29691,30672,21161,24152,15254,19098,4440,7710,12411,11669,18623,17076,21032,20541,24921,25429,28341,29278,20448,23342,14791,18451,4285,7442,219400,205159,32192,29671,55055,51767,12893,31,33
2021-08-14T23:59:59+02:00,1198,1100,14516,13479,20285,18717,22537,22113,26355,27027,29686,30664,21158,24151,15253,19097,4440,7710,12404,11665,18613,17068,21022,20534,24907,25422,28336,29269,20445,23341,14790,18450,4285,7442,219399,205157,32192,29668,55055,51767,12811,31,33
2021-08-13T23:59:59+02:00,1195,1097,14507,13469,20271,18707,22525,22108,26348,27017,29671,30656,21149,24146,15252,19097,4440,7710,12389,11652,18602,17059,21009,20525,24901,25406,28322,29265,20439,23334,14788,18450,4285,7441,219342,205091,32192,29668,55055,51767,12747,31,33
2021-08-12T23:59:59+02:00,1175,1075,14450,13414,20230,18667,22502,22073,26320,26987,29640,30634,21137,24127,15248,19090,4440,7705,12222,11509,18464,16947,20916,20441,24821,25321,28255,29209,20418,23302,14775,18438,4282,7435,219017,204298,32180,29480,55055,51698,12633,31,33
2021-08-11T23:59:59+02:00,1159,1053,14381,13351,20188,18613,22458,22034,26287,26962,29612,30594,21124,24110,15245,19079,4437,7701,12084,11369,18379,16859,20836,20367,24772,25248,28213,29145,20386,23275,14768,18427,4280,7430,218616,203398,32107,29475,55055,51693,12581,31,33
2021-08-10T23:59:59+02:00,1144,1035,14303,13278,20133,18566,22426,21990,26256,26932,29580,30565,21110,24101,15245,19071,4436,7699,11972,11252,18282,16789,20774,20301,24721,25192,28170,29093,20359,23247,14754,18409,4279,7424,218194,202649,32075,29452,55055,51668,12517,31,33
2021-08-09T23:59:59+02:00,1127,1016,14218,13216,20052,18509,22377,21942,26204,26888,29543,30531,21092,24084,15239,19062,4431,7697,11790,11090,18110,16692,20650,20219,24625,25096,28090,29017,20323,23207,14740,18397,4276,7415,217746,201660,32055,29343,55054,51573,12344,31,32
2021-08-08T23:59:59+02:00,1113,1009,14175,13177,20031,18474,22351,21922,26189,26868,29527,30517,21085,24078,15236,19058,4430,7696,11707,11004,18022,16608,20585,20162,24562,25049,28044,28973,20301,23184,14727,18386,4276,7411,217517,201005,32023,29265,55053,51555,12314,31,32
2021-08-07T23:59:59+02:00,1113,1009,14161,13172,20021,18469,22345,21917,26177,26854,29513,30505,21083,24074,15232,19053,4429,7696,11693,10998,18005,16604,20579,20156,24549,25034,28027,28961,20299,23180,14723,18381,4275,7411,217515,200990,32023,29264,55053,51555,12203,31,32
2021-08-06T23:59:59+02:00,1113,1009,14151,13160,20008,18450,22331,21903,26155,26845,29500,30494,21080,24070,15229,19051,4429,7695,11681,10984,17983,16583,20563,20140,24528,25025,28014,28950,20296,23176,14720,18379,4275,7411,217508,200963,32019,29264,55053,51554,12064,31,32
2021-08-05T23:59:59+02:00,1101,990,14080,13118,19958,18416,22287,21860,26120,26789,29472,30470,21066,24055,15221,19043,4427,7692,11507,10876,17871,16483,20452,20041,24423,24935,27945,28901,20270,23152,14709,18365,4272,7409,217194,200178,31975,29172,55050,51416,11917,31,32
2021-08-04T23:59:59+02:00,1085,973,14015,13048,19856,18332,22220,21801,26080,26747,29423,30423,21043,24037,15211,19030,4427,7689,11321,10701,17641,16343,20277,19914,24305,24811,27837,28804,20242,23119,14696,18353,4269,7407,216927,199132,31813,29112,55049,51173,11623,30,32
2021-08-03T23:59:59+02:00,1061,955,13944,12986,19819,18282,22186,21760,26045,26705,29389,30394,21027,24013,15201,19016,4424,7679,11137,10527,17468,16215,20138,19782,24157,24689,27718,28697,20199,23072,14679,18321,4267,7401,216550,197698,31785,29078,55048,51118,11475,30,32
2021-08-02T23:59:59+02:00,1037,935,13858,12919,19761,18224,22135,21720,25991,26644,29337,30344,20996,23982,15191,18996,4421,7677,10968,10358,17297,16090,19991,19669,24040,24574,27631,28596,20153,23019,14660,18302,4264,7391,216068,196508,31754,29029,55048,51042,11270,30,32
2021-08-01T23:59:59+02:00,1027,920,13796,12872,19725,18207,22116,21699,25966,26623,29318,30327,20987,23970,15187,18989,4421,7676,10823,10212,17136,15981,19841,19560,23896,24468,27523,28516,20139,22995,14652,18288,4264,7387,215831,195617,31704,28937,55048,50692,11214,30,32
2021-07-31T23:59:59+02:00,1027,920,13771,12863,19707,18199,22099,21688,25953,26611,29310,30316,20985,23965,15186,18988,4420,7676,10797,10200,17115,15968,19823,19547,23884,24456,27515,28505,20137,22990,14651,18287,4263,7387,215827,195598,31704,28937,55048,50692,11076,30,32
2021-07-30T23:59:59+02:00,1019,910,13711,12818,19661,18177,22069,21669,25923,26589,29282,30298,20978,23957,15180,18986,4418,7675,10711,10127,17051,15925,19764,19512,23817,24415,27467,28480,20122,22968,14642,18283,4260,7385,215648,195211,31701,28937,55048,50626,10894,30,32
2021-07-29T23:59:59+02:00,995,892,13606,12732,19597,18116,21996,21615,25872,26533,29230,30261,20960,23947,15173,18979,4418,7673,10444,9869,16751,15680,19469,19295,23516,24186,27216,28317,20067,22912,14630,18262,4260,7384,215205,193463,31629,28827,55048,49938,10684,30,32
2021-07-28T23:59:59+02:00,967,862,13475,12604,19471,18007,21910,21532,25792,26454,29155,30193,20937,23911,15160,18967,4416,7671,10154,9667,16490,15491,19208,19106,23288,23995,27061,28173,20019,22839,14611,18239,4257,7379,214555,192128,31594,28743,55044,49423,10262,30,32
2021-07-27T23:59:59+02:00,936,841,13357,12510,19406,17947,21844,21479,25726,26396,29115,30148,20922,23891,15155,18947,4415,7665,9898,9456,16238,15263,18981,18920,23095,23822,26898,28036,19977,22786,14589,18212,4251,7370,213960,190466,31539,28585,55043,49087,10130,29,32
2021-07-26T23:59:59+02:00,911,823,13252,12416,19354,17890,21770,21415,25677,26363,29060,30088,20893,23868,15137,18928,4415,7661,9662,9207,15999,15061,18733,18719,22869,23655,26747,27909,19906,22726,14561,18176,4246,7364,213357,188717,31467,28485,55042,48709,10028,28,32
2021-07-25T23:59:59+02:00,892,812,13177,12344,19275,17841,21713,21363,25637,26315,29023,30042,20876,23852,15130,18922,4412,7660,9476,9065,15798,14911,18530,18578,22700,23544,26598,27789,19856,22678,14545,18163,4243,7361,213056,187809,31405,28333,55042,48293,9756,28,32
2021-07-24T23:59:59+02:00,892,812,13167,12335,19265,17835,21702,21358,25622,26308,29018,30036,20872,23851,15129,18921,4412,7660,9466,9051,15788,14904,18517,18572,22683,23535,26592,27781,19853,22675,14544,18162,4243,7361,213053,187792,31405,28330,55042,48293,9668,28,32
2021-07-23T23:59:59+02:00,884,811,13102,12298,19187,17801,21662,21325,25586,26268,28985,30000,20858,23835,15121,18917,4410,7657,9415,9023,15704,14860,18463,18531,22632,23493,26548,27742,19837,22659,14537,18156,4241,7358,212926,187630,31404,28324,55042,48292,9308,28,32
2021-07-22T23:59:59+02:00,872,797,13007,12216,19128,17734,21617,21295,25537,26221,28961,29978,20845,23817,15119,18911,4407,7655,9097,8749,15302,14613,18100,18276,22301,23246,26342,27607,19780,22603,14524,18134,4238,7353,212459,185804,31319,28071,55039,47375,9273,28,32
2021-07-21T23:59:59+02:00,850,770,12805,12050,18979,17611,21483,21196,25431,26118,28884,29907,20803,23782,15102,18888,4403,7650,8719,8434,14869,14284,17721,18001,21944,22914,26068,27396,19687,22515,14498,18096,4235,7344,211833,183897,31210,27720,55036,46716,8606,28,32
2021-07-20T23:59:59+02:00,820,745,12656,11916,18869,17526,21413,21120,25369,26052,28846,29856,20778,23749,15094,18872,4400,7647,8390,8123,14400,13945,17340,17729,21640,22685,25824,27210,19606,22406,14469,18061,4233,7338,211149,181742,31100,27557,55032,45838,8420,28,31
2021-07-19T23:59:59+02:00,791,718,12535,11797,18778,17453,21351,21061,25315,25998,28796,29819,20753,23720,15084,18858,4396,7641,8064,7869,14033,13691,16993,17480,21313,22483,25597,27068,19537,22330,14447,18039,4227,7332,210428,179701,30994,27398,55032,45128,8383,28,31
2021-07-18T23:59:59+02:00,773,699,12422,11689,18679,17374,21284,21008,25259,25945,28759,29765,20731,23700,15072,18847,4394,7639,7894,7716,13877,13568,16842,17358,21151,22370,25467,26986,19497,22290,14433,18023,4227,7329,209844,178764,30845,27294,55032,44762,8291,28,31
2021-07-17T23:59:59+02:00,773,699,12419,11689,18678,17371,21284,21008,25259,25945,28759,29765,20731,23700,15072,18847,4394,7639,7887,7715,13873,13563,16841,17357,21150,22369,25466,26984,19495,22289,14433,18023,4227,7329,209840,178742,30845,27293,55032,44761,8288,28,31
2021-07-16T23:59:59+02:00,766,694,12347,11635,18637,17339,21249,20981,25226,25922,28733,29746,20729,23697,15072,18845,4394,7639,7735,7614,13720,13492,16697,17298,21012,22310,25359,26936,19477,22270,14432,18017,4227,7326,209632,178294,30845,27220,55032,44369,8115,28,31
2021-07-15T23:59:59+02:00,751,674,12274,11565,18573,17281,21193,20933,25178,25881,28705,29718,20714,23680,15067,18836,4393,7636,7391,7299,13112,13086,16030,16875,20375,21940,24903,26624,19331,22130,14389,17971,4224,7319,209152,176062,30759,26322,55025,42597,8089,28,31
2021-07-14T23:59:59+02:00,722,654,12061,11428,18400,17171,21071,20835,25074,25777,28615,29617,20680,23647,15048,18820,4390,7633,6975,6944,12448,12633,15338,16386,19742,21482,24439,26281,19113,21904,14357,17923,4216,7308,208333,173238,30593,25984,55022,40651,7668,28,31
2021-07-13T23:59:59+02:00,678,619,11923,11296,18279,17088,20960,20740,24977,25681,28545,29551,20651,23608,15028,18810,4388,7623,6513,6521,11815,12132,14644,15881,19137,21070,23998,25954,18936,21689,14313,17861,4212,7299,207315,169573,30455,25813,55012,38987,7636,28,28
2021-07-12T23:59:59+02:00,644,588,11798,11158,18164,16998,20868,20633,24876,25581,28463,29484,20625,23574,15020,18798,4383,7616,6097,6106,11211,11596,14019,15343,18582,20578,23580,25592,18738,21499,14248,17803,4203,7295,206296,165885,30326,24986,55009,38030,7613,28,28
2021-07-11T23:59:59+02:00,608,561,11683,11066,18100,16936,20811,20576,24822,25534,28406,29436,20606,23554,15011,18789,4383,7615,5908,5938,10956,11394,13787,15143,18336,20389,23371,25407,18665,21417,14221,17777,4202,7289,205658,164495,30207,24519,55007,37606,7600,26,28
2021-07-10T23:59:59+02:00,607,560,11676,11065,18096,16934,20807,20575,24819,25533,28405,29436,20606,23554,15010,18787,4383,7615,5901,5937,10951,11387,13777,15139,18335,20387,23369,25405,18663,21416,14220,17777,4202,7289,205638,164465,30205,24518,55007,37599,7593,26,28
2021-07-09T23:59:59+02:00,579,537,11566,10940,18022,16850,20737,20514,24745,25457,28355,29391,20583,23534,15007,18777,4383,7614,5867,5904,10922,11353,13726,15118,18304,20355,23350,25383,18658,21406,14218,17774,4202,7288,204770,164230,30204,24468,55007,37564,7585,26,28
2021-07-08T23:59:59+02:00,544,509,11402,10805,17897,16745,20601,20412,24639,25329,28237,29313,20539,23484,14991,18748,4380,7606,5523,5647,10406,10957,13104,14668,17639,19795,22742,24917,18342,21015,14122,17691,4197,7278,204001,161920,30178,23660,54978,35478,6999,26,27
2021-07-07T23:59:59+02:00,484,456,11233,10660,17814,16658,20531,20344,24566,25251,28176,29249,20511,23448,14986,18736,4378,7598,5216,5354,9878,10505,12524,14187,16958,19274,22176,24418,18028,20650,14020,17594,4190,7255,202987,159458,30154,22194,54961,33632,6952,26,27
2021-07-06T23:59:59+02:00,443,422,11109,10510,17703,16565,20438,20241,24487,25158,28085,29170,20485,23409,14977,18719,4376,7595,4817,4925,9279,9990,11811,13585,16249,18659,21661,23923,17709,20345,13919,17478,4181,7245,201853,155267,30147,21253,54952,32337,6915,26,27
2021-07-05T23:59:59+02:00,421,395,11019,10421,17612,16494,20357,20169,24426,25107,28044,29133,20461,23388,14965,18711,4375,7592,4529,4604,8781,9539,11251,13031,15540,18015,21040,23314,17316,19949,13786,17320,4173,7237,201112,151372,30144,20572,54943,30607,6866,26,27
2021-07-04T23:59:59+02:00,408,389,10943,10366,17547,16440,20307,20119,24395,25071,28028,29115,20452,23377,14960,18708,4374,7591,4383,4513,8653,9373,11059,12856,15298,17805,20774,23042,17043,19658,13726,17228,4169,7233,200632,150057,30138,20267,54942,29628,6853,26,27
2021-07-03T23:59:59+02:00,406,388,10936,10355,17537,16434,20305,20116,24393,25071,28025,29114,20452,23376,14960,18708,4374,7591,4379,4506,8646,9369,11056,12856,15294,17805,20771,23039,17043,19655,13726,17228,4169,7233,200604,150044,30136,20267,54942,29622,6834,26,27
2021-07-02T23:59:59+02:00,363,325,10791,10245,17421,16332,20201,20040,24320,25006,27962,29055,20426,23350,14954,18694,4374,7588,4292,4425,8484,9232,10920,12744,15171,17698,20660,22935,17001,19625,13719,17213,4169,7230,199719,149055,30136,20266,54942,29564,6625,26,27
2021-07-01T23:59:59+02:00,316,282,10657,10110,17294,16238,20079,19951,24236,24931,27898,29003,20406,23326,14938,18679,4371,7584,4088,4224,8184,8894,10551,12333,14602,17198,20151,22397,16713,19326,13511,16999,4159,7208,198646,145997,30078,19582,54936,28335,6614,26,27
2021-06-30T23:59:59+02:00,233,220,10402,9871,17120,16087,19945,19820,24120,24807,27819,28915,20384,23294,14919,18661,4370,7583,3891,4027,7882,8557,10143,11871,14113,16642,19578,21763,16391,18983,13238,16721,4146,7181,196995,142318,30023,19331,54928,26868,6599,26,27
2021-06-29T23:59:59+02:00,189,183,10254,9695,16984,15992,19842,19727,24051,24731,27761,28847,20357,23267,14905,18641,4370,7579,3689,3767,7482,8105,9669,11334,13459,15971,18964,21059,16073,18656,12991,16431,4139,7167,195843,138031,30018,19032,54924,25315,6566,25,27
2021-06-28T23:59:59+02:00,140,131,10061,9513,16857,15886,19738,19623,23957,24637,27693,28785,20327,23237,14891,18623,4368,7577,3488,3513,7081,7661,9233,10841,12910,15433,18466,20541,15822,18390,12872,16298,4133,7156,194661,134194,29905,18609,54921,24488,6533,25,27
2021-06-27T23:59:59+02:00,122,114,9922,9401,16797,15826,19677,19572,23899,24587,27666,28760,20314,23221,14888,18619,4367,7574,3397,3446,6904,7466,9043,10642,12681,15193,18204,20282,15699,18285,12807,16211,4133,7152,194027,133001,29845,18261,54915,23754,6515,25,27
2021-06-26T23:59:59+02:00,122,114,9921,9397,16795,15822,19674,19571,23897,24586,27666,28760,20314,23221,14888,18619,4367,7574,3395,3446,6901,7465,9040,10641,12678,15190,18202,20281,15696,18284,12807,16209,4133,7152,194010,132981,29844,18261,54915,23749,6515,25,27
2021-06-25T23:59:59+02:00,118,111,9874,9357,16757,15789,19640,19540,23861,24558,27642,28742,20308,23214,14886,18616,4367,7574,3374,3400,6827,7355,8943,10486,12563,14994,18057,20073,15672,18255,12799,16206,4132,7151,193691,132799,29809,17907,54915,23052,6515,25,27
2021-06-24T23:59:59+02:00,108,100,9745,9234,16571,15661,19505,19416,23739,24469,27584,28681,20294,23198,14879,18607,4366,7572,3247,3255,6608,7025,8631,10032,12029,14371,17503,19366,15447,18023,12652,16075,4129,7139,192851,130397,29464,17046,54914,21598,6476,25,27
2021-06-23T23:59:59+02:00,102,95,9616,9096,16428,15536,19388,19312,23642,24364,27518,28634,20279,23176,14875,18602,4363,7571,3042,3018,6254,6542,8130,9464,11325,13547,16739,18385,15151,17682,12502,15933,4119,7114,191933,125843,29297,16072,54903,20578,6439,25,27
2021-06-22T23:59:59+02:00,71,69,9327,8791,16195,15334,19202,19160,23498,24239,27446,28550,20255,23151,14867,18583,4359,7565,2808,2735,5769,5993,7506,8701,10412,12505,15719,17183,14855,17324,12395,15809,4106,7091,190245,119412,29089,15580,54899,19503,6406,23,22
2021-06-21T23:59:59+02:00,67,62,9201,8634,16023,15184,19012,19007,23368,24116,27385,28471,20231,23123,14862,18573,4359,7561,2662,2546,5388,5528,7043,8116,9682,11626,14989,16249,14576,17011,12288,15688,4101,7074,189049,114707,28867,15020,54896,18426,6404,23,22
2021-06-20T23:59:59+02:00,64,61,9064,8505,15886,15066,18901,18919,23295,24045,27345,28420,20220,23102,14851,18566,4356,7560,2603,2478,5216,5346,6829,7850,9375,11294,14623,15846,14441,16877,12248,15651,4096,7068,188159,113002,28749,14787,54895,17642,6400,23,22
2021-06-19T23:59:59+02:00,64,61,9063,8500,15883,15057,18899,18919,23293,24044,27345,28419,20220,23102,14851,18566,4356,7560,2600,2477,5215,5341,6828,7849,9375,11293,14621,15842,14439,16877,12248,15651,4096,7068,188138,112984,28747,14785,54894,17641,6400,23,22
2021-06-18T23:59:59+02:00,64,57,9032,8488,15870,15048,18884,18911,23286,24035,27339,28414,20220,23099,14850,18566,4356,7560,2571,2444,5160,5282,6750,7749,9276,11137,14450,15614,14360,16776,12237,15629,4094,7065,188017,112199,28746,14784,54893,17201,6400,23,22
2021-06-17T23:59:59+02:00,57,54,8850,8326,15634,14880,18685,18753,23130,23904,27203,28321,20196,23078,14843,18554,4354,7557,2431,2296,4835,4982,6363,7346,8728,10534,13622,14741,14123,16483,12164,15507,4090,7054,186677,109333,28741,13827,54886,16077,6052,23,22
2021-06-16T23:59:59+02:00,49,52,8624,8110,15403,14653,18474,18553,22939,23735,27097,28211,20167,23035,14829,18534,4350,7551,2316,2187,4594,4779,6010,7003,8200,10049,12904,13902,13773,16100,12079,15418,4085,7042,184893,105882,28641,13027,54883,15596,5926,23,22
2021-06-15T23:59:59+02:00,40,39,8279,7776,15026,14294,18152,18265,22687,23524,26938,28078,20137,23001,14816,18518,4348,7540,2134,2017,4243,4431,5504,6441,7319,9158,11711,12625,13232,15482,11958,15255,4070,7019,182296,99643,28605,12362,54881,14931,5653,23,22
2021-06-14T23:59:59+02:00,34,34,8100,7607,14766,14062,17949,18092,22536,23403,26826,27996,20116,22968,14803,18510,4344,7532,2019,1892,3986,4181,5119,5971,6661,8436,10786,11570,12916,15134,11887,15161,4060,7000,180714,94805,28581,12002,54879,14479,5481,23,22
2021-06-13T23:59:59+02:00,34,34,8026,7551,14682,13973,17833,17981,22455,23324,26797,27966,20103,22957,14799,18504,4344,7532,1975,1865,3904,4084,5001,5831,6428,8196,10491,11236,12759,14956,11829,15105,4059,6999,179956,93424,28571,11710,54875,14100,5470,23,22
2021-06-12T23:59:59+02:00,34,34,8025,7550,14682,13972,17833,17981,22453,23323,26796,27963,20103,22956,14799,18504,4344,7532,1974,1863,3902,4084,4999,5830,6425,8192,10488,11230,12756,14955,11829,15103,4059,6999,179945,93403,28571,11710,54875,14091,5470,23,22
2021-06-11T23:59:59+02:00,34,33,7959,7509,14593,13925,17757,17931,22384,23289,26752,27940,20101,22952,14799,18503,4344,7532,1958,1851,3866,4026,4956,5763,6364,8110,10388,11125,12716,14920,11818,15097,4059,6999,179608,93185,28494,11704,54874,13775,5338,23,22
2021-06-10T23:59:59+02:00,29,26,7620,7213,14198,13561,17324,17556,22053,23008,26556,27759,20057,22907,14786,18485,4341,7520,1857,1769,3650,3861,4681,5488,6039,7741,9769,10514,12196,14260,11749,14989,4051,6992,177011,90020,28000,11324,54862,13145,5103,23,20
2021-06-09T23:59:59+02:00,28,23,7253,6865,13738,13125,16809,17090,21663,22639,26341,27545,19984,22837,14768,18450,4338,7512,1691,1654,3455,3682,4426,5220,5652,7333,8992,9795,11531,13424,11630,14849,4041,6980,173769,85766,27458,10689,54850,12978,4908,23,20
2021-06-08T23:59:59+02:00,23,19,6878,6462,13225,12636,16342,16621,21306,22299,26125,27342,19927,22758,14737,18415,4335,7505,1599,1579,3235,3451,4107,4869,5145,6845,8106,8873,10646,12347,11486,14691,4037,6965,170359,80111,26968,10393,54841,12700,4764,23,19
2021-06-07T23:59:59+02:00,20,16,6602,6177,12791,12262,15944,16222,20979,22002,25963,27186,19890,22704,14716,18395,4328,7499,1538,1508,3043,3279,3832,4640,4743,6468,7392,8119,9734,11200,11374,14545,4026,6947,167795,75367,26547,10021,54821,12477,4510,23,19
2021-06-06T23:59:59+02:00,20,16,6461,6046,12649,12109,15782,16065,20815,21840,25877,27099,19870,22667,14705,18385,4327,7495,1523,1486,2970,3238,3738,4574,4637,6389,7250,7990,9477,10931,11328,14495,4023,6942,166570,74685,26443,9597,54800,12304,4392,23,19
2021-06-05T23:59:59+02:00,20,16,6452,6042,12635,12096,15772,16056,20812,21835,25877,27096,19870,22667,14705,18385,4327,7495,1521,1484,2967,3237,3737,4573,4634,6389,7245,7985,9470,10926,11328,14495,4023,6942,166511,74656,26432,9595,54800,12300,4392,23,19
2021-06-04T23:59:59+02:00,20,16,6420,6002,12576,12047,15712,16007,20784,21804,25858,27079,19866,22661,14702,18385,4327,7495,1520,1478,2955,3225,3718,4559,4624,6375,7208,7942,9438,10856,11290,14454,4022,6941,166413,74380,26174,9582,54776,12255,4375,23,19
2021-06-03T23:59:59+02:00,20,15,6186,5780,12275,11797,15389,15697,20452,21466,25601,26867,19820,22587,14682,18365,4326,7491,1478,1435,2881,3159,3621,4481,4515,6276,7008,7760,9061,10408,11238,14380,4022,6936,163931,73082,25927,9286,54774,12116,4161,23,19
2021-06-02T23:59:59+02:00,20,15,6123,5719,12204,11732,15316,15630,20380,21405,25584,26843,19816,22584,14679,18362,4325,7490,1464,1424,2864,3146,3604,4466,4480,6259,6973,7722,8980,10298,11229,14355,4021,6935,163580,72718,25743,9277,54773,12106,4108,23,16
2021-06-01T23:59:59+02:00,16,15,5669,5224,11469,11033,14490,14898,19661,20741,25174,26461,19726,22494,14645,18315,4317,7482,1350,1316,2566,2876,3225,4132,3992,5800,6145,6919,7790,8673,10985,14008,4007,6918,158544,67311,25093,8370,54745,11587,3425,23,14
2021-05-31T23:59:59+02:00,14,15,5420,4927,11027,10607,13963,14404,19183,20244,24867,26121,19633,22408,14606,18269,4308,7466,1290,1261,2412,2741,3022,3962,3707,5507,5587,6386,6774,7387,10741,13688,3998,6884,155082,63272,24398,7447,54740,11380,3239,23,14
2021-05-30T23:59:59+02:00,14,15,5341,4851,10842,10485,13798,14226,18834,19922,24624,25872,19602,22378,14598,18249,4307,7464,1270,1247,2385,2708,2974,3916,3639,5451,5484,6297,6601,7157,10704,13613,3996,6874,153587,62535,23894,7385,54713,11182,3205,23,14
2021-05-29T23:59:59+02:00,14,15,5338,4851,10842,10481,13793,14223,18834,19921,24623,25870,19602,22378,14598,18249,4307,7464,1269,1243,2384,2705,2972,3913,3639,5449,5483,6295,6596,7154,10704,13613,3996,6874,153569,62525,23894,7382,54712,11168,3205,23,14
2021-05-28T23:59:59+02:00,14,15,5322,4837,10821,10443,13768,14204,18817,19904,24615,25860,19601,22377,14596,18246,4307,7463,1264,1243,2383,2698,2971,3911,3633,5443,5469,6279,6580,7137,10695,13591,3995,6870,153384,62421,23892,7382,54708,11147,3203,23,14
2021-05-27T23:59:59+02:00,11,14,5029,4554,10298,9987,13181,13673,18127,19290,24033,25323,19502,22262,14563,18200,4296,7451,1099,1103,2099,2505,2672,3619,3338,5087,5138,5999,6280,6720,10466,13308,3990,6854,150122,60565,22899,7346,54602,10209,2148,23,13
2021-05-26T23:59:59+02:00,11,14,4766,4298,9860,9606,12663,13153,17513,18680,23399,24646,19377,22113,14516,18145,4290,7434,1020,1023,1940,2352,2472,3422,3076,4843,4750,5647,5723,6071,10093,12774,3974,6818,146019,57419,22139,7308,54480,9439,1823,23,13
2021-05-25T23:59:59+02:00,11,13,4552,4068,9449,9132,12202,12646,16975,18101,22878,24007,19245,21941,14485,18066,4281,7420,971,979,1878,2262,2363,3286,2903,4639,4404,5271,5140,5339,9641,12174,3958,6793,141971,53864,21305,7293,54352,9014,1821,23,13
2021-05-24T23:59:59+02:00,11,13,4440,3911,9239,8927,11998,12386,16673,17779,22549,23604,19169,21862,14470,18046,4279,7419,955,931,1818,2221,2289,3225,2817,4558,4282,5155,4995,5179,9550,12047,3955,6785,140466,53156,20344,7240,54175,8590,1767,23,13
2021-05-23T23:59:59+02:00,11,13,4429,3910,9233,8924,11986,12376,16662,17772,22533,23583,19164,21857,14469,18044,4279,7419,954,926,1816,2216,2284,3223,2810,4554,4275,5138,4987,5165,9543,12034,3954,6784,140359,53076,20341,7227,54174,8584,1767,23,13
2021-05-22T23:59:59+02:00,11,13,4425,3907,9229,8920,11978,12370,16658,17768,22531,23581,19164,21857,14469,18044,4279,7419,954,926,1815,2214,2281,3223,2809,4554,4275,5136,4985,5164,9542,12034,3954,6784,140330,53070,20341,7227,54162,8577,1767,23,13
2021-05-21T23:59:59+02:00,11,13,4394,3868,9157,8844,11905,12283,16567,17693,22468,23513,19144,21839,14465,18037,4279,7417,909,916,1783,2203,2249,3214,2779,4529,4227,5107,4961,5140,9529,12027,3953,6783,139673,53003,20341,7227,54143,8353,1717,23,13
2021-05-20T23:59:59+02:00,8,12,4140,3688,8710,8487,11422,11869,15896,17191,21887,22933,18959,21671,14433,17997,4274,7406,762,852,1527,2043,2006,3057,2537,4311,3976,4874,4804,4977,9414,11883,3945,6759,136274,52275,19967,7128,53726,7322,993,23,13
2021-05-19T23:59:59+02:00,8,12,3897,3447,8217,8024,10842,11324,15224,16484,21211,22210,18758,21440,14392,17947,4268,7388,713,806,1467,1963,1929,2957,2471,4185,3835,4715,4629,4764,9211,11653,3925,6730,130882,51197,19784,6995,53429,6777,975,23,13
2021-05-18T23:59:59+02:00,7,11,3608,3185,7670,7486,10113,10625,14263,15546,20268,21153,18497,21156,14337,17887,4262,7366,658,757,1413,1876,1854,2846,2341,4045,3659,4513,4357,4472,9008,11403,3912,6703,123836,49965,19688,6794,52990,6147,903,23,12
2021-05-17T23:59:59+02:00,7,11,3417,2978,7212,7017,9608,10084,13534,14757,19581,20353,18311,20894,14290,17821,4252,7351,602,702,1332,1813,1779,2765,2231,3970,3523,4400,4111,4241,8863,11190,3899,6674,118595,49162,19448,6581,52525,5457,887,23,12
2021-05-16T23:59:59+02:00,7,10,3287,2905,7005,6840,9405,9869,13280,14522,19352,20124,18234,20815,14276,17802,4251,7345,589,656,1293,1765,1734,2704,2194,3877,3458,4317,4020,4140,8842,11162,3897,6672,116972,49017,19208,6413,52243,4999,883,23,12
2021-05-15T23:59:59+02:00,7,10,3286,2902,6999,6832,9403,9863,13277,14520,19349,20114,18232,20814,14276,17802,4251,7345,589,656,1291,1764,1731,2703,2192,3877,3457,4317,4018,4138,8842,11162,3897,6672,116928,49009,19208,6412,52241,4995,882,23,12
2021-05-14T23:59:59+02:00,7,10,3245,2858,6886,6688,9273,9725,13127,14338,19177,19979,18208,20789,14275,17794,4250,7342,569,643,1270,1743,1702,2681,2158,3851,3413,4279,3968,4084,8835,11155,3897,6671,116522,48970,18459,6261,52157,4870,810,23,12
2021-05-13T23:59:59+02:00,7,10,3126,2696,6558,6369,8837,9327,12580,13857,18574,19382,18080,20645,14242,17758,4245,7340,537,618,1216,1687,1645,2607,2071,3745,3265,4159,3864,3947,8812,11135,3894,6667,113642,48874,17762,5871,51552,4461,655,22,10
2021-05-12T23:59:59+02:00,7,10,3099,2665,6525,6331,8788,9274,12441,13744,18390,19178,18047,20611,14234,17748,4245,7340,536,616,1215,1684,1640,2604,2062,3739,3251,4151,3851,3933,8804,11129,3894,6666,112930,48847,17537,5844,51534,4422,654,22,10
2021-05-11T23:59:59+02:00,5,10,2709,2408,5726,5835,7818,8463,11047,12577,16824,17703,17542,20048,14150,17643,4226,7317,500,557,1088,1579,1477,2448,1875,3560,3030,3889,3744,3819,8735,11036,3890,6661,105528,48616,16913,5648,49459,3486,130,21,10
2021-05-10T23:59:59+02:00,5,8,2522,2241,5253,5456,7126,7840,10020,11661,15529,16331,17163,19597,14087,17529,4218,7293,475,531,1046,1540,1434,2397,1816,3457,2910,3758,3662,3746,8696,10988,3886,6657,99724,48500,16003,5419,48002,2943,129,21,10
2021-05-09T23:59:59+02:00,5,8,2439,2210,5116,5372,6939,7721,9610,11324,14983,15804,17044,19457,14067,17501,4215,7288,459,513,1014,1483,1363,2313,1758,3335,2798,3604,3576,3654,8673,10956,3883,6654,98150,48415,15415,5149,47390,2337,127,21,10
2021-05-08T23:59:59+02:00,5,8,2435,2209,5115,5372,6939,7719,9606,11320,14982,15803,17044,19457,14067,17501,4215,7288,458,512,1013,1483,1363,2312,1758,3335,2797,3603,3574,3654,8673,10956,3883,6654,98135,48410,15414,5149,47388,2334,127,21,10
2021-05-07T23:59:59+02:00,5,8,2263,2147,4844,5277,6575,7566,9157,11106,14539,15483,16867,19255,14055,17472,4215,7286,446,510,1002,1471,1348,2297,1723,3325,2748,3568,3528,3614,8594,10875,3883,6651,97429,48387,14896,4800,45652,2266,122,21,10
2021-05-06T23:59:59+02:00,5,8,2029,2015,4295,4930,5922,7191,8389,10548,13565,14661,16469,18804,14006,17378,4203,7273,417,462,961,1371,1261,2134,1617,3101,2527,3285,3351,3414,8415,10682,3874,6637,94850,47947,13659,4194,43109,1307,53,20,10
2021-05-05T23:59:59+02:00,5,8,1906,1905,4013,4707,5491,6820,7694,9959,12449,13603,15792,17967,13902,17277,4194,7249,409,450,948,1344,1233,2092,1582,3025,2467,3201,3300,3374,8336,10585,3868,6627,90439,47816,12337,4045,42107,934,38,20,10
2021-05-04T23:59:59+02:00,5,8,1819,1819,3746,4471,5084,6464,7032,9384,11229,12360,14873,16839,13793,17140,4190,7235,404,440,929,1324,1215,2050,1564,2987,2423,3146,3256,3327,8247,10474,3862,6613,84629,47678,11699,3845,41119,705,25,19,10
2021-05-03T23:59:59+02:00,4,8,1767,1766,3594,4345,4853,6252,6648,9053,10500,11624,14147,15860,13705,17025,4181,7218,398,430,925,1310,1201,2017,1543,2945,2390,3101,3203,3287,8132,10372,3857,6607,80196,47550,11495,3624,40819,516,21,19,9
2021-05-02T23:59:59+02:00,4,8,1757,1747,3520,4320,4770,6199,6578,8993,10382,11509,13960,15666,13673,16998,4180,7213,396,422,919,1295,1197,2000,1540,2932,2374,3084,3188,3270,8095,10340,3856,6603,79636,47531,11219,3526,40587,431,16,19,9
2021-05-01T23:59:59+02:00,4,8,1754,1747,3519,4319,4769,6198,6575,8992,10377,11505,13957,15666,13672,16997,4180,7210,395,422,919,1295,1196,1999,1540,2932,2374,3084,3188,3270,8095,10340,3856,6602,79610,47528,11219,3526,40586,431,15,19,9
2021-04-30T23:59:59+02:00,4,8,1752,1740,3513,4310,4762,6186,6554,8977,10339,11467,13906,15592,13646,16966,4179,7209,395,420,917,1293,1196,1999,1540,2932,2372,3083,3188,3268,8094,10338,3856,6602,79283,47521,11219,3525,40576,426,14,18,9
2021-04-29T23:59:59+02:00,4,7,1627,1699,3272,4195,4486,6032,6237,8726,9923,11075,13322,14888,13542,16810,4173,7201,386,409,908,1272,1176,1965,1515,2896,2343,3035,3174,3257,8081,10320,3853,6598,76496,47405,10834,3523,39860,240,13,16,9
2021-04-28T23:59:59+02:00,4,7,1502,1652,3099,4095,4251,5852,5880,8452,9335,10582,12445,13705,13385,16601,4164,7187,377,399,891,1259,1160,1936,1478,2852,2273,2966,3021,3124,7968,10204,3846,6587,71997,46987,10648,3110,39526,226,11,16,9
2021-04-27T23:59:59+02:00,4,7,1464,1609,2990,3975,4047,5710,5573,8193,8715,9912,11407,12393,13155,16244,4153,7165,365,384,882,1238,1145,1901,1451,2779,2227,2905,2982,3079,7941,10172,3839,6582,67189,46772,10460,2936,39041,146,11,15,9
2021-04-26T23:59:59+02:00,4,7,1439,1575,2877,3897,3875,5566,5262,7979,8223,9470,10652,11466,13011,16040,4142,7147,364,379,872,1228,1128,1890,1421,2758,2198,2874,2932,3027,7891,10122,3833,6577,63773,46669,10270,2682,38563,125,11,15,9
2021-04-25T23:59:59+02:00,4,7,1428,1569,2810,3866,3778,5507,5125,7932,8028,9365,10456,11232,12974,15986,4141,7142,363,374,863,1222,1110,1876,1406,2739,2175,2847,2890,2994,7843,10074,3832,6572,63270,46589,10069,2474,37986,99,11,14,9
2021-04-24T23:59:59+02:00,4,7,1427,1569,2810,3864,3777,5506,5123,7930,8024,9361,10449,11229,12974,15986,4141,7142,363,374,863,1222,1110,1873,1404,2738,2174,2847,2890,2994,7843,10074,3832,6572,63244,46584,10069,2473,37985,98,11,14,9
2021-04-23T23:59:59+02:00,4,7,1410,1558,2743,3829,3694,5476,5005,7882,7890,9301,10363,11118,12950,15945,4139,7138,362,374,862,1219,1110,1873,1403,2738,2174,2847,2890,2994,7842,10074,3832,6572,63113,46579,9788,2472,37526,97,11,14,9
2021-04-22T23:59:59+02:00,4,7,1368,1527,2635,3763,3534,5371,4772,7728,7537,9066,9790,10424,12683,15646,4133,7114,356,373,854,1210,1100,1860,1392,2712,2147,2826,2854,2961,7752,9965,3820,6555,61486,46168,9129,2463,36462,88,11,14,9
2021-04-21T23:59:59+02:00,4,7,1335,1490,2555,3687,3415,5268,4554,7548,7127,8738,8900,9392,12268,15067,4120,7072,351,371,849,1193,1091,1839,1374,2682,2117,2798,2795,2905,7637,9800,3802,6527,58756,45687,8260,2338,35506,88,11,14,9
2021-04-20T23:59:59+02:00,4,7,1313,1464,2485,3612,3315,5171,4380,7365,6741,8406,8007,8264,11802,14477,4106,7058,345,366,837,1180,1081,1817,1350,2659,2084,2755,2734,2848,7487,9613,3770,6471,55901,44965,7495,2332,34558,83,10,13,9
2021-04-19T23:59:59+02:00,4,7,1296,1448,2449,3575,3254,5104,4273,7263,6502,8173,7373,7489,11549,14120,4095,7040,343,364,833,1170,1075,1805,1327,2646,2050,2728,2679,2804,7371,9447,3747,6432,53950,44406,7122,2318,33919,80,10,13,9
2021-04-18T23:59:59+02:00,4,6,1286,1436,2418,3551,3213,5083,4219,7207,6366,8044,7020,7101,11455,14017,4092,7028,343,363,831,1166,1074,1798,1325,2633,2044,2723,2673,2790,7344,9415,3745,6428,53432,44282,6664,2316,33427,80,10,13,9
2021-04-17T23:59:59+02:00,4,6,1285,1434,2418,3550,3212,5079,4214,7204,6359,8034,7005,7091,11453,14015,4092,7028,343,363,830,1165,1074,1798,1323,2632,2043,2721,2670,2788,7343,9415,3745,6428,53410,44269,6662,2315,33389,80,10,12,9
2021-04-16T23:59:59+02:00,4,6,1282,1433,2407,3542,3204,5071,4195,7186,6308,8001,6929,7006,11441,14001,4090,7026,343,362,826,1163,1072,1798,1321,2631,2040,2721,2669,2781,7341,9413,3744,6428,53354,44245,6425,2311,33331,80,10,12,9
2021-04-15T23:59:59+02:00,2,4,1246,1412,2353,3493,3109,5012,4034,7058,6052,7769,6385,6448,11191,13712,4075,6994,335,360,807,1143,1033,1739,1276,2559,1966,2626,2589,2712,7253,9326,3734,6411,52267,43656,6035,2125,32025,74,10,12,6
2021-04-14T23:59:59+02:00,2,4,1225,1398,2318,3466,3040,4950,3927,6953,5862,7561,5741,5745,10798,13221,4043,6944,328,357,795,1134,1016,1713,1245,2518,1914,2574,2512,2642,7104,9131,3715,6385,50859,42994,5829,2002,30489,74,9,12,6
2021-04-13T23:59:59+02:00,2,4,1211,1389,2286,3435,2984,4887,3816,6872,5615,7340,5206,5199,10456,12807,4020,6916,307,343,776,1105,994,1692,1222,2483,1878,2533,2446,2576,6985,8994,3679,6324,49840,42308,5625,1945,28959,71,9,12,6
2021-04-12T23:59:59+02:00,2,4,1196,1383,2260,3412,2934,4842,3688,6791,5405,7190,4878,4905,10205,12526,4011,6892,291,339,762,1101,977,1676,1208,2461,1828,2486,2368,2515,6870,8853,3665,6302,49374,41731,5426,1896,27706,64,7,11,6
2021-04-11T23:59:59+02:00,2,4,1190,1370,2240,3392,2901,4822,3628,6720,5261,7081,4646,4705,10020,12327,4005,6881,284,337,757,1093,967,1662,1197,2433,1805,2454,2315,2456,6786,8745,3651,6282,49291,41316,5189,1835,26700,63,6,9,6
2021-04-10T23:59:59+02:00,2,4,1190,1369,2237,3388,2899,4818,3622,6717,5251,7069,4640,4696,10012,12314,4005,6880,281,333,741,1086,954,1657,1173,2413,1734,2402,2227,2370,6727,8698,3650,6278,49236,41147,5187,1506,26675,61,6,9,6
2021-04-09T23:59:59+02:00,2,4,1187,1366,2230,3386,2891,4809,3613,6706,5222,7045,4615,4668,9986,12284,4004,6880,272,330,721,1076,938,1636,1139,2366,1642,2326,2007,2101,6572,8537,3628,6245,49162,40292,5182,1173,26539,61,6,9,6
2021-04-08T23:59:59+02:00,2,4,1163,1346,2176,3330,2805,4719,3472,6576,4986,6812,4225,4260,9439,11710,3985,6826,247,309,670,1016,880,1563,1066,2270,1507,2206,1730,1764,6107,7976,3540,6100,48700,37721,4653,1170,24468,50,6,9,6
2021-04-07T23:59:59+02:00,2,4,1153,1332,2142,3312,2763,4682,3383,6514,4823,6678,3933,3959,8876,11159,3968,6797,214,280,611,961,820,1494,1007,2209,1401,2107,1590,1589,5508,7275,3451,5943,48493,35237,4178,1166,22796,49,4,9,6
2021-04-06T23:59:59+02:00,2,4,1131,1315,2097,3287,2724,4650,3318,6467,4697,6585,3679,3704,8385,10649,3952,6766,206,275,582,941,795,1446,962,2152,1318,2020,1443,1400,4924,6482,3337,5737,48298,32809,3641,1158,21461,46,3,9,6
2021-04-05T23:59:59+02:00,2,4,1128,1310,2091,3284,2714,4648,3304,6452,4674,6567,3647,3677,8356,10611,3948,6764,203,262,575,926,776,1422,946,2116,1278,1980,1396,1337,4710,6212,3289,5680,48208,31899,3635,1156,21326,46,3,9,6
2021-04-04T23:59:59+02:00,2,4,1128,1310,2091,3283,2714,4647,3304,6452,4673,6566,3642,3675,8354,10609,3948,6764,203,262,574,926,776,1422,946,2116,1278,1979,1396,1337,4709,6212,3289,5680,48202,31896,3635,1156,21317,46,3,9,6
2021-04-03T23:59:59+02:00,2,4,1128,1310,2090,3283,2714,4647,3304,6452,4673,6566,3641,3673,8354,10608,3948,6764,203,262,574,925,776,1422,946,2116,1278,1979,1396,1337,4709,6212,3289,5680,48201,31895,3634,1156,21314,46,3,9,6
2021-04-02T23:59:59+02:00,2,4,1128,1310,2090,3281,2714,4646,3304,6449,4673,6564,3639,3669,8352,10607,3948,6764,203,262,574,925,776,1420,946,2116,1278,1978,1396,1335,4707,6211,3288,5680,48185,31887,3634,1155,21313,46,3,9,6
2021-04-01T23:59:59+02:00,1,4,1115,1275,2025,3161,2606,4446,3156,6200,4515,6325,3595,3633,8253,10501,3937,6747,198,253,570,916,765,1414,936,2102,1255,1962,1375,1308,4468,5892,3168,5515,47815,30900,3628,1151,20040,39,3,9,6
2021-03-31T23:59:59+02:00,1,4,1098,1245,1987,3062,2531,4303,3066,5987,4385,6095,3512,3551,8100,10304,3917,6711,190,250,563,905,761,1396,924,2082,1213,1929,1319,1245,3977,5291,3040,5279,47209,29170,3501,1151,19137,38,3,9,4
2021-03-30T23:59:59+02:00,1,3,1076,1212,1936,2878,2429,4078,2916,5629,4184,5706,3418,3456,7935,10099,3890,6657,186,245,554,895,750,1374,902,2062,1165,1884,1233,1161,3455,4574,2813,4944,46569,27012,3335,1151,17587,29,3,9,4
2021-03-29T23:59:59+02:00,1,3,1059,1169,1873,2748,2345,3921,2778,5375,4021,5431,3318,3356,7773,9870,3861,6609,185,240,548,884,740,1360,884,2038,1128,1856,1159,1072,2871,3892,2634,4649,45924,24972,3100,1145,16476,19,2,9,4
2021-03-28T23:59:59+02:00,1,3,1040,1137,1802,2586,2263,3717,2657,5080,3869,5154,3253,3290,7708,9806,3857,6603,185,240,546,881,739,1358,882,2032,1125,1853,1150,1060,2816,3824,2621,4622,45816,24775,2891,1142,15108,14,2,9,3
2021-03-27T23:59:59+01:00,1,3,1040,1137,1802,2585,2262,3716,2654,5080,3866,5154,3249,3290,7707,9806,3857,6603,185,240,545,881,739,1358,881,2032,1122,1853,1150,1060,2816,3824,2621,4622,45807,24770,2891,1142,15103,14,2,9,3
2021-03-26T23:59:59+01:00,1,3,1035,1114,1760,2470,2198,3558,2591,4870,3780,4930,3228,3273,7704,9801,3856,6602,185,239,545,881,738,1358,881,2032,1122,1850,1146,1059,2813,3816,2620,4619,45780,24747,2888,1142,14095,12,2,9,3
2021-03-25T23:59:59+01:00,1,3,1010,1083,1709,2367,2115,3389,2482,4641,3668,4733,3126,3181,7576,9667,3849,6588,183,236,540,879,731,1348,875,2014,1105,1826,1100,1015,2584,3468,2420,4326,45521,23494,2551,1142,13108,12,1,7,3
2021-03-24T23:59:59+01:00,1,3,987,1064,1689,2324,2084,3339,2447,4574,3624,4664,3039,3111,7447,9496,3830,6570,183,232,534,874,724,1338,863,1999,1086,1805,1060,973,2190,2922,2027,3806,44983,21462,2421,1140,12881,12,1,7,3
2021-03-23T23:59:59+01:00,1,3,977,1058,1671,2292,2060,3305,2414,4530,3584,4614,2972,3038,7353,9394,3812,6542,181,229,530,869,717,1326,849,1980,1049,1774,979,883,1826,2431,1674,3340,44472,19517,2410,1106,12731,12,1,6,3
2021-03-22T23:59:59+01:00,1,3,975,1049,1656,2275,2046,3287,2392,4502,3547,4572,2928,3004,7290,9324,3798,6525,178,226,529,858,701,1303,835,1966,1020,1747,931,811,1349,1857,1320,2851,44138,17419,2388,1049,12641,12,1,6,3
2021-03-21T23:59:59+01:00,1,3,975,1049,1655,2272,2046,3286,2388,4498,3535,4564,2914,2995,7242,9269,3792,6519,178,223,528,856,700,1299,833,1962,1009,1742,908,792,1271,1772,1264,2782,43992,17117,2385,988,12619,12,1,6,3
2021-03-20T23:59:59+01:00,1,3,974,1048,1654,2271,2046,3286,2388,4498,3533,4562,2913,2994,7242,9268,3792,6519,178,223,528,856,700,1299,833,1962,996,1727,873,764,1239,1749,1255,2780,43990,17114,2381,834,12614,12,1,6,3
2021-03-19T23:59:59+01:00,1,3,973,1040,1647,2257,2035,3282,2386,4492,3526,4555,2903,2983,7230,9250,3791,6516,178,221,527,856,700,1297,833,1961,989,1722,829,725,1176,1697,1245,2770,43927,17071,2377,641,12559,12,1,6,3
2021-03-18T23:59:59+01:00,1,3,935,1008,1572,2143,1911,3114,2237,4244,3296,4303,2750,2825,6928,8885,3725,6415,177,220,522,851,693,1290,824,1950,966,1706,811,703,1099,1589,1100,2564,42532,16488,2065,563,11691,12,1,6,3
2021-03-17T23:59:59+01:00,1,3,882,976,1501,2083,1848,3048,2172,4183,3201,4207,2615,2692,6501,8390,3660,6300,176,218,519,846,691,1286,820,1945,961,1698,782,684,964,1436,944,2349,40757,15743,2061,562,11438,12,1,6,3
2021-03-16T23:59:59+01:00,1,3,857,952,1467,2042,1810,2999,2118,4128,3106,4109,2481,2533,6025,7738,3569,6149,170,215,514,845,687,1279,815,1936,954,1685,777,671,876,1310,800,2183,38758,15139,2000,562,11322,12,1,6,3
2021-03-15T23:59:59+01:00,1,3,840,945,1449,2020,1772,2944,2080,4057,3005,4000,2347,2362,5537,7194,3496,6032,169,214,514,837,685,1270,811,1926,944,1669,766,661,806,1198,646,1980,36985,14557,1899,524,11194,12,0,6,3
2021-03-14T23:59:59+01:00,1,3,835,931,1425,1993,1748,2915,2049,3998,2942,3932,2168,2165,5351,6966,3465,5999,169,214,513,834,683,1259,810,1919,941,1660,748,652,790,1179,622,1925,35959,14412,1798,500,11123,3,0,6,3
2021-03-13T23:59:59+01:00,1,3,827,924,1403,1981,1732,2902,2022,3970,2868,3884,2096,2091,5302,6911,3463,5998,169,214,513,833,683,1259,809,1919,941,1660,748,652,790,1179,622,1925,35704,14410,1551,500,11117,3,0,6,3
2021-03-12T23:59:59+01:00,1,3,803,908,1357,1922,1669,2804,1923,3819,2710,3718,1899,1851,5116,6687,3431,5955,169,214,512,833,683,1259,808,1919,941,1659,740,649,777,1164,614,1922,34373,14358,1307,499,10890,3,0,6,3
2021-03-11T23:59:59+01:00,1,3,769,849,1289,1837,1585,2656,1839,3618,2547,3545,1634,1541,4748,6215,3294,5773,160,207,506,824,673,1250,793,1883,921,1618,610,587,708,1122,593,1890,32259,13852,1207,489,10271,2,0,6,2
2021-03-10T23:59:59+01:00,1,3,754,797,1266,1781,1552,2598,1789,3547,2465,3456,1562,1452,4275,5670,3175,5519,160,205,497,803,655,1237,784,1863,914,1602,541,572,675,1113,586,1885,30437,13701,1201,387,10018,2,0,6,2
2021-03-09T23:59:59+01:00,1,3,740,776,1245,1751,1525,2552,1749,3496,2391,3404,1468,1353,3720,4923,2980,5210,157,203,492,782,645,1213,770,1831,902,1574,537,570,673,1108,583,1879,28263,13640,1198,275,9820,2,0,6,2
2021-03-08T23:59:59+01:00,0,3,736,748,1231,1731,1507,2532,1721,3458,2351,3361,1375,1251,3047,4092,2740,4839,153,200,478,759,623,1180,751,1781,878,1537,533,568,673,1107,583,1879,25795,13632,1198,49,9724,0,0,6,2
2021-03-07T23:59:59+01:00,0,3,733,744,1222,1721,1499,2517,1710,3450,2340,3353,1362,1235,2944,3970,2717,4789,153,200,478,759,623,1180,751,1781,878,1537,533,568,673,1107,583,1879,25440,13632,1196,49,9667,0,0,6,2
2021-03-06T23:59:59+01:00,0,3,732,744,1221,1716,1496,2514,1706,3447,2336,3352,1359,1235,2944,3970,2717,4789,152,200,478,759,623,1180,751,1781,878,1537,533,568,673,1107,583,1879,25435,13631,1196,49,9644,0,0,6,2
2021-03-05T23:59:59+01:00,0,3,670,718,1195,1701,1475,2504,1681,3432,2307,3342,1354,1232,2936,3962,2714,4784,152,200,478,758,623,1179,751,1781,878,1535,532,568,673,1107,583,1879,25406,13626,1192,49,9406,0,0,6,2
2021-03-04T23:59:59+01:00,0,3,604,671,1128,1632,1419,2421,1640,3351,2232,3265,1303,1184,2715,3598,2529,4498,150,194,475,744,612,1167,740,1753,869,1522,522,557,661,1097,578,1870,24180,13461,1184,48,8823,0,0,6,2
2021-03-03T23:59:59+01:00,0,3,567,632,1061,1569,1322,2340,1539,3265,2107,3179,1259,1138,2341,3076,2173,4046,150,194,473,741,612,1167,739,1751,867,1521,519,554,659,1094,578,1868,22304,13438,1182,47,8127,0,0,4,2
2021-03-02T23:59:59+01:00,0,3,549,599,1023,1523,1266,2297,1481,3213,2010,3118,1175,1038,1975,2598,1785,3525,148,192,468,735,607,1156,729,1741,862,1500,510,545,648,1073,558,1835,20242,13258,1179,47,7753,0,0,4,2
2021-03-01T23:59:59+01:00,0,3,542,550,1005,1484,1220,2236,1435,3147,1955,3045,1131,964,1476,2003,1397,2981,146,192,468,735,607,1155,729,1738,861,1500,508,545,645,1064,554,1824,17951,13222,1176,47,7443,0,0,4,2
2021-02-28T23:59:59+01:00,0,3,535,536,988,1444,1194,2174,1407,3089,1900,2972,1110,942,1361,1862,1323,2893,146,192,467,734,607,1155,728,1736,860,1499,506,545,645,1064,554,1824,17471,13213,1173,47,7085,0,0,4,2
2021-02-27T23:59:59+01:00,0,3,535,534,987,1443,1194,2173,1407,3088,1900,2971,1110,942,1361,1861,1321,2893,145,192,466,733,604,1153,726,1734,858,1498,506,545,645,1064,554,1824,17468,13212,1173,33,7078,0,0,4,2
2021-02-26T23:59:59+01:00,0,3,392,483,856,1400,1111,2131,1340,3047,1841,2929,1105,936,1358,1860,1321,2892,145,192,466,733,604,1153,726,1733,858,1497,506,545,645,1064,554,1824,17457,13211,1173,32,6371,0,0,4,2
2021-02-25T23:59:59+01:00,0,3,302,429,760,1306,1027,2041,1241,2874,1702,2767,1067,904,1276,1735,1201,2700,138,182,454,720,588,1128,719,1708,838,1473,492,531,616,1032,540,1805,16856,12940,1173,22,5302,0,0,4,2
2021-02-24T23:59:59+01:00,0,2,256,384,687,1230,953,1953,1187,2756,1636,2649,1040,884,1153,1589,1043,2482,136,182,451,716,584,1127,718,1703,837,1469,487,526,608,1027,537,1793,16142,12880,1171,19,4567,0,0,4,2
2021-02-23T23:59:59+01:00,0,2,244,362,666,1172,924,1874,1140,2644,1561,2539,1014,856,1076,1464,904,2325,136,181,451,714,584,1127,718,1700,835,1468,486,523,606,1026,537,1792,15599,12869,1136,14,4028,0,0,4,1
2021-02-22T23:59:59+01:00,0,0,229,342,643,1142,892,1791,1090,2552,1474,2416,968,826,957,1320,717,2069,136,181,450,713,582,1126,717,1700,829,1466,485,522,605,1024,536,1790,14845,12857,1063,4,3516,0,0,4,1
2021-02-21T23:59:59+01:00,0,0,223,331,608,1075,842,1687,1047,2451,1394,2309,951,805,924,1268,665,2003,136,180,447,706,581,1122,717,1695,829,1465,484,522,604,1024,535,1789,14636,12831,1020,4,2923,0,0,4,1
2021-02-20T23:59:59+01:00,0,0,223,328,605,1074,840,1682,1043,2446,1379,2290,915,776,891,1245,657,2001,136,180,447,706,581,1122,717,1695,829,1465,484,521,603,1024,535,1789,14635,12830,860,4,2896,0,0,4,0
2021-02-19T23:59:59+01:00,0,0,213,320,595,1066,827,1667,1022,2429,1346,2247,671,673,748,1181,632,1985,136,180,447,705,581,1119,716,1693,826,1462,484,520,603,1023,534,1789,14159,12815,671,3,2788,0,0,4,0
2021-02-18T23:59:59+01:00,0,0,196,271,555,944,742,1440,892,2171,1096,1872,592,605,707,1139,612,1968,131,180,434,693,566,1102,710,1667,811,1434,481,517,602,1022,534,1789,14000,12670,571,3,1228,0,0,3,0
2021-02-17T23:59:59+01:00,0,0,190,231,535,895,705,1343,833,2003,1011,1740,570,585,707,1136,610,1965,124,178,423,683,558,1086,691,1636,798,1411,478,515,600,1019,534,1788,13983,12519,571,3,502,0,0,3,0
2021-02-16T23:59:59+01:00,0,0,183,228,527,879,690,1312,814,1965,978,1701,558,580,702,1134,609,1962,119,173,409,678,547,1070,678,1618,789,1397,472,509,593,1005,526,1757,13954,12338,571,2,294,0,0,3,0
2021-02-15T23:59:59+01:00,0,0,169,219,522,852,684,1278,800,1930,949,1654,557,577,700,1134,609,1962,116,172,402,668,536,1051,649,1591,775,1379,470,506,593,1005,526,1757,13951,12194,532,2,110,0,0,3,0
2021-02-14T23:59:59+01:00,0,0,164,211,519,839,683,1269,797,1921,931,1645,556,576,700,1131,608,1962,109,168,391,657,519,1033,631,1576,768,1366,470,504,591,1003,526,1757,13945,12067,530,2,34,0,0,3,0
2021-02-13T23:59:59+01:00,0,0,163,211,518,839,683,1269,797,1921,931,1645,556,576,700,1131,608,1962,109,168,390,657,519,1033,631,1576,768,1366,470,504,591,1003,526,1757,13944,12066,530,2,33,0,0,3,0
2021-02-12T23:59:59+01:00,0,0,162,210,513,838,682,1266,793,1920,929,1642,555,576,700,1131,608,1962,106,166,387,651,515,1027,617,1561,765,1349,468,503,580,983,521,1730,13937,11927,529,2,18,0,0,3,0
2021-02-11T23:59:59+01:00,0,0,160,209,509,831,675,1262,791,1917,923,1640,550,570,693,1125,603,1956,87,130,358,579,469,947,565,1444,721,1255,444,458,537,929,478,1632,13886,11032,517,1,8,0,0,3,0
2021-02-10T23:59:59+01:00,0,0,157,207,499,814,659,1247,779,1890,908,1616,542,564,682,1113,598,1946,78,118,329,519,442,840,523,1268,648,1098,395,408,470,812,429,1471,13761,9847,456,1,1,0,0,3,0
2021-02-09T23:59:59+01:00,0,0,156,201,491,776,643,1208,759,1829,897,1575,530,552,676,1099,589,1927,73,101,310,452,407,756,481,1164,583,998,364,354,427,725,396,1350,13649,8941,256,0,0,0,0,3,0
2021-02-08T23:59:59+01:00,0,0,152,197,474,751,621,1173,739,1779,877,1531,524,551,674,1093,585,1911,59,75,264,383,357,621,421,935,510,819,306,299,361,571,331,1144,13579,7456,50,0,0,0,0,3,0
2021-02-07T23:59:59+01:00,0,0,152,196,472,750,619,1172,738,1771,875,1529,523,551,674,1093,585,1910,58,67,246,348,338,576,405,903,490,784,306,292,359,564,329,1140,13557,7205,50,0,0,0,0,3,0
2021-02-06T23:59:59+01:00,0,0,152,196,472,750,619,1172,738,1771,875,1529,523,551,674,1093,585,1910,58,67,246,347,338,576,405,902,488,782,306,291,358,562,328,1140,13557,7194,50,0,0,0,0,3,0
2021-02-05T23:59:59+01:00,0,0,152,196,472,750,619,1172,738,1771,875,1528,523,551,673,1093,585,1910,56,67,244,345,331,572,397,880,479,762,296,286,347,538,311,1100,13555,7011,50,0,0,0,0,3,0
2021-02-04T23:59:59+01:00,0,0,146,191,468,742,612,1164,734,1757,869,1519,516,544,651,1068,576,1892,41,51,211,311,289,476,355,739,385,616,233,217,262,373,230,813,13397,5602,49,0,0,0,0,3,0
2021-02-03T23:59:59+01:00,0,0,144,190,462,735,604,1155,730,1745,861,1503,505,536,636,1055,569,1884,33,32,155,220,236,346,265,565,309,466,182,171,185,280,179,607,13263,4231,48,0,0,0,0,3,0
2021-02-02T23:59:59+01:00,0,0,144,187,460,734,604,1155,727,1739,854,1499,504,534,632,1052,568,1880,24,26,136,173,191,278,221,429,257,375,142,131,137,208,142,478,13223,3348,48,0,0,0,0,2,0
2021-02-01T23:59:59+01:00,0,0,142,187,459,733,599,1152,726,1731,852,1494,503,532,627,1049,567,1873,20,19,100,128,137,187,155,299,168,259,90,94,93,132,77,258,13176,2216,48,0,0,0,0,2,0
2021-01-31T23:59:59+01:00,0,0,141,187,459,730,596,1151,726,1727,852,1493,501,531,626,1047,567,1872,14,15,67,88,95,122,118,222,141,203,85,87,89,124,75,244,13157,1789,48,0,0,0,0,1,0
2021-01-30T23:59:59+01:00,0,0,141,187,458,730,594,1149,725,1726,852,1493,501,531,625,1047,567,1872,14,15,67,88,95,120,116,218,138,200,84,86,89,118,69,234,13156,1751,41,0,0,0,0,1,0
2021-01-29T23:59:59+01:00,0,0,141,187,458,728,593,1146,723,1724,850,1492,501,531,625,1047,567,1872,12,15,55,82,78,116,98,207,115,188,79,79,87,114,68,233,13151,1626,33,0,0,0,0,1,0
2021-01-28T23:59:59+01:00,0,0,134,183,445,711,576,1120,717,1697,828,1463,494,525,622,1044,564,1869,7,3,12,20,24,44,31,95,47,87,46,50,56,84,50,176,12966,832,25,0,0,0,0,1,0
2021-01-27T23:59:59+01:00,0,0,127,181,434,701,568,1111,701,1663,821,1439,491,523,618,1039,564,1864,3,1,4,12,10,23,13,40,23,30,13,17,24,34,21,55,12821,323,23,0,0,0,0,1,0
2021-01-26T23:59:59+01:00,0,0,121,177,420,689,555,1097,692,1640,810,1418,486,517,612,1022,556,1829,3,1,4,11,7,21,11,37,17,27,13,15,23,33,21,54,12626,298,14,0,0,0,0,1,0
2021-01-25T23:59:59+01:00,0,0,118,175,411,677,544,1078,665,1612,792,1401,484,513,610,1021,556,1829,2,1,3,9,7,16,6,28,12,21,9,6,13,22,11,35,12481,201,4,0,0,0,0,1,0
2021-01-24T23:59:59+01:00,0,0,111,172,401,667,530,1060,648,1599,779,1389,483,510,609,1021,556,1829,2,0,1,6,7,4,4,7,5,8,1,2,11,15,7,21,12359,101,4,0,0,0,0,1,0
2021-01-23T23:59:59+01:00,0,0,111,172,401,667,530,1060,648,1599,779,1389,483,510,609,1021,556,1829,1,0,1,6,7,4,4,7,5,8,1,2,11,15,7,21,12359,100,4,0,0,0,0,1,0
2021-01-22T23:59:59+01:00,0,0,108,170,394,661,527,1054,634,1584,773,1371,483,505,598,1000,549,1801,1,0,1,6,7,4,4,7,5,8,1,2,11,15,7,21,12209,100,3,0,0,0,0,0,0
2021-01-21T23:59:59+01:00,0,0,97,162,379,642,504,1020,604,1534,752,1328,467,470,566,961,514,1743,1,0,1,6,7,4,4,7,5,8,1,2,11,15,7,21,11740,100,3,0,0,0,0,0,0
2021-01-20T23:59:59+01:00,0,0,79,120,344,553,460,880,546,1299,664,1141,405,411,481,818,451,1520,1,0,1,5,7,4,4,7,5,8,1,2,11,15,7,21,10169,99,3,0,0,0,0,0,0
2021-01-19T23:59:59+01:00,0,0,74,106,316,475,419,792,504,1187,612,1038,381,374,444,739,421,1424,1,0,1,3,7,4,4,7,5,8,1,0,8,10,6,18,9303,83,3,0,0,0,0,0,0
2021-01-18T23:59:59+01:00,0,0,60,76,269,388,364,643,429,955,519,841,313,307,374,585,355,1216,1,0,1,3,7,4,4,7,5,8,1,0,8,10,6,18,7692,83,2,0,0,0,0,0,0
2021-01-17T23:59:59+01:00,0,0,59,67,250,353,342,590,410,912,495,802,310,299,372,579,352,1208,0,0,0,0,0,0,0,0,0,0,0,0,0,0,0,0,7398,0,2,0,0,0,0,0,0
2021-01-16T23:59:59+01:00,0,0,59,67,250,352,342,590,410,911,493,800,310,298,370,575,351,1208,0,0,0,0,0,0,0,0,0,0,0,0,0,0,0,0,7384,0,2,0,0,0,0,0,0
2021-01-15T23:59:59+01:00,0,0,57,67,249,349,336,584,399,888,482,775,296,292,352,546,328,1166,0,0,0,0,0,0,0,0,0,0,0,0,0,0,0,0,7164,0,2,0,0,0,0,0,0
2021-01-14T23:59:59+01:00,0,0,43,54,235,325,311,509,365,764,393,630,235,219,262,376,237,842,0,0,0,0,0,0,0,0,0,0,0,0,0,0,0,0,5800,0,0,0,0,0,0,0,0
2021-01-13T23:59:59+01:00,0,0,37,43,210,269,271,408,299,615,322,503,180,176,189,287,192,650,0,0,0,0,0,0,0,0,0,0,0,0,0,0,0,0,4651,0,0,0,0,0,0,0,0
2021-01-12T23:59:59+01:00,0,0,32,41,205,254,256,376,276,535,290,457,143,134,143,219,150,509,0,0,0,0,0,0,0,0,0,0,0,0,0,0,0,0,4020,0,0,0,0,0,0,0,0
2021-01-11T23:59:59+01:00,0,0,27,37,195,233,238,324,229,446,240,382,111,105,108,143,88,320,0,0,0,0,0,0,0,0,0,0,0,0,0,0,0,0,3226,0,0,0,0,0,0,0,0
2021-01-10T23:59:59+01:00,0,0,26,31,157,172,195,249,191,350,198,305,99,98,105,138,86,305,0,0,0,0,0,0,0,0,0,0,0,0,0,0,0,0,2705,0,0,0,0,0,0,0,0
2021-01-09T23:59:59+01:00,0,0,26,31,150,168,193,241,187,342,196,300,99,98,105,138,86,305,0,0,0,0,0,0,0,0,0,0,0,0,0,0,0,0,2665,0,0,0,0,0,0,0,0
2021-01-08T23:59:59+01:00,0,0,23,28,119,144,172,228,162,313,168,279,94,88,103,134,85,304,0,0,0,0,0,0,0,0,0,0,0,0,0,0,0,0,2444,0,0,0,0,0,0,0,0
2021-01-07T23:59:59+01:00,0,0,8,3,16,26,32,54,37,105,60,111,49,50,64,92,54,212,0,0,0,0,0,0,0,0,0,0,0,0,0,0,0,0,973,0,0,0,0,0,0,0,0
2021-01-06T23:59:59+01:00,0,0,3,1,5,13,10,22,13,39,20,31,14,13,27,38,23,65,0,0,0,0,0,0,0,0,0,0,0,0,0,0,0,0,337,0,0,0,0,0,0,0,0
2021-01-05T23:59:59+01:00,0,0,3,1,4,10,9,18,10,31,15,26,11,13,23,33,21,57,0,0,0,0,0,0,0,0,0,0,0,0,0,0,0,0,285,0,0,0,0,0,0,0,0
2021-01-04T23:59:59+01:00,0,0,2,1,2,7,9,10,4,15,8,16,5,3,12,19,8,31,0,0,0,0,0,0,0,0,0,0,0,0,0,0,0,0,152,0,0,0,0,0,0,0,0
2021-01-03T23:59:59+01:00,0,0,2,0,1,6,8,4,4,7,5,9,1,2,12,15,7,21,0,0,0,0,0,0,0,0,0,0,0,0,0,0,0,0,104,0,0,0,0,0,0,0,0
2021-01-02T23:59:59+01:00,0,0,2,0,1,6,8,4,4,7,5,9,1,2,12,15,7,21,0,0,0,0,0,0,0,0,0,0,0,0,0,0,0,0,104,0,0,0,0,0,0,0,0
2021-01-01T23:59:59+01:00,0,0,1,0,1,6,8,4,4,7,5,9,1,2,12,15,7,21,0,0,0,0,0,0,0,0,0,0,0,0,0,0,0,0,103,0,0,0,0,0,0,0,0
2020-12-31T23:59:59+01:00,0,0,1,0,1,5,8,4,4,7,5,9,1,2,12,15,7,21,0,0,0,0,0,0,0,0,0,0,0,0,0,0,0,0,102,0,0,0,0,0,0,0,0
2020-12-30T23:59:59+01:00,0,0,1,0,1,5,8,4,4,7,5,9,1,2,12,15,7,21,0,0,0,0,0,0,0,0,0,0,0,0,0,0,0,0,102,0,0,0,0,0,0,0,0
2020-12-29T23:59:59+01:00,0,0,1,0,1,3,8,4,4,7,5,9,1,0,9,10,6,18,0,0,0,0,0,0,0,0,0,0,0,0,0,0,0,0,86,0,0,0,0,0,0,0,0
2020-12-28T23:59:59+01:00,0,0,1,0,1,3,8,4,4,7,5,9,1,0,9,10,6,18,0,0,0,0,0,0,0,0,0,0,0,0,0,0,0,0,86,0,0,0,0,0,0,0,0
2020-12-27T23:59:59+01:00,0,0,1,0,1,3,8,4,4,7,5,9,1,0,9,10,6,18,0,0,0,0,0,0,0,0,0,0,0,0,0,0,0,0,86,0,0,0,0,0,0,0,0
