Datum,<15_m,<15_w,15-24_1_m,15-24_1_w,25-34_1_m,25-34_1_w,35-44_1_m,35-44_1_w,45-54_1_m,45-54_1_w,55-64_1_m,55-64_1_w,65-74_1_m,65-74_1_w,75-84_1_m,75-84_1_w,>84_1_m,>84_1_w,<24_2_m,<24_2_w,25-34_2_m,25-34_2_w,35-44_2_m,35-44_2_w,45-54_2_m,45-54_2_w,55-64_2_m,55-64_2_w,65-74_2_m,65-74_2_w,75-84_2_m,75-84_2_w,>84_2_m,>84_2_w,bp_1,bp_2,mo_1,mo_2,az_1,az_2,ja,unb_1,unb_2
2021-10-18T23:59:59+02:00,2308,2179,17589,16285,22811,21055,24512,24049,28078,28752,30963,31902,21680,24749,15512,19513,4533,7877,15859,14688,21341,19520,23153,22579,26716,27246,29793,30662,21032,24048,15079,18855,4359,7568,238533,224228,32809,31629,55084,52111,17897,33,40
2021-10-17T23:59:59+02:00,2300,2173,17567,16254,22784,21031,24494,24038,28064,28746,30954,31894,21673,24743,15510,19510,4532,7874,15817,14641,21314,19481,23134,22553,26698,27226,29782,30658,21027,24039,15079,18851,4358,7566,238334,223926,32805,31614,55084,52111,17894,33,40
2021-10-16T23:59:59+02:00,2300,2173,17566,16254,22784,21031,24494,24038,28064,28746,30954,31894,21673,24743,15510,19510,4532,7874,15817,14641,21314,19481,23134,22553,26698,27226,29782,30658,21027,24039,15079,18851,4358,7566,238333,223926,32805,31614,55084,52111,17894,33,40
2021-10-15T23:59:59+02:00,2291,2164,17544,16239,22769,21017,24471,24022,28048,28734,30949,31890,21668,24736,15510,19510,4532,7873,15804,14625,21302,19470,23128,22549,26695,27220,29777,30654,21024,24037,15078,18851,4358,7566,238173,223820,32794,31614,55084,52111,17892,33,40
2021-10-14T23:59:59+02:00,2281,2146,17502,16204,22737,20986,24449,24001,28030,28715,30936,31874,21659,24732,15500,19502,4524,7863,15742,14574,21273,19425,23093,22511,26677,27184,29754,30631,21013,24029,15073,18841,4356,7564,237852,223414,32793,31600,55084,52092,17887,33,40
2021-10-13T23:59:59+02:00,2251,2128,17424,16133,22676,20923,24404,23960,27994,28672,30908,31844,21646,24722,15494,19497,4523,7859,15645,14485,21223,19373,23053,22475,26637,27145,29726,30603,21006,24011,15071,18826,4356,7560,237351,222883,32767,31573,55084,52092,17832,32,40
2021-10-12T23:59:59+02:00,2241,2109,17383,16089,22652,20896,24380,23932,27978,28652,30896,31825,21642,24717,15490,19485,4522,7858,15593,14424,21205,19341,23028,22454,26614,27120,29704,30583,20998,24002,15069,18823,4354,7559,237043,222531,32766,31564,55083,52088,17831,32,40
2021-10-11T23:59:59+02:00,2230,2097,17354,16058,22637,20875,24365,23913,27960,28634,30883,31815,21637,24708,15488,19479,4519,7850,15551,14388,21166,19287,23005,22417,26588,27080,29675,30567,20987,23992,15063,18816,4350,7556,236802,222123,32766,31564,55083,52088,17827,32,40
2021-10-10T23:59:59+02:00,2226,2089,17336,16040,22617,20861,24360,23905,27952,28621,30879,31808,21631,24704,15488,19476,4519,7847,15494,14344,21101,19227,22967,22379,26543,27054,29654,30545,20977,23981,15057,18809,4350,7556,236668,221675,32762,31541,55083,52087,17822,32,40
2021-10-09T23:59:59+02:00,2224,2089,17336,16039,22615,20860,24360,23905,27952,28621,30879,31808,21631,24704,15488,19476,4519,7847,15493,14342,21101,19227,22967,22379,26543,27053,29654,30545,20977,23981,15057,18809,4350,7556,236662,221668,32762,31541,55083,52087,17822,32,40
2021-10-08T23:59:59+02:00,2219,2081,17325,16016,22589,20848,24342,23896,27937,28606,30864,31799,21629,24699,15488,19476,4519,7847,15487,14329,21087,19212,22956,22371,26534,27036,29650,30538,20975,23975,15055,18808,4350,7556,236527,221567,32750,31541,55082,52087,17797,32,40
2021-10-07T23:59:59+02:00,2195,2060,17270,15973,22558,20802,24316,23868,27905,28582,30843,31776,21624,24696,15485,19466,4518,7841,15414,14251,21021,19142,22912,22323,26504,26999,29622,30515,20964,23960,15050,18798,4346,7555,236153,221027,32740,31494,55079,52079,17782,32,40
2021-10-06T23:59:59+02:00,2171,2037,17211,15927,22513,20749,24291,23826,27873,28552,30826,31750,21613,24684,15478,19459,4517,7837,15351,14178,20969,19082,22874,22287,26474,26960,29598,30486,20954,23946,15039,18792,4344,7553,235735,220528,32721,31469,55079,52079,17755,32,40
2021-10-05T23:59:59+02:00,2151,2021,17166,15889,22468,20721,24258,23787,27851,28528,30813,31733,21608,24676,15478,19454,4516,7836,15323,14148,20916,19057,22844,22259,26446,26935,29573,30462,20946,23928,15036,18784,4341,7553,235470,220260,32721,31469,55079,52079,17658,32,40
2021-10-04T23:59:59+02:00,2124,1986,17110,15850,22418,20692,24235,23762,27835,28494,30795,31715,21604,24667,15476,19451,4515,7833,15286,14126,20891,19029,22830,22234,26428,26916,29561,30448,20939,23918,15032,18780,4341,7545,235131,220050,32721,31469,55079,52077,17605,32,40
2021-10-03T23:59:59+02:00,2119,1975,17083,15811,22389,20660,24201,23740,27821,28474,30778,31706,21601,24660,15475,19446,4515,7831,15254,14087,20867,19000,22806,22216,26414,26894,29547,30438,20929,23905,15030,18777,4341,7545,234926,219832,32715,31459,55078,52075,17540,32,40
2021-10-02T23:59:59+02:00,2119,1975,17083,15811,22389,20660,24200,23740,27821,28474,30778,31706,21601,24660,15475,19446,4515,7831,15254,14087,20867,19000,22806,22216,26414,26894,29547,30437,20929,23905,15030,18777,4341,7545,234925,219831,32715,31459,55078,52075,17540,32,40
2021-10-01T23:59:59+02:00,2114,1970,17069,15794,22386,20648,24186,23719,27816,28467,30774,31701,21598,24658,15475,19444,4514,7831,15250,14085,20864,18998,22805,22216,26412,26892,29547,30433,20928,23903,15030,18777,4341,7545,234808,219805,32714,31459,55078,52075,17538,32,40
2021-09-30T23:59:59+02:00,2094,1954,17012,15744,22344,20596,24146,23684,27786,28434,30752,31678,21589,24650,15470,19437,4512,7826,15180,14018,20827,18961,22774,22175,26389,26858,29528,30412,20924,23894,15027,18769,4337,7540,234431,219418,32702,31436,55078,52071,17471,32,40
2021-09-29T23:59:59+02:00,2027,1912,16922,15668,22276,20530,24092,23634,27725,28385,30716,31650,21574,24637,15463,19423,4509,7824,15111,13964,20785,18909,22738,22123,26353,26829,29493,30385,20917,23882,15016,18761,4336,7537,233813,219026,32687,31414,55077,52068,17364,32,40
2021-09-28T23:59:59+02:00,2010,1895,16841,15603,22206,20478,24029,23592,27687,28344,30699,31633,21565,24622,15458,19414,4509,7821,15044,13917,20727,18868,22695,22097,26323,26794,29472,30364,20904,23867,15010,18751,4334,7533,233386,218693,32686,31414,55077,52067,17231,32,40
2021-09-27T23:59:59+02:00,1948,1827,16777,15543,22171,20442,24003,23564,27659,28308,30680,31616,21559,24616,15456,19411,4508,7819,15017,13885,20705,18831,22680,22071,26304,26782,29454,30348,20900,23857,15006,18743,4333,7530,232894,218421,32686,31414,55077,52066,17224,32,40
2021-09-26T23:59:59+02:00,1927,1806,16708,15479,22120,20382,23963,23513,27630,28282,30665,31607,21549,24609,15455,19408,4508,7817,14948,13819,20653,18777,22631,22015,26265,26745,29435,30321,20893,23847,14998,18740,4333,7527,232525,218024,32669,31387,55076,52053,17132,32,40
2021-09-25T23:59:59+02:00,1927,1806,16706,15479,22118,20381,23961,23512,27630,28282,30665,31607,21549,24609,15455,19408,4508,7817,14947,13819,20652,18777,22631,22015,26264,26743,29435,30321,20892,23847,14998,18740,4333,7527,232518,218020,32669,31386,55076,52053,17131,32,40
2021-09-24T23:59:59+02:00,1926,1803,16679,15459,22076,20352,23927,23491,27610,28261,30648,31592,21547,24605,15453,19407,4508,7817,14919,13792,20603,18745,22590,21989,26236,26723,29413,30301,20887,23841,14996,18738,4332,7526,232456,217893,32669,31386,55076,52053,16934,32,40
2021-09-23T23:59:59+02:00,1896,1766,16603,15373,22015,20277,23878,23423,27565,28206,30623,31552,21534,24594,15446,19392,4505,7815,14841,13729,20542,18702,22561,21942,26202,26679,29388,30274,20884,23830,14990,18730,4332,7525,231896,217492,32631,31352,55076,52053,16834,32,40
2021-09-22T23:59:59+02:00,1863,1735,16499,15296,21925,20200,23802,23368,27497,28146,30582,31517,21518,24572,15444,19379,4503,7812,14714,13621,20453,18624,22498,21872,26140,26618,29339,30239,20865,23820,14984,18722,4329,7516,231289,216815,32610,31310,55076,52046,16657,32,40
2021-09-21T23:59:59+02:00,1834,1691,16420,15221,21866,20140,23752,23319,27457,28110,30544,31477,21507,24552,15441,19369,4497,7804,14657,13574,20396,18584,22455,21829,26107,26593,29314,30213,20853,23806,14977,18711,4326,7512,230819,216531,32610,31310,55076,52046,16469,32,40
2021-09-20T23:59:59+02:00,1807,1676,16346,15157,21811,20093,23703,23279,27419,28067,30511,31459,21498,24539,15435,19363,4496,7802,14600,13521,20349,18540,22418,21801,26059,26561,29289,30188,20845,23794,14975,18705,4323,7509,230413,216214,32608,31309,55076,52045,16336,32,40
2021-09-19T23:59:59+02:00,1780,1653,16282,15107,21761,20033,23670,23246,27388,28039,30490,31434,21489,24528,15431,19352,4496,7799,14541,13477,20304,18488,22367,21778,26034,26529,29272,30174,20837,23781,14971,18702,4322,7505,230048,215931,32586,31276,55076,52045,16239,32,40
2021-09-18T23:59:59+02:00,1780,1653,16281,15105,21760,20032,23668,23244,27388,28038,30490,31434,21489,24528,15431,19352,4496,7799,14541,13475,20304,18488,22366,21777,26034,26527,29272,30174,20837,23781,14971,18702,4322,7505,230042,215930,32586,31275,55076,52045,16235,32,40
2021-09-17T23:59:59+02:00,1775,1646,16260,15086,21735,20013,23648,23232,27375,28022,30481,31428,21486,24525,15428,19349,4495,7799,14520,13461,20294,18482,22357,21773,26027,26523,29262,30168,20834,23778,14970,18701,4322,7505,229871,215828,32586,31275,55076,52045,16221,32,40
2021-09-16T23:59:59+02:00,1736,1615,16162,14989,21652,19913,23578,23149,27311,27962,30442,31390,21473,24508,15423,19339,4490,7799,14436,13388,20251,18427,22321,21722,25997,26478,29241,30137,20823,23768,14963,18694,4320,7501,229068,215374,32565,31197,55076,52033,16193,32,40
2021-09-15T23:59:59+02:00,1705,1598,16096,14911,21599,19859,23533,23104,27281,27929,30417,31366,21460,24487,15411,19330,4489,7797,14362,13302,20185,18367,22282,21670,25958,26435,29209,30114,20810,23753,14951,18686,4319,7499,228539,214814,32547,31152,55076,52028,16181,32,40
2021-09-14T23:59:59+02:00,1692,1583,16061,14865,21552,19820,23503,23069,27249,27891,30391,31342,21446,24476,15408,19318,4486,7796,14324,13263,20161,18345,22259,21644,25938,26420,29198,30104,20799,23745,14948,18679,4318,7497,228126,214532,32546,31151,55076,52028,16171,32,40
2021-09-13T23:59:59+02:00,1671,1570,16019,14813,21526,19789,23472,23036,27233,27855,30377,31328,21445,24466,15403,19316,4485,7793,14295,13248,20135,18329,22239,21624,25923,26408,29188,30081,20790,23734,14947,18672,4316,7495,227783,214308,32546,31151,55076,52028,16163,32,40
2021-09-12T23:59:59+02:00,1661,1557,15995,14791,21510,19767,23457,23012,27218,27840,30367,31320,21438,24458,15403,19311,4485,7793,14262,13219,20112,18292,22219,21598,25910,26385,29177,30072,20783,23726,14942,18665,4314,7490,227590,214068,32530,31120,55076,52027,16158,32,40
2021-09-11T23:59:59+02:00,1660,1557,15983,14787,21502,19759,23456,23011,27216,27839,30364,31318,21437,24457,15403,19311,4485,7793,14257,13217,20110,18289,22217,21598,25910,26384,29177,30072,20782,23726,14942,18665,4314,7490,227553,214057,32530,31120,55073,52027,16153,32,40
2021-09-10T23:59:59+02:00,1660,1557,15960,14782,21488,19748,23438,23008,27199,27829,30351,31313,21436,24455,15399,19309,4485,7792,14234,13210,20094,18279,22203,21594,25895,26371,29159,30069,20781,23722,14939,18662,4313,7489,227523,214018,32530,31120,55073,52027,16054,32,40
2021-09-09T23:59:59+02:00,1615,1518,15878,14705,21428,19679,23385,22958,27139,27779,30322,31284,21427,24438,15385,19295,4483,7790,14152,13138,20022,18211,22136,21539,25846,26330,29123,30037,20765,23694,14921,18648,4311,7487,226991,213551,32499,31037,55072,52007,15917,32,40
2021-09-08T23:59:59+02:00,1577,1471,15750,14611,21357,19602,23332,22883,27089,27736,30282,31236,21410,24420,15376,19284,4482,7790,14063,13047,19939,18157,22071,21487,25799,26291,29087,29987,20746,23673,14917,18640,4310,7486,226446,213151,32429,30945,55072,52002,15712,32,40
2021-09-07T23:59:59+02:00,1564,1451,15700,14559,21303,19577,23295,22860,27062,27703,30265,31220,21399,24398,15370,19276,4480,7790,13995,12999,19876,18118,22029,21457,25762,26258,29058,29959,20734,23659,14913,18633,4309,7486,226202,212867,32424,30915,55072,51997,15545,32,40
2021-09-06T23:59:59+02:00,1551,1441,15651,14513,21283,19546,23272,22831,27037,27684,30249,31198,21389,24395,15366,19269,4480,7788,13964,12962,19857,18093,22000,21435,25742,26238,29043,29944,20726,23651,14909,18629,4309,7483,225951,212664,32424,30915,55072,51997,15467,32,40
2021-09-05T23:59:59+02:00,1530,1426,15621,14486,21265,19524,23262,22806,27028,27672,30244,31190,21384,24389,15360,19267,4480,7784,13926,12926,19827,18057,21975,21407,25723,26220,29030,29925,20722,23643,14907,18627,4309,7483,225737,212448,32417,30835,55071,51996,15464,32,40
2021-09-04T23:59:59+02:00,1530,1426,15613,14483,21251,19519,23255,22801,27022,27666,30238,31187,21383,24386,15360,19266,4480,7784,13918,12923,19813,18051,21968,21402,25717,26214,29024,29921,20721,23640,14907,18626,4309,7483,225736,212447,32417,30834,55071,51996,15396,32,40
2021-09-03T23:59:59+02:00,1527,1423,15597,14469,21218,19495,23225,22780,26998,27654,30223,31172,21376,24378,15360,19260,4480,7783,13903,12909,19786,18032,21944,21387,25700,26204,29009,29910,20715,23633,14907,18623,4309,7483,225663,212428,32416,30829,55071,51995,15238,32,40
2021-09-02T23:59:59+02:00,1511,1403,15525,14410,21171,19445,23190,22733,26957,27613,30186,31146,21363,24368,15354,19247,4478,7777,13810,12845,19741,17971,21899,21344,25658,26158,28970,29883,20703,23622,14902,18611,4308,7482,225242,211973,32411,30824,55069,51975,15125,32,40
2021-09-01T23:59:59+02:00,1460,1346,15384,14256,21053,19349,23120,22678,26890,27541,30135,31096,21345,24343,15346,19233,4475,7772,13664,12724,19617,17874,21814,21274,25600,26089,28919,29820,20678,23593,14890,18596,4304,7476,224468,211390,32385,30627,55068,51962,14871,32,40
2021-08-31T23:59:59+02:00,1436,1331,15322,14185,20989,19297,23077,22636,26840,27499,30101,31064,21333,24331,15340,19224,4475,7771,13590,12658,19569,17833,21782,21238,25567,26066,28891,29794,20672,23583,14887,18588,4303,7475,224012,211045,32384,30627,55067,51957,14758,32,40
2021-08-30T23:59:59+02:00,1413,1312,15254,14139,20941,19243,23045,22598,26803,27466,30068,31034,21321,24322,15336,19215,4473,7764,13533,12617,19523,17783,21749,21213,25537,26029,28857,29769,20661,23568,14877,18579,4302,7471,223650,210743,32384,30625,55067,51955,14616,32,40
2021-08-29T23:59:59+02:00,1397,1300,15210,14093,20903,19212,23021,22574,26785,27442,30050,31019,21317,24313,15336,19213,4473,7763,13480,12572,19501,17762,21722,21193,25516,26010,28844,29752,20653,23560,14874,18575,4300,7470,223360,210476,32383,30625,55067,51954,14581,32,40
2021-08-28T23:59:59+02:00,1397,1300,15204,14090,20892,19205,23015,22570,26782,27433,30047,31018,21316,24313,15336,19213,4473,7763,13474,12568,19490,17755,21716,21189,25513,26001,28841,29751,20652,23560,14874,18575,4300,7470,223360,210475,32383,30625,55067,51954,14527,32,40
2021-08-27T23:59:59+02:00,1388,1293,15172,14063,20864,19189,22982,22554,26756,27421,30031,30998,21310,24305,15332,19212,4470,7760,13445,12537,19453,17738,21688,21168,25485,25988,28824,29733,20646,23551,14871,18574,4299,7470,223222,210333,32383,30624,55064,51953,14401,32,40
2021-08-26T23:59:59+02:00,1375,1275,15127,14018,20817,19151,22953,22516,26723,27382,29999,30961,21295,24289,15325,19204,4467,7752,13376,12477,19377,17682,21628,21111,25429,25940,28785,29697,20633,23530,14862,18561,4298,7466,222929,210050,32364,30500,55064,51879,14242,32,40
2021-08-25T23:59:59+02:00,1330,1230,14980,13895,20704,19057,22874,22422,26644,27298,29941,30905,21274,24263,15315,19194,4463,7746,13253,12393,19292,17605,21562,21039,25359,25886,28741,29654,20606,23509,14854,18547,4297,7463,222072,209479,32349,30452,55064,51871,14021,31,38
2021-08-24T23:59:59+02:00,1306,1206,14916,13844,20662,19005,22819,22376,26609,27262,29912,30874,21258,24248,15309,19184,4462,7745,13158,12334,19231,17522,21525,20987,25315,25843,28711,29616,20588,23489,14847,18535,4295,7458,221656,208996,32319,30394,55064,51856,13929,31,34
2021-08-23T23:59:59+02:00,1288,1187,14848,13806,20623,18976,22791,22351,26574,27242,29887,30847,21239,24234,15304,19171,4461,7744,13041,12256,19169,17463,21473,20938,25275,25788,28666,29573,20569,23472,14840,18523,4292,7458,221347,208477,32303,30303,55064,51856,13830,31,34
2021-08-22T23:59:59+02:00,1279,1179,14833,13786,20607,18956,22779,22331,26559,27227,29870,30843,21232,24230,15302,19163,4459,7743,12982,12187,19117,17429,21444,20903,25254,25762,28640,29551,20561,23461,14839,18519,4292,7458,221172,208153,32284,30194,55064,51853,13829,31,34
2021-08-21T23:59:59+02:00,1279,1179,14824,13776,20595,18948,22769,22325,26555,27222,29859,30836,21232,24228,15302,19163,4459,7743,12972,12177,19106,17421,21436,20897,25248,25757,28630,29544,20561,23459,14839,18519,4292,7458,221167,208149,32284,30194,55064,51853,13750,31,34
2021-08-20T23:59:59+02:00,1272,1174,14795,13741,20560,18918,22746,22302,26529,27199,29842,30820,21229,24219,15300,19157,4459,7743,12954,12161,19082,17401,21418,20876,25234,25739,28612,29525,20557,23453,14838,18516,4292,7458,220973,208044,32284,30192,55064,51853,13655,31,34
2021-08-19T23:59:59+02:00,1254,1158,14736,13692,20520,18889,22715,22267,26506,27170,29817,30796,21218,24211,15297,19152,4458,7740,12821,12043,18993,17324,21332,20818,25163,25672,28552,29475,20536,23440,14832,18507,4290,7455,220667,207408,32252,30055,55064,51792,13584,31,34
2021-08-18T23:59:59+02:00,1231,1139,14652,13600,20405,18829,22641,22206,26440,27113,29758,30738,21193,24191,15291,19140,4456,7737,12683,11924,18855,17242,21237,20728,25076,25589,28469,29407,20503,23395,14821,18492,4289,7450,220254,206799,32234,29933,55062,51784,13181,31,34
2021-08-17T23:59:59+02:00,1220,1126,14612,13563,20362,18785,22606,22172,26406,27085,29741,30718,21181,24177,15280,19131,4452,7736,12574,11840,18773,17181,21159,20667,25024,25536,28432,29366,20484,23380,14812,18479,4287,7448,219974,206267,32199,29803,55062,51776,13089,31,33
2021-08-16T23:59:59+02:00,1208,1115,14564,13515,20326,18756,22577,22140,26385,27056,29707,30687,21168,24166,15273,19119,4450,7734,12479,11741,18682,17109,21088,20582,24960,25477,28365,29303,20461,23358,14802,18461,4286,7445,219706,205648,32197,29676,55062,51775,12952,31,32
2021-08-15T23:59:59+02:00,1198,1102,14526,13488,20298,18726,22549,22121,26372,27040,29697,30673,21163,24154,15268,19117,4449,7732,12413,11674,18629,17079,21037,20544,24924,25434,28346,29281,20451,23345,14798,18455,4284,7443,219484,205199,32197,29675,55062,51774,12901,31,32
2021-08-14T23:59:59+02:00,1198,1101,14519,13484,20289,18720,22540,22114,26358,27033,29692,30665,21160,24153,15267,19116,4449,7732,12406,11670,18619,17071,21027,20537,24910,25427,28341,29272,20448,23344,14797,18454,4284,7443,219483,205197,32197,29672,55062,51774,12819,31,32
2021-08-13T23:59:59+02:00,1195,1098,14510,13474,20275,18710,22528,22109,26351,27023,29677,30657,21151,24148,15266,19116,4449,7732,12391,11657,18608,17062,21014,20528,24904,25411,28327,29268,20442,23337,14795,18454,4284,7442,219426,205131,32197,29672,55062,51774,12755,31,32
2021-08-12T23:59:59+02:00,1175,1076,14453,13419,20234,18670,22505,22074,26323,26993,29646,30635,21139,24129,15262,19109,4449,7727,12224,11514,18470,16950,20921,20444,24824,25326,28260,29212,20421,23305,14782,18442,4281,7436,219101,204338,32185,29484,55062,51705,12641,31,32
2021-08-11T23:59:59+02:00,1159,1054,14384,13356,20192,18616,22461,22035,26290,26968,29618,30595,21126,24112,15259,19098,4446,7723,12086,11374,18385,16862,20841,20370,24775,25253,28218,29148,20388,23278,14775,18431,4279,7431,218700,203437,32112,29479,55062,51700,12589,31,32
2021-08-10T23:59:59+02:00,1144,1036,14306,13283,20137,18569,22428,21991,26259,26938,29586,30566,21112,24103,15259,19090,4445,7721,11974,11257,18288,16792,20778,20304,24724,25197,28175,29096,20361,23250,14761,18413,4278,7425,218278,202688,32080,29456,55062,51675,12524,31,32
2021-08-09T23:59:59+02:00,1127,1017,14221,13221,20056,18512,22379,21943,26207,26894,29549,30532,21094,24086,15253,19081,4440,7719,11792,11095,18116,16695,20654,20222,24628,25101,28095,29020,20325,23210,14747,18401,4275,7416,217830,201699,32060,29347,55061,51580,12351,31,31
2021-08-08T23:59:59+02:00,1113,1010,14178,13182,20035,18477,22353,21923,26192,26874,29533,30518,21087,24080,15250,19077,4439,7718,11709,11009,18028,16611,20589,20165,24565,25054,28049,28976,20303,23187,14734,18390,4275,7412,217601,201044,32028,29269,55060,51562,12321,31,31
2021-08-07T23:59:59+02:00,1113,1010,14163,13177,20025,18472,22347,21918,26180,26860,29519,30506,21085,24076,15246,19072,4438,7718,11695,11003,18011,16607,20583,20159,24552,25039,28032,28964,20301,23183,14730,18385,4274,7412,217599,201029,32027,29268,55060,51562,12210,31,31
2021-08-06T23:59:59+02:00,1113,1010,14153,13165,20012,18453,22333,21904,26158,26851,29506,30495,21082,24072,15243,19070,4438,7717,11683,10989,17989,16586,20567,20143,24531,25030,28019,28953,20298,23179,14727,18383,4274,7412,217592,201002,32023,29268,55060,51561,12071,31,31
2021-08-05T23:59:59+02:00,1101,991,14082,13123,19962,18419,22290,21861,26123,26795,29478,30471,21068,24057,15235,19062,4436,7714,11509,10881,17877,16486,20455,20044,24426,24940,27950,28904,20272,23155,14716,18369,4271,7410,217279,200216,31979,29176,55057,51423,11924,31,31
2021-08-04T23:59:59+02:00,1085,974,14017,13053,19859,18335,22223,21802,26082,26753,29429,30424,21045,24039,15225,19049,4436,7711,11323,10706,17646,16346,20280,19917,24308,24816,27842,28807,20244,23122,14703,18357,4268,7408,217012,199170,31816,29116,55056,51180,11629,30,31
2021-08-03T23:59:59+02:00,1061,956,13946,12991,19822,18285,22189,21761,26047,26711,29394,30395,21029,24015,15215,19035,4433,7701,11139,10532,17473,16218,20141,19785,24160,24694,27722,28700,20201,23075,14686,18325,4266,7402,216635,197736,31788,29082,55055,51125,11480,30,31
2021-08-02T23:59:59+02:00,1037,936,13860,12924,19764,18227,22138,21721,25993,26650,29342,30345,20998,23984,15205,19015,4430,7699,10970,10363,17302,16093,19994,19672,24043,24579,27635,28599,20155,23022,14667,18306,4263,7392,216153,196546,31757,29033,55055,51049,11275,30,31
2021-08-01T23:59:59+02:00,1027,921,13798,12877,19728,18210,22119,21700,25968,26629,29323,30328,20989,23972,15201,19008,4430,7698,10825,10216,17141,15984,19844,19563,23899,24473,27527,28519,20141,22998,14658,18292,4263,7388,215916,195654,31707,28941,55055,50698,11219,30,31
2021-07-31T23:59:59+02:00,1027,921,13773,12868,19710,18202,22102,21689,25955,26617,29315,30317,20987,23967,15200,19007,4429,7698,10799,10204,17120,15971,19826,19550,23887,24461,27519,28508,20139,22993,14657,18291,4262,7388,215912,195635,31707,28941,55055,50698,11081,30,31
2021-07-30T23:59:59+02:00,1019,911,13713,12823,19664,18180,22072,21670,25925,26595,29287,30299,20980,23959,15194,19005,4427,7697,10713,10131,17056,15928,19767,19515,23820,24420,27471,28483,20124,22971,14648,18287,4259,7386,215733,195248,31704,28941,55055,50632,10899,30,31
2021-07-29T23:59:59+02:00,995,893,13608,12737,19600,18119,21999,21616,25874,26539,29235,30262,20962,23949,15187,18998,4427,7695,10446,9873,16756,15683,19472,19298,23519,24191,27220,28320,20069,22915,14636,18266,4259,7385,215290,193500,31632,28831,55055,49944,10689,30,31
2021-07-28T23:59:59+02:00,967,863,13477,12609,19474,18010,21913,21533,25794,26460,29160,30194,20939,23913,15174,18986,4425,7693,10156,9671,16495,15494,19211,19109,23291,24000,27065,28176,20021,22842,14617,18243,4256,7380,214640,192165,31597,28747,55051,49429,10267,30,31
2021-07-27T23:59:59+02:00,936,842,13359,12515,19409,17950,21847,21480,25728,26402,29120,30149,20924,23893,15169,18966,4424,7687,9900,9460,16243,15266,18984,18923,23098,23827,26902,28039,19979,22789,14595,18216,4250,7371,214045,190503,31542,28589,55050,49093,10135,29,31
2021-07-26T23:59:59+02:00,911,824,13254,12421,19357,17893,21773,21416,25679,26369,29065,30089,20895,23870,15151,18947,4424,7683,9664,9211,16004,15064,18736,18722,22872,23660,26751,27912,19908,22729,14567,18180,4245,7365,213442,188754,31470,28489,55049,48715,10033,28,31
2021-07-25T23:59:59+02:00,892,813,13178,12349,19278,17843,21716,21364,25639,26321,29028,30043,20878,23854,15144,18941,4421,7682,9478,9069,15803,14914,18533,18581,22703,23549,26602,27792,19858,22681,14551,18167,4242,7362,213139,187846,31408,28337,55049,48299,9761,28,31
2021-07-24T23:59:59+02:00,892,813,13168,12340,19268,17837,21705,21359,25624,26314,29023,30037,20874,23853,15143,18940,4421,7682,9468,9055,15793,14907,18520,18575,22686,23540,26596,27784,19855,22678,14550,18166,4242,7362,213136,187829,31408,28334,55049,48299,9673,28,31
2021-07-23T23:59:59+02:00,884,812,13103,12303,19190,17803,21665,21326,25588,26274,28990,30001,20860,23837,15135,18936,4419,7679,9417,9027,15709,14863,18466,18534,22635,23498,26552,27745,19839,22662,14543,18160,4240,7359,213009,187667,31407,28328,55049,48298,9313,28,31
2021-07-22T23:59:59+02:00,872,798,13008,12221,19131,17736,21620,21296,25539,26227,28966,29979,20847,23819,15133,18930,4416,7677,9099,8753,15307,14616,18103,18279,22304,23251,26346,27610,19782,22606,14530,18138,4237,7354,212542,185841,31322,28075,55046,47381,9278,28,31
2021-07-21T23:59:59+02:00,850,771,12806,12055,18982,17613,21486,21197,25433,26124,28889,29908,20805,23784,15116,18907,4412,7672,8721,8437,14874,14287,17724,18004,21947,22919,26072,27399,19689,22518,14504,18100,4234,7345,211916,183933,31213,27724,55043,46722,8611,28,31
2021-07-20T23:59:59+02:00,820,746,12657,11920,18872,17528,21416,21121,25371,26058,28851,29857,20780,23751,15108,18891,4409,7669,8392,8126,14405,13948,17343,17731,21643,22690,25828,27213,19608,22409,14475,18065,4232,7339,211231,181777,31103,27561,55039,45844,8425,28,30
2021-07-19T23:59:59+02:00,791,719,12536,11801,18781,17455,21354,21062,25317,26004,28801,29820,20755,23722,15098,18877,4405,7663,8066,7872,14038,13694,16996,17482,21316,22487,25601,27071,19539,22333,14453,18043,4226,7333,210510,179734,30997,27402,55039,45134,8388,28,30
2021-07-18T23:59:59+02:00,773,700,12423,11693,18682,17376,21287,21009,25261,25951,28764,29766,20733,23702,15086,18866,4403,7661,7895,7719,13882,13571,16845,17360,21154,22374,25471,26989,19499,22293,14439,18027,4226,7330,209926,178796,30848,27298,55039,44768,8296,28,30
2021-07-17T23:59:59+02:00,773,700,12420,11693,18681,17373,21287,21009,25261,25951,28764,29766,20733,23702,15086,18866,4403,7661,7888,7718,13878,13566,16844,17359,21153,22373,25470,26987,19497,22292,14439,18027,4226,7330,209922,178774,30848,27297,55039,44767,8293,28,30
2021-07-16T23:59:59+02:00,766,695,12348,11639,18640,17341,21252,20982,25228,25928,28738,29747,20731,23699,15086,18864,4403,7661,7736,7617,13725,13495,16700,17300,21015,22314,25363,26939,19479,22273,14438,18021,4226,7327,209714,178326,30848,27224,55039,44375,8120,28,30
2021-07-15T23:59:59+02:00,751,675,12275,11569,18576,17283,21196,20934,25180,25887,28710,29719,20716,23682,15081,18855,4402,7658,7392,7302,13117,13089,16033,16877,20378,21944,24907,26627,19333,22133,14395,17975,4223,7320,209234,176094,30762,26326,55032,42603,8094,28,30
2021-07-14T23:59:59+02:00,722,655,12062,11432,18403,17173,21074,20836,25076,25783,28621,29618,20682,23649,15062,18839,4399,7655,6976,6947,12453,12635,15341,16388,19745,21486,24442,26284,19115,21907,14363,17927,4215,7309,208416,173268,30596,25988,55029,40657,7673,28,30
2021-07-13T23:59:59+02:00,678,620,11924,11300,18282,17090,20963,20741,24979,25687,28551,29552,20653,23610,15042,18829,4397,7645,6514,6524,11819,12133,14647,15883,19141,21074,24001,25957,18938,21692,14319,17865,4211,7300,207398,169603,30458,25816,55019,38993,7641,28,27
2021-07-12T23:59:59+02:00,644,589,11799,11162,18167,17000,20871,20634,24878,25587,28469,29485,20627,23576,15034,18817,4392,7638,6098,6108,11215,11597,14022,15345,18586,20582,23583,25595,18740,21502,14254,17807,4202,7296,206379,165914,30329,24989,55016,38036,7618,28,27
2021-07-11T23:59:59+02:00,608,562,11684,11070,18103,16938,20814,20577,24824,25540,28412,29437,20608,23556,15025,18808,4392,7637,5909,5939,10960,11395,13790,15145,18340,20393,23374,25410,18667,21420,14227,17781,4201,7290,205741,164524,30210,24521,55014,37612,7605,26,27
2021-07-10T23:59:59+02:00,607,561,11677,11069,18099,16936,20810,20576,24821,25539,28411,29437,20608,23556,15024,18806,4392,7637,5902,5938,10955,11388,13780,15141,18339,20391,23372,25408,18665,21419,14226,17781,4201,7290,205721,164494,30208,24520,55014,37605,7598,26,27
2021-07-09T23:59:59+02:00,579,538,11567,10944,18025,16852,20740,20515,24747,25463,28361,29392,20585,23536,15021,18796,4392,7636,5868,5905,10926,11354,13729,15120,18308,20359,23353,25386,18660,21409,14224,17778,4201,7289,204853,164259,30207,24470,55014,37570,7590,26,27
2021-07-08T23:59:59+02:00,544,510,11403,10809,17900,16747,20604,20413,24641,25335,28243,29314,20541,23486,15005,18767,4389,7628,5524,5648,10410,10957,13107,14670,17644,19799,22745,24920,18344,21018,14128,17695,4196,7279,204084,161949,30181,23662,54985,35483,7004,26,27
2021-07-07T23:59:59+02:00,484,457,11234,10664,17817,16660,20534,20345,24568,25257,28182,29250,20513,23450,15000,18755,4387,7620,5217,5355,9882,10505,12527,14188,16962,19278,22179,24421,18030,20653,14026,17598,4189,7256,203070,159486,30157,22195,54968,33637,6957,26,27
2021-07-06T23:59:59+02:00,443,423,11110,10514,17706,16567,20441,20242,24489,25164,28091,29171,20487,23411,14991,18738,4385,7617,4818,4926,9283,9990,11814,13586,16253,18663,21664,23926,17711,20348,13925,17482,4180,7246,201936,155295,30150,21254,54959,32342,6920,26,27
2021-07-05T23:59:59+02:00,421,396,11020,10425,17615,16496,20360,20170,24428,25113,28050,29134,20463,23390,14979,18730,4384,7614,4530,4605,8785,9539,11254,13032,15544,18019,21043,23317,17318,19952,13792,17324,4172,7238,201195,151400,30147,20573,54950,30612,6871,26,27
2021-07-04T23:59:59+02:00,408,390,10944,10370,17550,16442,20310,20120,24397,25077,28034,29116,20454,23379,14974,18727,4383,7613,4384,4514,8657,9373,11062,12857,15301,17809,20777,23045,17045,19661,13732,17232,4168,7234,200715,150084,30141,20268,54949,29633,6858,26,27
2021-07-03T23:59:59+02:00,406,389,10937,10359,17540,16436,20308,20117,24395,25077,28031,29115,20454,23378,14974,18727,4383,7613,4380,4507,8650,9369,11059,12857,15297,17809,20774,23042,17045,19658,13732,17232,4168,7234,200687,150071,30139,20268,54949,29627,6839,26,27
2021-07-02T23:59:59+02:00,363,326,10792,10249,17423,16334,20204,20041,24322,25012,27968,29056,20428,23352,14968,18713,4383,7610,4293,4426,8487,9232,10923,12745,15174,17702,20663,22938,17003,19628,13725,17217,4168,7231,199802,149082,30139,20267,54949,29569,6629,26,27
2021-07-01T23:59:59+02:00,316,283,10658,10114,17296,16240,20081,19952,24238,24937,27904,29004,20408,23328,14952,18698,4380,7606,4089,4225,8185,8894,10553,12334,14605,17202,20153,22399,16715,19329,13517,17003,4158,7209,198728,146019,30081,19583,54943,28340,6618,26,27
2021-06-30T23:59:59+02:00,233,221,10403,9874,17122,16089,19947,19821,24122,24813,27825,28915,20386,23296,14933,18680,4379,7605,3892,4028,7883,8557,10145,11872,14116,16646,19580,21765,16393,18986,13244,16725,4145,7182,197075,142340,30026,19332,54935,26873,6603,26,27
2021-06-29T23:59:59+02:00,189,184,10255,9698,16986,15994,19844,19728,24053,24737,27767,28847,20359,23269,14919,18660,4379,7601,3690,3768,7483,8105,9671,11335,13462,15975,18966,21061,16075,18659,12996,16435,4138,7168,195923,138053,30021,19033,54931,25319,6570,25,27
2021-06-28T23:59:59+02:00,140,132,10062,9516,16859,15888,19740,19624,23959,24643,27699,28785,20329,23239,14905,18642,4377,7599,3489,3514,7082,7661,9235,10842,12913,15437,18468,20543,15824,18393,12877,16302,4132,7157,194741,134216,29908,18610,54928,24492,6537,25,27
2021-06-27T23:59:59+02:00,122,115,9923,9404,16799,15828,19679,19573,23901,24593,27672,28760,20316,23223,14902,18638,4376,7596,3398,3447,6905,7466,9045,10643,12684,15197,18206,20284,15701,18288,12812,16215,4132,7153,194107,133023,29848,18262,54922,23758,6519,25,27
2021-06-26T23:59:59+02:00,122,115,9922,9400,16797,15824,19676,19572,23899,24592,27672,28760,20316,23223,14902,18638,4376,7596,3396,3447,6902,7465,9042,10642,12681,15194,18204,20283,15698,18287,12812,16213,4132,7153,194090,133003,29847,18262,54922,23753,6519,25,27
2021-06-25T23:59:59+02:00,118,112,9875,9360,16759,15791,19642,19541,23863,24564,27648,28742,20310,23216,14900,18635,4376,7596,3375,3401,6828,7355,8945,10487,12566,14998,18059,20075,15674,18258,12804,16210,4131,7152,193771,132821,29812,17908,54922,23056,6519,25,27
2021-06-24T23:59:59+02:00,108,101,9746,9237,16573,15663,19507,19417,23741,24475,27590,28681,20296,23200,14893,18626,4375,7594,3248,3256,6609,7025,8633,10033,12032,14375,17505,19368,15449,18026,12657,16078,4128,7140,192931,130419,29467,17047,54921,21601,6480,25,27
2021-06-23T23:59:59+02:00,102,96,9617,9099,16430,15537,19390,19313,23644,24370,27524,28634,20281,23178,14889,18621,4372,7593,3043,3019,6255,6542,8132,9465,11328,13551,16741,18387,15153,17685,12507,15936,4118,7115,192012,125865,29300,16073,54910,20581,6443,25,27
2021-06-22T23:59:59+02:00,71,70,9328,8794,16197,15335,19204,19161,23500,24245,27452,28550,20257,23153,14881,18602,4368,7587,2809,2736,5770,5993,7507,8702,10415,12509,15721,17185,14857,17327,12400,15812,4105,7092,190324,119432,29092,15581,54906,19507,6410,23,22
2021-06-21T23:59:59+02:00,67,63,9202,8637,16025,15185,19014,19008,23370,24122,27391,28471,20233,23125,14876,18592,4368,7583,2663,2547,5389,5528,7044,8117,9685,11630,14991,16251,14578,17014,12293,15691,4100,7075,189128,114727,28870,15021,54903,18430,6408,23,22
2021-06-20T23:59:59+02:00,64,61,9065,8508,15888,15067,18903,18920,23297,24051,27351,28420,20222,23104,14865,18585,4365,7582,2604,2479,5217,5346,6830,7851,9378,11298,14625,15848,14443,16880,12253,15654,4095,7069,188237,113022,28752,14788,54902,17646,6404,23,22
2021-06-19T23:59:59+02:00,64,61,9064,8503,15885,15058,18901,18920,23295,24050,27351,28419,20222,23104,14865,18585,4365,7582,2601,2478,5216,5341,6829,7850,9378,11297,14623,15844,14441,16880,12253,15654,4095,7069,188216,113004,28750,14786,54901,17645,6404,23,22
2021-06-18T23:59:59+02:00,64,57,9033,8491,15872,15049,18886,18912,23288,24041,27345,28414,20222,23101,14864,18585,4365,7582,2572,2445,5161,5282,6751,7750,9279,11141,14452,15616,14362,16779,12242,15632,4093,7066,188095,112219,28749,14785,54900,17205,6404,23,22
2021-06-17T23:59:59+02:00,57,54,8851,8329,15636,14881,18687,18754,23132,23910,27209,28321,20198,23080,14857,18573,4363,7579,2432,2297,4836,4982,6364,7347,8731,10538,13624,14743,14125,16486,12169,15510,4089,7055,186755,109353,28744,13828,54893,16081,6056,23,22
2021-06-16T23:59:59+02:00,49,52,8625,8113,15405,14654,18476,18554,22941,23741,27103,28211,20169,23037,14843,18553,4359,7573,2317,2188,4595,4779,6011,7004,8202,10053,12906,13903,13775,16103,12084,15421,4084,7043,184971,105902,28644,13028,54890,15598,5930,23,22
2021-06-15T23:59:59+02:00,40,39,8280,7779,15028,14295,18154,18266,22689,23530,26944,28078,20139,23003,14830,18537,4357,7562,2135,2018,4244,4431,5505,6442,7321,9162,11712,12626,13234,15485,11963,15258,4069,7020,182374,99662,28608,12363,54888,14933,5657,23,22
2021-06-14T23:59:59+02:00,34,34,8101,7610,14768,14063,17951,18093,22538,23408,26832,27996,20118,22970,14817,18529,4353,7554,2020,1893,3987,4181,5119,5972,6663,8440,10787,11571,12918,15137,11892,15164,4059,7001,180791,94823,28584,12003,54886,14481,5485,23,22
2021-06-13T23:59:59+02:00,34,34,8027,7554,14684,13974,17835,17982,22457,23329,26803,27966,20105,22959,14813,18523,4353,7554,1976,1866,3905,4084,5001,5832,6430,8200,10492,11237,12761,14959,11834,15108,4058,7000,180033,93442,28574,11711,54882,14102,5474,23,22
2021-06-12T23:59:59+02:00,34,34,8026,7553,14684,13973,17835,17982,22455,23328,26802,27963,20105,22958,14813,18523,4353,7554,1975,1864,3903,4084,4999,5831,6427,8196,10489,11231,12758,14958,11834,15106,4058,7000,180022,93421,28574,11711,54882,14093,5474,23,22
2021-06-11T23:59:59+02:00,34,33,7960,7512,14595,13926,17759,17932,22386,23294,26758,27940,20103,22954,14813,18522,4353,7554,1959,1852,3867,4026,4956,5764,6366,8114,10389,11126,12718,14923,11823,15100,4058,7000,179685,93203,28497,11705,54881,13777,5342,23,22
2021-06-10T23:59:59+02:00,29,26,7621,7216,14200,13562,17326,17557,22055,23013,26562,27759,20059,22909,14800,18504,4350,7542,1858,1770,3651,3861,4681,5489,6041,7745,9770,10515,12198,14263,11754,14992,4050,6993,177088,90038,28003,11325,54869,13147,5107,23,20
2021-06-09T23:59:59+02:00,28,23,7254,6867,13739,13126,16811,17091,21666,22644,26346,27545,19986,22839,14782,18469,4347,7534,1692,1655,3456,3681,4426,5221,5653,7336,8993,9796,11533,13427,11635,14852,4040,6981,173846,85782,27460,10690,54856,12979,4912,23,20
2021-06-08T23:59:59+02:00,23,19,6879,6464,13226,12636,16344,16622,21309,22304,26130,27342,19929,22760,14751,18434,4344,7527,1600,1580,3236,3450,4107,4870,5146,6848,8107,8874,10648,12350,11491,14694,4036,6966,170436,80127,26969,10394,54847,12701,4768,23,19
2021-06-07T23:59:59+02:00,20,16,6603,6179,12792,12262,15946,16223,20982,22007,25968,27186,19892,22706,14730,18414,4337,7521,1539,1509,3044,3278,3832,4641,4744,6471,7393,8120,9736,11203,11379,14548,4025,6948,167872,75383,26548,10022,54827,12478,4514,23,19
2021-06-06T23:59:59+02:00,20,16,6462,6048,12650,12109,15784,16066,20818,21845,25882,27099,19872,22669,14719,18404,4336,7517,1524,1487,2971,3237,3738,4575,4638,6392,7251,7990,9479,10934,11333,14498,4022,6943,166647,74701,26444,9598,54806,12304,4396,23,19
2021-06-05T23:59:59+02:00,20,16,6453,6044,12636,12096,15774,16057,20815,21840,25882,27096,19872,22669,14719,18404,4336,7517,1522,1485,2968,3236,3737,4574,4635,6392,7246,7985,9472,10929,11333,14498,4022,6943,166588,74672,26433,9596,54806,12300,4396,23,19
2021-06-04T23:59:59+02:00,20,16,6421,6004,12577,12047,15714,16008,20787,21809,25863,27079,19868,22663,14716,18404,4336,7517,1521,1479,2956,3224,3718,4560,4625,6378,7209,7942,9440,10859,11295,14457,4021,6942,166490,74396,26175,9583,54782,12255,4379,23,19
2021-06-03T23:59:59+02:00,20,15,6187,5782,12276,11797,15391,15698,20455,21471,25606,26867,19822,22589,14696,18384,4335,7513,1479,1436,2882,3158,3621,4482,4516,6279,7009,7760,9063,10411,11243,14383,4021,6937,164008,73098,25928,9287,54780,12116,4165,23,19
2021-06-02T23:59:59+02:00,20,15,6124,5721,12205,11732,15318,15631,20383,21410,25589,26843,19818,22586,14693,18381,4334,7512,1465,1425,2865,3145,3604,4467,4481,6262,6974,7722,8982,10301,11234,14358,4020,6936,163657,72734,25744,9278,54779,12106,4112,23,16
2021-06-01T23:59:59+02:00,16,15,5670,5226,11470,11033,14492,14898,19664,20745,25178,26460,19728,22496,14659,18334,4326,7504,1351,1317,2567,2875,3225,4133,3993,5802,6146,6919,7792,8676,10990,14011,4006,6919,158618,67327,25094,8371,54751,11587,3428,23,14
2021-05-31T23:59:59+02:00,14,15,5421,4929,11028,10607,13965,14404,19186,20248,24871,26120,19635,22410,14620,18288,4317,7488,1291,1262,2413,2740,3022,3963,3708,5509,5588,6386,6776,7390,10746,13691,3997,6885,155156,63288,24399,7448,54746,11380,3242,23,14
2021-05-30T23:59:59+02:00,14,15,5342,4853,10843,10485,13800,14226,18837,19926,24628,25871,19604,22380,14612,18268,4316,7486,1271,1248,2386,2707,2974,3917,3640,5453,5485,6297,6603,7160,10709,13616,3995,6875,153661,62551,23895,7386,54719,11182,3208,23,14
2021-05-29T23:59:59+02:00,14,15,5339,4853,10843,10481,13795,14223,18837,19925,24627,25869,19604,22380,14612,18268,4316,7486,1270,1244,2385,2704,2972,3914,3640,5451,5484,6295,6598,7157,10709,13616,3995,6875,153643,62541,23895,7383,54718,11168,3208,23,14
2021-05-28T23:59:59+02:00,14,15,5323,4839,10822,10443,13770,14204,18820,19908,24619,25859,19603,22379,14610,18265,4316,7485,1265,1244,2384,2697,2971,3912,3634,5445,5470,6279,6582,7140,10700,13594,3994,6871,153458,62437,23893,7383,54714,11147,3206,23,14
2021-05-27T23:59:59+02:00,11,14,5030,4556,10299,9987,13183,13673,18130,19294,24037,25322,19504,22265,14577,18219,4305,7473,1100,1104,2100,2504,2672,3620,3339,5089,5139,5999,6282,6723,10471,13311,3989,6855,150197,60581,22900,7347,54608,10209,2151,23,13
2021-05-26T23:59:59+02:00,11,14,4767,4300,9861,9606,12665,13153,17516,18684,23403,24645,19379,22116,14530,18164,4299,7456,1021,1024,1941,2351,2472,3423,3077,4845,4751,5647,5725,6074,10097,12777,3973,6819,146094,57434,22140,7309,54486,9439,1826,23,13
2021-05-25T23:59:59+02:00,11,13,4552,4070,9450,9132,12204,12646,16978,18105,22882,24006,19247,21944,14498,18085,4290,7442,972,980,1879,2261,2363,3287,2904,4641,4405,5271,5142,5342,9645,12177,3957,6794,142046,53879,21305,7294,54357,9014,1824,23,13
2021-05-24T23:59:59+02:00,11,13,4440,3913,9240,8927,12000,12386,16676,17783,22553,23603,19171,21865,14483,18065,4288,7441,956,932,1819,2220,2289,3226,2818,4560,4283,5155,4997,5182,9554,12050,3954,6786,140541,53171,20344,7241,54180,8590,1770,23,13
2021-05-23T23:59:59+02:00,11,13,4429,3912,9234,8924,11988,12376,16665,17776,22537,23582,19166,21860,14482,18063,4288,7441,955,927,1817,2215,2284,3224,2811,4556,4276,5138,4989,5168,9547,12037,3953,6785,140434,53091,20341,7228,54179,8584,1770,23,13
2021-05-22T23:59:59+02:00,11,13,4425,3909,9230,8920,11980,12370,16661,17772,22535,23580,19166,21860,14482,18063,4288,7441,955,927,1816,2213,2281,3224,2810,4556,4276,5136,4987,5167,9546,12037,3953,6785,140405,53085,20341,7228,54167,8577,1770,23,13
2021-05-21T23:59:59+02:00,11,13,4394,3870,9158,8844,11907,12283,16570,17697,22472,23512,19146,21842,14478,18056,4288,7439,910,917,1784,2202,2249,3215,2780,4531,4228,5107,4963,5143,9533,12030,3952,6784,139748,53018,20341,7228,54148,8353,1720,23,13
2021-05-20T23:59:59+02:00,8,12,4140,3690,8711,8487,11424,11869,15898,17194,21891,22932,18961,21674,14446,18016,4283,7428,763,853,1528,2042,2006,3058,2538,4312,3977,4874,4806,4980,9417,11886,3944,6760,136348,52289,19967,7129,53731,7322,995,23,13
2021-05-19T23:59:59+02:00,8,12,3897,3449,8218,8024,10844,11324,15226,16487,21215,22209,18760,21443,14405,17966,4277,7410,714,807,1468,1962,1929,2958,2472,4186,3836,4715,4631,4767,9214,11656,3924,6731,130956,51211,19784,6996,53434,6777,977,23,13
2021-05-18T23:59:59+02:00,7,11,3608,3187,7671,7486,10115,10625,14265,15549,20272,21152,18499,21159,14350,17906,4271,7388,659,758,1414,1875,1854,2847,2342,4046,3660,4513,4359,4475,9011,11406,3911,6704,123910,49979,19688,6795,52995,6147,905,23,12
2021-05-17T23:59:59+02:00,7,11,3417,2980,7213,7017,9610,10084,13536,14760,19585,20352,18313,20897,14303,17840,4261,7373,603,703,1333,1812,1779,2766,2232,3971,3524,4400,4113,4244,8866,11193,3898,6675,118669,49176,19448,6582,52530,5457,889,23,12
2021-05-16T23:59:59+02:00,7,10,3287,2907,7006,6840,9407,9869,13282,14525,19356,20123,18236,20818,14289,17821,4260,7367,590,657,1294,1764,1734,2705,2195,3878,3459,4317,4022,4143,8845,11165,3896,6673,117046,49031,19208,6414,52248,4999,885,23,12
2021-05-15T23:59:59+02:00,7,10,3286,2904,7000,6832,9405,9863,13279,14523,19353,20113,18234,20817,14289,17821,4260,7367,590,657,1292,1763,1731,2704,2193,3878,3458,4317,4020,4141,8845,11165,3896,6673,117002,49023,19208,6413,52246,4995,884,23,12
2021-05-14T23:59:59+02:00,7,10,3245,2860,6887,6688,9275,9725,13129,14341,19181,19978,18210,20792,14288,17813,4259,7364,569,644,1271,1742,1702,2682,2159,3852,3414,4279,3970,4087,8838,11158,3896,6672,116596,48984,18459,6262,52162,4869,812,23,12
2021-05-13T23:59:59+02:00,7,10,3126,2698,6559,6369,8839,9327,12582,13860,18578,19381,18082,20648,14255,17777,4254,7362,537,619,1217,1686,1645,2608,2072,3746,3266,4159,3866,3950,8815,11138,3893,6668,113716,48888,17762,5872,51557,4460,657,22,10
2021-05-12T23:59:59+02:00,7,10,3099,2667,6526,6331,8790,9274,12443,13747,18394,19177,18049,20614,14247,17767,4254,7362,536,617,1216,1683,1640,2605,2063,3740,3252,4151,3853,3936,8807,11132,3893,6667,113004,48861,17537,5845,51539,4421,656,22,10
2021-05-11T23:59:59+02:00,5,10,2709,2409,5727,5835,7819,8463,11049,12580,16828,17702,17544,20051,14163,17662,4235,7339,500,557,1088,1579,1477,2449,1876,3561,3031,3889,3746,3822,8738,11039,3889,6662,105601,48629,16913,5649,49464,3486,131,21,10
2021-05-10T23:59:59+02:00,5,8,2522,2242,5254,5456,7127,7840,10022,11664,15533,16330,17165,19600,14100,17548,4227,7315,475,531,1046,1540,1434,2398,1817,3458,2911,3758,3664,3749,8699,10991,3885,6658,99797,48513,16003,5420,48007,2943,130,21,10
2021-05-09T23:59:59+02:00,5,8,2439,2211,5117,5372,6940,7721,9611,11327,14987,15803,17046,19460,14080,17520,4224,7310,459,513,1014,1483,1363,2314,1758,3336,2799,3604,3578,3657,8676,10959,3882,6655,98223,48428,15415,5150,47395,2337,127,21,10
2021-05-08T23:59:59+02:00,5,8,2435,2210,5116,5372,6940,7719,9606,11323,14986,15802,17046,19460,14080,17520,4224,7310,458,512,1013,1483,1363,2313,1758,3336,2798,3603,3576,3657,8676,10959,3882,6655,98207,48423,15414,5150,47393,2334,127,21,10
2021-05-07T23:59:59+02:00,5,8,2263,2148,4845,5277,6576,7566,9157,11109,14543,15482,16869,19258,14068,17491,4224,7308,446,510,1002,1471,1348,2298,1723,3326,2749,3568,3530,3617,8597,10878,3882,6652,97501,48400,14896,4801,45657,2266,122,21,10
2021-05-06T23:59:59+02:00,5,8,2029,2016,4296,4930,5923,7191,8389,10551,13568,14660,16471,18807,14019,17397,4212,7295,417,462,961,1371,1261,2135,1617,3102,2528,3285,3353,3417,8418,10685,3873,6638,94922,47960,13659,4195,43113,1307,53,20,10
2021-05-05T23:59:59+02:00,5,8,1906,1906,4014,4707,5492,6820,7694,9962,12451,13602,15794,17970,13915,17296,4203,7271,409,450,948,1344,1233,2093,1582,3026,2468,3201,3302,3377,8339,10587,3867,6628,90510,47829,12337,4045,42111,934,38,20,10
2021-05-04T23:59:59+02:00,5,8,1819,1820,3747,4471,5085,6464,7033,9387,11231,12359,14875,16842,13806,17159,4199,7257,404,440,929,1324,1215,2051,1564,2988,2424,3146,3258,3330,8250,10476,3861,6614,84701,47691,11699,3845,41123,705,25,19,10
2021-05-03T23:59:59+02:00,4,8,1767,1767,3595,4345,4854,6252,6649,9056,10502,11623,14149,15863,13718,17044,4190,7240,398,430,925,1310,1201,2018,1543,2946,2391,3101,3205,3290,8135,10374,3856,6608,80268,47563,11495,3624,40823,516,21,19,9
2021-05-02T23:59:59+02:00,4,8,1757,1748,3521,4320,4771,6199,6579,8996,10384,11508,13962,15669,13686,17017,4189,7235,396,422,919,1295,1197,2001,1540,2933,2375,3084,3190,3273,8098,10342,3855,6604,79708,47544,11219,3526,40591,431,16,19,9
2021-05-01T23:59:59+02:00,4,8,1754,1748,3520,4319,4770,6198,6576,8995,10379,11504,13959,15669,13685,17016,4189,7232,395,422,919,1295,1196,2000,1540,2933,2375,3084,3190,3273,8098,10342,3855,6603,79682,47541,11219,3526,40590,431,15,19,9
2021-04-30T23:59:59+02:00,4,8,1752,1741,3514,4310,4763,6186,6555,8980,10341,11466,13908,15595,13659,16985,4188,7231,395,420,917,1293,1196,2000,1540,2933,2373,3083,3190,3271,8097,10340,3855,6603,79355,47534,11219,3525,40580,426,14,18,9
2021-04-29T23:59:59+02:00,4,7,1627,1700,3273,4195,4487,6032,6238,8729,9925,11074,13324,14891,13555,16829,4182,7223,386,409,908,1272,1176,1966,1515,2897,2344,3035,3176,3260,8084,10322,3852,6599,76568,47418,10834,3523,39864,240,13,16,9
2021-04-28T23:59:59+02:00,4,7,1502,1653,3100,4095,4252,5852,5881,8454,9337,10581,12447,13708,13398,16620,4173,7209,377,399,891,1259,1160,1937,1478,2853,2274,2966,3022,3126,7971,10206,3845,6588,72068,46998,10648,3110,39530,226,11,16,9
2021-04-27T23:59:59+02:00,4,7,1464,1610,2991,3975,4048,5710,5574,8195,8717,9911,11409,12396,13168,16263,4162,7187,365,384,882,1238,1145,1902,1451,2780,2228,2905,2983,3081,7944,10174,3838,6583,67260,46783,10460,2936,39045,146,11,15,9
2021-04-26T23:59:59+02:00,4,7,1439,1576,2878,3897,3876,5566,5263,7981,8225,9469,10654,11469,13024,16059,4151,7169,364,379,872,1228,1128,1891,1421,2759,2199,2874,2933,3029,7894,10124,3832,6578,63844,46680,10270,2682,38567,125,11,15,9
2021-04-25T23:59:59+02:00,4,7,1428,1570,2811,3866,3779,5507,5126,7934,8030,9364,10458,11235,12987,16005,4150,7164,363,374,863,1222,1110,1877,1406,2740,2176,2847,2891,2996,7846,10076,3831,6573,63341,46600,10069,2474,37990,99,11,14,9
2021-04-24T23:59:59+02:00,4,7,1427,1570,2811,3864,3778,5506,5124,7932,8026,9360,10451,11232,12987,16005,4150,7164,363,374,863,1222,1110,1874,1404,2739,2175,2847,2891,2996,7846,10076,3831,6573,63315,46595,10069,2473,37989,98,11,14,9
2021-04-23T23:59:59+02:00,4,7,1410,1559,2744,3829,3695,5476,5006,7884,7892,9300,10365,11121,12963,15964,4148,7160,362,374,862,1219,1110,1874,1403,2739,2175,2847,2891,2996,7845,10076,3831,6573,63184,46590,9788,2472,37530,97,11,14,9
2021-04-22T23:59:59+02:00,4,7,1368,1528,2636,3763,3535,5371,4773,7730,7539,9065,9792,10427,12696,15665,4142,7136,356,373,854,1210,1100,1861,1392,2713,2148,2826,2855,2963,7755,9967,3819,6556,61557,46179,9129,2463,36466,88,11,14,9
2021-04-21T23:59:59+02:00,4,7,1335,1491,2556,3687,3416,5268,4555,7550,7129,8737,8902,9395,12280,15086,4129,7094,351,371,849,1193,1091,1840,1374,2683,2117,2798,2796,2907,7640,9802,3801,6528,58826,45697,8260,2338,35510,88,11,14,9
2021-04-20T23:59:59+02:00,4,7,1313,1465,2485,3612,3316,5171,4381,7367,6743,8405,8009,8267,11814,14496,4115,7080,345,366,837,1180,1081,1818,1350,2660,2084,2755,2735,2850,7490,9615,3769,6472,55970,44975,7495,2332,34562,83,10,13,9
2021-04-19T23:59:59+02:00,4,7,1296,1449,2449,3575,3255,5104,4274,7265,6504,8172,7374,7492,11561,14139,4104,7062,343,364,833,1170,1075,1806,1327,2647,2050,2728,2680,2806,7374,9449,3746,6433,54018,44416,7122,2318,33923,80,10,13,9
2021-04-18T23:59:59+02:00,4,6,1286,1437,2418,3551,3214,5083,4220,7209,6368,8043,7021,7104,11467,14036,4101,7050,343,363,831,1166,1074,1799,1325,2634,2044,2723,2674,2792,7347,9417,3744,6429,53500,44292,6664,2316,33431,80,10,13,9
2021-04-17T23:59:59+02:00,4,6,1285,1435,2418,3550,3213,5079,4215,7206,6361,8033,7006,7094,11465,14034,4101,7050,343,363,830,1165,1074,1799,1323,2633,2043,2721,2671,2790,7346,9417,3744,6429,53478,44279,6662,2315,33393,80,10,12,9
2021-04-16T23:59:59+02:00,4,6,1282,1434,2407,3542,3205,5071,4196,7188,6310,8000,6930,7009,11453,14020,4099,7048,343,362,826,1163,1072,1799,1321,2632,2040,2721,2670,2783,7344,9415,3743,6429,53422,44255,6425,2311,33335,80,10,12,9
2021-04-15T23:59:59+02:00,2,4,1246,1413,2353,3493,3110,5012,4035,7060,6054,7768,6386,6451,11203,13731,4084,7016,335,360,807,1143,1033,1740,1276,2560,1966,2626,2590,2714,7256,9328,3733,6412,52335,43666,6035,2125,32029,74,10,12,6
2021-04-14T23:59:59+02:00,2,4,1225,1399,2318,3466,3041,4950,3928,6955,5864,7560,5742,5749,10811,13240,4052,6966,328,357,795,1134,1016,1714,1245,2519,1914,2574,2513,2644,7107,9133,3714,6386,50929,43004,5829,2002,30493,74,9,12,6
2021-04-13T23:59:59+02:00,2,4,1211,1390,2286,3435,2985,4887,3817,6874,5616,7339,5207,5203,10469,12826,4029,6938,307,343,776,1105,994,1692,1222,2484,1878,2533,2447,2578,6988,8996,3678,6325,49910,42317,5625,1945,28962,71,9,12,6
2021-04-12T23:59:59+02:00,2,4,1196,1384,2260,3412,2935,4842,3689,6793,5406,7189,4879,4909,10217,12546,4020,6914,291,339,762,1101,977,1676,1208,2462,1828,2486,2369,2517,6873,8855,3664,6303,49444,41740,5426,1896,27709,64,7,11,6
2021-04-11T23:59:59+02:00,2,4,1190,1371,2240,3392,2902,4822,3629,6722,5262,7080,4647,4709,10032,12347,4014,6903,284,337,757,1093,967,1662,1197,2434,1805,2454,2316,2458,6789,8747,3650,6283,49361,41325,5189,1835,26703,63,6,9,6
2021-04-10T23:59:59+02:00,2,4,1190,1370,2237,3388,2900,4818,3623,6719,5252,7068,4641,4700,10024,12334,4014,6902,281,333,741,1086,954,1657,1173,2414,1734,2402,2228,2372,6729,8700,3649,6279,49306,41155,5187,1506,26678,61,6,9,6
2021-04-09T23:59:59+02:00,2,4,1187,1367,2230,3386,2892,4809,3614,6708,5223,7044,4616,4672,9998,12304,4013,6902,272,330,721,1076,938,1636,1139,2367,1642,2326,2008,2103,6574,8539,3627,6246,49232,40300,5182,1173,26542,61,6,9,6
2021-04-08T23:59:59+02:00,2,4,1163,1347,2176,3330,2806,4719,3473,6578,4987,6811,4226,4264,9451,11730,3994,6848,247,309,670,1016,880,1563,1066,2271,1507,2206,1731,1766,6108,7978,3539,6101,48770,37728,4653,1170,24471,50,6,9,6
2021-04-07T23:59:59+02:00,2,4,1153,1333,2142,3312,2764,4682,3384,6516,4824,6677,3933,3962,8888,11179,3977,6819,214,280,611,961,820,1494,1007,2210,1401,2107,1591,1591,5509,7277,3450,5944,48561,35244,4178,1166,22799,49,4,9,6
2021-04-06T23:59:59+02:00,2,4,1131,1316,2097,3287,2725,4650,3319,6469,4698,6584,3679,3707,8397,10669,3961,6788,206,275,582,941,795,1446,962,2153,1318,2020,1444,1402,4925,6484,3336,5738,48366,32816,3641,1158,21464,46,3,9,6
2021-04-05T23:59:59+02:00,2,4,1128,1311,2091,3284,2715,4648,3305,6454,4675,6566,3647,3680,8368,10631,3957,6786,203,262,575,926,776,1422,946,2117,1278,1980,1397,1339,4711,6214,3288,5681,48276,31906,3635,1156,21329,46,3,9,6
2021-04-04T23:59:59+02:00,2,4,1128,1311,2091,3283,2715,4647,3305,6454,4674,6565,3642,3678,8366,10629,3957,6786,203,262,574,926,776,1422,946,2117,1278,1979,1397,1339,4710,6214,3288,5681,48270,31903,3635,1156,21320,46,3,9,6
2021-04-03T23:59:59+02:00,2,4,1128,1311,2090,3283,2715,4647,3305,6454,4674,6565,3641,3676,8366,10628,3957,6786,203,262,574,925,776,1422,946,2117,1278,1979,1397,1339,4710,6214,3288,5681,48269,31902,3634,1156,21317,46,3,9,6
2021-04-02T23:59:59+02:00,2,4,1128,1311,2090,3281,2715,4646,3305,6451,4674,6563,3639,3672,8364,10627,3957,6786,203,262,574,925,776,1420,946,2117,1278,1978,1397,1337,4708,6213,3287,5681,48253,31894,3634,1155,21316,46,3,9,6
2021-04-01T23:59:59+02:00,1,4,1115,1276,2025,3161,2607,4446,3157,6202,4516,6324,3595,3636,8265,10521,3946,6769,198,253,570,916,765,1414,936,2103,1255,1962,1376,1310,4469,5894,3167,5516,47883,30907,3628,1151,20043,39,3,9,6
2021-03-31T23:59:59+02:00,1,4,1098,1246,1987,3062,2532,4303,3067,5989,4385,6094,3513,3554,8112,10324,3926,6733,190,250,563,905,761,1396,924,2083,1213,1929,1320,1247,3978,5293,3039,5280,47277,29177,3501,1151,19140,38,3,9,4
2021-03-30T23:59:59+02:00,1,3,1076,1212,1936,2878,2430,4078,2917,5631,4184,5705,3419,3459,7947,10119,3899,6679,186,245,554,895,750,1374,902,2063,1165,1884,1234,1163,3455,4576,2812,4945,46637,27018,3335,1151,17589,29,3,9,4
2021-03-29T23:59:59+02:00,1,3,1059,1169,1873,2748,2346,3921,2779,5377,4021,5430,3319,3359,7786,9889,3870,6631,185,240,548,884,740,1360,884,2039,1128,1856,1160,1074,2871,3894,2633,4650,45992,24978,3100,1145,16478,19,2,9,4
2021-03-28T23:59:59+02:00,1,3,1040,1137,1802,2586,2264,3717,2658,5082,3869,5153,3254,3293,7721,9825,3866,6625,185,240,546,881,739,1358,882,2033,1125,1853,1151,1062,2816,3826,2620,4623,45884,24781,2891,1142,15110,14,2,9,3
2021-03-27T23:59:59+01:00,1,3,1040,1137,1802,2585,2263,3716,2655,5082,3866,5153,3250,3293,7720,9825,3866,6625,185,240,545,881,739,1358,881,2033,1122,1853,1151,1062,2816,3826,2620,4623,45875,24776,2891,1142,15105,14,2,9,3
2021-03-26T23:59:59+01:00,1,3,1035,1114,1760,2470,2199,3558,2592,4872,3780,4929,3229,3276,7717,9820,3865,6624,185,239,545,881,738,1358,881,2033,1122,1850,1147,1061,2813,3818,2619,4620,45848,24753,2888,1142,14097,12,2,9,3
2021-03-25T23:59:59+01:00,1,3,1010,1083,1709,2367,2116,3389,2483,4643,3668,4732,3127,3184,7589,9686,3858,6610,183,236,540,879,731,1348,875,2015,1105,1826,1101,1017,2584,3470,2419,4327,45589,23500,2551,1142,13110,12,1,7,3
2021-03-24T23:59:59+01:00,1,3,987,1064,1689,2324,2085,3339,2447,4576,3624,4662,3040,3114,7460,9514,3839,6592,183,232,534,874,724,1338,863,2000,1086,1805,1061,975,2190,2923,2026,3807,45050,21467,2421,1140,12881,12,1,7,3
2021-03-23T23:59:59+01:00,1,3,977,1058,1671,2292,2061,3305,2414,4532,3583,4612,2973,3041,7366,9412,3821,6564,181,229,530,869,717,1326,849,1981,1049,1774,980,885,1826,2432,1674,3341,44538,19523,2410,1106,12731,12,1,6,3
2021-03-22T23:59:59+01:00,1,3,975,1049,1656,2275,2047,3287,2392,4504,3546,4570,2929,3007,7304,9342,3807,6547,178,226,529,858,701,1303,835,1967,1020,1747,932,813,1349,1858,1320,2851,44205,17424,2388,1049,12641,12,1,6,3
2021-03-21T23:59:59+01:00,1,3,975,1049,1655,2272,2047,3286,2388,4500,3534,4562,2915,2998,7256,9287,3801,6541,178,223,528,856,700,1299,833,1963,1009,1742,909,794,1271,1773,1264,2782,44059,17122,2385,988,12619,12,1,6,3
2021-03-20T23:59:59+01:00,1,3,974,1048,1654,2271,2047,3286,2388,4500,3532,4560,2914,2997,7256,9286,3801,6541,178,223,528,856,700,1299,833,1963,996,1727,874,766,1239,1750,1255,2780,44057,17119,2381,834,12614,12,1,6,3
2021-03-19T23:59:59+01:00,1,3,973,1040,1647,2257,2036,3282,2386,4494,3525,4553,2904,2986,7244,9268,3800,6538,178,221,527,856,700,1297,833,1962,989,1722,830,727,1176,1698,1245,2770,43994,17076,2377,641,12559,12,1,6,3
2021-03-18T23:59:59+01:00,1,3,935,1008,1572,2143,1912,3114,2237,4246,3295,4301,2751,2828,6942,8903,3734,6437,177,220,522,851,693,1290,824,1951,966,1706,812,705,1099,1590,1100,2564,42599,16493,2065,563,11691,12,1,6,3
2021-03-17T23:59:59+01:00,1,3,882,976,1501,2083,1849,3048,2172,4185,3200,4205,2616,2696,6514,8408,3669,6322,176,218,519,846,691,1286,820,1946,961,1698,783,686,964,1437,944,2349,40824,15748,2061,562,11438,12,1,6,3
2021-03-16T23:59:59+01:00,1,3,857,952,1467,2042,1811,2999,2118,4130,3105,4107,2482,2537,6037,7755,3578,6171,170,215,514,845,687,1279,815,1937,954,1685,778,673,876,1311,800,2183,38823,15144,2000,562,11322,12,1,6,3
2021-03-15T23:59:59+01:00,1,3,840,945,1449,2020,1773,2944,2080,4059,3004,3998,2348,2366,5549,7211,3505,6054,169,214,514,837,685,1270,811,1927,944,1669,767,663,806,1199,646,1980,37050,14562,1899,524,11194,12,0,6,3
2021-03-14T23:59:59+01:00,1,3,835,931,1425,1993,1749,2915,2049,4000,2941,3930,2169,2169,5363,6983,3474,6021,169,214,513,834,683,1259,810,1920,941,1660,749,654,790,1180,622,1925,36024,14417,1798,500,11123,3,0,6,3
2021-03-13T23:59:59+01:00,1,3,827,924,1403,1981,1733,2902,2022,3972,2867,3882,2097,2095,5314,6928,3472,6020,169,214,513,833,683,1259,809,1920,941,1660,749,654,790,1180,622,1925,35769,14415,1551,500,11117,3,0,6,3
2021-03-12T23:59:59+01:00,1,3,803,908,1357,1922,1670,2804,1923,3821,2709,3716,1900,1855,5127,6704,3440,5977,169,214,512,833,683,1259,808,1920,941,1659,741,651,777,1165,614,1922,34437,14363,1307,499,10890,3,0,6,3
2021-03-11T23:59:59+01:00,1,3,769,849,1289,1837,1586,2656,1839,3620,2546,3543,1635,1545,4761,6234,3305,5798,160,207,506,824,673,1250,793,1884,921,1618,611,589,708,1123,593,1890,32332,13857,1207,489,10271,2,0,6,2
2021-03-10T23:59:59+01:00,1,3,754,797,1266,1781,1553,2598,1789,3549,2464,3455,1563,1456,4288,5689,3186,5545,160,205,497,803,655,1237,784,1864,914,1602,542,574,675,1114,586,1885,30512,13706,1201,387,10018,2,0,6,2
2021-03-09T23:59:59+01:00,1,3,740,776,1245,1751,1526,2552,1749,3498,2390,3403,1469,1357,3727,4936,2991,5235,157,203,492,782,645,1213,770,1832,902,1574,538,572,673,1109,583,1879,28325,13645,1198,275,9820,2,0,6,2
2021-03-08T23:59:59+01:00,0,3,736,748,1231,1731,1508,2532,1721,3460,2350,3360,1376,1255,3053,4105,2752,4865,153,200,478,759,623,1180,751,1782,878,1537,534,570,673,1108,583,1879,25858,13637,1198,49,9724,0,0,6,2
2021-03-07T23:59:59+01:00,0,3,733,744,1222,1721,1500,2517,1710,3452,2339,3352,1363,1239,2950,3983,2729,4815,153,200,478,759,623,1180,751,1782,878,1537,534,570,673,1108,583,1879,25503,13637,1196,49,9667,0,0,6,2
2021-03-06T23:59:59+01:00,0,3,732,744,1221,1716,1497,2514,1706,3449,2335,3351,1360,1239,2950,3983,2729,4815,152,200,478,759,623,1180,751,1782,878,1537,534,570,673,1108,583,1879,25498,13636,1196,49,9644,0,0,6,2
2021-03-05T23:59:59+01:00,0,3,670,718,1195,1701,1476,2504,1681,3434,2306,3341,1355,1236,2942,3975,2726,4810,152,200,478,758,623,1179,751,1782,878,1535,533,570,673,1108,583,1879,25469,13631,1192,49,9406,0,0,6,2
2021-03-04T23:59:59+01:00,0,3,604,671,1128,1632,1420,2421,1640,3354,2231,3264,1304,1189,2724,3611,2543,4523,150,194,475,744,612,1167,740,1754,869,1522,523,559,661,1098,578,1870,24249,13466,1184,48,8823,0,0,6,2
2021-03-03T23:59:59+01:00,0,3,567,632,1061,1569,1323,2340,1539,3268,2106,3178,1260,1143,2350,3089,2187,4071,150,194,473,741,612,1167,739,1752,867,1521,520,556,659,1095,578,1868,22373,13443,1182,47,8127,0,0,4,2
2021-03-02T23:59:59+01:00,0,3,549,599,1023,1523,1267,2297,1481,3216,2009,3117,1176,1042,1982,2610,1790,3547,148,192,468,735,607,1156,729,1742,862,1500,511,547,648,1074,558,1835,20295,13263,1179,47,7753,0,0,4,2
2021-03-01T23:59:59+01:00,0,3,542,550,1005,1484,1221,2236,1435,3150,1954,3044,1131,968,1483,2015,1402,3002,146,192,468,735,607,1155,729,1739,861,1500,509,547,645,1065,554,1824,18002,13227,1176,47,7443,0,0,4,2
2021-02-28T23:59:59+01:00,0,3,535,536,988,1444,1195,2174,1407,3092,1899,2971,1110,946,1368,1874,1328,2914,146,192,467,734,607,1155,728,1737,860,1499,507,547,645,1065,554,1824,17522,13218,1173,47,7085,0,0,4,2
2021-02-27T23:59:59+01:00,0,3,535,534,987,1443,1195,2173,1407,3091,1899,2970,1110,946,1368,1873,1326,2914,145,192,466,733,604,1153,726,1735,858,1498,507,547,645,1065,554,1824,17519,13217,1173,33,7078,0,0,4,2
2021-02-26T23:59:59+01:00,0,3,392,483,856,1400,1112,2131,1340,3050,1840,2928,1105,940,1365,1872,1326,2913,145,192,466,733,604,1153,726,1734,858,1497,507,547,645,1065,554,1824,17508,13216,1173,32,6371,0,0,4,2
2021-02-25T23:59:59+01:00,0,3,302,429,760,1306,1028,2041,1241,2877,1702,2768,1067,908,1283,1748,1208,2723,138,182,454,720,588,1128,719,1709,838,1473,493,533,616,1033,540,1805,16914,12945,1173,22,5303,0,0,4,2
2021-02-24T23:59:59+01:00,0,2,256,384,687,1230,954,1953,1187,2759,1636,2650,1040,888,1160,1602,1050,2505,136,182,451,716,584,1127,718,1704,837,1469,488,528,608,1028,537,1793,16200,12885,1171,19,4568,0,0,4,2
2021-02-23T23:59:59+01:00,0,2,244,362,666,1172,925,1874,1140,2647,1561,2540,1014,860,1079,1475,907,2340,136,181,451,714,584,1127,718,1701,835,1468,487,525,606,1027,537,1792,15639,12874,1136,14,4029,0,0,4,1
2021-02-22T23:59:59+01:00,0,0,229,342,643,1142,893,1791,1090,2555,1474,2417,968,830,960,1331,720,2084,136,181,450,713,582,1126,717,1701,829,1466,486,524,605,1025,536,1790,14885,12862,1063,4,3517,0,0,4,1
2021-02-21T23:59:59+01:00,0,0,223,331,608,1075,843,1687,1047,2454,1394,2310,951,809,927,1279,668,2018,136,180,447,706,581,1122,717,1696,829,1465,485,524,604,1025,535,1789,14676,12836,1020,4,2924,0,0,4,1
2021-02-20T23:59:59+01:00,0,0,223,328,605,1074,841,1682,1043,2449,1379,2291,915,780,894,1256,660,2016,136,180,447,706,581,1122,717,1696,829,1465,485,523,603,1025,535,1789,14675,12835,860,4,2897,0,0,4,0
2021-02-19T23:59:59+01:00,0,0,213,320,595,1066,828,1667,1022,2432,1346,2248,672,677,751,1192,635,1999,136,180,447,705,581,1119,716,1694,826,1462,485,522,603,1024,534,1789,14199,12820,671,3,2789,0,0,4,0
2021-02-18T23:59:59+01:00,0,0,196,271,555,944,743,1440,892,2174,1096,1873,593,609,710,1150,615,1982,131,180,434,693,566,1102,710,1668,811,1434,482,519,602,1023,534,1789,14040,12675,571,3,1229,0,0,3,0
2021-02-17T23:59:59+01:00,0,0,190,231,535,895,706,1343,833,2006,1011,1741,571,589,710,1147,613,1979,124,178,423,683,558,1086,691,1637,798,1411,479,517,600,1020,534,1788,14023,12524,571,3,503,0,0,3,0
2021-02-16T23:59:59+01:00,0,0,183,228,527,879,691,1312,814,1967,978,1702,559,584,704,1145,612,1976,119,173,409,678,547,1070,678,1619,789,1397,473,511,593,1006,526,1757,13993,12343,571,2,294,0,0,3,0
2021-02-15T23:59:59+01:00,0,0,169,219,522,852,685,1278,800,1932,949,1655,558,581,702,1145,612,1976,116,172,402,668,536,1051,649,1592,775,1379,471,508,593,1006,526,1757,13990,12199,532,2,110,0,0,3,0
2021-02-14T23:59:59+01:00,0,0,164,211,519,839,684,1269,797,1923,931,1646,557,580,702,1142,611,1976,109,168,391,657,519,1033,631,1577,768,1366,471,506,591,1004,526,1757,13984,12072,530,2,34,0,0,3,0
2021-02-13T23:59:59+01:00,0,0,163,211,518,839,684,1269,797,1923,931,1646,557,580,702,1142,611,1976,109,168,390,657,519,1033,631,1577,768,1366,471,506,591,1004,526,1757,13983,12071,530,2,33,0,0,3,0
2021-02-12T23:59:59+01:00,0,0,162,210,513,838,683,1266,793,1922,929,1643,556,580,702,1142,611,1976,106,166,387,651,515,1027,617,1562,765,1349,469,505,580,984,521,1730,13976,11932,529,2,18,0,0,3,0
2021-02-11T23:59:59+01:00,0,0,160,209,509,831,676,1262,791,1919,923,1641,551,574,695,1136,606,1970,87,130,358,579,469,947,565,1445,721,1255,445,460,537,930,478,1632,13925,11037,517,1,8,0,0,3,0
2021-02-10T23:59:59+01:00,0,0,157,207,499,814,660,1247,779,1892,908,1617,543,568,684,1124,601,1960,78,118,329,519,442,840,523,1269,648,1098,396,410,470,813,429,1471,13800,9852,456,1,1,0,0,3,0
2021-02-09T23:59:59+01:00,0,0,156,201,491,776,644,1208,759,1831,897,1576,531,556,678,1110,592,1941,73,101,310,452,407,756,481,1165,583,998,365,356,427,726,396,1350,13688,8946,256,0,0,0,0,3,0
2021-02-08T23:59:59+01:00,0,0,152,197,474,751,622,1173,739,1781,877,1532,525,555,676,1104,588,1925,59,75,264,383,357,621,421,936,510,819,307,301,361,572,331,1144,13618,7461,50,0,0,0,0,3,0
2021-02-07T23:59:59+01:00,0,0,152,196,472,750,620,1172,738,1773,875,1530,524,555,676,1104,588,1924,58,67,246,348,338,576,405,904,490,784,307,294,359,565,329,1140,13596,7210,50,0,0,0,0,3,0
2021-02-06T23:59:59+01:00,0,0,152,196,472,750,620,1172,738,1773,875,1530,524,555,676,1104,588,1924,58,67,246,347,338,576,405,903,488,782,307,293,358,563,328,1140,13596,7199,50,0,0,0,0,3,0
2021-02-05T23:59:59+01:00,0,0,152,196,472,750,620,1172,738,1773,875,1529,524,555,675,1104,588,1924,56,67,244,345,331,572,397,881,479,762,297,288,347,539,311,1100,13594,7016,50,0,0,0,0,3,0
2021-02-04T23:59:59+01:00,0,0,146,191,468,742,613,1164,734,1759,869,1520,517,548,653,1079,579,1906,41,51,211,311,289,476,355,740,385,616,233,217,262,373,230,813,13436,5603,49,0,0,0,0,3,0
2021-02-03T23:59:59+01:00,0,0,144,190,462,735,605,1155,730,1747,861,1504,506,540,638,1066,572,1898,33,32,155,220,236,346,265,565,309,466,182,171,185,280,179,607,13302,4231,48,0,0,0,0,3,0
2021-02-02T23:59:59+01:00,0,0,144,187,460,734,605,1155,727,1741,854,1500,505,538,634,1063,571,1894,24,26,136,173,191,278,221,429,257,375,142,131,137,208,142,478,13262,3348,48,0,0,0,0,2,0
2021-02-01T23:59:59+01:00,0,0,142,187,459,733,600,1152,726,1733,852,1495,504,536,629,1060,570,1887,20,19,100,128,137,187,155,299,168,259,90,94,93,132,77,258,13215,2216,48,0,0,0,0,2,0
2021-01-31T23:59:59+01:00,0,0,141,187,459,730,597,1151,726,1729,852,1494,502,535,628,1058,570,1886,14,15,67,88,95,122,118,222,141,203,85,87,89,124,75,244,13196,1789,48,0,0,0,0,1,0
2021-01-30T23:59:59+01:00,0,0,141,187,458,730,595,1149,725,1728,852,1494,502,535,627,1058,570,1886,14,15,67,88,95,120,116,218,138,200,84,86,89,118,69,234,13195,1751,41,0,0,0,0,1,0
2021-01-29T23:59:59+01:00,0,0,141,187,458,728,594,1146,723,1726,850,1493,502,535,627,1058,570,1886,12,15,55,82,78,116,98,207,115,188,79,79,87,114,68,233,13190,1626,33,0,0,0,0,1,0
2021-01-28T23:59:59+01:00,0,0,134,183,445,711,577,1120,717,1699,828,1464,495,529,624,1055,567,1883,7,3,12,20,24,44,31,95,47,87,46,50,56,84,50,176,13005,832,25,0,0,0,0,1,0
2021-01-27T23:59:59+01:00,0,0,127,181,434,701,569,1111,701,1665,821,1440,492,527,620,1050,567,1878,3,1,4,12,10,23,13,40,23,30,13,17,24,34,21,55,12860,323,23,0,0,0,0,1,0
2021-01-26T23:59:59+01:00,0,0,121,177,420,689,556,1097,692,1642,810,1419,487,521,614,1033,559,1843,3,1,4,11,7,21,11,37,17,27,13,15,23,33,21,54,12665,298,14,0,0,0,0,1,0
2021-01-25T23:59:59+01:00,0,0,118,175,411,677,545,1078,665,1614,792,1402,485,517,612,1032,559,1843,2,1,3,9,7,16,6,28,12,21,9,6,13,22,11,35,12520,201,4,0,0,0,0,1,0
2021-01-24T23:59:59+01:00,0,0,111,172,401,667,531,1060,648,1601,779,1390,484,514,611,1032,559,1843,2,0,1,6,7,4,4,7,5,8,1,2,11,15,7,21,12398,101,4,0,0,0,0,1,0
2021-01-23T23:59:59+01:00,0,0,111,172,401,667,531,1060,648,1601,779,1390,484,514,611,1032,559,1843,1,0,1,6,7,4,4,7,5,8,1,2,11,15,7,21,12398,100,4,0,0,0,0,1,0
2021-01-22T23:59:59+01:00,0,0,108,170,394,661,528,1054,634,1586,773,1372,484,509,600,1011,552,1815,1,0,1,6,7,4,4,7,5,8,1,2,11,15,7,21,12248,100,3,0,0,0,0,0,0
2021-01-21T23:59:59+01:00,0,0,97,162,379,642,505,1020,604,1536,752,1329,467,472,566,968,516,1747,1,0,1,6,7,4,4,7,5,8,1,2,11,15,7,21,11759,100,3,0,0,0,0,0,0
2021-01-20T23:59:59+01:00,0,0,79,120,344,553,461,880,546,1301,664,1142,405,413,481,825,453,1524,1,0,1,5,7,4,4,7,5,8,1,2,11,15,7,21,10188,99,3,0,0,0,0,0,0
2021-01-19T23:59:59+01:00,0,0,74,106,316,475,420,792,504,1189,612,1039,381,376,444,746,423,1428,1,0,1,3,7,4,4,7,5,8,1,0,8,10,6,18,9322,83,3,0,0,0,0,0,0
2021-01-18T23:59:59+01:00,0,0,60,76,269,388,365,643,429,957,519,842,313,309,374,592,357,1220,1,0,1,3,7,4,4,7,5,8,1,0,8,10,6,18,7711,83,2,0,0,0,0,0,0
2021-01-17T23:59:59+01:00,0,0,59,67,250,353,343,590,410,914,495,803,310,301,372,585,354,1212,0,0,0,0,0,0,0,0,0,0,0,0,0,0,0,0,7416,0,2,0,0,0,0,0,0
2021-01-16T23:59:59+01:00,0,0,59,67,250,352,343,590,410,913,493,801,310,300,370,581,353,1212,0,0,0,0,0,0,0,0,0,0,0,0,0,0,0,0,7402,0,2,0,0,0,0,0,0
2021-01-15T23:59:59+01:00,0,0,57,67,249,349,337,584,399,890,482,776,296,294,352,552,330,1170,0,0,0,0,0,0,0,0,0,0,0,0,0,0,0,0,7182,0,2,0,0,0,0,0,0
2021-01-14T23:59:59+01:00,0,0,43,54,235,325,312,509,365,765,393,630,235,220,262,376,237,842,0,0,0,0,0,0,0,0,0,0,0,0,0,0,0,0,5803,0,0,0,0,0,0,0,0
2021-01-13T23:59:59+01:00,0,0,37,43,210,269,272,408,299,615,322,503,180,177,189,287,192,650,0,0,0,0,0,0,0,0,0,0,0,0,0,0,0,0,4653,0,0,0,0,0,0,0,0
2021-01-12T23:59:59+01:00,0,0,32,41,205,254,257,376,276,535,290,457,143,135,143,219,150,509,0,0,0,0,0,0,0,0,0,0,0,0,0,0,0,0,4022,0,0,0,0,0,0,0,0
2021-01-11T23:59:59+01:00,0,0,27,37,195,233,239,324,229,446,240,382,111,106,108,143,88,320,0,0,0,0,0,0,0,0,0,0,0,0,0,0,0,0,3228,0,0,0,0,0,0,0,0
2021-01-10T23:59:59+01:00,0,0,26,31,157,172,196,249,191,350,198,305,99,99,105,138,86,305,0,0,0,0,0,0,0,0,0,0,0,0,0,0,0,0,2707,0,0,0,0,0,0,0,0
2021-01-09T23:59:59+01:00,0,0,26,31,150,168,194,241,187,342,196,300,99,99,105,138,86,305,0,0,0,0,0,0,0,0,0,0,0,0,0,0,0,0,2667,0,0,0,0,0,0,0,0
2021-01-08T23:59:59+01:00,0,0,23,28,119,144,173,228,162,313,168,279,94,89,103,134,85,304,0,0,0,0,0,0,0,0,0,0,0,0,0,0,0,0,2446,0,0,0,0,0,0,0,0
2021-01-07T23:59:59+01:00,0,0,8,3,16,26,32,54,37,105,61,111,49,51,64,92,54,212,0,0,0,0,0,0,0,0,0,0,0,0,0,0,0,0,975,0,0,0,0,0,0,0,0
2021-01-06T23:59:59+01:00,0,0,3,1,5,13,10,22,13,39,21,31,14,14,27,38,23,65,0,0,0,0,0,0,0,0,0,0,0,0,0,0,0,0,339,0,0,0,0,0,0,0,0
2021-01-05T23:59:59+01:00,0,0,3,1,4,10,9,18,10,31,15,26,11,14,23,33,21,57,0,0,0,0,0,0,0,0,0,0,0,0,0,0,0,0,286,0,0,0,0,0,0,0,0
2021-01-04T23:59:59+01:00,0,0,2,1,2,7,9,10,4,15,8,16,5,3,12,19,8,31,0,0,0,0,0,0,0,0,0,0,0,0,0,0,0,0,152,0,0,0,0,0,0,0,0
2021-01-03T23:59:59+01:00,0,0,2,0,1,6,8,4,4,7,5,9,1,2,12,15,7,21,0,0,0,0,0,0,0,0,0,0,0,0,0,0,0,0,104,0,0,0,0,0,0,0,0
2021-01-02T23:59:59+01:00,0,0,2,0,1,6,8,4,4,7,5,9,1,2,12,15,7,21,0,0,0,0,0,0,0,0,0,0,0,0,0,0,0,0,104,0,0,0,0,0,0,0,0
2021-01-01T23:59:59+01:00,0,0,1,0,1,6,8,4,4,7,5,9,1,2,12,15,7,21,0,0,0,0,0,0,0,0,0,0,0,0,0,0,0,0,103,0,0,0,0,0,0,0,0
2020-12-31T23:59:59+01:00,0,0,1,0,1,5,8,4,4,7,5,9,1,2,12,15,7,21,0,0,0,0,0,0,0,0,0,0,0,0,0,0,0,0,102,0,0,0,0,0,0,0,0
2020-12-30T23:59:59+01:00,0,0,1,0,1,5,8,4,4,7,5,9,1,2,12,15,7,21,0,0,0,0,0,0,0,0,0,0,0,0,0,0,0,0,102,0,0,0,0,0,0,0,0
2020-12-29T23:59:59+01:00,0,0,1,0,1,3,8,4,4,7,5,9,1,0,9,10,6,18,0,0,0,0,0,0,0,0,0,0,0,0,0,0,0,0,86,0,0,0,0,0,0,0,0
2020-12-28T23:59:59+01:00,0,0,1,0,1,3,8,4,4,7,5,9,1,0,9,10,6,18,0,0,0,0,0,0,0,0,0,0,0,0,0,0,0,0,86,0,0,0,0,0,0,0,0
2020-12-27T23:59:59+01:00,0,0,1,0,1,3,8,4,4,7,5,9,1,0,9,10,6,18,0,0,0,0,0,0,0,0,0,0,0,0,0,0,0,0,86,0,0,0,0,0,0,0,0
