Datum,<15_1_m,<15_1_w,15-24_1_m,15-24_1_w,25-34_1_m,25-34_1_w,35-44_1_m,35-44_1_w,45-54_1_m,45-54_1_w,55-64_1_m,55-64_1_w,65-74_1_m,65-74_1_w,75-84_1_m,75-84_1_w,>84_1_m,>84_1_w,<15_2_m,<15_2_w,15-24_2_m,15-24_2_w,25-34_2_m,25-34_2_w,35-44_2_m,35-44_2_w,45-54_2_m,45-54_2_w,55-64_2_m,55-64_2_w,65-74_2_m,65-74_2_w,75-84_2_m,75-84_2_w,>84_2_m,>84_2_w,bp_1,bp_2,mo_1,mo_2,az_1,az_2,ja,unb_1,unb_2
2021-11-16T23:59:59+01:00,3036,2922,20066,18348,25343,23195,26478,25724,29620,30081,32005,32849,22026,25163,15683,19720,4565,7982,2238,2113,16905,15679,22197,20429,23901,23289,27333,27875,30285,31146,21307,24313,15227,19091,4400,7654,258316,233092,33245,31937,55100,52189,18118,36,46
2021-11-15T23:59:59+01:00,2987,2885,19887,18204,25177,23047,26366,25606,29534,29979,31924,32773,22000,25130,15667,19699,4562,7975,2222,2104,16859,15660,22158,20399,23859,23263,27310,27847,30265,31129,21290,24295,15220,19078,4398,7650,256929,232742,33231,31914,55100,52189,18115,36,46
2021-11-14T23:59:59+01:00,2959,2849,19767,18106,25065,22926,26279,25534,29466,29903,31864,32710,21975,25101,15657,19684,4559,7970,2211,2090,16828,15619,22132,20368,23834,23245,27296,27828,30245,31112,21283,24292,15214,19067,4398,7648,255909,232452,33225,31911,55100,52188,18113,36,46
2021-11-13T23:59:59+01:00,2946,2832,19703,18059,25007,22888,26213,25497,29431,29878,31841,32691,21970,25096,15657,19682,4557,7969,2208,2089,16820,15614,22126,20361,23823,23241,27289,27825,30240,31109,21282,24291,15214,19066,4398,7648,255455,232392,33225,31908,55100,52188,18110,36,46
2021-11-12T23:59:59+01:00,2907,2792,19524,17930,24860,22762,26079,25380,29362,29799,31784,32653,21958,25075,15649,19676,4555,7969,2196,2078,16763,15588,22086,20328,23786,23214,27265,27807,30209,31096,21275,24281,15207,19061,4398,7646,254283,232051,33197,31896,55100,52184,18107,36,46
2021-11-11T23:59:59+01:00,2845,2727,19386,17813,24734,22630,25959,25272,29275,29706,31717,32603,21934,25051,15641,19666,4553,7964,2179,2058,16721,15540,22046,20276,23752,23188,27238,27775,30191,31061,21257,24271,15202,19050,4396,7641,253085,231636,33166,31881,55100,52181,18098,36,46
2021-11-10T23:59:59+01:00,2794,2666,19158,17620,24513,22451,25811,25134,29125,29606,31634,32506,21905,25023,15624,19646,4551,7954,2164,2034,16664,15466,21979,20222,23705,23144,27191,27739,30148,31024,21239,24250,15193,19033,4391,7635,251384,231046,33128,31866,55099,52180,18083,36,46
2021-11-09T23:59:59+01:00,2750,2625,19027,17494,24370,22340,25706,25022,29055,29536,31574,32441,21884,24992,15607,19629,4548,7939,2145,2019,16635,15431,21944,20197,23687,23117,27169,27712,30122,30982,21223,24233,15186,19015,4389,7630,250216,230668,33117,31864,55099,52178,18080,36,46
2021-11-08T23:59:59+01:00,2705,2587,18787,17286,24149,22132,25532,24887,28914,29413,31471,32358,21849,24941,15585,19606,4547,7931,2123,1998,16584,15386,21901,20159,23660,23078,27131,27686,30100,30957,21199,24220,15177,19001,4385,7627,248405,230237,33083,31848,55099,52175,18066,36,46
2021-11-07T23:59:59+01:00,2678,2556,18686,17186,24030,22026,25431,24802,28848,29344,31425,32303,21827,24919,15577,19602,4545,7928,2108,1984,16560,15370,21875,20133,23639,23065,27118,27669,30088,30945,21195,24214,15172,18993,4385,7625,247441,230007,33081,31848,55099,52172,18065,36,46
2021-11-06T23:59:59+01:00,2678,2553,18684,17183,24026,22026,25427,24799,28846,29342,31424,32301,21827,24919,15577,19602,4544,7928,2108,1984,16560,15369,21875,20132,23639,23065,27117,27669,30086,30945,21195,24213,15172,18993,4385,7625,247414,230003,33081,31846,55099,52172,18065,36,46
2021-11-05T23:59:59+01:00,2650,2514,18592,17108,23941,21934,25362,24734,28786,29292,31388,32271,21826,24912,15574,19595,4544,7927,2103,1978,16550,15353,21867,20121,23628,23058,27111,27656,30079,30937,21190,24208,15172,18992,4384,7624,246712,229892,33048,31841,55099,52168,18064,36,46
2021-11-04T23:59:59+01:00,2605,2478,18512,17021,23836,21839,25298,24678,28718,29248,31351,32233,21815,24900,15566,19586,4542,7923,2074,1954,16492,15305,21819,20078,23593,23029,27087,27627,30056,30915,21186,24199,15167,18982,4382,7622,245938,229496,33039,31825,55099,52154,18046,36,46
2021-11-03T23:59:59+01:00,2569,2452,18375,16895,23678,21706,25192,24587,28640,29188,31304,32177,21795,24888,15560,19580,4542,7921,2046,1931,16419,15236,21763,20011,23553,22988,27043,27592,30029,30886,21169,24175,15156,18971,4380,7615,244868,228916,33016,31810,55099,52152,18039,36,46
2021-11-02T23:59:59+01:00,2541,2429,18241,16813,23533,21605,25100,24521,28566,29132,31255,32143,21786,24869,15554,19571,4541,7912,2031,1911,16361,15200,21726,19964,23516,22949,27014,27566,30006,30863,21161,24162,15148,18968,4379,7612,243947,228507,33011,31804,55099,52152,18028,36,46
2021-11-01T23:59:59+01:00,2520,2411,18159,16742,23451,21551,25045,24478,28519,29093,31229,32118,21774,24861,15550,19570,4541,7911,2017,1897,16326,15146,21688,19926,23491,22918,26984,27530,29988,30844,21153,24157,15147,18958,4379,7610,243367,228145,33007,31793,55099,52152,18023,36,46
2021-10-31T23:59:59+01:00,2520,2411,18159,16742,23450,21549,25044,24478,28519,29093,31229,32118,21774,24861,15550,19570,4541,7911,2016,1896,16326,15146,21688,19926,23491,22917,26984,27530,29988,30844,21153,24157,15147,18958,4379,7610,243363,228142,33007,31793,55099,52152,18023,36,46
2021-10-30T23:59:59+02:00,2520,2411,18159,16742,23449,21549,25044,24478,28519,29093,31229,32118,21774,24861,15550,19570,4541,7911,2016,1896,16326,15146,21688,19926,23491,22917,26984,27530,29988,30844,21153,24157,15147,18958,4379,7610,243362,228142,33007,31793,55099,52152,18023,36,46
2021-10-29T23:59:59+02:00,2508,2397,18094,16701,23379,21511,24968,24435,28457,29056,31204,32099,21770,24852,15544,19565,4540,7910,2011,1891,16312,15134,21673,19911,23481,22902,26973,27517,29980,30841,21151,24155,15147,18956,4379,7610,242877,228016,32966,31789,55099,52152,18021,36,46
2021-10-28T23:59:59+02:00,2485,2373,18015,16638,23301,21455,24922,24384,28420,29018,31172,32071,21764,24845,15539,19557,4540,7907,1980,1872,16255,15084,21639,19866,23450,22870,26948,27494,29958,30816,21141,24146,15145,18953,4379,7605,242331,227619,32936,31774,55099,52149,18013,36,46
2021-10-27T23:59:59+02:00,2451,2337,17902,16556,23148,21355,24816,24299,28323,28959,31126,32039,21755,24821,15532,19548,4540,7906,1957,1843,16184,15035,21591,19806,23416,22831,26913,27456,29932,30791,21130,24133,15138,18943,4378,7601,241385,227132,32896,31749,55099,52145,18006,36,46
2021-10-26T23:59:59+02:00,2426,2313,17844,16510,23104,21307,24771,24261,28278,28917,31099,32020,21753,24811,15529,19546,4540,7903,1939,1820,16143,14989,21560,19775,23384,22801,26902,27435,29919,30780,21122,24133,15136,18941,4378,7601,240918,226825,32895,31749,55099,52145,17993,36,46
2021-10-25T23:59:59+02:00,2425,2309,17843,16506,23102,21305,24769,24258,28277,28915,31098,32020,21753,24811,15529,19546,4540,7903,1939,1819,16143,14988,21560,19774,23382,22800,26902,27435,29919,30780,21122,24133,15136,18941,4378,7601,240896,226820,32895,31749,55099,52145,17992,36,46
2021-10-24T23:59:59+02:00,2416,2300,17825,16479,23085,21286,24744,24242,28268,28909,31091,32015,21751,24809,15527,19545,4540,7903,1929,1802,16124,14952,21537,19751,23368,22772,26891,27424,29909,30773,21119,24128,15134,18935,4378,7601,240738,226611,32881,31735,55099,52145,17990,36,46
2021-10-23T23:59:59+02:00,2416,2300,17824,16479,23083,21286,24744,24242,28267,28909,31091,32015,21751,24809,15527,19545,4540,7903,1929,1802,16124,14952,21535,19751,23368,22772,26891,27424,29909,30773,21119,24128,15134,18935,4378,7601,240735,226610,32881,31735,55099,52145,17989,36,46
2021-10-22T23:59:59+02:00,2395,2282,17763,16439,23035,21241,24693,24189,28235,28880,31057,31995,21745,24800,15522,19543,4539,7901,1922,1795,16106,14941,21525,19742,23352,22755,26883,27420,29900,30767,21117,24126,15134,18935,4378,7601,240277,226498,32873,31734,55099,52143,17978,36,46
2021-10-21T23:59:59+02:00,2380,2255,17719,16394,22981,21192,24657,24154,28189,28853,31040,31973,21738,24794,15519,19539,4538,7893,1877,1757,16044,14863,21480,19682,23316,22708,26844,27382,29886,30746,21110,24114,15125,18917,4376,7596,239870,225982,32847,31687,55099,52143,17965,36,46
2021-10-20T23:59:59+02:00,2349,2213,17641,16332,22890,21128,24581,24112,28150,28806,31006,31946,21726,24785,15515,19530,4536,7891,1822,1714,15958,14791,21430,19615,23256,22662,26800,27326,29858,30718,21089,24102,15118,18899,4370,7593,239230,225318,32827,31663,55099,52140,17954,36,46
2021-10-19T23:59:59+02:00,2328,2199,17607,16306,22870,21113,24568,24095,28137,28794,30998,31925,21719,24774,15513,19522,4535,7890,1791,1675,15899,14742,21388,19568,23235,22637,26779,27307,29838,30699,21079,24088,15113,18893,4370,7590,238990,224893,32827,31663,55099,52139,17950,36,46
2021-10-18T23:59:59+02:00,2315,2189,17586,16285,22854,21088,24549,24077,28125,28784,30985,31913,21713,24772,15511,19515,4533,7887,1767,1652,15857,14694,21369,19543,23212,22608,26758,27281,29818,30684,21073,24083,15109,18887,4369,7589,238779,224557,32827,31662,55099,52139,17949,36,46
2021-10-17T23:59:59+02:00,2306,2183,17561,16251,22823,21059,24530,24063,28107,28775,30975,31905,21705,24768,15510,19512,4533,7885,1749,1623,15815,14647,21339,19500,23191,22581,26739,27260,29804,30680,21067,24074,15109,18882,4367,7587,238561,224242,32821,31642,55097,52139,17945,36,46
2021-10-16T23:59:59+02:00,2306,2183,17560,16251,22823,21059,24530,24063,28107,28775,30975,31905,21705,24768,15510,19512,4533,7885,1749,1623,15815,14647,21339,19499,23191,22581,26739,27260,29804,30680,21067,24074,15109,18882,4367,7587,238560,224241,32821,31642,55097,52139,17945,36,46
2021-10-15T23:59:59+02:00,2296,2173,17535,16235,22805,21044,24504,24045,28091,28760,30969,31901,21699,24761,15510,19512,4533,7884,1741,1608,15802,14630,21327,19488,23182,22574,26736,27253,29799,30675,21064,24072,15108,18882,4367,7587,238382,224125,32808,31642,55097,52139,17943,36,46
2021-10-14T23:59:59+02:00,2286,2155,17492,16200,22770,21011,24480,24023,28072,28740,30958,31888,21693,24758,15507,19509,4532,7881,1720,1582,15740,14578,21298,19443,23146,22536,26718,27217,29777,30652,21053,24064,15103,18872,4365,7585,238086,223718,32807,31628,55097,52120,17937,36,46
2021-10-13T23:59:59+02:00,2256,2135,17409,16125,22707,20947,24435,23980,28034,28695,30929,31858,21680,24748,15501,19504,4531,7877,1682,1551,15640,14487,21245,19392,23104,22499,26677,27177,29748,30624,21045,24046,15101,18857,4365,7581,237566,223177,32782,31600,55097,52120,17878,36,46
2021-10-12T23:59:59+02:00,2246,2116,17368,16081,22684,20919,24409,23952,28018,28674,30916,31837,21676,24743,15497,19496,4530,7875,1659,1531,15588,14426,21227,19358,23079,22478,26652,27152,29725,30603,21037,24037,15099,18854,4363,7580,237255,222820,32781,31589,55096,52116,17877,36,46
2021-10-11T23:59:59+02:00,2235,2104,17339,16050,22669,20898,24394,23931,27999,28655,30901,31827,21670,24735,15495,19491,4527,7870,1641,1520,15545,14390,21188,19304,23056,22440,26626,27112,29696,30587,21026,24027,15093,18847,4359,7577,237012,222410,32781,31589,55096,52116,17873,36,46
2021-10-10T23:59:59+02:00,2231,2096,17323,16031,22652,20884,24390,23923,27990,28642,30896,31820,21663,24731,15495,19489,4527,7867,1625,1509,15489,14345,21124,19244,23017,22401,26581,27086,29674,30565,21016,24016,15087,18840,4359,7577,236880,221959,32777,31566,55096,52115,17869,36,46
2021-10-09T23:59:59+02:00,2229,2096,17323,16030,22650,20883,24390,23923,27990,28642,30896,31820,21663,24731,15495,19489,4527,7867,1624,1506,15488,14343,21124,19243,23017,22401,26581,27085,29674,30565,21016,24016,15087,18840,4359,7577,236874,221950,32777,31566,55096,52115,17869,36,46
2021-10-08T23:59:59+02:00,2224,2088,17312,16005,22626,20871,24372,23914,27975,28626,30881,31811,21661,24726,15495,19489,4527,7867,1617,1502,15482,14330,21110,19228,23006,22393,26571,27068,29670,30558,21014,24010,15085,18839,4359,7577,236736,221848,32767,31566,55095,52115,17844,36,46
2021-10-07T23:59:59+02:00,2200,2068,17254,15961,22596,20824,24346,23886,27942,28601,30860,31787,21656,24723,15493,19480,4526,7862,1582,1470,15407,14252,21045,19157,22962,22346,26540,27031,29642,30535,21003,23995,15080,18829,4355,7576,236360,221308,32757,31518,55092,52107,17828,36,46
2021-10-06T23:59:59+02:00,2176,2045,17194,15914,22549,20771,24320,23845,27910,28571,30844,31761,21645,24711,15486,19474,4525,7858,1545,1443,15346,14179,20995,19096,22924,22309,26509,26992,29618,30506,20992,23981,15069,18823,4353,7574,235940,220809,32738,31491,55092,52107,17801,36,46
2021-10-05T23:59:59+02:00,2156,2028,17149,15875,22502,20743,24286,23805,27888,28546,30831,31744,21640,24703,15486,19469,4524,7857,1533,1426,15318,14148,20941,19071,22894,22280,26481,26966,29593,30481,20984,23962,15066,18815,4350,7574,235672,220541,32738,31489,55092,52107,17700,36,46
2021-10-04T23:59:59+02:00,2129,1993,17093,15836,22450,20714,24263,23780,27872,28512,30812,31726,21636,24694,15484,19465,4523,7854,1527,1414,15280,14124,20915,19043,22880,22255,26463,26947,29581,30467,20977,23952,15062,18810,4350,7566,235331,220330,32738,31487,55092,52105,17645,36,46
2021-10-03T23:59:59+02:00,2124,1981,17064,15796,22420,20681,24226,23756,27858,28492,30795,31716,21633,24687,15483,19460,4523,7852,1507,1393,15248,14086,20890,19013,22855,22235,26449,26925,29567,30457,20967,23939,15060,18807,4350,7566,235118,220110,32732,31476,55088,52103,17579,36,46
2021-10-02T23:59:59+02:00,2124,1981,17064,15796,22420,20681,24225,23756,27858,28492,30795,31716,21633,24687,15483,19460,4523,7852,1507,1393,15248,14086,20890,19013,22855,22235,26449,26925,29567,30456,20967,23939,15060,18807,4350,7566,235117,220109,32732,31476,55088,52103,17579,36,46
2021-10-01T23:59:59+02:00,2119,1976,17050,15779,22417,20669,24211,23735,27853,28485,30791,31711,21630,24685,15483,19458,4522,7852,1505,1390,15244,14084,20887,19011,22853,22235,26447,26923,29567,30452,20966,23937,15060,18807,4350,7566,235000,220082,32731,31476,55088,52103,17577,36,46
2021-09-30T23:59:59+02:00,2098,1960,16993,15727,22373,20612,24171,23700,27823,28452,30768,31687,21619,24679,15478,19451,4520,7847,1468,1359,15174,14018,20849,18975,22820,22194,26424,26889,29548,30431,20962,23928,15057,18799,4346,7561,234614,219693,32717,31455,55088,52099,17509,36,46
2021-09-29T23:59:59+02:00,2030,1915,16900,15650,22301,20542,24116,23649,27761,28400,30730,31657,21603,24665,15471,19437,4517,7845,1446,1328,15104,13962,20806,18922,22784,22141,26386,26859,29513,30403,20953,23916,15046,18791,4345,7558,233973,219290,32700,31432,55087,52096,17399,36,46
2021-09-28T23:59:59+02:00,2012,1898,16818,15585,22230,20489,24052,23607,27722,28357,30713,31640,21593,24651,15466,19427,4517,7842,1432,1316,15036,13917,20748,18880,22740,22115,26356,26824,29492,30382,20940,23901,15040,18781,4343,7554,233539,218960,32699,31432,55087,52095,17264,36,46
2021-09-27T23:59:59+02:00,1949,1829,16753,15525,22194,20453,24027,23579,27694,28321,30693,31623,21586,24644,15464,19424,4516,7840,1421,1301,15008,13886,20726,18843,22725,22090,26337,26812,29474,30366,20936,23891,15036,18773,4342,7551,233042,218690,32699,31432,55087,52094,17256,36,46
2021-09-26T23:59:59+02:00,1928,1808,16683,15461,22141,20393,23988,23528,27665,28295,30678,31614,21576,24637,15463,19421,4516,7838,1405,1287,14937,13818,20673,18788,22675,22032,26297,26775,29455,30339,20929,23881,15028,18770,4342,7548,232674,218286,32682,31405,55086,52081,17161,36,46
2021-09-25T23:59:59+02:00,1928,1808,16681,15461,22140,20392,23986,23527,27665,28295,30678,31614,21576,24637,15463,19421,4516,7838,1405,1287,14936,13818,20672,18788,22675,22032,26296,26773,29455,30339,20928,23881,15028,18770,4342,7548,232668,218282,32682,31404,55086,52081,17160,36,46
2021-09-24T23:59:59+02:00,1927,1805,16654,15441,22096,20363,23952,23506,27645,28273,30661,31599,21574,24633,15461,19420,4516,7838,1398,1280,14908,13791,20622,18756,22634,22006,26268,26752,29433,30319,20923,23875,15026,18768,4341,7547,232604,218154,32682,31404,55086,52081,16962,36,46
2021-09-23T23:59:59+02:00,1897,1767,16579,15355,22034,20288,23904,23438,27600,28218,30635,31559,21562,24622,15453,19405,4513,7836,1371,1252,14830,13728,20561,18713,22606,21959,26234,26708,29407,30292,20919,23864,15020,18760,4341,7546,232044,217752,32643,31370,55086,52081,16862,36,46
2021-09-22T23:59:59+02:00,1864,1736,16478,15277,21942,20211,23828,23384,27532,28157,30593,31524,21546,24599,15451,19392,4511,7833,1316,1201,14705,13621,20471,18634,22542,21888,26173,26647,29358,30256,20899,23854,15014,18752,4338,7537,231434,217073,32622,31327,55086,52074,16686,36,46
2021-09-21T23:59:59+02:00,1834,1692,16398,15202,21883,20151,23777,23335,27490,28122,30554,31484,21535,24579,15448,19382,4505,7825,1307,1185,14649,13574,20412,18595,22499,21845,26139,26622,29333,30231,20886,23840,15007,18741,4335,7533,230957,216786,32622,31327,55086,52074,16500,36,46
2021-09-20T23:59:59+02:00,1807,1677,16324,15137,21828,20104,23728,23295,27452,28079,30520,31466,21526,24566,15442,19376,4504,7823,1295,1175,14592,13521,20366,18551,22461,21817,26091,26590,29307,30206,20878,23828,15005,18735,4332,7530,230549,216468,32620,31326,55086,52073,16367,36,46
2021-09-19T23:59:59+02:00,1780,1654,16260,15087,21778,20043,23693,23261,27421,28051,30499,31441,21517,24555,15438,19365,4504,7820,1287,1165,14533,13478,20321,18497,22409,21794,26066,26558,29290,30192,20871,23815,15001,18732,4331,7526,230182,216186,32598,31293,55086,52073,16268,36,46
2021-09-18T23:59:59+02:00,1780,1654,16258,15084,21777,20042,23690,23259,27421,28050,30499,31441,21517,24555,15438,19365,4504,7820,1287,1165,14532,13476,20321,18497,22408,21793,26066,26556,29290,30192,20871,23815,15001,18732,4331,7526,230174,216185,32598,31292,55086,52073,16263,36,46
2021-09-17T23:59:59+02:00,1775,1647,16235,15065,21752,20022,23670,23248,27408,28035,30490,31435,21514,24552,15435,19362,4503,7820,1279,1156,14511,13461,20311,18491,22399,21788,26059,26552,29280,30186,20868,23812,15000,18731,4331,7526,230003,216081,32597,31292,55086,52073,16249,36,46
2021-09-16T23:59:59+02:00,1736,1616,16135,14964,21671,19921,23600,23165,27342,27975,30451,31397,21501,24535,15430,19352,4498,7820,1246,1127,14427,13387,20267,18436,22363,21737,26028,26507,29259,30155,20857,23802,14993,18723,4328,7522,229194,215623,32576,31214,55086,52061,16220,36,46
2021-09-15T23:59:59+02:00,1705,1599,16067,14886,21615,19867,23555,23120,27310,27941,30426,31373,21488,24513,15418,19343,4497,7818,1217,1099,14350,13301,20199,18376,22324,21685,25988,26463,29227,30132,20844,23787,14981,18715,4327,7520,228665,215063,32556,31169,55086,52056,16201,36,46
2021-09-14T23:59:59+02:00,1692,1583,16032,14840,21568,19829,23526,23085,27278,27905,30401,31349,21473,24502,15415,19331,4494,7817,1199,1084,14312,13263,20174,18354,22302,21659,25968,26448,29215,30122,20833,23779,14978,18708,4326,7518,228256,214781,32554,31168,55086,52056,16191,36,46
2021-09-13T23:59:59+02:00,1671,1570,15990,14787,21541,19797,23495,23052,27261,27869,30387,31334,21472,24492,15410,19329,4493,7814,1193,1076,14284,13248,20147,18338,22282,21639,25953,26436,29205,30099,20824,23768,14977,18701,4324,7516,227911,214557,32551,31168,55086,52056,16183,36,46
2021-09-12T23:59:59+02:00,1661,1557,15966,14764,21525,19775,23479,23027,27246,27854,30376,31326,21465,24484,15410,19324,4493,7814,1179,1071,14251,13219,20122,18301,22262,21613,25940,26413,29194,30091,20817,23760,14972,18694,4322,7511,227717,214317,32532,31137,55086,52054,16178,36,46
2021-09-11T23:59:59+02:00,1660,1557,15954,14760,21517,19767,23478,23026,27244,27853,30373,31324,21464,24483,15410,19324,4493,7814,1179,1071,14246,13217,20120,18298,22260,21613,25940,26412,29194,30091,20816,23760,14972,18694,4322,7511,227680,214306,32532,31137,55083,52054,16173,36,46
2021-09-10T23:59:59+02:00,1660,1557,15931,14755,21504,19756,23460,23023,27227,27843,30360,31319,21463,24481,15406,19322,4493,7813,1177,1071,14223,13210,20105,18288,22246,21609,25925,26399,29176,30088,20815,23756,14969,18691,4321,7510,227650,214267,32532,31137,55083,52054,16075,36,46
2021-09-09T23:59:59+02:00,1615,1518,15851,14676,21444,19689,23406,22973,27167,27793,30332,31290,21454,24464,15392,19308,4491,7811,1149,1046,14141,13136,20034,18219,22179,21554,25875,26358,29141,30056,20799,23728,14951,18677,4319,7508,227120,213799,32501,31054,55082,52034,15938,36,45
2021-09-08T23:59:59+02:00,1577,1471,15724,14582,21373,19612,23353,22898,27117,27750,30292,31242,21437,24446,15383,19297,4490,7811,1132,1021,14052,13046,19950,18166,22114,21502,25828,26318,29105,30006,20780,23707,14947,18669,4318,7507,226575,213399,32432,30962,55082,52029,15733,36,45
2021-09-07T23:59:59+02:00,1564,1451,15674,14530,21318,19586,23317,22875,27090,27718,30275,31226,21426,24424,15377,19289,4488,7811,1115,1007,13984,12997,19886,18126,22072,21472,25792,26286,29076,29978,20768,23693,14943,18662,4317,7507,226334,213115,32425,30932,55082,52024,15565,36,45
2021-09-06T23:59:59+02:00,1551,1441,15624,14485,21297,19554,23294,22847,27065,27699,30259,31204,21416,24421,15373,19282,4488,7809,1103,998,13952,12958,19865,18101,22043,21450,25772,26267,29061,29963,20759,23685,14939,18658,4317,7504,226083,212907,32424,30932,55082,52024,15487,36,45
2021-09-05T23:59:59+02:00,1531,1426,15594,14459,21279,19532,23284,22821,27056,27687,30254,31196,21411,24415,15367,19280,4488,7805,1095,984,13915,12922,19834,18065,22018,21422,25754,26250,29048,29944,20755,23677,14937,18656,4317,7504,225870,212692,32416,30852,55081,52023,15485,36,45
2021-09-04T23:59:59+02:00,1531,1426,15585,14456,21265,19526,23277,22816,27050,27681,30248,31193,21410,24412,15367,19279,4488,7805,1095,984,13906,12919,19820,18057,22011,21417,25747,26244,29042,29940,20754,23674,14937,18655,4317,7504,225869,212691,32416,30849,55081,52023,15415,36,45
2021-09-03T23:59:59+02:00,1528,1423,15567,14442,21232,19502,23246,22795,27026,27669,30233,31178,21403,24404,15367,19273,4488,7804,1095,984,13889,12905,19793,18038,21987,21402,25730,26234,29027,29929,20748,23667,14937,18652,4317,7504,225795,212672,32415,30844,55081,52022,15255,36,45
2021-09-02T23:59:59+02:00,1512,1403,15495,14383,21185,19452,23211,22746,26985,27628,30196,31152,21390,24394,15361,19260,4486,7798,1070,963,13796,12841,19748,17977,21942,21359,25688,26188,28988,29902,20736,23656,14932,18640,4316,7503,225372,212217,32410,30839,55079,52002,15142,36,45
2021-09-01T23:59:59+02:00,1461,1346,15357,14230,21065,19356,23142,22690,26918,27556,30144,31102,21372,24369,15353,19246,4483,7793,1038,923,13649,12719,19621,17880,21857,21289,25630,26119,28937,29839,20711,23627,14920,18627,4312,7497,224600,211633,32385,30642,55078,51989,14886,36,45
2021-08-31T23:59:59+02:00,1437,1331,15295,14159,21002,19304,23097,22648,26868,27513,30110,31070,21359,24356,15347,19237,4483,7792,1024,910,13575,12652,19573,17839,21825,21253,25597,26096,28909,29813,20705,23617,14917,18619,4311,7496,224140,211287,32384,30642,55077,51984,14773,36,45
2021-08-30T23:59:59+02:00,1414,1312,15227,14113,20954,19248,23065,22609,26831,27480,30077,31040,21346,24347,15343,19228,4481,7785,1019,895,13518,12610,19527,17788,21792,21228,25567,26059,28875,29788,20694,23602,14907,18610,4310,7492,223775,210985,32384,30639,55077,51982,14630,36,45
2021-08-29T23:59:59+02:00,1398,1300,15183,14069,20915,19217,23041,22585,26813,27456,30059,31025,21342,24338,15343,19226,4481,7784,1008,887,13465,12565,19504,17766,21765,21208,25546,26040,28862,29771,20686,23594,14904,18606,4308,7491,223486,210716,32383,30639,55077,51981,14595,36,45
2021-08-28T23:59:59+02:00,1398,1300,15177,14066,20904,19210,23035,22581,26810,27447,30056,31024,21341,24338,15343,19226,4481,7784,1008,887,13458,12561,19493,17759,21759,21204,25543,26031,28859,29770,20685,23594,14904,18606,4308,7491,223486,210714,32383,30639,55077,51981,14541,36,45
2021-08-27T23:59:59+02:00,1389,1293,15146,14038,20877,19194,23002,22565,26784,27435,30040,31004,21335,24330,15339,19225,4478,7781,1002,882,13429,12529,19457,17742,21731,21183,25515,26018,28842,29752,20679,23585,14901,18605,4307,7491,223349,210572,32383,30638,55074,51980,14415,36,45
2021-08-26T23:59:59+02:00,1376,1276,15101,13993,20830,19155,22972,22527,26751,27396,30008,30967,21320,24314,15332,19217,4475,7773,990,871,13360,12468,19380,17685,21671,21125,25459,25970,28802,29716,20666,23564,14891,18592,4306,7487,223055,210283,32364,30513,55074,51906,14256,36,45
2021-08-25T23:59:59+02:00,1331,1231,14956,13869,20717,19060,22892,22434,26672,27312,29950,30911,21297,24288,15322,19207,4471,7767,962,841,13237,12384,19295,17607,21604,21053,25389,25916,28756,29673,20639,23543,14883,18578,4305,7484,222198,209708,32348,30465,55074,51898,14034,35,44
2021-08-24T23:59:59+02:00,1307,1207,14892,13818,20675,19008,22837,22387,26636,27276,29920,30880,21280,24273,15316,19197,4470,7766,937,820,13141,12322,19234,17526,21567,21001,25345,25873,28726,29635,20621,23523,14876,18566,4303,7479,221778,209223,32318,30407,55074,51883,13942,35,40
2021-08-23T23:59:59+02:00,1289,1188,14824,13780,20635,18979,22809,22361,26601,27256,29895,30853,21261,24259,15311,19184,4469,7765,911,795,13025,12244,19171,17466,21514,20952,25305,25818,28681,29592,20602,23506,14869,18554,4300,7479,221468,208702,32302,30317,55074,51883,13842,35,40
2021-08-22T23:59:59+02:00,1280,1180,14809,13760,20619,18959,22797,22341,26586,27241,29878,30849,21254,24255,15309,19176,4467,7764,888,778,12966,12175,19118,17432,21485,20917,25284,25792,28655,29570,20594,23494,14868,18550,4300,7479,221293,208376,32283,30208,55074,51880,13841,35,40
2021-08-21T23:59:59+02:00,1280,1180,14800,13750,20608,18951,22787,22335,26582,27236,29867,30842,21254,24253,15309,19176,4467,7764,888,778,12956,12165,19108,17424,21477,20911,25278,25787,28645,29563,20594,23492,14868,18550,4300,7479,221288,208372,32283,30208,55074,51880,13763,35,40
2021-08-20T23:59:59+02:00,1273,1175,14770,13716,20573,18921,22764,22312,26556,27214,29850,30826,21251,24244,15307,19170,4467,7764,887,777,12937,12151,19083,17404,21459,20890,25264,25770,28626,29544,20590,23486,14867,18547,4300,7479,221094,208266,32283,30206,55074,51880,13669,35,40
2021-08-19T23:59:59+02:00,1254,1160,14711,13667,20533,18892,22733,22277,26533,27185,29825,30802,21240,24236,15304,19165,4466,7761,858,764,12804,12032,18994,17326,21373,20832,25193,25703,28566,29494,20569,23473,14861,18538,4298,7476,220788,207628,32251,30070,55074,51818,13598,35,40
2021-08-18T23:59:59+02:00,1231,1141,14628,13577,20418,18830,22657,22215,26466,27128,29767,30744,21215,24216,15298,19153,4464,7758,830,743,12664,11913,18856,17243,21275,20742,25106,25620,28483,29425,20537,23428,14850,18523,4297,7471,220375,207017,32233,29946,55072,51810,13193,35,40
2021-08-17T23:59:59+02:00,1220,1128,14588,13539,20376,18784,22621,22181,26431,27100,29751,30724,21203,24202,15287,19144,4460,7757,809,719,12556,11830,18775,17182,21197,20680,25054,25567,28447,29384,20518,23413,14841,18510,4295,7469,220091,206486,32198,29817,55072,51802,13102,35,39
2021-08-16T23:59:59+02:00,1208,1117,14540,13490,20340,18755,22592,22148,26410,27072,29717,30693,21190,24191,15280,19132,4458,7755,781,705,12460,11731,18684,17110,21127,20595,24989,25508,28380,29321,20495,23391,14831,18492,4294,7466,219822,205864,32196,29692,55072,51801,12965,35,38
2021-08-15T23:59:59+02:00,1198,1104,14503,13464,20310,18725,22564,22129,26397,27056,29707,30679,21185,24179,15275,19130,4457,7753,757,689,12397,11663,18633,17080,21076,20556,24953,25464,28361,29299,20485,23378,14827,18486,4292,7464,219598,205415,32196,29691,55072,51800,12916,35,38
2021-08-14T23:59:59+02:00,1198,1103,14496,13460,20301,18719,22555,22122,26383,27049,29702,30671,21182,24177,15274,19129,4457,7753,757,689,12389,11659,18623,17072,21066,20549,24939,25457,28356,29290,20482,23377,14826,18485,4292,7464,219597,205413,32195,29687,55072,51800,12834,35,38
2021-08-13T23:59:59+02:00,1195,1100,14487,13451,20287,18709,22543,22117,26376,27039,29686,30663,21173,24172,15273,19129,4457,7753,754,688,12374,11647,18612,17063,21053,20540,24933,25441,28342,29286,20476,23370,14824,18485,4292,7463,219540,205347,32194,29687,55072,51800,12771,35,38
2021-08-12T23:59:59+02:00,1175,1078,14430,13395,20244,18669,22519,22082,26349,27010,29655,30642,21161,24153,15269,19122,4457,7748,727,662,12208,11503,18475,16952,20960,20457,24852,25356,28275,29230,20455,23338,14811,18473,4289,7457,219215,204552,32182,29502,55072,51731,12657,34,38
2021-08-11T23:59:59+02:00,1159,1056,14360,13331,20201,18615,22475,22043,26316,26985,29627,30602,21147,24136,15266,19111,4454,7744,703,640,12070,11364,18391,16862,20880,20383,24803,25283,28232,29166,20422,23311,14804,18462,4287,7452,218811,203650,32109,29497,55072,51726,12604,34,38
2021-08-10T23:59:59+02:00,1144,1038,14280,13256,20145,18568,22439,21999,26284,26954,29593,30573,21133,24127,15266,19103,4453,7742,684,618,11953,11245,18292,16791,20814,20317,24751,25225,28187,29114,20395,23283,14790,18444,4286,7446,218389,202895,32077,29474,55072,51701,12527,34,38
2021-08-09T23:59:59+02:00,1127,1019,14195,13194,20064,18512,22391,21951,26233,26910,29556,30539,21115,24110,15260,19094,4448,7740,639,577,11771,11083,18122,16695,20689,20235,24656,25129,28108,29038,20359,23243,14776,18432,4283,7437,217943,201907,32056,29366,55071,51606,12356,34,37
2021-08-08T23:59:59+02:00,1113,1012,14152,13155,20043,18476,22365,21931,26218,26890,29540,30525,21108,24104,15257,19090,4447,7739,613,558,11688,10997,18034,16611,20623,20177,24593,25082,28062,28994,20337,23220,14763,18421,4283,7433,217713,201251,32025,29288,55070,51588,12325,34,37
2021-08-07T23:59:59+02:00,1113,1012,14137,13150,20033,18471,22359,21926,26206,26876,29525,30513,21106,24100,15253,19085,4446,7739,613,557,11674,10991,18017,16607,20617,20171,24580,25067,28045,28982,20335,23216,14759,18416,4282,7433,217711,201236,32024,29287,55069,51588,12214,34,37
2021-08-06T23:59:59+02:00,1113,1012,14127,13138,20020,18452,22345,21911,26184,26867,29511,30502,21103,24096,15250,19083,4446,7738,613,557,11663,10977,17994,16585,20601,20154,24559,25058,28032,28970,20332,23212,14756,18414,4282,7433,217703,201207,32020,29287,55069,51587,12074,34,37
2021-08-05T23:59:59+02:00,1101,993,14055,13096,19969,18417,22302,21868,26148,26810,29483,30478,21089,24081,15242,19074,4444,7735,578,527,11488,10868,17880,16485,20490,20056,24453,24968,27963,28921,20306,23187,14745,18400,4279,7431,217385,200419,31976,29196,55066,51447,11926,34,37
2021-08-04T23:59:59+02:00,1085,976,13991,13027,19865,18333,22236,21809,26106,26768,29433,30430,21066,24063,15232,19061,4444,7732,540,493,11302,10693,17650,16343,20315,19930,24334,24844,27854,28823,20278,23154,14732,18388,4276,7429,217119,199373,31813,29136,55065,51204,11628,34,37
2021-08-03T23:59:59+02:00,1061,958,13921,12964,19826,18284,22202,21768,26070,26727,29398,30401,21050,24038,15222,19047,4441,7722,484,451,11117,10520,17474,16215,20174,19797,24185,24721,27734,28716,20235,23106,14715,18356,4274,7423,216742,197933,31785,29101,55064,51149,11477,34,37
2021-08-02T23:59:59+02:00,1037,938,13835,12897,19767,18226,22151,21728,26016,26666,29346,30351,21021,24007,15212,19027,4438,7720,458,421,10950,10350,17301,16091,20026,19684,24068,24607,27647,28614,20190,23053,14696,18337,4271,7413,216262,196744,31754,29052,55064,51073,11271,34,37
2021-08-01T23:59:59+02:00,1027,923,13774,12850,19731,18209,22131,21706,25991,26645,29327,30334,21012,23995,15208,19020,4438,7719,422,390,10805,10203,17142,15983,19876,19576,23924,24502,27539,28534,20176,23029,14687,18323,4271,7409,216023,195855,31705,28961,55064,50723,11215,34,37
2021-07-31T23:59:59+02:00,1027,923,13749,12841,19713,18201,22114,21695,25977,26633,29319,30323,21009,23990,15207,19019,4437,7719,421,390,10779,10190,17121,15969,19858,19563,23911,24490,27531,28523,20173,23024,14686,18322,4270,7409,216019,195834,31705,28961,55064,50723,11075,34,37
2021-07-30T23:59:59+02:00,1019,913,13688,12795,19667,18179,22084,21676,25947,26611,29292,30305,21002,23982,15201,19017,4435,7718,400,372,10692,10116,17056,15926,19799,19528,23844,24449,27484,28498,20158,23002,14677,18318,4267,7407,215840,195445,31701,28961,55064,50657,10893,34,37
2021-07-29T23:59:59+02:00,995,894,13582,12709,19603,18117,22012,21623,25896,26555,29239,30267,20985,23972,15194,19010,4435,7716,355,332,10424,9855,16754,15683,19504,19312,23540,24218,27232,28334,20103,22947,14665,18297,4267,7406,215395,193690,31628,28850,55064,49967,10684,34,37
2021-07-28T23:59:59+02:00,967,864,13451,12581,19477,18008,21926,21540,25815,26476,29162,30199,20962,23936,15181,18998,4433,7714,320,292,10133,9652,16494,15494,19244,19123,23312,24027,27077,28191,20055,22874,14646,18274,4264,7401,214741,192351,31593,28768,55060,49454,10263,34,37
2021-07-27T23:59:59+02:00,936,843,13333,12487,19412,17948,21860,21487,25749,26418,29122,30154,20947,23916,15176,18978,4432,7708,272,237,9878,9438,16241,15267,19016,18938,23118,23854,26914,28055,20013,22821,14624,18247,4258,7392,214146,190687,31538,28611,55059,49117,10131,33,37
2021-07-26T23:59:59+02:00,911,825,13228,12393,19358,17891,21786,21422,25700,26385,29067,30094,20918,23893,15158,18959,4432,7704,224,208,9642,9188,16000,15060,18768,18737,22890,23687,26763,27928,19942,22760,14596,18211,4253,7386,213539,188928,31467,28510,55058,48739,10029,32,37
2021-07-25T23:59:59+02:00,892,814,13153,12322,19278,17841,21728,21370,25660,26337,29030,30048,20901,23876,15151,18953,4429,7703,201,188,9455,9047,15800,14907,18564,18596,22722,23576,26614,27808,19892,22712,14579,18198,4250,7383,213237,188016,31404,28359,55058,48324,9756,32,37
2021-07-24T23:59:59+02:00,892,814,13143,12313,19268,17834,21717,21365,25645,26330,29025,30042,20897,23875,15150,18952,4429,7703,201,188,9445,9033,15790,14900,18550,18590,22706,23566,26608,27800,19889,22709,14578,18197,4250,7383,213234,187997,31402,28356,55058,48324,9669,32,37
2021-07-23T23:59:59+02:00,884,813,13077,12276,19191,17800,21677,21332,25610,26291,28992,30006,20882,23858,15142,18948,4427,7700,201,187,9392,9005,15707,14856,18496,18549,22656,23525,26564,27761,19872,22692,14571,18191,4248,7380,213107,187834,31401,28350,55058,48323,9309,32,37
2021-07-22T23:59:59+02:00,872,799,12981,12194,19135,17732,21632,21303,25562,26244,28968,29983,20869,23840,15140,18942,4424,7698,147,144,9074,8731,15307,14608,18130,18294,22326,23278,26358,27626,19815,22636,14558,18169,4245,7375,212642,186007,31316,28096,55055,47407,9274,32,37
2021-07-21T23:59:59+02:00,850,771,12779,12026,18986,17608,21498,21204,25456,26141,28892,29912,20827,23805,15123,18919,4420,7693,124,124,8696,8417,14874,14283,17751,18021,21969,22946,26084,27415,19722,22548,14532,18131,4242,7366,212012,184105,31206,27747,55052,46747,8609,32,37
2021-07-20T23:59:59+02:00,820,746,12630,11891,18877,17522,21429,21128,25394,26076,28852,29861,20802,23772,15115,18903,4417,7690,94,97,8366,8110,14407,13946,17370,17746,21664,22716,25838,27228,19641,22439,14503,18096,4240,7360,211327,181949,31096,27584,55049,45870,8422,32,36
2021-07-19T23:59:59+02:00,791,719,12509,11774,18788,17451,21367,21069,25339,26022,28802,29824,20777,23743,15105,18889,4413,7684,73,66,8043,7856,14042,13692,17022,17497,21335,22512,25610,27086,19572,22363,14481,18074,4234,7354,210608,179907,30993,27425,55049,45159,8385,32,36
2021-07-18T23:59:59+02:00,773,700,12394,11666,18689,17373,21299,21015,25283,25968,28765,29770,20755,23723,15093,18878,4411,7682,60,55,7872,7703,13888,13569,16870,17374,21171,22400,25480,27004,19532,22323,14467,18058,4234,7351,210020,178972,30845,27319,55049,44792,8292,32,36
2021-07-17T23:59:59+02:00,773,700,12391,11666,18688,17370,21298,21015,25283,25968,28765,29770,20755,23723,15093,18878,4411,7682,60,55,7865,7702,13884,13564,16869,17373,21170,22399,25479,27002,19529,22322,14467,18058,4234,7351,210015,178950,30845,27318,55049,44790,8289,32,36
2021-07-16T23:59:59+02:00,766,695,12319,11612,18647,17339,21263,20988,25250,25945,28740,29751,20753,23720,15093,18876,4411,7682,56,52,7711,7601,13729,13494,16725,17314,21031,22340,25373,26954,19510,22302,14466,18052,4234,7348,209807,178497,30845,27245,55049,44396,8118,32,36
2021-07-15T23:59:59+02:00,751,675,12247,11540,18582,17280,21207,20940,25201,25904,28712,29723,20738,23703,15088,18867,4410,7679,54,49,7369,7284,13118,13087,16056,16890,20394,21969,24915,26642,19364,22161,14424,18006,4231,7341,209322,176260,30759,26342,55042,42623,8093,32,36
2021-07-14T23:59:59+02:00,722,655,12036,11403,18412,17171,21086,20844,25097,25801,28623,29623,20704,23670,15069,18851,4407,7676,46,38,6950,6930,12453,12634,15364,16402,19761,21511,24450,26301,19146,21935,14392,17958,4223,7330,208509,173435,30597,26003,55039,40676,7674,32,36
2021-07-13T23:59:59+02:00,678,620,11898,11270,18289,17086,20975,20749,25000,25706,28553,29557,20675,23631,15049,18841,4405,7666,36,27,6491,6506,11821,12134,14667,15899,19157,21100,24010,25974,18968,21719,14347,17897,4219,7321,207486,169774,30461,25830,55028,39014,7642,32,33
2021-07-12T23:59:59+02:00,644,589,11773,11133,18174,16997,20881,20641,24900,25607,28472,29490,20649,23597,15041,18829,4400,7659,32,21,6077,6093,11212,11599,14043,15363,18601,20608,23591,25612,18771,21529,14282,17839,4210,7317,206468,166088,30333,25004,55025,38056,7619,32,33
2021-07-11T23:59:59+02:00,608,562,11658,11041,18110,16934,20824,20585,24846,25560,28415,29441,20630,23577,15032,18820,4400,7658,29,20,5887,5922,10957,11397,13809,15163,18356,20419,23383,25426,18699,21447,14255,17813,4209,7311,205831,164697,30213,24533,55023,37634,7605,30,33
2021-07-10T23:59:59+02:00,607,561,11650,11040,18106,16932,20820,20584,24843,25559,28414,29441,20630,23577,15031,18818,4400,7658,29,20,5880,5921,10952,11390,13799,15159,18355,20417,23381,25424,18697,21446,14254,17813,4209,7311,205811,164667,30210,24532,55023,37627,7598,30,33
2021-07-09T23:59:59+02:00,579,538,11540,10913,18031,16848,20750,20523,24769,25483,28365,29396,20607,23557,15028,18808,4400,7657,29,19,5845,5887,10924,11356,13749,15138,18324,20386,23362,25402,18692,21436,14252,17810,4209,7310,204942,164435,30209,24482,55023,37591,7589,30,33
2021-07-08T23:59:59+02:00,544,510,11376,10777,17904,16745,20615,20421,24661,25355,28247,29317,20563,23509,15012,18779,4397,7649,26,16,5501,5628,10411,10960,13128,14688,17659,19826,22754,24934,18375,21045,14156,17727,4204,7300,204170,162123,30182,23675,54995,35502,7005,30,33
2021-07-07T23:59:59+02:00,484,458,11207,10630,17821,16658,20545,20353,24588,25277,28186,29253,20535,23473,15007,18767,4395,7641,21,16,5196,5338,9884,10509,12546,14207,16975,19305,22187,24434,18062,20681,14054,17630,4197,7277,203157,159660,30158,22210,54977,33659,6957,30,33
2021-07-06T23:59:59+02:00,443,424,11081,10480,17709,16564,20451,20250,24510,25184,28095,29174,20509,23433,14998,18750,4393,7638,14,10,4797,4911,9282,9992,11835,13605,16266,18690,21672,23941,17743,20375,13954,17514,4188,7267,202017,155470,30152,21267,54968,32366,6920,30,33
2021-07-05T23:59:59+02:00,421,397,10994,10390,17617,16492,20371,20178,24450,25133,28054,29137,20485,23412,14986,18742,4392,7635,11,9,4510,4591,8785,9542,11275,13052,15556,18045,21049,23334,17349,19978,13821,17356,4180,7259,201274,151576,30149,20587,54959,30631,6875,30,33
2021-07-04T23:59:59+02:00,408,391,10921,10335,17551,16438,20321,20128,24419,25097,28038,29119,20476,23401,14981,18739,4391,7634,11,9,4364,4501,8655,9375,11083,12877,15312,17833,20783,23062,17077,19687,13761,17264,4176,7255,200796,150256,30143,20281,54958,29653,6862,30,33
2021-07-03T23:59:59+02:00,406,390,10913,10324,17541,16432,20319,20124,24418,25097,28035,29118,20476,23400,14981,18739,4391,7634,11,9,4359,4493,8648,9371,11080,12877,15308,17833,20780,23059,17077,19684,13761,17264,4176,7255,200769,150243,30141,20281,54958,29647,6841,30,33
2021-07-02T23:59:59+02:00,363,327,10769,10214,17425,16331,20215,20048,24344,25033,27972,29059,20450,23374,14975,18725,4391,7631,11,9,4272,4414,8486,9235,10944,12765,15186,17725,20668,22955,17035,19653,13754,17249,4176,7252,199887,149256,30141,20280,54958,29589,6631,30,33
2021-07-01T23:59:59+02:00,316,284,10636,10079,17298,16238,20091,19958,24260,24958,27908,29007,20430,23350,14959,18710,4388,7627,11,7,4067,4215,8185,8901,10574,12354,14617,17225,20158,22416,16747,19354,13546,17035,4166,7230,198812,146195,30083,19597,54952,28362,6621,30,33
2021-06-30T23:59:59+02:00,233,223,10382,9839,17124,16088,19957,19828,24144,24834,27829,28918,20408,23318,14940,18692,4387,7626,11,6,3872,4022,7883,8565,10166,11891,14127,16669,19584,21782,16424,19010,13273,16757,4153,7203,197162,142517,30028,19347,54944,26894,6607,30,33
2021-06-29T23:59:59+02:00,189,186,10234,9664,16988,15992,19854,19736,24076,24758,27771,28849,20381,23291,14926,18672,4387,7622,10,6,3670,3764,7485,8113,9691,11356,13472,15999,18970,21080,16105,18683,13025,16467,4146,7189,196011,138239,30023,19048,54940,25337,6574,29,33
2021-06-28T23:59:59+02:00,140,134,10040,9480,16862,15887,19750,19633,23981,24663,27703,28787,20351,23261,14912,18653,4385,7620,9,5,3469,3509,7086,7671,9253,10864,12923,15462,18472,20562,15854,18417,12906,16334,4140,7178,194827,134403,29909,18624,54937,24513,6541,29,33
2021-06-27T23:59:59+02:00,122,117,9901,9369,16804,15827,19689,19583,23922,24612,27676,28762,20339,23245,14909,18649,4384,7617,9,5,3379,3444,6910,7475,9063,10665,12694,15222,18210,20303,15731,18312,12841,16247,4140,7174,194194,133213,29850,18278,54933,23778,6522,29,33
2021-06-26T23:59:59+02:00,122,117,9900,9363,16802,15823,19686,19582,23920,24611,27676,28762,20339,23245,14909,18649,4384,7617,9,5,3377,3443,6907,7474,9060,10664,12691,15219,18208,20302,15728,18311,12841,16245,4140,7174,194177,133193,29849,18278,54933,23773,6521,28,33
2021-06-25T23:59:59+02:00,118,114,9853,9323,16761,15789,19652,19551,23884,24583,27652,28743,20333,23238,14907,18646,4384,7617,9,5,3356,3397,6834,7363,8964,10509,12576,15022,18062,20094,15704,18282,12833,16242,4139,7173,193853,133010,29814,17925,54933,23075,6521,28,33
2021-06-24T23:59:59+02:00,108,103,9724,9200,16577,15662,19518,19427,23762,24494,27594,28682,20319,23222,14900,18637,4383,7615,8,5,3230,3255,6616,7031,8651,10055,12042,14398,17508,19385,15480,18050,12685,16110,4136,7161,193013,130606,29473,17067,54932,21618,6482,28,33
2021-06-23T23:59:59+02:00,102,98,9595,9064,16435,15536,19400,19324,23665,24389,27527,28635,20304,23200,14896,18632,4380,7614,8,5,3027,3018,6260,6549,8150,9486,11339,13573,16743,18403,15184,17708,12535,15968,4126,7136,192093,126051,29309,16091,54921,20599,6445,28,32
2021-06-22T23:59:59+02:00,71,72,9306,8760,16203,15337,19214,19173,23519,24264,27456,28551,20279,23174,14888,18613,4376,7608,8,5,2793,2734,5778,6003,7526,8724,10425,12531,15723,17200,14886,17350,12428,15844,4113,7113,190404,119620,29104,15600,54917,19524,6412,27,28
2021-06-21T23:59:59+02:00,67,64,9180,8604,16028,15185,19024,19020,23388,24141,27395,28473,20255,23145,14883,18603,4376,7604,8,5,2646,2542,5397,5542,7063,8141,9695,11655,14994,16268,14607,17037,12320,15724,4108,7096,189203,114927,28882,15042,54914,18442,6409,27,28
2021-06-20T23:59:59+02:00,64,62,9042,8477,15891,15067,18913,18933,23315,24070,27355,28422,20244,23124,14872,18596,4373,7603,8,5,2587,2474,5226,5361,6848,7875,9388,11321,14628,15863,14472,16903,12280,15687,4103,7090,188312,113220,28766,14809,54913,17657,6405,27,28
2021-06-19T23:59:59+02:00,64,62,9041,8471,15887,15058,18910,18933,23313,24069,27355,28421,20244,23124,14872,18596,4373,7603,8,5,2584,2473,5225,5356,6847,7873,9387,11320,14626,15859,14470,16903,12280,15687,4103,7090,188289,113201,28763,14806,54912,17656,6405,27,28
2021-06-18T23:59:59+02:00,64,58,9010,8458,15874,15049,18895,18925,23306,24060,27349,28416,20244,23121,14871,18596,4373,7603,8,5,2556,2440,5170,5297,6769,7773,9288,11163,14456,15630,14391,16802,12269,15665,4101,7087,188167,112415,28762,14805,54911,17217,6405,27,28
2021-06-17T23:59:59+02:00,57,55,8828,8296,15642,14881,18695,18767,23149,23928,27213,28323,20220,23100,14864,18584,4371,7600,8,5,2415,2292,4847,5000,6380,7370,8741,10559,13628,14756,14154,16507,12196,15542,4097,7076,186825,109541,28757,13851,54904,16093,6060,27,28
2021-06-16T23:59:59+02:00,49,53,8601,8083,15409,14653,18484,18566,22957,23759,27107,28213,20191,23057,14850,18564,4367,7594,8,5,2301,2185,4604,4797,6025,7027,8211,10072,12909,13915,13804,16124,12111,15453,4092,7064,185041,106083,28654,13050,54901,15612,5934,27,28
2021-06-15T23:59:59+02:00,40,40,8257,7751,15032,14295,18163,18279,22704,23548,26947,28080,20161,23023,14837,18549,4365,7583,8,5,2121,2016,4256,4447,5520,6464,7329,9181,11716,12635,13263,15506,11990,15290,4077,7041,182447,99843,28618,12384,54899,14947,5663,27,28
2021-06-14T23:59:59+02:00,34,35,8077,7586,14774,14061,17960,18106,22552,23426,26835,27998,20138,22990,14824,18541,4361,7575,6,5,2008,1893,3999,4197,5134,5993,6671,8459,10792,11580,12946,15158,11919,15196,4067,7022,180865,95007,28594,12023,54896,14496,5491,27,28
2021-06-13T23:59:59+02:00,34,35,8003,7531,14690,13971,17844,17995,22469,23348,26806,27968,20125,22979,14820,18535,4361,7575,4,5,1965,1867,3917,4100,5016,5853,6438,8220,10498,11247,12789,14980,11861,15139,4066,7021,180107,93630,28583,11731,54892,14117,5480,27,28
2021-06-12T23:59:59+02:00,34,35,8002,7530,14690,13969,17844,17995,22467,23347,26805,27965,20124,22978,14820,18535,4361,7575,4,5,1964,1865,3915,4100,5014,5852,6435,8215,10495,11241,12786,14979,11861,15137,4066,7021,180095,93608,28583,11731,54891,14108,5480,27,28
2021-06-11T23:59:59+02:00,34,34,7937,7489,14601,13922,17767,17944,22398,23313,26761,27942,20122,22974,14820,18534,4361,7575,4,5,1948,1852,3880,4042,4970,5785,6374,8132,10395,11136,12746,14944,11850,15131,4066,7021,179757,93391,28506,11724,54890,13790,5348,27,28
2021-06-10T23:59:59+02:00,29,27,7597,7193,14206,13558,17333,17569,22068,23033,26565,27761,20078,22929,14807,18516,4358,7563,2,5,1848,1770,3665,3876,4693,5511,6048,7764,9776,10525,12226,14285,11780,15023,4058,7014,177162,90224,28008,11343,54878,13161,5115,27,26
2021-06-09T23:59:59+02:00,28,24,7232,6844,13743,13126,16817,17105,21678,22664,26348,27547,20005,22859,14789,18481,4355,7555,2,5,1685,1655,3471,3696,4438,5243,5660,7356,8999,9808,11561,13448,11661,14883,4048,7002,173924,85973,27465,10710,54865,12993,4919,27,26
2021-06-08T23:59:59+02:00,23,20,6858,6440,13230,12639,16349,16635,21319,22323,26132,27344,19948,22779,14758,18446,4352,7548,2,5,1595,1580,3251,3465,4118,4890,5150,6867,8114,8885,10676,12371,11517,14725,4044,6987,170514,80315,26971,10413,54856,12714,4775,27,25
2021-06-07T23:59:59+02:00,20,17,6583,6158,12794,12263,15951,16236,20993,22026,25969,27188,19911,22725,14737,18426,4345,7542,2,5,1534,1509,3060,3293,3843,4662,4750,6490,7399,8131,9763,11223,11405,14579,4033,6969,167954,75572,26546,10040,54835,12491,4522,27,25
2021-06-06T23:59:59+02:00,20,17,6442,6026,12651,12109,15789,16079,20826,21863,25882,27102,19891,22688,14726,18416,4344,7538,2,5,1519,1486,2987,3252,3750,4597,4642,6410,7257,8000,9505,10955,11359,14530,4030,6964,166728,74889,26440,9618,54814,12318,4400,27,25
2021-06-05T23:59:59+02:00,20,17,6433,6022,12636,12095,15779,16070,20823,21858,25882,27099,19891,22688,14726,18416,4344,7538,2,5,1517,1484,2984,3251,3749,4596,4639,6410,7252,7994,9497,10950,11359,14530,4030,6964,166668,74858,26428,9616,54814,12314,4400,27,25
2021-06-04T23:59:59+02:00,20,17,6400,5982,12574,12046,15719,16021,20795,21826,25862,27082,19887,22682,14723,18416,4344,7538,2,5,1516,1478,2972,3239,3730,4581,4629,6396,7215,7951,9465,10880,11321,14489,4029,6963,166565,74581,26170,9603,54789,12269,4383,27,25
2021-06-03T23:59:59+02:00,20,15,6167,5759,12274,11796,15395,15710,20463,21488,25605,26869,19841,22608,14703,18396,4343,7534,1,4,1474,1435,2897,3173,3633,4502,4519,6296,7015,7768,9088,10431,11270,14415,4029,6958,164084,73283,25923,9304,54787,12131,4165,27,25
2021-06-02T23:59:59+02:00,20,15,6101,5701,12203,11731,15322,15643,20391,21426,25588,26845,19837,22605,14700,18393,4342,7533,1,4,1460,1424,2880,3160,3616,4487,4483,6279,6980,7730,9007,10320,11261,14390,4028,6957,163730,72916,25740,9295,54786,12121,4113,27,22
2021-06-01T23:59:59+02:00,16,15,5647,5208,11470,11033,14497,14909,19673,20761,25177,26462,19747,22515,14666,18346,4334,7525,1,4,1346,1318,2584,2889,3237,4154,3995,5820,6150,6926,7815,8693,11017,14043,4014,6940,158695,67502,25088,8388,54758,11603,3433,27,20
2021-05-31T23:59:59+02:00,14,15,5399,4911,11026,10606,13969,14415,19196,20264,24870,26123,19655,22429,14628,18300,4325,7509,1,4,1286,1263,2429,2754,3034,3984,3710,5528,5592,6393,6798,7407,10773,13723,4005,6906,155235,63461,24393,7466,54752,11396,3247,27,20
2021-05-30T23:59:59+02:00,14,15,5321,4835,10838,10483,13803,14237,18847,19940,24627,25875,19624,22399,14620,18280,4324,7507,1,4,1266,1249,2402,2720,2986,3938,3642,5472,5489,6303,6625,7176,10736,13648,4002,6896,153738,62721,23887,7403,54724,11198,3213,27,20
2021-05-29T23:59:59+02:00,14,15,5318,4835,10838,10479,13798,14234,18847,19939,24626,25873,19624,22399,14620,18280,4324,7507,1,4,1265,1245,2401,2717,2984,3935,3642,5470,5488,6301,6620,7173,10736,13648,4002,6896,153720,62711,23887,7400,54723,11184,3213,27,20
2021-05-28T23:59:59+02:00,14,15,5302,4821,10817,10441,13773,14215,18830,19922,24617,25863,19622,22397,14618,18277,4324,7506,1,4,1260,1245,2400,2710,2983,3933,3635,5464,5474,6285,6603,7156,10727,13626,4001,6892,153532,62607,23885,7400,54719,11161,3211,27,20
2021-05-27T23:59:59+02:00,11,14,5009,4542,10292,9986,13186,13685,18140,19308,24036,25327,19523,22282,14585,18231,4313,7494,1,3,1096,1105,2115,2517,2683,3642,3340,5108,5145,6005,6303,6739,10498,13342,3996,6876,150273,60751,22894,7363,54612,10223,2158,27,19
2021-05-26T23:59:59+02:00,11,14,4748,4289,9860,9608,12668,13164,17526,18698,23401,24651,19398,22132,14538,18176,4307,7477,1,3,1017,1024,1955,2364,2483,3443,3078,4864,4757,5653,5746,6089,10123,12807,3980,6840,146181,57600,22136,7325,54490,9451,1832,27,19
2021-05-25T23:59:59+02:00,11,13,4533,4062,9448,9135,12211,12658,16989,18121,22881,24012,19266,21960,14506,18097,4298,7463,1,3,970,979,1893,2275,2374,3307,2906,4660,4411,5276,5161,5356,9671,12207,3964,6815,142145,54044,21303,7310,54359,9026,1830,27,19
2021-05-24T23:59:59+02:00,11,13,4420,3905,9239,8931,12007,12399,16687,17801,22552,23609,19190,21881,14491,18077,4296,7462,1,3,953,930,1832,2234,2299,3246,2819,4578,4289,5160,5015,5196,9580,12080,3961,6807,140641,53334,20346,7256,54182,8600,1775,27,18
2021-05-23T23:59:59+02:00,11,13,4409,3905,9233,8928,11995,12389,16676,17794,22536,23588,19185,21876,14490,18075,4296,7462,1,3,952,925,1830,2229,2295,3244,2812,4574,4282,5143,5008,5182,9573,12067,3960,6806,140535,53257,20343,7243,54181,8594,1775,27,17
2021-05-22T23:59:59+02:00,11,13,4405,3902,9229,8924,11987,12383,16672,17790,22534,23586,19185,21876,14490,18075,4296,7462,1,3,952,925,1829,2227,2292,3244,2811,4574,4282,5141,5006,5181,9572,12067,3960,6806,140506,53251,20343,7243,54169,8587,1775,27,17
2021-05-21T23:59:59+02:00,11,13,4373,3865,9157,8848,11914,12296,16581,17715,22470,23518,19166,21858,14486,18068,4296,7460,1,3,906,915,1797,2216,2259,3234,2781,4549,4234,5112,4982,5157,9559,12060,3959,6805,139850,53181,20343,7243,54150,8363,1725,27,17
2021-05-20T23:59:59+02:00,8,12,4118,3686,8711,8490,11432,11882,15910,17211,21889,22938,18981,21690,14454,18028,4291,7449,1,3,759,852,1541,2055,2017,3076,2540,4329,3985,4878,4825,4994,9443,11915,3951,6781,136451,52452,19969,7144,53731,7330,1002,27,17
2021-05-19T23:59:59+02:00,8,12,3876,3446,8217,8025,10852,11337,15239,16502,21212,22215,18780,21459,14413,17978,4285,7431,1,3,711,805,1480,1975,1940,2974,2474,4202,3843,4718,4649,4781,9240,11685,3931,6752,131060,51372,19787,7011,53432,6782,982,26,17
2021-05-18T23:59:59+02:00,7,11,3587,3183,7676,7493,10125,10641,14278,15563,20269,21158,18519,21175,14358,17918,4279,7409,1,3,656,757,1426,1887,1864,2863,2344,4061,3667,4516,4378,4491,9038,11435,3918,6725,124029,50143,19690,6810,52994,6151,910,26,16
2021-05-17T23:59:59+02:00,7,11,3397,2975,7219,7027,9621,10101,13549,14775,19583,20359,18333,20913,14311,17852,4268,7394,1,3,600,702,1345,1824,1789,2782,2233,3985,3530,4403,4132,4260,8893,11222,3905,6696,118794,49338,19451,6597,52530,5460,894,26,16
2021-05-16T23:59:59+02:00,7,10,3267,2902,7013,6852,9417,9886,13295,14540,19354,20129,18256,20834,14297,17833,4267,7388,1,3,587,656,1305,1775,1745,2720,2195,3892,3465,4320,4041,4158,8872,11194,3903,6694,117171,49189,19212,6429,52248,5002,890,26,16
2021-05-15T23:59:59+02:00,7,10,3266,2899,7006,6843,9415,9880,13292,14538,19351,20119,18254,20833,14297,17833,4267,7388,1,3,587,656,1302,1773,1741,2719,2193,3892,3464,4320,4039,4156,8872,11194,3903,6693,117126,49180,19212,6428,52246,4996,888,26,16
2021-05-14T23:59:59+02:00,7,10,3226,2854,6891,6699,9284,9742,13141,14356,19180,19984,18230,20808,14296,17825,4266,7385,1,3,567,643,1281,1750,1710,2697,2159,3866,3419,4282,3988,4101,8865,11187,3903,6692,116718,49140,18464,6275,52161,4868,815,26,16
2021-05-13T23:59:59+02:00,7,10,3109,2695,6566,6379,8847,9345,12592,13874,18578,19386,18102,20664,14263,17788,4261,7383,0,2,534,619,1229,1694,1654,2624,2072,3760,3270,4162,3884,3964,8842,11167,3900,6688,113838,49045,17769,5884,51555,4460,662,25,14
2021-05-12T23:59:59+02:00,7,10,3082,2664,6533,6341,8799,9292,12452,13761,18394,19182,18069,20630,14255,17778,4261,7383,0,2,533,617,1228,1690,1648,2621,2062,3754,3256,4154,3871,3950,8834,11161,3900,6687,113126,49016,17545,5857,51537,4421,660,25,14
2021-05-11T23:59:59+02:00,5,10,2694,2406,5739,5845,7828,8481,11057,12594,16829,17707,17564,20067,14171,17673,4242,7360,0,2,496,557,1099,1585,1483,2465,1876,3575,3035,3891,3764,3836,8765,11068,3895,6682,105726,48779,16922,5660,49465,3486,135,24,14
2021-05-10T23:59:59+02:00,5,8,2509,2240,5262,5465,7135,7857,10030,11678,15533,16337,17184,19615,14108,17559,4234,7336,0,2,472,532,1054,1546,1440,2413,1816,3472,2916,3760,3682,3763,8726,11020,3891,6678,99921,48661,16011,5429,48007,2947,132,24,14
2021-05-09T23:59:59+02:00,5,8,2428,2208,5125,5381,6949,7738,9619,11340,14987,15810,17065,19475,14088,17531,4231,7331,0,2,457,514,1021,1489,1369,2329,1757,3350,2804,3606,3596,3670,8703,10988,3888,6675,98345,48575,15423,5159,47398,2341,129,24,14
2021-05-08T23:59:59+02:00,5,8,2424,2207,5124,5381,6949,7735,9614,11336,14986,15809,17065,19475,14088,17531,4231,7331,0,2,456,513,1020,1489,1369,2328,1757,3350,2803,3605,3594,3670,8702,10988,3888,6675,98329,48569,15421,5159,47396,2338,129,24,14
2021-05-07T23:59:59+02:00,5,8,2253,2145,4853,5286,6585,7582,9165,11123,14543,15489,16888,19273,14076,17502,4231,7329,0,2,446,511,1009,1476,1354,2313,1722,3340,2754,3570,3548,3630,8623,10907,3888,6672,97622,48545,14902,4809,45663,2272,125,24,14
2021-05-06T23:59:59+02:00,5,8,2019,2013,4303,4940,5929,7208,8397,10564,13569,14666,16490,18823,14027,17408,4219,7316,0,2,416,463,968,1376,1267,2149,1616,3116,2531,3287,3370,3430,8444,10714,3879,6658,95040,48103,13667,4201,43117,1312,56,24,14
2021-05-05T23:59:59+02:00,5,8,1896,1904,4020,4715,5497,6837,7703,9974,12451,13610,15813,17986,13923,17306,4210,7292,0,2,408,450,955,1349,1239,2108,1581,3040,2471,3203,3319,3390,8365,10615,3873,6648,90628,47971,12346,4051,42112,940,40,24,14
2021-05-04T23:59:59+02:00,5,8,1810,1819,3754,4479,5090,6481,7040,9399,11231,12366,14895,16858,13814,17169,4206,7278,0,2,403,440,936,1329,1221,2065,1563,3001,2427,3148,3273,3342,8277,10504,3867,6634,84819,47831,11708,3851,41125,709,27,23,14
2021-05-03T23:59:59+02:00,4,8,1759,1765,3604,4354,4858,6269,6657,9068,10503,11631,14169,15878,13726,17054,4197,7261,0,2,397,430,931,1315,1206,2032,1542,2959,2394,3103,3220,3302,8162,10402,3862,6628,80392,47702,11503,3630,40825,520,22,23,13
2021-05-02T23:59:59+02:00,4,8,1749,1747,3530,4329,4775,6216,6587,9008,10386,11516,13983,15684,13694,17027,4196,7256,0,2,395,422,925,1300,1202,2015,1539,2946,2378,3086,3204,3284,8125,10370,3861,6624,79834,47681,11228,3532,40593,435,17,23,13
2021-05-01T23:59:59+02:00,4,8,1746,1747,3528,4328,4774,6215,6584,9006,10381,11512,13980,15684,13693,17026,4196,7253,0,2,394,422,925,1300,1201,2014,1539,2946,2378,3086,3204,3284,8125,10370,3861,6623,79806,47678,11228,3532,40592,435,16,23,13
2021-04-30T23:59:59+02:00,4,8,1744,1740,3522,4319,4767,6203,6563,8991,10343,11474,13929,15610,13667,16995,4195,7252,0,2,394,420,923,1298,1201,2014,1539,2946,2376,3084,3204,3282,8124,10368,3861,6623,79479,47671,11228,3531,40582,429,15,22,13
2021-04-29T23:59:59+02:00,4,7,1623,1699,3282,4204,4491,6049,6245,8740,9926,11081,13346,14906,13563,16839,4189,7244,0,2,385,409,914,1276,1181,1980,1515,2910,2347,3036,3190,3271,8111,10350,3858,6619,76694,47555,10842,3529,39868,243,14,20,13
2021-04-28T23:59:59+02:00,4,7,1498,1651,3108,4104,4256,5870,5889,8466,9339,10588,12469,13724,13407,16630,4180,7230,0,2,376,399,897,1263,1165,1951,1478,2866,2277,2966,3034,3135,7997,10234,3851,6608,72198,47130,10656,3115,39535,229,12,19,13
2021-04-27T23:59:59+02:00,4,7,1460,1607,3000,3984,4053,5727,5582,8208,8718,9918,11432,12413,13177,16273,4169,7208,0,2,364,383,887,1242,1150,1916,1451,2793,2230,2905,2995,3090,7970,10202,3844,6603,67389,46913,10469,2941,39052,148,12,18,13
2021-04-26T23:59:59+02:00,4,7,1436,1573,2888,3906,3881,5583,5271,7994,8226,9477,10677,11486,13033,16069,4158,7190,0,2,363,378,877,1231,1133,1905,1421,2772,2201,2874,2945,3038,7920,10152,3838,6598,63975,46809,10280,2687,38574,127,12,18,13
2021-04-25T23:59:59+02:00,4,7,1425,1567,2820,3874,3784,5523,5133,7947,8031,9371,10480,11251,12996,16015,4157,7185,0,2,362,373,868,1225,1115,1891,1406,2753,2178,2847,2903,3005,7872,10104,3837,6593,63466,46729,10078,2479,37997,101,12,17,13
2021-04-24T23:59:59+02:00,4,7,1424,1567,2820,3872,3783,5522,5131,7945,8027,9367,10473,11247,12996,16015,4157,7185,0,2,362,373,868,1224,1115,1888,1404,2752,2177,2847,2903,3005,7872,10104,3837,6593,63439,46723,10078,2478,37996,100,12,17,13
2021-04-23T23:59:59+02:00,4,7,1407,1556,2754,3838,3700,5492,5013,7897,7891,9307,10387,11135,12972,15974,4155,7181,0,2,361,373,867,1221,1115,1888,1403,2752,2177,2847,2902,3005,7871,10104,3837,6593,63306,46717,9798,2477,37537,99,12,17,13
2021-04-22T23:59:59+02:00,4,7,1365,1526,2646,3773,3539,5387,4780,7743,7538,9071,9813,10440,12704,15675,4149,7157,0,2,355,372,859,1212,1105,1875,1391,2726,2150,2826,2866,2972,7781,9995,3825,6576,61677,46305,9139,2468,36472,90,12,17,13
2021-04-21T23:59:59+02:00,4,7,1332,1489,2566,3696,3420,5285,4561,7563,7129,8743,8921,9407,12288,15096,4136,7115,0,2,350,370,854,1195,1096,1854,1373,2696,2119,2798,2806,2916,7665,9827,3807,6548,58941,45818,8270,2343,35518,90,12,17,13
2021-04-20T23:59:59+02:00,4,7,1309,1463,2494,3622,3320,5188,4388,7380,6744,8410,8028,8279,11822,14506,4122,7101,0,2,344,365,842,1182,1086,1832,1349,2673,2085,2755,2745,2859,7515,9639,3775,6493,56085,45096,7505,2337,34570,84,11,16,13
2021-04-19T23:59:59+02:00,4,7,1293,1446,2458,3585,3259,5121,4279,7277,6505,8177,7392,7503,11569,14150,4111,7083,0,2,342,363,837,1172,1080,1820,1326,2660,2051,2728,2690,2815,7398,9472,3752,6454,54132,44535,7131,2323,33929,80,11,16,13
2021-04-18T23:59:59+02:00,4,6,1283,1434,2426,3560,3219,5099,4226,7221,6369,8047,7039,7115,11475,14047,4108,7071,0,2,342,362,835,1168,1079,1812,1324,2647,2045,2723,2684,2801,7371,9439,3750,6450,53611,44409,6673,2321,33438,80,11,16,13
2021-04-17T23:59:59+02:00,4,6,1282,1432,2426,3558,3218,5095,4221,7218,6362,8037,7024,7105,11473,14045,4108,7071,0,2,342,362,834,1167,1079,1812,1322,2646,2044,2721,2681,2798,7370,9439,3750,6450,53589,44396,6671,2320,33399,80,11,15,12
2021-04-16T23:59:59+02:00,4,6,1279,1431,2415,3549,3210,5087,4202,7199,6311,8004,6947,7020,11461,14031,4106,7069,0,2,342,361,830,1165,1077,1812,1320,2645,2041,2721,2680,2791,7368,9437,3749,6450,53531,44372,6434,2316,33340,80,11,15,12
2021-04-15T23:59:59+02:00,2,4,1243,1411,2362,3500,3115,5028,4041,7070,6054,7771,6404,6463,11211,13742,4091,7037,0,2,335,359,811,1145,1038,1752,1275,2573,1967,2626,2600,2720,7280,9348,3739,6433,52443,43779,6043,2130,32037,74,11,15,9
2021-04-14T23:59:59+02:00,2,4,1222,1397,2327,3473,3046,4966,3933,6965,5864,7563,5761,5760,10817,13251,4059,6987,0,2,328,356,799,1136,1020,1725,1244,2532,1916,2574,2523,2650,7131,9153,3720,6407,51036,43116,5837,2007,30499,74,10,15,9
2021-04-13T23:59:59+02:00,2,4,1208,1387,2295,3442,2990,4902,3822,6884,5616,7342,5225,5214,10477,12837,4036,6959,0,2,307,342,780,1107,998,1704,1220,2496,1879,2533,2457,2584,7012,9016,3684,6346,50016,42428,5633,1950,28968,71,10,15,8
2021-04-12T23:59:59+02:00,2,4,1193,1381,2269,3419,2939,4857,3694,6803,5407,7193,4897,4920,10225,12556,4027,6935,0,2,291,338,767,1103,981,1688,1206,2473,1829,2486,2379,2523,6897,8875,3670,6324,49548,41851,5434,1901,27717,64,8,14,8
2021-04-11T23:59:59+02:00,2,4,1187,1368,2249,3399,2906,4837,3634,6732,5263,7084,4665,4720,10040,12357,4021,6924,0,2,284,336,762,1095,972,1673,1195,2445,1806,2454,2325,2464,6813,8767,3656,6304,49465,41436,5197,1839,26711,63,7,12,8
2021-04-10T23:59:59+02:00,2,4,1187,1367,2246,3395,2903,4833,3628,6729,5253,7072,4659,4711,10032,12344,4021,6924,0,2,281,332,746,1088,958,1668,1171,2425,1734,2402,2237,2378,6753,8720,3654,6300,49411,41265,5195,1509,26686,61,6,12,8
2021-04-09T23:59:59+02:00,2,4,1183,1364,2239,3393,2894,4823,3619,6718,5224,7048,4634,4683,10006,12314,4020,6924,0,2,272,329,726,1078,942,1647,1137,2378,1641,2326,2017,2109,6598,8559,3632,6267,49334,40410,5190,1175,26550,61,6,12,8
2021-04-08T23:59:59+02:00,2,4,1159,1344,2186,3337,2808,4733,3478,6588,4988,6815,4242,4275,9458,11740,4001,6870,0,2,247,308,674,1018,884,1574,1064,2282,1506,2206,1739,1772,6132,7997,3544,6121,48870,37834,4660,1172,24480,50,6,12,8
2021-04-07T23:59:59+02:00,2,4,1149,1330,2152,3319,2766,4695,3389,6525,4824,6681,3948,3972,8895,11188,3984,6841,0,2,214,279,614,963,823,1501,1005,2221,1400,2107,1598,1596,5532,7295,3455,5964,48657,35340,4184,1168,22807,49,4,12,8
2021-04-06T23:59:59+02:00,2,4,1127,1312,2108,3293,2727,4662,3324,6478,4698,6588,3692,3717,8404,10678,3968,6810,0,2,206,274,585,943,798,1453,959,2163,1317,2020,1451,1407,4944,6501,3340,5758,48461,32905,3647,1160,21469,46,3,12,7
2021-04-05T23:59:59+02:00,2,4,1124,1307,2102,3290,2717,4660,3309,6463,4675,6570,3660,3690,8374,10640,3964,6808,0,2,203,262,578,927,779,1429,943,2126,1277,1980,1404,1344,4729,6232,3292,5702,48371,31995,3641,1158,21332,46,3,12,7
2021-04-04T23:59:59+02:00,2,4,1124,1307,2102,3289,2717,4659,3309,6463,4674,6569,3655,3687,8372,10638,3964,6808,0,2,203,262,577,927,779,1429,943,2126,1277,1979,1404,1344,4728,6232,3292,5702,48365,31992,3640,1158,21323,46,3,12,7
2021-04-03T23:59:59+02:00,2,4,1124,1307,2101,3289,2717,4659,3309,6463,4674,6569,3654,3685,8372,10637,3964,6808,0,2,203,262,577,926,779,1429,943,2126,1277,1979,1404,1344,4728,6232,3292,5702,48364,31991,3639,1158,21320,46,3,12,7
2021-04-02T23:59:59+02:00,2,4,1124,1307,2101,3287,2717,4658,3308,6460,4674,6567,3651,3681,8370,10636,3964,6808,0,2,203,262,577,926,779,1427,943,2126,1277,1978,1404,1342,4726,6230,3291,5702,48346,31982,3639,1157,21319,46,3,12,7
2021-04-01T23:59:59+02:00,1,4,1111,1272,2036,3167,2609,4457,3159,6211,4516,6328,3607,3645,8270,10530,3953,6791,0,2,198,253,573,917,768,1421,933,2112,1254,1962,1383,1315,4486,5911,3171,5535,47975,30992,3633,1153,20044,39,3,12,7
2021-03-31T23:59:59+02:00,1,4,1094,1243,1997,3069,2533,4314,3069,5999,4385,6098,3522,3563,8117,10334,3933,6755,0,2,190,250,566,906,764,1403,921,2092,1213,1929,1327,1252,3992,5307,3043,5299,47368,29257,3506,1153,19141,38,3,12,5
2021-03-30T23:59:59+02:00,1,3,1072,1210,1945,2886,2431,4090,2919,5640,4184,5709,3428,3468,7953,10129,3906,6701,0,2,186,245,557,896,753,1381,899,2072,1165,1884,1241,1167,3464,4586,2817,4962,46729,27087,3340,1153,17591,29,3,12,5
2021-03-29T23:59:59+02:00,1,3,1055,1167,1882,2756,2347,3933,2781,5386,4021,5434,3328,3368,7791,9899,3877,6653,0,2,185,240,551,885,743,1367,881,2048,1128,1856,1166,1079,2879,3903,2639,4667,46083,25046,3105,1147,16480,19,2,12,5
2021-03-28T23:59:59+02:00,1,3,1036,1135,1811,2593,2265,3729,2660,5091,3869,5157,3263,3302,7726,9836,3873,6648,0,2,185,240,549,882,742,1365,879,2042,1125,1853,1157,1067,2824,3836,2626,4640,45976,24849,2896,1145,15112,14,2,12,4
2021-03-27T23:59:59+01:00,1,3,1036,1135,1811,2592,2264,3728,2657,5091,3866,5157,3259,3301,7725,9836,3873,6648,0,2,185,240,548,882,742,1365,878,2042,1122,1853,1157,1067,2824,3836,2626,4640,45967,24844,2896,1145,15107,14,2,11,4
2021-03-26T23:59:59+01:00,1,3,1031,1111,1769,2477,2200,3570,2594,4881,3780,4933,3238,3284,7722,9831,3872,6647,0,2,185,239,548,882,741,1365,878,2042,1122,1850,1153,1066,2821,3829,2625,4637,45940,24822,2893,1145,14098,12,2,11,4
2021-03-25T23:59:59+01:00,1,3,1006,1080,1718,2375,2117,3401,2485,4652,3668,4735,3136,3192,7594,9697,3865,6633,0,2,183,237,543,880,734,1355,872,2024,1105,1826,1107,1022,2592,3481,2425,4344,45681,23570,2555,1145,13112,12,1,9,4
2021-03-24T23:59:59+01:00,1,3,983,1060,1697,2332,2086,3351,2449,4585,3625,4665,3049,3121,7465,9525,3846,6615,0,2,183,233,537,875,727,1345,860,2009,1086,1805,1067,979,2196,2932,2032,3821,45140,21529,2425,1143,12883,12,1,9,4
2021-03-23T23:59:59+01:00,1,3,973,1054,1679,2300,2062,3317,2415,4541,3584,4615,2982,3048,7371,9423,3828,6587,0,2,181,230,533,870,720,1333,846,1990,1049,1773,985,888,1829,2441,1680,3355,44626,19579,2414,1109,12734,12,1,8,4
2021-03-22T23:59:59+01:00,1,3,971,1045,1665,2283,2048,3299,2393,4512,3547,4573,2938,3014,7308,9353,3814,6570,0,2,178,227,531,859,704,1310,832,1976,1020,1746,936,816,1351,1867,1325,2863,44292,17474,2392,1052,12644,12,1,8,4
2021-03-21T23:59:59+01:00,1,3,971,1045,1664,2280,2048,3296,2389,4508,3535,4565,2924,3005,7261,9298,3807,6564,0,2,178,224,529,857,703,1306,830,1972,1009,1741,913,797,1273,1782,1269,2794,44143,17171,2389,991,12623,12,1,8,4
2021-03-20T23:59:59+01:00,1,3,970,1044,1663,2279,2048,3296,2389,4508,3533,4563,2923,3004,7261,9297,3807,6564,0,2,178,224,529,857,703,1306,830,1972,996,1726,878,769,1241,1759,1260,2792,44141,17168,2385,837,12618,12,1,8,4
2021-03-19T23:59:59+01:00,1,3,969,1036,1656,2265,2037,3292,2387,4502,3526,4556,2913,2993,7249,9280,3806,6561,0,2,178,222,528,857,703,1304,830,1971,989,1721,834,730,1178,1707,1250,2781,44079,17124,2381,644,12563,12,1,8,4
2021-03-18T23:59:59+01:00,1,3,933,1004,1578,2151,1913,3123,2238,4253,3296,4305,2760,2836,6947,8915,3740,6460,0,2,177,221,523,852,696,1297,821,1960,966,1705,816,708,1101,1598,1105,2575,42683,16540,2070,566,11694,12,1,8,4
2021-03-17T23:59:59+01:00,1,3,880,972,1507,2091,1849,3057,2173,4193,3201,4210,2623,2702,6522,8421,3675,6345,0,2,176,219,520,847,694,1293,817,1955,961,1697,787,689,966,1445,949,2359,40908,15794,2066,565,11442,12,1,8,4
2021-03-16T23:59:59+01:00,1,3,855,948,1473,2050,1811,3007,2119,4138,3105,4112,2489,2543,6045,7769,3584,6194,0,0,170,216,515,846,690,1286,812,1946,954,1684,782,676,878,1319,805,2193,38907,15190,2005,565,11326,12,1,7,4
2021-03-15T23:59:59+01:00,1,3,838,942,1455,2026,1773,2951,2081,4067,3004,4003,2355,2372,5558,7226,3511,6077,0,0,169,215,515,838,688,1277,808,1936,944,1668,771,666,808,1207,649,1989,37134,14605,1904,527,11198,12,0,7,4
2021-03-14T23:59:59+01:00,1,3,833,927,1431,1999,1748,2922,2050,4008,2941,3934,2176,2175,5373,6999,3480,6044,0,0,169,215,514,835,686,1266,807,1929,941,1659,753,657,792,1188,625,1934,36109,14460,1803,503,11125,3,0,7,4
2021-03-13T23:59:59+01:00,1,3,825,920,1409,1987,1731,2909,2023,3980,2866,3886,2104,2101,5324,6944,3478,6043,0,0,169,215,514,834,686,1266,806,1929,941,1659,753,657,792,1188,625,1934,35854,14458,1555,503,11118,3,0,7,4
2021-03-12T23:59:59+01:00,1,3,801,904,1363,1929,1668,2811,1924,3829,2708,3719,1907,1862,5139,6719,3446,6000,0,0,169,215,513,834,686,1266,805,1929,941,1658,744,654,779,1173,617,1931,34523,14405,1311,502,10892,3,0,7,4
2021-03-11T23:59:59+01:00,1,3,767,845,1294,1844,1584,2662,1840,3628,2546,3547,1641,1552,4769,6247,3309,5817,0,0,160,208,507,825,676,1257,790,1893,921,1617,613,592,710,1130,597,1899,32405,13900,1210,490,10274,2,0,7,3
2021-03-10T23:59:59+01:00,1,3,752,793,1271,1788,1552,2604,1790,3557,2465,3458,1569,1463,4296,5702,3190,5563,0,0,160,206,498,804,658,1243,781,1873,914,1601,544,577,677,1121,590,1893,30584,13748,1204,387,10022,2,0,7,3
2021-03-09T23:59:59+01:00,1,3,738,772,1250,1758,1525,2558,1750,3506,2391,3406,1475,1365,3733,4946,2996,5253,0,0,157,204,492,783,648,1219,767,1841,902,1573,540,575,675,1116,587,1887,28394,13686,1201,275,9824,2,0,7,3
2021-03-08T23:59:59+01:00,0,3,734,744,1236,1737,1507,2538,1722,3467,2351,3363,1381,1263,3057,4114,2757,4882,0,0,153,201,478,760,626,1187,748,1791,878,1536,536,573,675,1115,587,1887,25922,13678,1201,50,9726,0,0,7,3
2021-03-07T23:59:59+01:00,0,3,731,740,1226,1727,1499,2523,1711,3459,2340,3355,1368,1247,2955,3992,2734,4833,0,0,153,201,478,760,626,1187,748,1791,878,1536,536,573,675,1115,587,1887,25569,13678,1199,50,9668,0,0,7,3
2021-03-06T23:59:59+01:00,0,3,730,740,1224,1722,1496,2520,1707,3456,2336,3354,1365,1247,2955,3992,2734,4833,0,0,152,201,478,760,626,1187,748,1791,878,1536,536,573,675,1115,587,1887,25564,13677,1199,50,9644,0,0,7,3
2021-03-05T23:59:59+01:00,0,3,669,716,1199,1707,1475,2510,1682,3441,2307,3344,1359,1244,2947,3985,2731,4828,0,0,152,201,478,759,626,1186,748,1791,878,1533,535,573,675,1115,587,1887,25536,13671,1194,50,9410,0,0,7,3
2021-03-04T23:59:59+01:00,0,3,603,669,1131,1637,1419,2427,1641,3360,2233,3266,1308,1196,2726,3619,2545,4540,0,0,150,195,475,745,615,1174,737,1763,869,1520,524,562,663,1105,582,1878,24305,13506,1186,48,8825,0,0,7,3
2021-03-03T23:59:59+01:00,0,3,566,630,1064,1574,1323,2346,1540,3274,2107,3179,1264,1149,2351,3097,2189,4087,0,0,150,195,473,742,615,1174,736,1759,866,1519,521,559,661,1102,582,1876,22427,13482,1184,46,8127,0,0,5,2
2021-03-02T23:59:59+01:00,0,3,548,596,1026,1528,1266,2303,1482,3222,2010,3117,1180,1047,1981,2618,1793,3563,0,0,148,193,468,736,610,1163,726,1749,861,1498,512,550,650,1080,562,1843,20346,13301,1181,46,7751,0,0,5,2
2021-03-01T23:59:59+01:00,0,3,541,547,1006,1489,1220,2242,1436,3158,1955,3044,1134,973,1482,2023,1405,3017,0,0,146,193,468,736,610,1162,726,1746,860,1498,510,550,646,1071,558,1832,18051,13264,1178,46,7441,0,0,5,2
2021-02-28T23:59:59+01:00,0,3,533,533,988,1449,1194,2180,1408,3100,1900,2971,1113,951,1367,1883,1331,2929,0,0,146,193,467,735,610,1162,725,1744,859,1497,508,550,646,1071,558,1832,17570,13255,1176,46,7082,0,0,5,2
2021-02-27T23:59:59+01:00,0,3,533,531,987,1446,1194,2179,1408,3099,1900,2970,1113,951,1367,1882,1329,2929,0,0,145,193,466,734,607,1160,723,1742,857,1496,508,550,646,1071,558,1832,17567,13254,1176,32,7073,0,0,5,2
2021-02-26T23:59:59+01:00,0,3,391,481,857,1402,1111,2136,1340,3058,1841,2927,1108,945,1364,1881,1329,2927,0,0,145,193,466,734,607,1160,723,1741,857,1495,508,550,646,1071,558,1832,17555,13253,1176,31,6365,0,0,5,2
2021-02-25T23:59:59+01:00,0,3,302,428,761,1308,1027,2046,1242,2886,1702,2765,1070,913,1282,1756,1209,2735,0,0,138,183,454,721,591,1135,716,1716,837,1471,494,536,618,1039,544,1813,16954,12983,1176,21,5300,0,0,5,2
2021-02-24T23:59:59+01:00,0,2,257,384,687,1232,953,1958,1188,2768,1636,2647,1043,893,1159,1610,1051,2516,0,0,136,183,451,717,587,1134,715,1711,836,1467,489,531,610,1034,541,1801,16239,12923,1174,18,4566,0,0,5,2
2021-02-23T23:59:59+01:00,0,2,245,362,666,1173,924,1879,1141,2656,1561,2537,1017,865,1078,1482,908,2351,0,0,136,181,451,716,587,1134,715,1708,834,1466,488,528,608,1033,541,1800,15677,12911,1139,14,4026,0,0,5,1
2021-02-22T23:59:59+01:00,0,0,231,343,643,1143,892,1796,1091,2564,1475,2414,971,835,959,1338,721,2094,0,0,136,181,450,715,585,1133,714,1708,828,1464,487,527,607,1031,540,1798,14922,12899,1066,4,3517,0,0,5,1
2021-02-21T23:59:59+01:00,0,0,225,332,607,1076,842,1692,1048,2463,1395,2307,954,814,926,1286,668,2028,0,0,136,180,447,708,584,1129,714,1703,828,1462,486,527,606,1031,539,1797,14712,12872,1023,4,2923,0,0,5,1
2021-02-20T23:59:59+01:00,0,0,225,329,604,1075,840,1687,1044,2457,1380,2288,918,785,893,1263,660,2026,0,0,136,180,447,708,584,1129,714,1703,828,1462,486,526,605,1031,539,1797,14710,12871,863,4,2896,0,0,5,0
2021-02-19T23:59:59+01:00,0,0,215,321,595,1067,827,1672,1023,2440,1347,2245,673,682,750,1199,635,2009,0,0,136,180,447,707,584,1126,713,1700,825,1459,486,525,605,1030,538,1797,14232,12855,674,3,2789,0,0,5,0
2021-02-18T23:59:59+01:00,0,0,199,272,556,945,742,1446,893,2182,1097,1870,594,614,709,1157,615,1992,0,0,131,180,434,695,569,1109,707,1674,809,1431,483,522,604,1029,538,1797,14073,12709,574,3,1232,0,0,4,0
2021-02-17T23:59:59+01:00,0,0,193,232,536,896,705,1350,834,2014,1012,1738,572,594,709,1154,613,1989,0,0,124,177,422,685,561,1094,689,1643,797,1410,480,520,602,1026,538,1796,14056,12561,574,3,507,0,0,4,0
2021-02-16T23:59:59+01:00,0,0,186,229,528,880,690,1319,815,1975,979,1698,560,589,703,1152,612,1986,0,0,119,172,408,680,550,1078,676,1625,788,1396,474,514,595,1012,530,1765,14025,12380,574,2,298,0,0,4,0
2021-02-15T23:59:59+01:00,0,0,172,220,523,853,684,1285,801,1940,950,1651,559,586,701,1152,612,1986,0,0,116,171,401,670,539,1059,647,1598,774,1378,472,511,595,1012,530,1765,14022,12236,535,2,114,0,0,4,0
2021-02-14T23:59:59+01:00,0,0,167,212,519,840,683,1276,798,1931,932,1643,558,585,701,1149,611,1986,0,0,109,167,390,659,522,1041,628,1583,767,1365,472,509,593,1010,530,1765,14016,12108,533,2,38,0,0,4,0
2021-02-13T23:59:59+01:00,0,0,166,212,518,840,683,1276,798,1931,932,1643,558,585,701,1149,611,1986,0,0,109,167,389,658,522,1041,628,1583,767,1365,472,509,593,1010,530,1765,14015,12106,533,2,37,0,0,4,0
2021-02-12T23:59:59+01:00,0,0,164,211,513,838,682,1273,794,1930,930,1640,557,585,701,1149,611,1986,0,0,106,165,386,652,517,1034,614,1568,764,1348,470,508,581,990,525,1736,14008,11962,532,2,20,0,0,4,0
2021-02-11T23:59:59+01:00,0,0,161,210,509,831,675,1269,792,1926,924,1638,552,579,694,1143,606,1980,0,0,87,129,357,582,470,954,562,1451,720,1254,446,463,537,936,481,1640,13957,11068,520,1,8,0,0,4,0
2021-02-10T23:59:59+01:00,0,0,158,208,499,814,659,1254,780,1898,909,1614,543,573,683,1130,601,1970,0,0,78,118,329,522,443,846,521,1275,647,1097,397,413,470,819,433,1478,13831,9885,457,1,1,0,0,4,0
2021-02-09T23:59:59+01:00,0,0,157,202,491,776,643,1215,760,1837,897,1573,531,561,677,1115,592,1951,0,0,73,101,310,454,408,761,479,1172,583,998,366,358,427,731,399,1357,13718,8977,257,0,0,0,0,3,0
2021-02-08T23:59:59+01:00,0,0,153,198,474,751,621,1180,740,1787,877,1529,525,560,675,1109,588,1935,0,0,59,75,265,386,358,627,421,943,510,818,308,303,361,577,334,1151,13648,7496,51,0,0,0,0,3,0
2021-02-07T23:59:59+01:00,0,0,153,197,472,750,619,1179,739,1779,875,1527,524,560,675,1109,588,1934,0,0,58,67,247,351,339,582,405,911,490,783,308,296,359,570,332,1147,13626,7245,51,0,0,0,0,3,0
2021-02-06T23:59:59+01:00,0,0,153,197,472,750,619,1179,739,1779,875,1527,524,560,675,1109,588,1934,0,0,58,67,247,350,339,582,405,910,488,781,308,295,358,568,331,1147,13626,7234,51,0,0,0,0,3,0
2021-02-05T23:59:59+01:00,0,0,153,197,472,750,619,1179,739,1779,875,1525,524,560,674,1109,588,1934,0,0,56,67,246,347,332,578,397,887,478,761,298,290,347,544,313,1107,13623,7048,51,0,0,0,0,3,0
2021-02-04T23:59:59+01:00,0,0,147,192,468,742,612,1171,735,1765,869,1516,517,553,653,1084,579,1916,0,0,42,51,213,312,290,482,355,746,384,615,233,219,262,378,232,819,13466,5633,50,0,0,0,0,3,0
2021-02-03T23:59:59+01:00,0,0,145,191,462,735,604,1162,731,1752,861,1500,505,545,638,1071,572,1908,0,0,34,32,157,221,237,352,265,569,309,466,182,172,185,282,179,612,13332,4254,47,0,0,0,0,3,0
2021-02-02T23:59:59+01:00,0,0,145,188,460,734,604,1162,728,1746,854,1496,504,543,634,1068,571,1904,0,0,25,26,138,174,192,281,221,433,257,375,142,132,138,210,142,483,13292,3369,47,0,0,0,0,2,0
2021-02-01T23:59:59+01:00,0,0,143,188,459,733,599,1159,727,1738,852,1491,503,541,629,1065,570,1897,0,0,21,19,102,128,138,190,155,300,168,259,90,94,93,133,76,258,13245,2224,47,0,0,0,0,2,0
2021-01-31T23:59:59+01:00,0,0,142,187,459,730,596,1158,727,1734,852,1490,501,540,628,1063,570,1896,0,0,14,15,69,88,96,125,118,223,141,203,85,87,89,125,74,244,13225,1796,47,0,0,0,0,1,0
2021-01-30T23:59:59+01:00,0,0,142,187,458,730,594,1156,726,1733,852,1490,501,540,627,1063,570,1896,0,0,14,15,69,88,96,123,116,219,138,200,84,86,89,119,68,234,13224,1758,40,0,0,0,0,1,0
2021-01-29T23:59:59+01:00,0,0,142,187,458,728,593,1153,724,1731,850,1489,501,540,627,1063,570,1896,0,0,12,15,57,82,79,119,98,208,115,188,79,79,87,115,67,233,13219,1633,32,0,0,0,0,1,0
2021-01-28T23:59:59+01:00,0,0,135,183,445,711,576,1128,718,1704,827,1460,494,534,624,1060,567,1893,0,0,7,3,14,20,24,46,31,96,47,87,46,50,56,85,49,176,13034,837,24,0,0,0,0,1,0
2021-01-27T23:59:59+01:00,0,0,127,180,433,701,568,1119,703,1670,821,1438,491,532,620,1055,567,1888,0,0,3,1,6,12,10,25,13,41,23,31,13,17,24,35,20,55,12890,329,22,0,0,0,0,1,0
2021-01-26T23:59:59+01:00,0,0,121,176,419,690,555,1105,694,1647,810,1417,486,526,614,1038,559,1853,0,0,3,1,6,11,7,23,11,38,17,28,13,15,23,33,20,54,12695,303,14,0,0,0,0,1,0
2021-01-25T23:59:59+01:00,0,0,118,174,410,678,544,1086,667,1619,792,1400,484,522,612,1037,559,1853,0,0,2,1,5,9,7,18,6,29,12,22,9,6,13,22,10,35,12550,206,4,0,0,0,0,1,0
2021-01-24T23:59:59+01:00,0,0,111,171,400,668,529,1068,650,1606,779,1388,483,519,611,1037,559,1853,0,0,2,0,3,6,7,6,4,8,5,9,1,2,11,15,6,21,12427,106,4,0,0,0,0,1,0
2021-01-23T23:59:59+01:00,0,0,111,171,400,667,529,1068,650,1606,779,1388,483,519,611,1037,559,1853,0,0,1,0,3,6,7,6,4,8,5,9,1,2,11,15,6,21,12426,105,4,0,0,0,0,1,0
2021-01-22T23:59:59+01:00,0,0,108,169,393,661,525,1061,636,1591,773,1370,483,514,600,1016,552,1824,0,0,1,0,3,6,7,6,4,8,5,9,1,2,11,15,6,21,12273,105,3,0,0,0,0,0,0
2021-01-21T23:59:59+01:00,0,0,97,161,378,644,502,1027,606,1541,751,1327,466,476,566,972,516,1756,0,0,1,0,3,6,7,6,4,8,5,9,1,2,11,15,6,21,11783,105,3,0,0,0,0,0,0
2021-01-20T23:59:59+01:00,0,0,79,120,343,555,458,886,549,1307,663,1140,404,417,481,829,454,1533,0,0,1,0,2,5,7,6,4,8,5,9,1,2,11,15,6,21,10215,103,3,0,0,0,0,0,0
2021-01-19T23:59:59+01:00,0,0,74,106,316,477,417,797,506,1195,611,1037,380,379,444,750,424,1437,0,0,1,0,1,3,7,5,4,7,5,9,1,0,8,10,5,18,9347,84,3,0,0,0,0,0,0
2021-01-18T23:59:59+01:00,0,0,60,76,270,391,363,649,430,963,519,840,312,311,374,596,358,1229,0,0,1,0,1,3,7,5,4,7,5,8,1,0,8,10,5,18,7739,83,2,0,0,0,0,0,0
2021-01-17T23:59:59+01:00,0,0,59,67,251,356,342,596,411,920,495,801,309,302,372,589,355,1221,0,0,0,0,0,0,0,1,0,0,0,0,0,0,0,0,0,0,7444,1,2,0,0,0,0,0,0
2021-01-16T23:59:59+01:00,0,0,59,67,251,355,342,596,411,919,493,799,309,301,370,585,354,1221,0,0,0,0,0,0,0,0,0,0,0,0,0,0,0,0,0,0,7430,0,2,0,0,0,0,0,0
2021-01-15T23:59:59+01:00,0,0,57,67,251,351,336,590,400,895,481,774,295,295,351,556,331,1179,0,0,0,0,0,0,0,0,0,0,0,0,0,0,0,0,0,0,7207,0,2,0,0,0,0,0,0
2021-01-14T23:59:59+01:00,0,0,44,54,237,326,311,515,366,770,393,629,233,221,261,380,238,847,0,0,0,0,0,0,0,0,0,0,0,0,0,0,0,0,0,0,5825,0,0,0,0,0,0,0,0
2021-01-13T23:59:59+01:00,0,0,38,43,212,269,271,414,300,616,322,503,178,178,189,289,192,655,0,0,0,0,0,0,0,0,0,0,0,0,0,0,0,0,0,0,4669,0,0,0,0,0,0,0,0
2021-01-12T23:59:59+01:00,0,0,33,41,207,254,256,380,276,535,290,457,141,136,143,221,150,514,0,0,0,0,0,0,0,0,0,0,0,0,0,0,0,0,0,0,4034,0,0,0,0,0,0,0,0
2021-01-11T23:59:59+01:00,0,0,28,37,197,233,238,327,229,447,240,382,110,106,107,144,88,320,0,0,0,0,0,0,0,0,0,0,0,0,0,0,0,0,0,0,3233,0,0,0,0,0,0,0,0
2021-01-10T23:59:59+01:00,0,0,26,31,159,172,195,252,191,351,198,305,98,99,104,139,86,305,0,0,0,0,0,0,0,0,0,0,0,0,0,0,0,0,0,0,2711,0,0,0,0,0,0,0,0
2021-01-09T23:59:59+01:00,0,0,26,31,152,168,193,244,187,343,196,300,98,99,104,139,86,305,0,0,0,0,0,0,0,0,0,0,0,0,0,0,0,0,0,0,2671,0,0,0,0,0,0,0,0
2021-01-08T23:59:59+01:00,0,0,23,28,121,144,172,231,162,314,168,279,93,89,102,135,85,304,0,0,0,0,0,0,0,0,0,0,0,0,0,0,0,0,0,0,2450,0,0,0,0,0,0,0,0
2021-01-07T23:59:59+01:00,0,0,8,3,18,26,31,56,37,106,61,111,48,51,63,93,54,212,0,0,0,0,0,0,0,0,0,0,0,0,0,0,0,0,0,0,978,0,0,0,0,0,0,0,0
2021-01-06T23:59:59+01:00,0,0,3,1,7,13,10,24,14,41,21,32,14,14,27,39,23,65,0,0,0,0,0,0,0,0,0,0,0,0,0,0,0,0,0,0,348,0,0,0,0,0,0,0,0
2021-01-05T23:59:59+01:00,0,0,3,1,6,10,9,20,11,33,15,27,11,14,23,34,21,57,0,0,0,0,0,0,0,0,0,0,0,0,0,0,0,0,0,0,295,0,0,0,0,0,0,0,0
2021-01-04T23:59:59+01:00,0,0,2,1,4,7,9,12,4,17,8,17,5,3,12,20,8,31,0,0,0,0,0,0,0,0,0,0,0,0,0,0,0,0,0,0,160,0,0,0,0,0,0,0,0
2021-01-03T23:59:59+01:00,0,0,2,0,3,6,8,6,4,9,5,10,1,2,12,16,7,21,0,0,0,0,0,0,0,0,0,0,0,0,0,0,0,0,0,0,112,0,0,0,0,0,0,0,0
2021-01-02T23:59:59+01:00,0,0,2,0,3,6,8,6,4,9,5,10,1,2,12,16,7,21,0,0,0,0,0,0,0,0,0,0,0,0,0,0,0,0,0,0,112,0,0,0,0,0,0,0,0
2021-01-01T23:59:59+01:00,0,0,1,0,3,6,8,6,4,9,5,10,1,2,12,15,7,21,0,0,0,0,0,0,0,0,0,0,0,0,0,0,0,0,0,0,110,0,0,0,0,0,0,0,0
2020-12-31T23:59:59+01:00,0,0,1,0,3,5,8,6,4,9,5,10,1,2,12,15,7,21,0,0,0,0,0,0,0,0,0,0,0,0,0,0,0,0,0,0,109,0,0,0,0,0,0,0,0
2020-12-30T23:59:59+01:00,0,0,1,0,2,5,8,6,4,9,5,10,1,2,12,15,7,21,0,0,0,0,0,0,0,0,0,0,0,0,0,0,0,0,0,0,108,0,0,0,0,0,0,0,0
2020-12-29T23:59:59+01:00,0,0,1,0,1,3,8,5,4,8,5,10,1,0,9,10,6,18,0,0,0,0,0,0,0,0,0,0,0,0,0,0,0,0,0,0,89,0,0,0,0,0,0,0,0
2020-12-28T23:59:59+01:00,0,0,1,0,1,3,8,5,4,8,5,9,1,0,9,10,6,18,0,0,0,0,0,0,0,0,0,0,0,0,0,0,0,0,0,0,88,0,0,0,0,0,0,0,0
2020-12-27T23:59:59+01:00,0,0,1,0,1,3,8,4,4,8,5,9,1,0,9,10,6,18,0,0,0,0,0,0,0,0,0,0,0,0,0,0,0,0,0,0,87,0,0,0,0,0,0,0,0
