Datum,<15_1_m,<15_1_w,15-24_1_m,15-24_1_w,25-34_1_m,25-34_1_w,35-44_1_m,35-44_1_w,45-54_1_m,45-54_1_w,55-64_1_m,55-64_1_w,65-74_1_m,65-74_1_w,75-84_1_m,75-84_1_w,>84_1_m,>84_1_w,<15_2_m,<15_2_w,15-24_2_m,15-24_2_w,25-34_2_m,25-34_2_w,35-44_2_m,35-44_2_w,45-54_2_m,45-54_2_w,55-64_2_m,55-64_2_w,65-74_2_m,65-74_2_w,75-84_2_m,75-84_2_w,>84_2_m,>84_2_w,bp_1,bp_2,mo_1,mo_2,az_1,az_2,ja,unb_1,unb_2
2021-11-10T23:59:59+01:00,2784,2652,19104,17567,24431,22408,25764,25078,29087,29561,31605,32476,21891,25010,15619,19640,4549,7950,2159,2030,16645,15444,21943,20198,23685,23112,27174,27707,30126,31007,21224,24233,15182,19023,4387,7631,250893,230795,33117,31853,55082,52158,18059,34,45
2021-11-09T23:59:59+01:00,2742,2615,18980,17446,24300,22303,25672,24976,29023,29497,31548,32413,21871,24980,15602,19623,4546,7936,2140,2015,16616,15413,21909,20175,23669,23086,27152,27685,30101,30968,21209,24219,15175,19006,4386,7627,249803,230441,33105,31851,55082,52156,18058,34,45
2021-11-08T23:59:59+01:00,2701,2582,18757,17250,24095,22109,25509,24853,28894,29380,31451,32337,21838,24933,15583,19603,4546,7929,2121,1996,16568,15369,21868,20142,23644,23048,27117,27662,30081,30946,21189,24206,15166,18992,4383,7624,248127,230042,33072,31835,55082,52156,18044,34,45
2021-11-07T23:59:59+01:00,2677,2553,18670,17164,23988,22014,25421,24778,28833,29322,31411,32291,21819,24911,15575,19601,4544,7926,2106,1983,16545,15355,21851,20118,23625,23037,27104,27647,30071,30935,21185,24201,15161,18985,4383,7622,247280,229838,33070,31835,55081,52154,18042,34,45
2021-11-06T23:59:59+01:00,2677,2550,18667,17161,23984,22014,25417,24775,28831,29320,31410,32289,21819,24911,15575,19601,4543,7926,2106,1983,16545,15355,21851,20117,23625,23037,27104,27647,30069,30935,21185,24200,15161,18985,4383,7622,247252,229836,33070,31833,55081,52154,18042,34,45
2021-11-05T23:59:59+01:00,2649,2511,18575,17089,23901,21924,25354,24712,28774,29271,31374,32259,21818,24904,15572,19594,4543,7925,2101,1977,16535,15339,21843,20106,23614,23030,27098,27634,30062,30927,21180,24195,15161,18984,4382,7621,246565,229725,33037,31828,55081,52150,18041,34,45
2021-11-04T23:59:59+01:00,2604,2475,18496,17002,23798,21829,25290,24656,28708,29227,31337,32222,21807,24892,15564,19585,4541,7921,2072,1953,16477,15291,21796,20064,23580,23001,27074,27608,30039,30905,21176,24186,15156,18974,4380,7619,245798,229335,33027,31812,55081,52136,18023,34,45
2021-11-03T23:59:59+01:00,2568,2449,18359,16879,23641,21698,25184,24566,28630,29168,31290,32167,21787,24880,15558,19579,4541,7919,2045,1930,16405,15222,21741,19998,23540,22962,27031,27573,30013,30876,21159,24162,15145,18963,4378,7612,244735,228763,33005,31796,55081,52134,18017,34,45
2021-11-02T23:59:59+01:00,2540,2426,18227,16797,23498,21597,25094,24500,28556,29112,31242,32133,21778,24861,15552,19570,4540,7910,2030,1910,16347,15186,21704,19951,23503,22924,27002,27547,29991,30853,21151,24150,15137,18960,4377,7609,243821,228357,33000,31790,55081,52134,18006,34,45
2021-11-01T23:59:59+01:00,2519,2408,18146,16726,23416,21543,25039,24457,28509,29073,31216,32108,21766,24853,15549,19569,4540,7909,2016,1896,16312,15133,21666,19913,23478,22893,26972,27511,29973,30834,21143,24145,15136,18950,4377,7607,243243,227996,32996,31779,55081,52134,18001,34,45
2021-10-31T23:59:59+01:00,2519,2408,18146,16726,23415,21541,25038,24457,28509,29073,31216,32108,21766,24853,15549,19569,4540,7909,2015,1895,16312,15133,21666,19913,23478,22892,26972,27511,29973,30834,21143,24145,15136,18950,4377,7607,243239,227993,32996,31779,55081,52134,18001,34,45
2021-10-30T23:59:59+02:00,2519,2408,18146,16726,23414,21541,25038,24457,28509,29073,31216,32108,21766,24853,15549,19569,4540,7909,2015,1895,16312,15133,21666,19913,23478,22892,26972,27511,29973,30834,21143,24145,15136,18950,4377,7607,243238,227993,32996,31779,55081,52134,18001,34,45
2021-10-29T23:59:59+02:00,2507,2394,18082,16685,23344,21503,24962,24414,28447,29036,31191,32089,21762,24844,15543,19564,4539,7908,2010,1890,16298,15121,21652,19898,23468,22878,26961,27498,29965,30831,21141,24143,15136,18949,4377,7607,242754,227870,32955,31775,55081,52134,17999,34,45
2021-10-28T23:59:59+02:00,2484,2370,18003,16622,23267,21447,24916,24364,28410,28998,31159,32061,21756,24837,15538,19556,4539,7905,1979,1871,16241,15072,21618,19853,23437,22846,26936,27475,29943,30806,21131,24134,15134,18946,4377,7602,242210,227474,32925,31760,55081,52131,17991,34,45
2021-10-27T23:59:59+02:00,2450,2334,17890,16540,23115,21348,24810,24279,28312,28939,31113,32029,21747,24813,15531,19547,4539,7904,1956,1842,16171,15023,21570,19793,23403,22808,26902,27438,29918,30781,21120,24121,15127,18936,4376,7598,241265,226992,32885,31735,55081,52127,17984,34,45
2021-10-26T23:59:59+02:00,2425,2310,17832,16494,23072,21301,24766,24242,28267,28897,31086,32012,21745,24803,15528,19545,4539,7901,1938,1819,16131,14978,21539,19762,23371,22778,26891,27417,29905,30770,21112,24121,15125,18934,4376,7598,240804,226687,32884,31735,55081,52127,17971,34,45
2021-10-25T23:59:59+02:00,2424,2306,17831,16490,23070,21299,24764,24239,28266,28895,31085,32012,21745,24803,15528,19545,4539,7901,1938,1818,16131,14977,21539,19761,23369,22777,26891,27417,29905,30770,21112,24121,15125,18934,4376,7598,240782,226682,32884,31735,55081,52127,17970,34,45
2021-10-24T23:59:59+02:00,2415,2297,17813,16465,23053,21280,24738,24223,28257,28889,31078,32007,21743,24801,15526,19544,4539,7901,1928,1801,16112,14941,21516,19738,23355,22749,26880,27406,29895,30763,21109,24116,15123,18928,4376,7598,240625,226473,32870,31721,55081,52127,17968,34,45
2021-10-23T23:59:59+02:00,2415,2297,17812,16465,23051,21280,24738,24223,28256,28889,31078,32007,21743,24801,15526,19544,4539,7901,1928,1801,16112,14941,21514,19738,23355,22749,26880,27406,29895,30763,21109,24116,15123,18928,4376,7598,240622,226472,32870,31721,55081,52127,17967,34,45
2021-10-22T23:59:59+02:00,2394,2280,17751,16425,23003,21235,24688,24171,28224,28860,31045,31987,21737,24792,15521,19542,4538,7899,1921,1794,16094,14930,21504,19729,23339,22732,26873,27402,29886,30757,21107,24114,15123,18928,4376,7598,240168,226364,32862,31719,55081,52123,17956,34,45
2021-10-21T23:59:59+02:00,2379,2254,17707,16380,22951,21186,24652,24136,28178,28833,31028,31965,21730,24787,15518,19538,4537,7891,1876,1756,16032,14852,21459,19669,23303,22685,26834,27364,29872,30736,21100,24102,15114,18910,4374,7593,239765,225848,32836,31672,55081,52123,17943,34,45
2021-10-20T23:59:59+02:00,2348,2212,17629,16318,22860,21121,24576,24094,28139,28786,30994,31938,21718,24778,15514,19529,4535,7889,1821,1713,15947,14781,21409,19602,23243,22639,26792,27308,29844,30707,21079,24090,15107,18892,4368,7590,239124,225187,32816,31648,55081,52120,17932,34,45
2021-10-19T23:59:59+02:00,2327,2198,17595,16292,22841,21106,24563,24078,28126,28774,30986,31918,21711,24767,15512,19521,4534,7888,1790,1674,15888,14732,21367,19555,23222,22614,26771,27289,29824,30688,21070,24076,15102,18886,4368,7587,238887,224763,32816,31648,55081,52119,17928,34,45
2021-10-18T23:59:59+02:00,2314,2188,17575,16271,22825,21081,24544,24060,28114,28764,30973,31906,21705,24765,15510,19514,4532,7885,1766,1651,15846,14684,21348,19531,23199,22585,26750,27263,29804,30673,21064,24071,15098,18880,4367,7586,238677,224427,32816,31648,55081,52119,17927,34,45
2021-10-17T23:59:59+02:00,2305,2182,17550,16237,22795,21052,24525,24046,28097,28755,30963,31898,21697,24761,15509,19511,4532,7883,1748,1622,15804,14637,21318,19488,23178,22558,26731,27242,29790,30669,21058,24062,15098,18875,4365,7584,238460,224112,32810,31628,55080,52119,17923,34,45
2021-10-16T23:59:59+02:00,2305,2182,17549,16237,22795,21052,24525,24046,28097,28755,30963,31898,21697,24761,15509,19511,4532,7883,1748,1622,15804,14637,21318,19487,23178,22558,26731,27242,29790,30669,21058,24062,15098,18875,4365,7584,238459,224111,32810,31628,55080,52119,17923,34,45
2021-10-15T23:59:59+02:00,2295,2172,17524,16221,22777,21037,24499,24028,28081,28740,30957,31894,21691,24754,15509,19511,4532,7882,1740,1607,15791,14620,21306,19476,23169,22551,26728,27235,29785,30664,21055,24060,15097,18875,4365,7584,238281,223995,32797,31628,55080,52119,17921,34,45
2021-10-14T23:59:59+02:00,2285,2154,17482,16186,22743,21004,24476,24006,28062,28721,30946,31881,21685,24751,15506,19508,4531,7879,1719,1581,15729,14568,21277,19431,23133,22513,26710,27199,29763,30641,21044,24052,15092,18865,4363,7582,237989,223588,32796,31614,55080,52100,17915,34,45
2021-10-13T23:59:59+02:00,2255,2134,17400,16111,22681,20941,24431,23963,28024,28676,30917,31851,21672,24741,15500,19503,4530,7875,1681,1550,15629,14477,21225,19380,23091,22476,26669,27159,29734,30613,21037,24034,15090,18850,4363,7578,237472,223048,32771,31587,55080,52100,17856,34,45
2021-10-12T23:59:59+02:00,2245,2115,17359,16067,22658,20913,24405,23935,28008,28655,30904,31831,21668,24736,15496,19495,4529,7873,1658,1530,15577,14416,21207,19346,23066,22455,26644,27134,29711,30592,21029,24025,15088,18847,4361,7577,237162,222691,32770,31576,55079,52096,17855,34,45
2021-10-11T23:59:59+02:00,2234,2103,17330,16036,22643,20892,24390,23914,27989,28636,30889,31821,21663,24728,15494,19490,4526,7868,1640,1519,15534,14380,21168,19292,23043,22417,26618,27094,29682,30576,21018,24015,15082,18840,4357,7574,236920,222281,32770,31576,55079,52096,17851,34,45
2021-10-10T23:59:59+02:00,2230,2095,17314,16018,22626,20878,24386,23906,27981,28623,30884,31814,21656,24724,15494,19488,4526,7865,1624,1508,15478,14335,21104,19232,23004,22378,26573,27068,29660,30554,21008,24004,15076,18833,4357,7574,236790,221830,32766,31553,55079,52095,17847,34,45
2021-10-09T23:59:59+02:00,2228,2095,17314,16017,22624,20877,24386,23906,27981,28623,30884,31814,21656,24724,15494,19488,4526,7865,1623,1505,15477,14333,21104,19231,23004,22378,26573,27067,29660,30554,21008,24004,15076,18833,4357,7574,236784,221821,32766,31553,55079,52095,17847,34,45
2021-10-08T23:59:59+02:00,2223,2087,17303,15993,22600,20865,24368,23897,27966,28607,30869,31805,21654,24719,15494,19488,4526,7865,1616,1501,15471,14320,21090,19216,22993,22370,26563,27050,29656,30547,21006,23998,15074,18832,4357,7574,236647,221719,32756,31553,55078,52095,17822,34,45
2021-10-07T23:59:59+02:00,2199,2067,17245,15950,22570,20818,24342,23869,27933,28582,30848,31781,21649,24716,15492,19479,4525,7860,1581,1469,15396,14242,21025,19146,22949,22323,26532,27013,29628,30524,20995,23983,15069,18822,4353,7573,236272,221179,32746,31506,55075,52087,17806,34,45
2021-10-06T23:59:59+02:00,2175,2044,17185,15903,22523,20765,24316,23828,27902,28552,30832,31755,21638,24704,15485,19473,4524,7856,1544,1442,15335,14169,20975,19085,22911,22287,26501,26974,29604,30495,20984,23969,15058,18816,4351,7571,235853,220681,32727,31479,55075,52087,17779,34,45
2021-10-05T23:59:59+02:00,2155,2027,17140,15864,22477,20737,24282,23788,27880,28527,30819,31738,21633,24696,15485,19468,4523,7855,1532,1425,15307,14138,20922,19060,22881,22258,26473,26948,29579,30470,20976,23950,15055,18808,4348,7571,235585,220413,32727,31477,55075,52087,17679,34,45
2021-10-04T23:59:59+02:00,2128,1992,17084,15825,22425,20708,24259,23763,27864,28493,30800,31720,21629,24687,15483,19464,4522,7852,1526,1413,15269,14114,20896,19032,22867,22233,26455,26929,29567,30456,20969,23940,15051,18803,4348,7563,235244,220202,32727,31475,55075,52085,17624,34,45
2021-10-03T23:59:59+02:00,2123,1981,17055,15785,22395,20675,24223,23740,27850,28473,30783,31710,21626,24680,15482,19459,4522,7850,1506,1392,15237,14076,20871,19002,22842,22213,26441,26907,29553,30446,20959,23927,15049,18800,4348,7563,235031,219982,32721,31464,55074,52083,17558,34,45
2021-10-02T23:59:59+02:00,2123,1981,17055,15785,22395,20675,24222,23740,27850,28473,30783,31710,21626,24680,15482,19459,4522,7850,1506,1392,15237,14076,20871,19002,22842,22213,26441,26907,29553,30445,20959,23927,15049,18800,4348,7563,235030,219981,32721,31464,55074,52083,17558,34,45
2021-10-01T23:59:59+02:00,2118,1976,17041,15768,22392,20663,24208,23719,27845,28466,30779,31705,21623,24678,15482,19457,4521,7850,1504,1389,15233,14074,20868,19000,22840,22213,26439,26905,29553,30441,20958,23925,15049,18800,4348,7563,234913,219954,32720,31464,55074,52083,17556,34,45
2021-09-30T23:59:59+02:00,2097,1960,16984,15716,22349,20606,24168,23684,27815,28433,30756,31681,21613,24672,15477,19450,4519,7845,1467,1358,15163,14008,20830,18964,22807,22172,26416,26871,29534,30420,20954,23916,15046,18792,4344,7558,234528,219565,32707,31443,55074,52079,17488,34,45
2021-09-29T23:59:59+02:00,2029,1915,16892,15640,22277,20536,24113,23633,27754,28382,30719,31651,21597,24658,15470,19436,4516,7843,1445,1327,15093,13952,20788,18911,22771,22119,26378,26841,29499,30392,20945,23904,15035,18784,4343,7555,233892,219163,32690,31420,55073,52076,17378,34,45
2021-09-28T23:59:59+02:00,2011,1898,16810,15575,22206,20483,24049,23591,27715,28339,30702,31634,21588,24644,15465,19426,4516,7840,1431,1315,15025,13907,20730,18869,22728,22093,26348,26806,29478,30371,20932,23889,15029,18774,4341,7551,233459,218834,32689,31420,55073,52075,17243,34,45
2021-09-27T23:59:59+02:00,1948,1829,16745,15515,22170,20447,24024,23563,27687,28303,30682,31617,21581,24637,15463,19423,4515,7838,1420,1300,14997,13876,20708,18832,22713,22068,26329,26794,29460,30355,20928,23879,15025,18766,4340,7548,232962,218564,32689,31420,55073,52074,17235,34,45
2021-09-26T23:59:59+02:00,1927,1808,16675,15452,22117,20387,23985,23512,27658,28277,30667,31608,21571,24630,15462,19420,4515,7836,1404,1286,14927,13809,20656,18777,22663,22011,26290,26757,29441,30328,20921,23869,15017,18763,4340,7545,232594,218164,32672,31393,55072,52061,17141,34,45
2021-09-25T23:59:59+02:00,1927,1808,16673,15452,22116,20386,23983,23511,27658,28277,30667,31608,21571,24630,15462,19420,4515,7836,1404,1286,14926,13809,20655,18777,22663,22011,26289,26755,29441,30328,20920,23869,15017,18763,4340,7545,232588,218160,32672,31392,55072,52061,17140,34,45
2021-09-24T23:59:59+02:00,1926,1805,16646,15432,22072,20357,23949,23490,27638,28255,30650,31593,21569,24626,15460,19419,4515,7836,1397,1279,14898,13782,20605,18745,22622,21985,26261,26735,29419,30308,20915,23863,15015,18761,4339,7544,232524,218033,32672,31392,55072,52061,16942,34,45
2021-09-23T23:59:59+02:00,1896,1767,16571,15346,22010,20282,23901,23422,27593,28200,30624,31553,21557,24615,15452,19404,4512,7834,1370,1251,14820,13719,20544,18702,22594,21938,26227,26691,29393,30281,20911,23852,15009,18753,4339,7543,231964,217631,32633,31358,55072,52061,16842,34,45
2021-09-22T23:59:59+02:00,1863,1736,16470,15268,21919,20205,23825,23368,27525,28139,30582,31518,21541,24592,15450,19391,4510,7831,1315,1200,14695,13612,20455,18623,22530,21868,26166,26630,29344,30245,20891,23842,15003,18745,4336,7534,231354,216953,32612,31315,55072,52054,16667,34,45
2021-09-21T23:59:59+02:00,1833,1692,16390,15193,21860,20145,23774,23319,27483,28104,30543,31478,21530,24572,15447,19381,4504,7823,1306,1184,14639,13565,20396,18584,22487,21825,26132,26605,29319,30220,20878,23828,14996,18734,4333,7530,230877,216666,32612,31315,55072,52054,16481,34,45
2021-09-20T23:59:59+02:00,1806,1677,16316,15128,21806,20098,23725,23279,27445,28061,30510,31460,21521,24559,15441,19375,4503,7821,1294,1174,14582,13512,20350,18540,22449,21797,26084,26573,29294,30195,20870,23816,14994,18728,4330,7527,230470,216348,32610,31314,55072,52053,16349,34,45
2021-09-19T23:59:59+02:00,1779,1654,16252,15078,21756,20037,23690,23245,27414,28033,30489,31435,21512,24548,15437,19364,4503,7818,1286,1164,14523,13469,20305,18486,22397,21774,26059,26541,29277,30181,20863,23803,14990,18725,4329,7523,230103,216066,32588,31281,55072,52053,16250,34,45
2021-09-18T23:59:59+02:00,1779,1654,16250,15076,21755,20036,23687,23243,27414,28032,30489,31435,21512,24548,15437,19364,4503,7818,1286,1164,14522,13467,20305,18486,22396,21773,26059,26539,29277,30181,20863,23803,14990,18725,4329,7523,230096,216065,32588,31280,55072,52053,16245,34,45
2021-09-17T23:59:59+02:00,1774,1647,16227,15057,21730,20016,23667,23232,27401,28017,30480,31429,21509,24545,15434,19361,4502,7818,1278,1155,14501,13453,20295,18480,22387,21768,26052,26535,29267,30175,20860,23800,14989,18724,4329,7523,229925,215962,32587,31280,55072,52053,16231,34,45
2021-09-16T23:59:59+02:00,1735,1616,16127,14956,21649,19915,23597,23149,27335,27957,30441,31391,21496,24528,15429,19351,4497,7818,1245,1126,14417,13379,20251,18425,22351,21717,26021,26490,29246,30144,20849,23790,14982,18717,4326,7519,229116,215505,32566,31202,55072,52041,16202,34,45
2021-09-15T23:59:59+02:00,1704,1599,16059,14878,21593,19861,23552,23104,27303,27923,30416,31367,21483,24506,15417,19342,4496,7816,1216,1098,14340,13293,20183,18365,22312,21665,25981,26446,29214,30121,20836,23775,14970,18709,4325,7517,228587,214945,32546,31157,55072,52036,16183,34,45
2021-09-14T23:59:59+02:00,1691,1583,16024,14832,21546,19823,23523,23069,27271,27887,30391,31343,21468,24495,15414,19330,4493,7815,1198,1083,14302,13255,20158,18343,22290,21639,25961,26431,29203,30112,20825,23767,14967,18702,4324,7515,228178,214665,32544,31156,55072,52036,16173,34,45
2021-09-13T23:59:59+02:00,1670,1570,15982,14779,21519,19791,23492,23036,27254,27851,30377,31328,21467,24485,15409,19328,4492,7812,1192,1075,14274,13240,20131,18327,22270,21619,25946,26419,29193,30089,20816,23756,14966,18695,4322,7513,227833,214441,32541,31156,55072,52036,16165,34,45
2021-09-12T23:59:59+02:00,1660,1557,15958,14756,21503,19769,23476,23011,27239,27836,30366,31320,21460,24477,15409,19323,4492,7812,1178,1070,14241,13211,20106,18290,22250,21593,25933,26396,29182,30081,20809,23748,14961,18688,4320,7508,227639,214201,32522,31125,55072,52034,16160,34,45
2021-09-11T23:59:59+02:00,1659,1557,15946,14752,21495,19761,23475,23010,27237,27835,30363,31318,21459,24476,15409,19323,4492,7812,1178,1070,14236,13209,20104,18287,22248,21593,25933,26395,29182,30081,20808,23748,14961,18688,4320,7508,227602,214190,32522,31125,55069,52034,16155,34,45
2021-09-10T23:59:59+02:00,1659,1557,15923,14747,21482,19750,23457,23007,27220,27825,30350,31313,21458,24474,15405,19321,4492,7811,1176,1070,14213,13202,20089,18277,22234,21589,25918,26382,29164,30078,20807,23744,14958,18685,4319,7507,227572,214151,32522,31125,55069,52034,16057,34,45
2021-09-09T23:59:59+02:00,1614,1518,15843,14668,21422,19683,23403,22957,27160,27775,30322,31284,21449,24457,15391,19307,4490,7809,1149,1044,14131,13128,20018,18208,22167,21534,25868,26341,29129,30046,20791,23716,14940,18671,4317,7505,227042,213683,32491,31042,55068,52014,15920,34,44
2021-09-08T23:59:59+02:00,1576,1471,15717,14574,21351,19606,23350,22882,27110,27732,30282,31236,21432,24439,15382,19296,4489,7809,1132,1019,14042,13038,19934,18155,22102,21482,25821,26301,29093,29996,20772,23695,14936,18663,4316,7504,226498,213283,32422,30950,55068,52009,15715,34,44
2021-09-07T23:59:59+02:00,1563,1451,15667,14522,21297,19581,23314,22859,27083,27701,30265,31220,21421,24417,15376,19288,4487,7809,1115,1005,13974,12989,19870,18115,22060,21452,25785,26269,29064,29968,20760,23681,14932,18656,4315,7504,226258,212999,32417,30920,55068,52004,15547,34,44
2021-09-06T23:59:59+02:00,1550,1441,15617,14477,21276,19550,23291,22831,27058,27682,30249,31198,21411,24414,15372,19281,4487,7807,1103,996,13942,12950,19850,18090,22031,21430,25765,26250,29049,29953,20751,23673,14928,18652,4315,7501,226007,212792,32417,30920,55068,52004,15469,34,44
2021-09-05T23:59:59+02:00,1530,1426,15587,14451,21258,19528,23281,22805,27049,27670,30244,31190,21406,24408,15366,19279,4487,7803,1095,982,13905,12914,19819,18054,22006,21402,25747,26233,29036,29934,20747,23665,14926,18650,4315,7501,225794,212577,32409,30840,55067,52003,15467,34,44
2021-09-04T23:59:59+02:00,1530,1426,15578,14448,21244,19523,23274,22800,27043,27664,30238,31187,21405,24405,15366,19278,4487,7803,1095,982,13896,12911,19805,18047,21999,21397,25740,26227,29030,29930,20746,23662,14926,18649,4315,7501,225793,212576,32409,30837,55067,52003,15398,34,44
2021-09-03T23:59:59+02:00,1527,1423,15560,14434,21211,19499,23243,22779,27019,27652,30223,31172,21398,24397,15366,19272,4487,7802,1095,982,13879,12897,19778,18028,21975,21382,25723,26217,29015,29919,20740,23655,14926,18646,4315,7501,225719,212557,32408,30832,55067,52002,15238,34,44
2021-09-02T23:59:59+02:00,1511,1403,15488,14375,21164,19449,23208,22730,26978,27611,30186,31146,21385,24387,15360,19259,4485,7796,1070,961,13786,12833,19733,17967,21930,21339,25681,26171,28976,29892,20728,23644,14921,18634,4314,7500,225296,212102,32403,30827,55065,51982,15125,34,44
2021-09-01T23:59:59+02:00,1460,1346,15350,14222,21044,19353,23139,22674,26911,27539,30134,31096,21367,24362,15352,19245,4482,7791,1038,921,13639,12711,19606,17870,21845,21269,25623,26102,28925,29829,20703,23615,14909,18621,4310,7494,224524,211518,32378,30630,55064,51969,14869,34,44
2021-08-31T23:59:59+02:00,1436,1331,15288,14151,20981,19301,23094,22632,26861,27496,30100,31064,21354,24349,15346,19236,4482,7790,1024,908,13565,12644,19558,17829,21813,21233,25590,26079,28897,29803,20697,23605,14906,18613,4309,7493,224064,211172,32377,30630,55063,51964,14756,34,44
2021-08-30T23:59:59+02:00,1413,1312,15220,14105,20933,19245,23062,22593,26824,27463,30067,31034,21341,24340,15342,19227,4480,7783,1019,893,13508,12602,19512,17778,21780,21208,25560,26042,28863,29778,20686,23590,14896,18604,4308,7489,223699,210870,32377,30627,55063,51962,14613,34,44
2021-08-29T23:59:59+02:00,1397,1300,15176,14061,20894,19214,23038,22569,26806,27439,30049,31019,21337,24331,15342,19225,4480,7782,1008,885,13455,12557,19489,17756,21753,21188,25539,26023,28850,29761,20678,23582,14893,18600,4306,7488,223410,210601,32376,30627,55063,51961,14578,34,44
2021-08-28T23:59:59+02:00,1397,1300,15170,14058,20883,19207,23032,22565,26803,27430,30046,31018,21336,24331,15342,19225,4480,7782,1008,885,13449,12553,19478,17749,21747,21184,25536,26014,28847,29760,20677,23582,14893,18600,4306,7488,223410,210600,32376,30627,55063,51961,14524,34,44
2021-08-27T23:59:59+02:00,1388,1293,15139,14030,20856,19191,22999,22549,26777,27418,30030,30998,21330,24323,15338,19224,4477,7779,1002,880,13420,12521,19442,17732,21719,21163,25508,26001,28830,29742,20671,23573,14890,18599,4305,7488,223273,210458,32376,30626,55060,51960,14398,34,44
2021-08-26T23:59:59+02:00,1375,1275,15094,13985,20809,19152,22969,22511,26744,27379,29998,30961,21315,24307,15331,19216,4474,7771,990,870,13351,12460,19365,17675,21660,21106,25452,25953,28790,29706,20658,23552,14880,18586,4304,7484,222978,210172,32357,30501,55060,51886,14239,34,44
2021-08-25T23:59:59+02:00,1330,1230,14949,13862,20696,19057,22889,22418,26665,27295,29940,30905,21292,24281,15321,19206,4470,7765,962,840,13228,12376,19280,17597,21593,21034,25382,25899,28745,29663,20631,23531,14872,18572,4303,7481,222122,209598,32341,30453,55060,51878,14017,33,43
2021-08-24T23:59:59+02:00,1306,1206,14885,13811,20654,19005,22834,22371,26629,27259,29911,30875,21275,24266,15315,19196,4469,7764,937,819,13132,12315,19219,17516,21556,20982,25338,25856,28715,29625,20613,23511,14865,18560,4301,7476,221704,209114,32311,30395,55060,51863,13925,33,39
2021-08-23T23:59:59+02:00,1288,1187,14817,13773,20614,18976,22806,22346,26594,27239,29886,30848,21256,24252,15310,19183,4468,7763,911,794,13016,12237,19156,17456,21503,20933,25298,25801,28670,29582,20594,23494,14858,18548,4298,7476,221395,208593,32295,30305,55060,51863,13825,33,39
2021-08-22T23:59:59+02:00,1279,1179,14802,13753,20598,18956,22794,22326,26579,27224,29869,30844,21249,24248,15308,19175,4466,7762,888,777,12957,12168,19104,17422,21474,20898,25277,25775,28644,29560,20586,23483,14857,18544,4298,7476,221220,208269,32276,30196,55060,51860,13824,33,39
2021-08-21T23:59:59+02:00,1279,1179,14793,13743,20587,18948,22784,22320,26575,27219,29858,30837,21249,24246,15308,19175,4466,7762,888,777,12947,12158,19094,17414,21466,20892,25271,25770,28634,29553,20586,23481,14857,18544,4298,7476,221215,208265,32276,30196,55060,51860,13746,33,39
2021-08-20T23:59:59+02:00,1272,1174,14763,13709,20552,18918,22761,22297,26549,27197,29841,30821,21246,24237,15306,19169,4466,7762,887,776,12928,12144,19069,17394,21448,20871,25257,25753,28616,29534,20582,23475,14856,18541,4298,7476,221021,208160,32276,30194,55060,51860,13652,33,39
2021-08-19T23:59:59+02:00,1254,1158,14704,13660,20512,18889,22730,22262,26526,27168,29816,30797,21235,24229,15303,19164,4465,7759,858,763,12795,12025,18980,17316,21362,20813,25186,25686,28556,29484,20561,23462,14850,18532,4296,7473,220715,207522,32244,30058,55060,51798,13581,33,39
2021-08-18T23:59:59+02:00,1231,1139,14621,13570,20397,18827,22654,22201,26460,27111,29758,30739,21210,24209,15297,19152,4463,7756,830,742,12656,11906,18842,17233,21264,20723,25099,25603,28474,29416,20529,23417,14839,18517,4295,7468,220304,206913,32226,29935,55058,51790,13176,33,39
2021-08-17T23:59:59+02:00,1220,1126,14581,13532,20355,18781,22618,22167,26425,27083,29742,30719,21198,24195,15286,19143,4459,7755,809,718,12548,11823,18761,17172,21186,20661,25047,25550,28438,29375,20510,23402,14830,18504,4293,7466,220020,206382,32191,29806,55058,51782,13085,33,38
2021-08-16T23:59:59+02:00,1208,1115,14533,13483,20320,18752,22589,22134,26404,27055,29708,30688,21185,24184,15279,19131,4457,7753,781,704,12452,11724,18670,17100,21116,20576,24982,25491,28371,29312,20487,23380,14820,18486,4292,7463,219752,205760,32189,29681,55058,51781,12948,33,37
2021-08-15T23:59:59+02:00,1198,1102,14496,13457,20291,18722,22561,22115,26391,27039,29698,30674,21180,24172,15274,19129,4456,7751,757,688,12389,11657,18619,17070,21065,20538,24946,25448,28352,29290,20477,23367,14816,18480,4290,7461,219529,205314,32189,29680,55058,51780,12899,33,37
2021-08-14T23:59:59+02:00,1198,1101,14489,13453,20282,18716,22552,22108,26377,27032,29693,30666,21177,24170,15273,19128,4456,7751,757,688,12381,11653,18609,17062,21055,20531,24932,25441,28347,29281,20474,23366,14815,18479,4290,7461,219528,205312,32188,29676,55058,51780,12817,33,37
2021-08-13T23:59:59+02:00,1195,1098,14480,13444,20268,18706,22540,22103,26370,27022,29677,30658,21168,24165,15272,19128,4456,7751,754,687,12366,11641,18598,17053,21042,20522,24926,25425,28333,29277,20468,23359,14813,18479,4290,7460,219471,205246,32187,29676,55058,51780,12754,33,37
2021-08-12T23:59:59+02:00,1175,1076,14423,13388,20225,18666,22516,22068,26343,26993,29646,30637,21156,24146,15268,19121,4456,7746,727,661,12200,11497,18461,16942,20949,20439,24845,25340,28266,29221,20447,23327,14800,18467,4287,7454,219146,204451,32175,29491,55058,51711,12640,32,37
2021-08-11T23:59:59+02:00,1159,1054,14353,13324,20182,18612,22472,22029,26310,26968,29618,30597,21142,24129,15265,19110,4453,7742,703,639,12062,11358,18376,16852,20869,20365,24796,25267,28224,29157,20414,23300,14793,18456,4285,7449,218742,203549,32102,29486,55058,51706,12587,32,37
2021-08-10T23:59:59+02:00,1144,1036,14273,13249,20127,18565,22437,21985,26278,26937,29585,30568,21128,24120,15265,19102,4452,7740,684,617,11946,11239,18278,16781,20804,20299,24744,25209,28180,29105,20387,23272,14779,18438,4284,7443,218320,202795,32070,29463,55058,51681,12513,32,37
2021-08-09T23:59:59+02:00,1127,1017,14188,13187,20046,18509,22389,21937,26227,26893,29548,30534,21110,24103,15259,19093,4447,7738,639,576,11764,11077,18108,16685,20679,20217,24649,25113,28101,29029,20351,23232,14765,18426,4281,7434,217874,201807,32049,29355,55057,51586,12342,32,36
2021-08-08T23:59:59+02:00,1113,1010,14145,13148,20025,18473,22363,21917,26212,26873,29532,30520,21103,24097,15256,19089,4446,7737,613,557,11681,10991,18020,16601,20613,20159,24586,25066,28055,28985,20329,23209,14752,18415,4281,7430,217644,201151,32018,29277,55056,51568,12311,32,36
2021-08-07T23:59:59+02:00,1113,1010,14130,13143,20015,18468,22357,21912,26200,26859,29517,30508,21101,24093,15252,19084,4445,7737,613,556,11667,10985,18003,16597,20607,20153,24573,25051,28038,28973,20327,23205,14748,18410,4280,7430,217642,201136,32017,29276,55055,51568,12200,32,36
2021-08-06T23:59:59+02:00,1113,1010,14120,13131,20002,18449,22343,21897,26178,26850,29503,30497,21098,24089,15249,19082,4445,7736,613,556,11656,10971,17980,16575,20591,20136,24552,25042,28025,28961,20324,23201,14745,18408,4280,7430,217634,201107,32013,29276,55055,51567,12060,32,36
2021-08-05T23:59:59+02:00,1101,991,14048,13089,19951,18414,22300,21854,26142,26794,29475,30473,21084,24074,15241,19074,4443,7733,578,526,11481,10862,17866,16475,20480,20038,24447,24952,27956,28912,20298,23177,14734,18394,4277,7428,217318,200321,31969,29185,55052,51427,11912,32,36
2021-08-04T23:59:59+02:00,1085,974,13984,13020,19847,18330,22233,21795,26100,26752,29425,30425,21061,24056,15231,19061,4443,7730,540,492,11295,10687,17636,16334,20305,19912,24328,24828,27847,28814,20270,23144,14721,18382,4274,7426,217052,199276,31806,29125,55051,51184,11614,31,36
2021-08-03T23:59:59+02:00,1061,956,13914,12957,19808,18281,22199,21754,26064,26711,29390,30396,21045,24032,15221,19047,4440,7720,484,450,11110,10514,17460,16206,20165,19780,24179,24705,27727,28707,20227,23097,14704,18350,4272,7420,216675,197838,31778,29090,55050,51129,11464,31,36
2021-08-02T23:59:59+02:00,1037,936,13829,12890,19750,18223,22148,21714,26010,26650,29338,30346,21016,24001,15211,19027,4437,7718,458,420,10943,10344,17288,16082,20017,19667,24062,24591,27640,28605,20182,23044,14685,18331,4269,7410,216196,196649,31747,29041,55050,51053,11259,31,36
2021-08-01T23:59:59+02:00,1027,921,13768,12843,19714,18206,22129,21693,25985,26629,29319,30329,21007,23989,15207,19020,4437,7717,422,389,10798,10197,17129,15974,19867,19559,23918,24486,27532,28525,20168,23020,14676,18317,4269,7406,215959,195760,31698,28950,55050,50703,11203,31,36
2021-07-31T23:59:59+02:00,1027,921,13743,12834,19696,18198,22112,21682,25971,26617,29311,30318,21004,23984,15206,19019,4436,7717,421,389,10772,10184,17108,15961,19849,19546,23905,24474,27524,28514,20165,23015,14675,18316,4268,7406,215955,195740,31698,28950,55050,50703,11063,31,36
2021-07-30T23:59:59+02:00,1019,911,13682,12788,19650,18176,22082,21663,25941,26595,29284,30300,20997,23976,15200,19017,4434,7716,400,371,10685,10110,17043,15918,19790,19511,23838,24433,27477,28489,20150,22993,14666,18312,4265,7404,215776,195351,31694,28950,55050,50637,10881,31,36
2021-07-29T23:59:59+02:00,995,893,13576,12702,19586,18114,22010,21610,25890,26539,29232,30262,20980,23966,15193,19010,4434,7714,355,331,10417,9849,16741,15675,19495,19295,23534,24204,27226,28325,20095,22938,14654,18291,4265,7403,215332,193597,31621,28839,55050,49948,10673,31,36
2021-07-28T23:59:59+02:00,967,863,13445,12574,19461,18006,21924,21527,25809,26460,29156,30195,20957,23930,15180,18998,4432,7712,320,291,10126,9646,16482,15487,19235,19106,23306,24013,27071,28182,20047,22865,14635,18268,4262,7398,214680,192258,31586,28757,55046,49435,10254,31,36
2021-07-27T23:59:59+02:00,936,842,13327,12480,19396,17946,21858,21474,25743,26402,29116,30150,20942,23910,15175,18978,4431,7706,272,236,9872,9432,16229,15260,19007,18921,23112,23840,26908,28045,20005,22812,14613,18241,4256,7389,214085,190594,31531,28600,55045,49098,10122,30,36
2021-07-26T23:59:59+02:00,911,824,13222,12386,19342,17889,21784,21409,25694,26369,29061,30090,20913,23887,15157,18959,4431,7702,224,207,9636,9182,15988,15053,18759,18720,22884,23673,26757,27918,19934,22751,14585,18205,4251,7383,213478,188835,31460,28499,55044,48720,10020,29,36
2021-07-25T23:59:59+02:00,892,813,13147,12315,19262,17839,21726,21357,25654,26321,29024,30044,20896,23871,15150,18953,4428,7701,201,187,9449,9041,15788,14900,18555,18579,22716,23562,26608,27798,19884,22703,14569,18192,4248,7380,213177,187924,31397,28348,55044,48305,9747,29,36
2021-07-24T23:59:59+02:00,892,813,13137,12306,19252,17832,21715,21352,25639,26314,29019,30038,20892,23870,15149,18952,4428,7701,201,187,9439,9027,15778,14893,18541,18573,22700,23553,26602,27790,19881,22700,14568,18191,4248,7380,213174,187906,31395,28345,55044,48305,9660,29,36
2021-07-23T23:59:59+02:00,884,812,13071,12269,19175,17798,21675,21319,25604,26275,28986,30002,20877,23853,15141,18948,4426,7698,201,186,9386,8999,15695,14849,18487,18532,22650,23512,26558,27751,19864,22683,14561,18185,4246,7377,213047,187743,31394,28339,55044,48304,9300,29,36
2021-07-22T23:59:59+02:00,872,798,12975,12187,19119,17730,21630,21290,25556,26228,28962,29979,20864,23835,15139,18942,4423,7696,147,143,9068,8725,15295,14601,18121,18277,22320,23265,26352,27616,19807,22627,14548,18163,4243,7372,212582,185916,31309,28085,55041,47388,9265,29,36
2021-07-21T23:59:59+02:00,850,770,12773,12019,18970,17606,21496,21191,25450,26125,28886,29908,20822,23800,15122,18919,4419,7691,124,123,8690,8411,14862,14276,17742,18004,21963,22933,26078,27405,19714,22539,14522,18125,4240,7363,211952,184014,31199,27736,55038,46728,8600,29,36
2021-07-20T23:59:59+02:00,820,745,12624,11884,18862,17520,21426,21115,25388,26060,28847,29857,20797,23767,15114,18903,4416,7688,94,96,8360,8104,14395,13939,17361,17729,21658,22703,25832,27218,19633,22430,14493,18090,4238,7357,211268,181858,31089,27573,55035,45851,8413,29,35
2021-07-19T23:59:59+02:00,791,718,12503,11767,18773,17449,21364,21056,25333,26006,28797,29820,20772,23738,15104,18889,4412,7682,73,65,8037,7851,14030,13685,17014,17480,21329,22499,25604,27076,19564,22354,14471,18068,4232,7351,210549,179818,30986,27414,55035,45140,8376,29,35
2021-07-18T23:59:59+02:00,773,699,12388,11659,18674,17370,21297,21002,25277,25952,28760,29766,20750,23718,15092,18878,4410,7680,60,54,7866,7698,13877,13563,16863,17357,21165,22387,25474,26994,19524,22314,14457,18052,4232,7348,209961,178883,30837,27309,55035,44774,8284,29,35
2021-07-17T23:59:59+02:00,773,699,12385,11659,18673,17367,21297,21002,25277,25952,28760,29766,20750,23718,15092,18878,4410,7680,60,54,7859,7697,13873,13558,16861,17356,21164,22386,25473,26992,19522,22313,14457,18052,4232,7348,209957,178861,30837,27307,55035,44773,8281,29,35
2021-07-16T23:59:59+02:00,766,694,12313,11605,18632,17336,21262,20975,25244,25929,28735,29747,20748,23715,15092,18876,4410,7680,56,51,7705,7596,13718,13488,16717,17297,21025,22327,25367,26944,19503,22293,14456,18046,4232,7345,209749,178408,30837,27234,55035,44379,8110,29,35
2021-07-15T23:59:59+02:00,751,674,12241,11534,18567,17277,21206,20927,25196,25888,28707,29719,20733,23698,15087,18867,4409,7677,54,48,7363,7279,13108,13081,16048,16874,20388,21956,24909,26632,19357,22152,14414,18000,4229,7338,209266,176172,30751,26331,55028,42607,8085,29,35
2021-07-14T23:59:59+02:00,722,654,12030,11397,18397,17168,21085,20831,25092,25785,28618,29619,20699,23665,15068,18851,4406,7674,46,37,6944,6925,12443,12628,15356,16386,19755,21498,24444,26291,19139,21926,14382,17952,4221,7327,208453,173348,30589,25992,55025,40660,7666,29,34
2021-07-13T23:59:59+02:00,678,619,11892,11264,18274,17083,20974,20737,24995,25690,28548,29553,20670,23626,15048,18841,4404,7664,36,26,6485,6501,11811,12128,14659,15882,19151,21087,24004,25964,18962,21710,14337,17891,4217,7318,207431,169687,30453,25819,55014,38998,7634,29,31
2021-07-12T23:59:59+02:00,644,588,11767,11127,18159,16994,20881,20629,24895,25591,28467,29486,20644,23592,15040,18829,4399,7657,32,20,6071,6088,11202,11593,14035,15346,18596,20595,23585,25602,18765,21520,14272,17833,4208,7314,206414,166002,30325,24993,55011,38040,7611,29,31
2021-07-11T23:59:59+02:00,608,561,11652,11035,18095,16931,20824,20573,24841,25544,28410,29437,20625,23572,15031,18820,4399,7656,29,19,5882,5918,10947,11391,13801,15146,18351,20406,23377,25416,18693,21438,14245,17807,4207,7308,205777,164611,30205,24524,55009,37618,7597,27,31
2021-07-10T23:59:59+02:00,607,560,11644,11034,18091,16929,20820,20572,24838,25543,28409,29437,20625,23572,15030,18818,4399,7656,29,19,5875,5917,10942,11384,13791,15142,18350,20404,23375,25414,18691,21437,14244,17807,4207,7308,205757,164581,30202,24523,55009,37611,7590,27,31
2021-07-09T23:59:59+02:00,579,537,11534,10907,18016,16845,20750,20511,24764,25467,28360,29392,20602,23552,15027,18808,4399,7655,29,18,5840,5883,10914,11350,13741,15121,18319,20373,23356,25392,18686,21427,14242,17804,4207,7307,204888,164349,30201,24473,55009,37575,7581,27,31
2021-07-08T23:59:59+02:00,544,509,11370,10771,17889,16742,20615,20409,24656,25338,28242,29313,20558,23504,15011,18779,4396,7647,26,15,5496,5624,10401,10954,13120,14671,17654,19814,22748,24925,18369,21036,14146,17721,4202,7297,204116,162037,30174,23666,54980,35488,6997,27,31
2021-07-07T23:59:59+02:00,484,457,11201,10624,17806,16655,20545,20341,24583,25260,28181,29249,20530,23468,15006,18767,4394,7639,21,15,5191,5334,9874,10503,12538,14190,16970,19293,22181,24425,18056,20672,14044,17624,4195,7274,203103,159574,30150,22201,54962,33645,6949,27,31
2021-07-06T23:59:59+02:00,443,423,11075,10474,17694,16561,20451,20238,24505,25167,28090,29170,20504,23428,14997,18750,4392,7636,14,9,4792,4907,9272,9986,11827,13588,16261,18678,21666,23932,17737,20366,13944,17508,4186,7264,201963,155384,30144,21258,54953,32352,6912,27,31
2021-07-05T23:59:59+02:00,421,396,10988,10384,17602,16489,20371,20166,24445,25116,28049,29133,20480,23407,14985,18742,4391,7633,11,8,4505,4587,8775,9536,11267,13035,15551,18033,21043,23325,17343,19969,13811,17350,4178,7256,201220,151490,30141,20578,54944,30617,6867,27,31
2021-07-04T23:59:59+02:00,408,390,10915,10329,17536,16435,20321,20116,24414,25080,28033,29115,20471,23396,14980,18739,4390,7632,11,8,4359,4497,8645,9369,11075,12860,15307,17822,20777,23053,17071,19678,13751,17258,4174,7252,200742,150171,30135,20272,54943,29639,6854,27,31
2021-07-03T23:59:59+02:00,406,389,10907,10318,17526,16429,20319,20112,24413,25080,28030,29114,20471,23395,14980,18739,4390,7632,11,8,4354,4489,8638,9365,11072,12860,15303,17822,20774,23050,17071,19675,13751,17258,4174,7252,200715,150158,30133,20272,54943,29633,6833,27,31
2021-07-02T23:59:59+02:00,363,326,10763,10208,17410,16328,20215,20036,24339,25016,27967,29055,20445,23369,14974,18725,4390,7629,11,8,4267,4410,8476,9229,10936,12748,15181,17714,20662,22946,17029,19645,13744,17243,4174,7249,199833,149172,30133,20271,54943,29575,6623,27,31
2021-07-01T23:59:59+02:00,316,283,10630,10073,17283,16235,20091,19946,24255,24941,27903,29003,20425,23345,14958,18710,4387,7625,11,6,4062,4212,8176,8895,10566,12337,14612,17214,20152,22408,16741,19346,13536,17029,4164,7227,198758,146114,30075,19588,54937,28348,6613,27,31
2021-06-30T23:59:59+02:00,233,222,10376,9833,17109,16085,19957,19816,24139,24817,27824,28914,20403,23313,14939,18692,4386,7624,11,5,3867,4019,7876,8560,10159,11874,14122,16658,19579,21774,16418,19002,13263,16751,4151,7200,197108,142440,30020,19338,54929,26881,6599,27,31
2021-06-29T23:59:59+02:00,189,185,10228,9658,16973,15989,19854,19724,24071,24741,27766,28845,20376,23286,14925,18672,4386,7620,10,5,3665,3761,7478,8108,9684,11339,13467,15988,18965,21072,16099,18675,13015,16461,4144,7186,195957,138162,30015,19039,54925,25324,6566,26,31
2021-06-28T23:59:59+02:00,140,133,10034,9474,16847,15884,19750,19621,23976,24646,27698,28783,20346,23256,14911,18653,4384,7618,9,4,3464,3506,7079,7666,9246,10847,12918,15451,18467,20554,15848,18409,12896,16328,4138,7175,194773,134326,29901,18615,54922,24500,6533,26,31
2021-06-27T23:59:59+02:00,122,116,9895,9363,16789,15824,19689,19570,23917,24595,27671,28758,20334,23240,14908,18649,4383,7615,9,4,3374,3441,6903,7470,9056,10648,12689,15211,18205,20295,15725,18304,12831,16241,4138,7171,194139,133136,29842,18269,54918,23765,6514,26,31
2021-06-26T23:59:59+02:00,122,116,9894,9358,16787,15820,19686,19569,23915,24594,27671,28758,20334,23240,14908,18649,4383,7615,9,4,3372,3440,6900,7469,9053,10647,12686,15208,18203,20294,15722,18303,12831,16239,4138,7171,194122,133116,29841,18269,54918,23760,6513,26,31
2021-06-25T23:59:59+02:00,118,113,9847,9318,16746,15786,19652,19538,23879,24566,27647,28739,20328,23233,14906,18646,4383,7615,9,4,3351,3394,6827,7358,8957,10492,12571,15011,18057,20086,15698,18274,12823,16236,4137,7170,193798,132933,29806,17916,54918,23062,6513,26,31
2021-06-24T23:59:59+02:00,108,102,9718,9195,16562,15659,19518,19414,23757,24477,27589,28678,20314,23217,14899,18637,4382,7613,8,4,3225,3252,6609,7026,8645,10038,12037,14387,17503,19378,15474,18042,12676,16104,4134,7158,192958,130531,29465,17058,54917,21606,6474,26,31
2021-06-23T23:59:59+02:00,102,97,9589,9059,16420,15533,19400,19311,23660,24372,27522,28631,20299,23195,14895,18632,4379,7612,8,4,3022,3015,6253,6544,8144,9469,11334,13562,16738,18397,15178,17701,12525,15962,4124,7133,192038,125978,29301,16082,54906,20586,6437,26,30
2021-06-22T23:59:59+02:00,71,71,9300,8755,16188,15334,19214,19160,23514,24247,27451,28547,20274,23169,14887,18613,4375,7606,8,4,2788,2731,5771,5998,7520,8707,10420,12520,15718,17194,14881,17342,12418,15838,4111,7110,190349,119547,29096,15591,54902,19511,6404,25,26
2021-06-21T23:59:59+02:00,67,63,9174,8599,16013,15182,19024,19007,23383,24124,27390,28469,20250,23140,14882,18603,4375,7602,8,4,2641,2540,5390,5538,7057,8124,9690,11644,14989,16262,14602,17029,12310,15718,4106,7093,189148,114854,28874,15033,54899,18431,6401,25,26
2021-06-20T23:59:59+02:00,64,61,9036,8472,15876,15064,18913,18920,23310,24053,27350,28418,20239,23119,14871,18596,4372,7601,8,4,2582,2472,5219,5357,6842,7858,9383,11310,14623,15857,14467,16895,12270,15681,4101,7087,188257,113147,28758,14800,54898,17646,6397,25,26
2021-06-19T23:59:59+02:00,64,61,9035,8466,15872,15055,18910,18920,23308,24052,27350,28417,20239,23119,14871,18596,4372,7601,8,4,2579,2471,5218,5352,6841,7857,9382,11309,14621,15853,14465,16895,12270,15681,4101,7087,188234,113128,28755,14798,54897,17645,6397,25,26
2021-06-18T23:59:59+02:00,64,57,9004,8453,15859,15046,18895,18912,23301,24043,27344,28412,20239,23116,14870,18596,4372,7601,8,4,2551,2438,5163,5293,6763,7757,9283,11152,14451,15625,14386,16794,12259,15659,4099,7084,188112,112343,28754,14797,54896,17206,6397,25,26
2021-06-17T23:59:59+02:00,57,54,8822,8291,15627,14878,18695,18754,23144,23912,27208,28319,20215,23095,14863,18584,4370,7598,8,4,2411,2290,4840,4996,6374,7354,8736,10548,13623,14751,14149,16499,12186,15536,4095,7073,186771,109469,28749,13843,54889,16083,6052,25,26
2021-06-16T23:59:59+02:00,49,52,8595,8078,15395,14650,18483,18553,22952,23743,27102,28209,20186,23052,14849,18564,4366,7592,8,4,2297,2183,4597,4793,6020,7011,8206,10061,12904,13910,13799,16116,12101,15447,4090,7061,184987,106012,28646,13042,54886,15602,5926,25,26
2021-06-15T23:59:59+02:00,40,39,8251,7746,15018,14292,18162,18266,22699,23532,26942,28076,20156,23018,14836,18549,4364,7581,8,4,2117,2014,4249,4443,5515,6448,7324,9170,11710,12632,13258,15498,11980,15284,4075,7038,182393,99774,28610,12376,54884,14936,5655,25,26
2021-06-14T23:59:59+02:00,34,34,8072,7581,14760,14058,17959,18093,22547,23410,26830,27994,20133,22985,14823,18541,4360,7573,6,4,2004,1891,3992,4193,5129,5977,6666,8448,10785,11577,12941,15150,11909,15190,4065,7019,180812,94938,28586,12015,54881,14484,5483,25,26
2021-06-13T23:59:59+02:00,34,34,7998,7526,14677,13968,17843,17982,22464,23332,26801,27964,20120,22974,14819,18535,4360,7573,4,4,1961,1865,3910,4096,5011,5837,6433,8209,10491,11244,12784,14972,11851,15133,4064,7018,180055,93561,28575,11723,54877,14105,5472,25,26
2021-06-12T23:59:59+02:00,34,34,7997,7525,14677,13966,17843,17982,22462,23331,26800,27961,20120,22973,14819,18535,4360,7573,4,4,1960,1863,3908,4096,5009,5836,6430,8205,10488,11238,12781,14971,11851,15131,4064,7018,180043,93540,28575,11723,54877,14096,5472,25,26
2021-06-11T23:59:59+02:00,34,33,7932,7484,14588,13919,17766,17931,22393,23297,26756,27938,20118,22969,14819,18534,4360,7573,4,4,1944,1851,3873,4038,4966,5769,6369,8122,10388,11133,12741,14936,11840,15125,4064,7018,179705,93323,28498,11717,54876,13779,5340,25,26
2021-06-10T23:59:59+02:00,29,26,7593,7188,14193,13555,17332,17556,22063,23017,26560,27757,20074,22924,14806,18516,4357,7561,2,4,1844,1769,3658,3872,4689,5495,6043,7754,9769,10522,12221,14277,11771,15017,4056,7011,177110,90157,28001,11336,54864,13150,5107,25,24
2021-06-09T23:59:59+02:00,28,23,7228,6839,13730,13123,16816,17092,21674,22648,26343,27543,20001,22854,14788,18481,4354,7553,2,4,1681,1654,3464,3692,4434,5227,5656,7346,8992,9805,11556,13441,11652,14877,4046,6999,173872,85907,27458,10703,54851,12982,4912,25,24
2021-06-08T23:59:59+02:00,23,19,6854,6436,13217,12636,16348,16622,21315,22308,26127,27340,19944,22774,14757,18446,4351,7546,2,4,1591,1579,3244,3461,4114,4876,5147,6858,8107,8882,10671,12364,11508,14719,4042,6984,170463,80252,26965,10406,54842,12704,4768,25,23
2021-06-07T23:59:59+02:00,20,16,6579,6154,12781,12260,15950,16223,20989,22011,25964,27184,19907,22720,14736,18426,4344,7540,2,4,1530,1508,3053,3289,3839,4648,4747,6481,7392,8128,9759,11216,11396,14573,4031,6966,167903,75509,26540,10034,54821,12481,4515,25,23
2021-06-06T23:59:59+02:00,20,16,6438,6022,12639,12106,15788,16066,20823,21849,25877,27098,19887,22683,14725,18416,4343,7536,2,4,1515,1485,2980,3248,3746,4583,4640,6402,7251,7998,9501,10947,11350,14523,4028,6961,166678,74827,26434,9611,54800,12308,4395,25,23
2021-06-05T23:59:59+02:00,20,16,6429,6018,12624,12093,15778,16057,20820,21844,25877,27095,19887,22683,14725,18416,4343,7536,2,4,1513,1483,2977,3246,3745,4582,4637,6402,7246,7992,9493,10942,11350,14523,4028,6961,166618,74796,26423,9608,54800,12304,4395,25,23
2021-06-04T23:59:59+02:00,20,16,6396,5978,12562,12044,15718,16008,20792,21812,25857,27078,19883,22677,14722,18416,4343,7536,2,4,1512,1477,2965,3234,3726,4568,4627,6388,7209,7949,9461,10872,11312,14482,4027,6960,166515,74520,26165,9595,54775,12259,4378,25,23
2021-06-03T23:59:59+02:00,20,15,6164,5755,12262,11794,15394,15697,20460,21474,25600,26865,19837,22603,14702,18396,4342,7532,1,4,1471,1434,2890,3168,3629,4489,4517,6288,7009,7766,9084,10424,11261,14408,4027,6955,164034,73222,25918,9297,54773,12121,4162,25,23
2021-06-02T23:59:59+02:00,20,15,6098,5697,12191,11729,15321,15630,20388,21412,25583,26841,19833,22600,14699,18393,4341,7531,1,4,1457,1423,2873,3155,3612,4474,4481,6271,6974,7728,9003,10313,11252,14383,4026,6954,163680,72855,25735,9288,54772,12111,4110,25,20
2021-06-01T23:59:59+02:00,16,15,5644,5204,11458,11033,14495,14896,19670,20747,25172,26458,19743,22510,14665,18346,4333,7523,1,4,1343,1317,2577,2885,3232,4141,3993,5812,6145,6924,7811,8687,11008,14036,4012,6937,158646,67443,25083,8381,54744,11593,3430,25,18
2021-05-31T23:59:59+02:00,14,15,5396,4907,11014,10606,13967,14402,19193,20250,24865,26119,19651,22424,14627,18300,4324,7507,1,4,1284,1262,2423,2750,3029,3971,3708,5519,5587,6391,6794,7401,10764,13716,4003,6903,155186,63403,24388,7459,54738,11386,3244,25,18
2021-05-30T23:59:59+02:00,14,15,5318,4831,10826,10483,13802,14224,18844,19927,24622,25871,19620,22394,14619,18280,4323,7505,1,4,1264,1248,2396,2716,2981,3925,3640,5463,5484,6302,6621,7170,10727,13641,4000,6893,153690,62664,23882,7396,54711,11188,3210,25,18
2021-05-29T23:59:59+02:00,14,15,5315,4831,10826,10479,13797,14221,18844,19926,24621,25869,19620,22394,14619,18280,4323,7505,1,4,1263,1244,2395,2713,2979,3922,3640,5461,5483,6300,6616,7167,10727,13641,4000,6893,153672,62654,23882,7393,54710,11174,3210,25,18
2021-05-28T23:59:59+02:00,14,15,5299,4817,10805,10441,13772,14202,18827,19909,24613,25859,19619,22393,14617,18277,4323,7504,1,4,1258,1244,2394,2706,2978,3920,3633,5455,5469,6284,6600,7150,10718,13619,3999,6889,153487,62550,23880,7393,54706,11152,3208,25,18
2021-05-27T23:59:59+02:00,11,14,5006,4538,10280,9986,13185,13672,18137,19295,24032,25322,19520,22278,14584,18231,4312,7492,1,3,1094,1104,2109,2513,2678,3629,3338,5099,5140,6004,6300,6734,10489,13336,3994,6873,150228,60696,22889,7356,54599,10215,2154,25,17
2021-05-26T23:59:59+02:00,11,14,4745,4285,9848,9607,12667,13151,17523,18685,23397,24646,19395,22128,14537,18176,4306,7475,1,3,1015,1023,1949,2360,2479,3431,3076,4855,4752,5651,5743,6084,10115,12801,3978,6837,146135,57546,22131,7318,54477,9444,1828,25,17
2021-05-25T23:59:59+02:00,11,13,4530,4058,9436,9134,12210,12645,16986,18108,22877,24007,19263,21956,14505,18097,4297,7461,1,3,968,978,1887,2271,2370,3295,2904,4651,4406,5274,5158,5351,9663,12201,3962,6812,142099,53990,21298,7303,54346,9019,1826,25,17
2021-05-24T23:59:59+02:00,11,13,4417,3901,9227,8930,12006,12386,16684,17788,22548,23604,19187,21877,14490,18077,4295,7460,1,3,951,929,1827,2230,2295,3234,2817,4570,4284,5158,5012,5191,9572,12074,3959,6804,140595,53281,20341,7249,54169,8594,1771,25,16
2021-05-23T23:59:59+02:00,11,13,4406,3901,9221,8927,11994,12376,16673,17781,22532,23583,19182,21872,14489,18075,4295,7460,1,3,950,924,1825,2225,2291,3232,2810,4566,4277,5141,5005,5177,9565,12061,3958,6803,140489,53204,20338,7236,54168,8588,1771,25,15
2021-05-22T23:59:59+02:00,11,13,4402,3898,9217,8923,11986,12370,16669,17777,22530,23581,19182,21872,14489,18075,4295,7460,1,3,950,924,1824,2223,2288,3232,2809,4566,4277,5139,5003,5176,9564,12061,3958,6803,140460,53198,20338,7236,54156,8581,1771,25,15
2021-05-21T23:59:59+02:00,11,13,4370,3861,9145,8847,11913,12283,16578,17702,22466,23513,19163,21854,14485,18068,4295,7458,1,3,904,914,1792,2212,2255,3222,2779,4541,4229,5110,4979,5152,9551,12054,3957,6802,139804,53128,20338,7236,54137,8357,1721,25,15
2021-05-20T23:59:59+02:00,8,12,4115,3683,8699,8488,11432,11869,15906,17199,21885,22933,18978,21686,14453,18028,4290,7447,1,3,757,851,1535,2051,2014,3064,2537,4321,3980,4876,4822,4989,9435,11909,3949,6778,136406,52398,19964,7137,53718,7324,998,25,15
2021-05-19T23:59:59+02:00,8,12,3873,3443,8206,8023,10852,11324,15236,16491,21208,22210,18777,21455,14412,17978,4284,7429,1,3,709,804,1474,1971,1937,2963,2471,4195,3839,4716,4646,4776,9232,11679,3929,6749,131015,51318,19782,7004,53420,6777,980,24,15
2021-05-18T23:59:59+02:00,7,11,3584,3180,7665,7491,10125,10628,14275,15552,20265,21153,18516,21171,14357,17918,4278,7407,1,3,654,756,1420,1883,1861,2852,2341,4054,3663,4514,4375,4486,9030,11429,3916,6722,123984,50089,19685,6803,52982,6146,908,24,14
2021-05-17T23:59:59+02:00,7,11,3394,2972,7208,7025,9621,10088,13546,14764,19579,20354,18330,20909,14310,17852,4267,7392,1,3,598,701,1339,1820,1786,2771,2231,3979,3527,4401,4129,4255,8885,11216,3903,6693,118749,49286,19446,6590,52518,5456,892,24,14
2021-05-16T23:59:59+02:00,7,10,3264,2899,7002,6850,9417,9873,13292,14529,19350,20124,18253,20830,14296,17833,4266,7386,1,3,585,655,1299,1771,1742,2710,2194,3886,3462,4318,4038,4153,8864,11188,3901,6691,117126,49139,19207,6422,52236,4998,888,24,14
2021-05-15T23:59:59+02:00,7,10,3263,2896,6995,6841,9415,9867,13289,14527,19347,20114,18251,20829,14296,17833,4266,7386,1,3,585,655,1296,1769,1738,2709,2192,3886,3461,4318,4036,4151,8864,11188,3901,6690,117081,49130,19207,6421,52234,4992,886,24,14
2021-05-14T23:59:59+02:00,7,10,3223,2851,6880,6697,9284,9728,13138,14345,19176,19978,18227,20804,14295,17825,4265,7383,1,3,565,642,1275,1746,1708,2687,2158,3860,3417,4280,3986,4096,8857,11181,3901,6689,116671,49090,18459,6270,52149,4865,813,24,14
2021-05-13T23:59:59+02:00,7,10,3106,2692,6555,6377,8847,9331,12589,13863,18574,19380,18099,20660,14262,17788,4260,7381,0,2,532,618,1223,1690,1652,2614,2071,3754,3268,4160,3882,3959,8834,11161,3898,6685,113791,48995,17764,5879,51543,4457,660,23,12
2021-05-12T23:59:59+02:00,7,10,3079,2661,6522,6340,8799,9278,12449,13750,18390,19176,18066,20626,14254,17778,4260,7381,0,2,531,616,1222,1687,1646,2611,2061,3748,3254,4152,3869,3945,8826,11155,3898,6684,113079,48966,17540,5852,51525,4418,659,23,12
2021-05-11T23:59:59+02:00,5,10,2691,2403,5728,5844,7827,8467,11054,12583,16825,17701,17561,20063,14170,17673,4241,7358,0,2,495,556,1094,1582,1482,2455,1876,3569,3033,3889,3762,3831,8757,11062,3894,6679,105679,48732,16916,5656,49453,3484,134,22,12
2021-05-10T23:59:59+02:00,5,8,2506,2237,5253,5464,7134,7843,10027,11667,15529,16331,17181,19611,14107,17559,4233,7334,0,2,471,531,1050,1543,1439,2403,1817,3466,2913,3758,3680,3758,8718,11014,3890,6675,99875,48615,16005,5425,47995,2944,132,22,12
2021-05-09T23:59:59+02:00,5,8,2425,2206,5116,5380,6948,7724,9616,11329,14983,15804,17062,19471,14087,17531,4230,7329,0,2,456,513,1018,1486,1368,2319,1758,3344,2801,3604,3594,3665,8695,10982,3887,6672,98299,48529,15417,5155,47387,2339,129,22,12
2021-05-08T23:59:59+02:00,5,8,2421,2205,5115,5380,6948,7722,9611,11325,14982,15803,17062,19471,14087,17531,4230,7329,0,2,455,512,1017,1486,1368,2318,1758,3344,2800,3603,3592,3665,8694,10982,3887,6672,98283,48523,15416,5155,47385,2336,129,22,12
2021-05-07T23:59:59+02:00,5,8,2250,2143,4844,5285,6584,7569,9162,11112,14539,15483,16885,19269,14075,17502,4230,7327,0,2,445,510,1006,1473,1353,2303,1723,3334,2751,3568,3546,3625,8615,10901,3887,6669,97576,48499,14897,4805,45652,2270,125,22,12
2021-05-06T23:59:59+02:00,5,8,2016,2011,4294,4939,5930,7195,8394,10554,13565,14661,16487,18819,14026,17408,4218,7314,0,2,415,462,965,1373,1266,2139,1617,3110,2530,3285,3368,3425,8436,10708,3878,6655,94997,48057,13662,4199,43107,1310,56,22,12
2021-05-05T23:59:59+02:00,5,8,1893,1902,4012,4714,5498,6824,7700,9964,12446,13605,15810,17982,13922,17306,4209,7290,0,2,407,449,952,1346,1238,2098,1582,3034,2470,3201,3317,3385,8357,10609,3872,6645,90585,47925,12341,4049,42102,938,40,22,12
2021-05-04T23:59:59+02:00,5,8,1807,1817,3746,4478,5091,6468,7037,9389,11226,12361,14892,16854,13813,17169,4205,7276,0,2,402,439,933,1326,1220,2056,1564,2995,2426,3146,3271,3337,8269,10498,3866,6631,84776,47786,11703,3849,41115,707,27,21,12
2021-05-03T23:59:59+02:00,4,8,1756,1763,3596,4353,4859,6256,6654,9058,10498,11626,14166,15874,13725,17054,4196,7259,0,2,396,429,929,1312,1205,2023,1543,2953,2393,3101,3218,3297,8154,10396,3861,6625,80349,47658,11498,3628,40815,518,22,21,11
2021-05-02T23:59:59+02:00,4,8,1746,1745,3522,4328,4776,6203,6584,8998,10381,11511,13980,15680,13693,17027,4195,7254,0,2,394,421,923,1297,1201,2006,1540,2940,2377,3084,3202,3279,8117,10364,3860,6621,79791,47637,11223,3530,40583,433,17,21,11
2021-05-01T23:59:59+02:00,4,8,1743,1745,3520,4327,4775,6202,6581,8997,10376,11507,13977,15680,13692,17026,4195,7251,0,2,393,421,923,1297,1200,2005,1540,2940,2377,3084,3202,3279,8117,10364,3860,6620,79764,47634,11223,3530,40582,433,16,21,11
2021-04-30T23:59:59+02:00,4,8,1741,1738,3514,4318,4768,6190,6560,8982,10338,11469,13926,15606,13666,16995,4194,7250,0,2,393,419,921,1295,1200,2005,1540,2940,2375,3083,3202,3277,8116,10362,3860,6620,79437,47627,11223,3529,40572,428,15,20,11
2021-04-29T23:59:59+02:00,4,7,1620,1697,3274,4203,4492,6036,6242,8731,9921,11076,13343,14902,13562,16839,4188,7242,0,2,384,408,912,1273,1180,1971,1516,2904,2346,3035,3188,3266,8103,10344,3857,6616,76652,47511,10837,3527,39858,242,14,18,11
2021-04-28T23:59:59+02:00,4,7,1495,1649,3100,4103,4257,5857,5886,8457,9334,10583,12466,13720,13406,16630,4179,7228,0,2,375,398,895,1260,1164,1942,1479,2860,2276,2965,3032,3132,7989,10228,3850,6605,72156,47088,10651,3113,39525,228,12,17,11
2021-04-27T23:59:59+02:00,4,7,1457,1605,2992,3983,4053,5715,5579,8199,8714,9913,11429,12409,13176,16273,4168,7206,0,2,363,382,886,1239,1149,1907,1452,2787,2229,2904,2993,3087,7962,10196,3843,6600,67349,46872,10464,2939,39041,147,12,16,11
2021-04-26T23:59:59+02:00,4,7,1433,1571,2880,3905,3881,5571,5268,7985,8222,9472,10674,11482,13032,16069,4157,7188,0,2,362,377,876,1228,1132,1896,1422,2766,2200,2873,2943,3035,7912,10146,3837,6595,63935,46768,10275,2685,38563,126,12,16,11
2021-04-25T23:59:59+02:00,4,7,1422,1565,2812,3873,3784,5511,5131,7938,8027,9366,10477,11247,12995,16015,4156,7183,0,2,361,372,867,1222,1114,1882,1407,2747,2177,2846,2901,3002,7864,10098,3836,6590,63427,46688,10073,2477,37986,100,12,15,11
2021-04-24T23:59:59+02:00,4,7,1421,1565,2812,3871,3783,5510,5129,7936,8023,9362,10470,11244,12995,16015,4156,7183,0,2,361,372,867,1221,1114,1879,1405,2746,2176,2846,2901,3002,7864,10098,3836,6590,63401,46682,10073,2476,37985,99,12,15,11
2021-04-23T23:59:59+02:00,4,7,1404,1554,2746,3837,3700,5480,5011,7888,7888,9303,10384,11132,12971,15974,4154,7179,0,2,360,372,866,1218,1114,1879,1404,2746,2176,2846,2900,3002,7863,10098,3836,6590,63270,46676,9793,2475,37526,98,12,15,11
2021-04-22T23:59:59+02:00,4,7,1362,1524,2638,3772,3539,5375,4778,7734,7535,9067,9810,10437,12703,15675,4148,7155,0,2,354,371,858,1209,1104,1866,1392,2720,2149,2825,2864,2969,7773,9989,3824,6573,61641,46264,9134,2466,36461,89,12,15,11
2021-04-21T23:59:59+02:00,4,7,1329,1487,2558,3695,3420,5273,4559,7554,7126,8739,8918,9404,12287,15096,4135,7113,0,2,349,369,853,1192,1095,1845,1374,2690,2118,2797,2804,2913,7657,9821,3806,6545,58905,45777,8265,2341,35507,89,12,15,11
2021-04-20T23:59:59+02:00,4,7,1307,1461,2486,3621,3320,5176,4386,7371,6741,8406,8025,8276,11821,14506,4121,7099,0,2,343,364,841,1179,1085,1823,1350,2667,2085,2754,2743,2856,7507,9633,3774,6490,56050,45055,7500,2335,34559,84,11,14,11
2021-04-19T23:59:59+02:00,4,7,1291,1444,2450,3584,3259,5109,4278,7268,6502,8173,7389,7500,11568,14150,4110,7081,0,2,341,362,836,1169,1079,1811,1327,2654,2051,2727,2688,2812,7390,9466,3751,6451,54098,44494,7126,2321,33918,80,11,14,11
2021-04-18T23:59:59+02:00,4,6,1281,1432,2419,3559,3219,5088,4225,7212,6366,8044,7036,7112,11474,14047,4107,7069,0,2,341,361,834,1165,1078,1804,1325,2641,2045,2722,2682,2798,7363,9433,3749,6447,53580,44369,6668,2319,33427,80,11,14,11
2021-04-17T23:59:59+02:00,4,6,1280,1430,2419,3557,3218,5084,4220,7209,6359,8034,7021,7102,11472,14045,4107,7069,0,2,341,361,833,1164,1078,1804,1323,2640,2044,2720,2679,2796,7362,9433,3749,6447,53558,44356,6666,2318,33388,80,11,13,11
2021-04-16T23:59:59+02:00,4,6,1277,1429,2408,3548,3210,5076,4201,7191,6308,8001,6944,7017,11460,14031,4105,7067,0,2,341,360,829,1162,1076,1804,1321,2639,2041,2720,2678,2789,7360,9431,3748,6447,53501,44332,6429,2314,33329,80,11,13,11
2021-04-15T23:59:59+02:00,2,4,1241,1409,2355,3499,3115,5017,4040,7062,6051,7769,6401,6460,11210,13742,4090,7035,0,2,334,358,810,1142,1037,1744,1276,2567,1967,2625,2598,2720,7272,9342,3738,6430,52413,43741,6038,2128,32027,74,11,13,8
2021-04-14T23:59:59+02:00,2,4,1220,1395,2320,3472,3046,4955,3932,6957,5861,7561,5758,5757,10816,13251,4058,6985,0,2,327,355,798,1133,1020,1718,1245,2526,1916,2573,2521,2650,7123,9147,3719,6404,51006,43080,5832,2005,30489,74,10,13,8
2021-04-13T23:59:59+02:00,2,4,1206,1385,2288,3441,2990,4891,3821,6876,5613,7340,5222,5211,10476,12837,4035,6957,0,2,306,341,779,1104,998,1697,1221,2490,1879,2532,2455,2584,7004,9010,3683,6343,49986,42392,5628,1948,28958,71,10,13,7
2021-04-12T23:59:59+02:00,2,4,1191,1379,2263,3418,2939,4846,3693,6795,5404,7191,4894,4917,10224,12556,4026,6933,0,2,290,337,766,1100,981,1681,1207,2467,1829,2485,2377,2523,6889,8869,3669,6321,49519,41815,5429,1899,27707,64,8,12,7
2021-04-11T23:59:59+02:00,2,4,1185,1366,2243,3398,2906,4826,3633,6724,5260,7082,4662,4717,10039,12357,4020,6922,0,2,283,335,761,1092,972,1666,1196,2439,1806,2453,2324,2464,6805,8761,3655,6301,49436,41400,5192,1838,26701,63,7,10,7
2021-04-10T23:59:59+02:00,2,4,1185,1365,2240,3394,2903,4822,3627,6721,5250,7070,4656,4708,10031,12344,4020,6922,0,2,280,331,745,1085,958,1661,1172,2419,1734,2401,2236,2378,6745,8714,3654,6297,49382,41230,5190,1508,26676,61,6,10,7
2021-04-09T23:59:59+02:00,2,4,1181,1362,2233,3392,2894,4812,3618,6710,5221,7046,4631,4680,10005,12314,4019,6922,0,2,271,328,725,1075,942,1640,1138,2372,1641,2325,2016,2109,6590,8553,3632,6264,49305,40375,5185,1174,26540,61,6,10,7
2021-04-08T23:59:59+02:00,2,4,1157,1342,2180,3336,2809,4722,3477,6580,4985,6813,4239,4272,9457,11740,4000,6868,0,2,246,307,673,1015,884,1567,1065,2276,1506,2205,1738,1772,6124,7991,3544,6118,48841,37799,4656,1171,24470,50,6,10,7
2021-04-07T23:59:59+02:00,2,4,1147,1328,2146,3318,2767,4685,3388,6517,4822,6679,3945,3970,8894,11188,3983,6839,0,2,213,278,613,960,823,1495,1006,2215,1400,2106,1597,1596,5525,7290,3455,5961,48629,35308,4181,1167,22798,49,4,10,7
2021-04-06T23:59:59+02:00,2,4,1125,1310,2102,3292,2728,4653,3323,6470,4696,6586,3689,3715,8403,10678,3967,6808,0,2,205,273,584,940,798,1447,960,2157,1317,2019,1450,1407,4940,6496,3340,5755,48434,32875,3644,1159,21460,46,3,10,7
2021-04-05T23:59:59+02:00,2,4,1122,1305,2096,3289,2718,4651,3308,6455,4673,6568,3657,3688,8373,10640,3963,6806,0,2,202,261,577,925,779,1423,944,2121,1277,1979,1403,1344,4725,6227,3292,5699,48344,31967,3638,1157,21323,46,3,10,7
2021-04-04T23:59:59+02:00,2,4,1122,1305,2096,3288,2718,4650,3308,6455,4672,6567,3652,3686,8371,10638,3963,6806,0,2,202,261,576,925,779,1423,944,2121,1277,1978,1403,1344,4724,6227,3292,5699,48338,31964,3638,1157,21314,46,3,10,7
2021-04-03T23:59:59+02:00,2,4,1122,1305,2095,3288,2718,4650,3308,6455,4672,6567,3651,3684,8371,10637,3963,6806,0,2,202,261,576,924,779,1423,944,2121,1277,1978,1403,1344,4724,6227,3292,5699,48337,31963,3637,1157,21311,46,3,10,7
2021-04-02T23:59:59+02:00,2,4,1122,1305,2095,3286,2718,4649,3308,6452,4672,6565,3648,3680,8369,10636,3963,6806,0,2,202,261,576,924,779,1421,944,2121,1277,1977,1403,1342,4722,6226,3291,5699,48320,31955,3637,1156,21310,46,3,10,7
2021-04-01T23:59:59+02:00,1,4,1109,1270,2030,3166,2610,4448,3159,6203,4514,6326,3604,3644,8269,10530,3952,6788,0,2,197,252,572,915,768,1415,934,2107,1254,1961,1382,1315,4482,5907,3171,5533,47948,30966,3631,1152,20035,39,3,10,7
2021-03-31T23:59:59+02:00,1,4,1092,1241,1991,3068,2534,4305,3069,5991,4383,6096,3519,3562,8116,10334,3932,6752,0,2,189,249,565,904,764,1397,922,2087,1213,1928,1326,1252,3988,5303,3043,5297,47341,29231,3504,1152,19132,38,3,10,5
2021-03-30T23:59:59+02:00,1,3,1070,1208,1939,2884,2432,4081,2919,5632,4182,5707,3425,3467,7952,10129,3905,6698,0,2,185,244,556,894,753,1375,900,2067,1165,1883,1240,1167,3462,4582,2817,4961,46702,27064,3338,1152,17581,29,3,10,5
2021-03-29T23:59:59+02:00,1,3,1053,1165,1876,2754,2348,3924,2781,5378,4019,5432,3325,3367,7790,9899,3876,6650,0,2,184,239,550,883,743,1361,882,2043,1128,1855,1165,1079,2877,3899,2639,4665,46056,25022,3103,1146,16470,19,2,10,5
2021-03-28T23:59:59+02:00,1,3,1034,1133,1805,2591,2266,3720,2660,5083,3867,5155,3260,3301,7725,9835,3872,6645,0,2,184,239,548,880,742,1359,880,2037,1125,1852,1156,1067,2822,3832,2626,4638,45948,24825,2894,1144,15102,14,2,10,4
2021-03-27T23:59:59+01:00,1,3,1034,1133,1805,2590,2265,3719,2657,5083,3864,5155,3256,3301,7724,9835,3872,6645,0,2,184,239,547,880,742,1359,879,2037,1122,1852,1156,1067,2822,3832,2626,4638,45939,24820,2894,1144,15097,14,2,10,4
2021-03-26T23:59:59+01:00,1,3,1029,1110,1763,2475,2201,3561,2594,4873,3778,4931,3235,3284,7721,9830,3871,6644,0,2,184,238,547,880,741,1359,879,2037,1122,1849,1152,1066,2819,3825,2625,4635,45912,24798,2891,1144,14089,12,2,10,4
2021-03-25T23:59:59+01:00,1,3,1004,1079,1712,2373,2118,3392,2485,4644,3666,4733,3133,3192,7593,9696,3864,6630,0,2,182,236,542,878,734,1349,873,2019,1105,1825,1106,1022,2590,3477,2425,4342,45653,23546,2553,1144,13103,12,1,8,4
2021-03-24T23:59:59+01:00,1,3,981,1059,1692,2330,2087,3342,2449,4577,3623,4663,3046,3121,7464,9524,3845,6612,0,2,182,232,536,873,727,1339,861,2004,1086,1804,1066,979,2194,2928,2031,3819,45113,21504,2423,1142,12874,12,1,8,4
2021-03-23T23:59:59+01:00,1,3,971,1053,1674,2298,2063,3308,2415,4533,3582,4613,2979,3048,7370,9422,3827,6584,0,2,180,229,532,868,720,1327,847,1985,1049,1772,985,888,1828,2437,1679,3353,44599,19556,2412,1108,12725,12,1,7,4
2021-03-22T23:59:59+01:00,1,3,969,1044,1660,2281,2049,3290,2393,4504,3545,4571,2935,3014,7307,9352,3813,6567,0,2,177,226,530,857,704,1304,833,1971,1020,1745,936,816,1351,1863,1325,2862,44265,17454,2390,1051,12635,12,1,7,4
2021-03-21T23:59:59+01:00,1,3,969,1044,1659,2278,2049,3287,2389,4500,3533,4563,2921,3005,7260,9297,3807,6561,0,2,177,223,528,855,703,1300,831,1967,1009,1740,913,797,1273,1778,1269,2793,44117,17151,2387,990,12614,12,1,7,4
2021-03-20T23:59:59+01:00,1,3,968,1043,1658,2277,2048,3287,2389,4500,3531,4561,2920,3004,7260,9296,3807,6561,0,2,177,223,528,855,703,1300,831,1967,996,1725,878,769,1241,1755,1260,2791,44115,17148,2382,836,12609,12,1,7,4
2021-03-19T23:59:59+01:00,1,3,967,1035,1651,2263,2037,3283,2387,4494,3524,4554,2910,2993,7248,9279,3806,6558,0,2,177,221,527,855,703,1298,831,1966,989,1720,834,730,1178,1703,1250,2780,44053,17104,2378,643,12554,12,1,7,4
2021-03-18T23:59:59+01:00,1,3,931,1003,1573,2149,1913,3114,2238,4246,3294,4303,2758,2836,6946,8914,3740,6457,0,2,176,220,522,850,696,1291,822,1955,966,1704,816,708,1101,1594,1105,2574,42657,16520,2068,565,11686,12,1,7,4
2021-03-17T23:59:59+01:00,1,3,878,971,1502,2089,1849,3048,2173,4186,3199,4207,2622,2702,6520,8420,3675,6342,0,2,175,218,519,845,694,1287,818,1950,961,1696,787,689,966,1441,949,2358,40881,15774,2064,564,11434,12,1,7,4
2021-03-16T23:59:59+01:00,1,3,853,947,1468,2048,1811,2998,2119,4131,3103,4109,2488,2543,6044,7768,3584,6191,0,0,169,215,514,844,690,1280,813,1941,954,1683,782,676,878,1315,805,2192,38880,15170,2003,564,11318,12,1,7,4
2021-03-15T23:59:59+01:00,1,3,836,941,1450,2025,1773,2943,2081,4060,3002,4000,2354,2372,5557,7225,3511,6074,0,0,168,214,514,836,688,1271,809,1931,944,1667,771,666,808,1203,649,1988,37109,14585,1902,526,11190,12,0,7,4
2021-03-14T23:59:59+01:00,1,3,831,926,1426,1998,1749,2914,2050,4001,2939,3932,2175,2175,5372,6998,3480,6041,0,0,168,214,513,833,686,1260,808,1924,941,1658,753,657,792,1184,625,1933,36085,14440,1801,502,11118,3,0,7,4
2021-03-13T23:59:59+01:00,1,3,823,919,1404,1986,1732,2901,2023,3973,2864,3884,2103,2101,5323,6943,3478,6040,0,0,168,214,513,832,686,1260,807,1924,941,1658,753,657,792,1184,625,1933,35830,14438,1553,502,11111,3,0,7,4
2021-03-12T23:59:59+01:00,1,3,799,903,1358,1928,1669,2803,1924,3822,2706,3717,1906,1862,5138,6718,3446,5997,0,0,168,214,512,832,686,1260,806,1924,941,1657,744,654,779,1169,617,1930,34499,14385,1309,501,10885,3,0,7,4
2021-03-11T23:59:59+01:00,1,3,765,844,1289,1843,1585,2654,1840,3621,2543,3545,1640,1552,4768,6246,3309,5815,0,0,159,207,506,823,676,1251,791,1888,921,1616,613,592,710,1126,596,1898,32382,13879,1208,489,10266,2,0,7,3
2021-03-10T23:59:59+01:00,1,3,750,792,1266,1787,1553,2596,1790,3550,2462,3456,1568,1463,4295,5701,3190,5561,0,0,159,205,497,802,658,1238,782,1868,914,1600,544,577,677,1117,589,1892,30561,13727,1202,387,10014,2,0,7,3
2021-03-09T23:59:59+01:00,1,3,736,771,1245,1757,1526,2550,1750,3499,2388,3404,1474,1365,3733,4945,2996,5251,0,0,156,203,491,781,648,1214,768,1836,902,1572,540,575,675,1112,586,1886,28372,13665,1199,275,9816,2,0,7,3
2021-03-08T23:59:59+01:00,0,3,732,743,1231,1736,1508,2530,1722,3461,2348,3361,1380,1263,3058,4113,2757,4880,0,0,152,200,477,758,626,1181,749,1786,878,1535,536,573,675,1111,586,1886,25901,13657,1199,49,9719,0,0,7,3
2021-03-07T23:59:59+01:00,0,3,729,739,1222,1726,1500,2515,1711,3453,2337,3353,1367,1247,2956,3991,2734,4831,0,0,152,200,477,758,626,1181,749,1786,878,1535,536,573,675,1111,586,1886,25548,13657,1197,49,9662,0,0,7,3
2021-03-06T23:59:59+01:00,0,3,728,739,1220,1721,1497,2512,1707,3450,2333,3352,1364,1247,2956,3991,2734,4831,0,0,151,200,477,758,626,1181,749,1786,878,1535,536,573,675,1111,586,1886,25543,13656,1197,49,9638,0,0,7,3
2021-03-05T23:59:59+01:00,0,3,667,715,1195,1706,1476,2502,1682,3435,2304,3342,1359,1244,2948,3984,2731,4826,0,0,151,200,477,757,626,1180,749,1786,878,1533,535,573,675,1111,586,1886,25515,13651,1193,49,9404,0,0,7,3
2021-03-04T23:59:59+01:00,0,3,601,668,1127,1636,1420,2419,1641,3354,2230,3265,1308,1196,2727,3618,2545,4538,0,0,149,194,474,743,615,1168,738,1758,869,1520,524,562,663,1101,581,1877,24284,13486,1185,47,8820,0,0,7,3
2021-03-03T23:59:59+01:00,0,3,564,629,1060,1573,1324,2338,1540,3268,2105,3178,1264,1149,2352,3096,2189,4085,0,0,149,194,472,740,615,1168,737,1756,866,1519,521,559,661,1098,581,1875,22406,13463,1183,46,8123,0,0,5,2
2021-03-02T23:59:59+01:00,0,3,546,595,1022,1527,1267,2296,1482,3216,2009,3116,1180,1047,1982,2617,1793,3561,0,0,147,192,467,734,610,1157,727,1746,861,1498,512,550,650,1077,561,1842,20325,13283,1180,46,7749,0,0,5,2
2021-03-01T23:59:59+01:00,0,3,539,546,1003,1488,1221,2235,1436,3152,1954,3043,1134,973,1483,2022,1405,3016,0,0,145,192,467,734,610,1156,727,1743,860,1498,510,550,646,1068,557,1831,18031,13246,1177,46,7440,0,0,5,2
2021-02-28T23:59:59+01:00,0,3,532,532,985,1448,1195,2173,1408,3094,1899,2970,1113,951,1368,1882,1331,2928,0,0,145,192,466,733,610,1156,726,1741,859,1497,508,550,646,1068,557,1831,17550,13237,1175,46,7082,0,0,5,2
2021-02-27T23:59:59+01:00,0,3,532,530,984,1445,1195,2172,1408,3093,1899,2969,1113,951,1368,1881,1329,2928,0,0,144,192,465,732,607,1154,724,1739,857,1496,508,550,646,1068,557,1831,17547,13236,1175,32,7073,0,0,5,2
2021-02-26T23:59:59+01:00,0,3,390,480,854,1401,1112,2130,1340,3052,1840,2927,1108,945,1365,1880,1329,2926,0,0,144,192,465,732,607,1154,724,1738,857,1495,508,550,646,1068,557,1831,17535,13235,1175,31,6367,0,0,5,2
2021-02-25T23:59:59+01:00,0,3,301,427,758,1307,1028,2040,1242,2879,1701,2765,1070,913,1283,1755,1209,2734,0,0,137,182,453,719,591,1129,717,1713,837,1471,494,536,618,1036,543,1812,16934,12965,1175,21,5301,0,0,5,2
2021-02-24T23:59:59+01:00,0,2,256,383,685,1231,954,1952,1188,2761,1635,2647,1043,893,1160,1609,1051,2515,0,0,135,182,450,715,587,1128,716,1708,836,1467,489,531,610,1031,540,1800,16219,12905,1173,18,4568,0,0,5,2
2021-02-23T23:59:59+01:00,0,2,244,361,664,1172,925,1873,1141,2649,1560,2537,1017,865,1079,1481,908,2350,0,0,135,180,450,714,587,1128,716,1705,834,1466,488,528,608,1030,540,1799,15657,12893,1138,14,4028,0,0,5,1
2021-02-22T23:59:59+01:00,0,0,230,342,641,1142,893,1790,1091,2557,1474,2414,971,835,960,1337,721,2093,0,0,135,180,449,713,585,1127,715,1705,828,1464,487,527,607,1028,539,1797,14902,12881,1065,4,3519,0,0,5,1
2021-02-21T23:59:59+01:00,0,0,224,331,605,1075,843,1685,1048,2456,1394,2307,954,814,927,1285,668,2027,0,0,135,179,446,706,584,1123,715,1700,828,1462,486,527,606,1028,538,1796,14692,12854,1022,4,2924,0,0,5,1
2021-02-20T23:59:59+01:00,0,0,224,328,602,1074,841,1680,1044,2451,1379,2288,918,785,894,1262,660,2025,0,0,135,179,446,706,584,1123,715,1700,828,1462,486,526,605,1028,538,1796,14691,12853,862,4,2897,0,0,5,0
2021-02-19T23:59:59+01:00,0,0,214,320,593,1066,828,1665,1023,2434,1346,2245,673,682,751,1198,635,2008,0,0,135,179,446,705,584,1120,714,1697,825,1459,486,525,605,1027,537,1796,14213,12837,673,3,2790,0,0,5,0
2021-02-18T23:59:59+01:00,0,0,198,271,554,944,743,1439,893,2176,1096,1870,594,614,710,1156,615,1991,0,0,130,179,433,693,569,1103,708,1671,809,1431,483,522,604,1026,537,1796,14054,12691,573,3,1233,0,0,4,0
2021-02-17T23:59:59+01:00,0,0,192,231,534,895,706,1343,834,2008,1011,1738,572,594,710,1153,613,1988,0,0,123,177,421,683,561,1088,690,1640,797,1410,480,520,602,1023,537,1795,14037,12544,573,3,508,0,0,4,0
2021-02-16T23:59:59+01:00,0,0,185,228,526,879,691,1312,815,1969,978,1698,560,589,704,1151,612,1985,0,0,118,172,407,678,550,1072,677,1622,788,1396,474,514,595,1009,529,1764,14006,12363,573,2,299,0,0,4,0
2021-02-15T23:59:59+01:00,0,0,171,219,521,852,685,1278,801,1934,949,1651,559,586,702,1151,612,1985,0,0,115,171,400,668,539,1053,648,1595,774,1378,472,511,595,1009,529,1764,14003,12219,534,2,115,0,0,4,0
2021-02-14T23:59:59+01:00,0,0,166,211,517,839,684,1269,798,1925,931,1642,558,585,702,1148,611,1985,0,0,108,167,389,657,522,1035,629,1580,767,1365,472,509,593,1007,529,1764,13997,12091,532,2,38,0,0,4,0
2021-02-13T23:59:59+01:00,0,0,165,211,516,839,684,1269,798,1925,931,1642,558,585,702,1148,611,1985,0,0,108,167,388,656,522,1035,629,1580,767,1365,472,509,593,1007,529,1764,13996,12089,532,2,37,0,0,4,0
2021-02-12T23:59:59+01:00,0,0,163,210,511,837,683,1266,794,1924,929,1639,557,585,702,1148,611,1985,0,0,105,165,385,650,517,1028,615,1565,764,1348,470,508,581,987,524,1735,13989,11945,531,2,20,0,0,4,0
2021-02-11T23:59:59+01:00,0,0,160,209,507,830,676,1262,792,1920,923,1637,552,579,695,1142,606,1979,0,0,86,129,356,580,470,948,563,1448,720,1254,446,463,537,933,480,1637,13938,11049,519,1,8,0,0,4,0
2021-02-10T23:59:59+01:00,0,0,157,207,497,813,660,1247,780,1893,908,1613,543,573,684,1129,601,1969,0,0,77,118,328,520,443,841,522,1272,647,1097,397,413,470,816,432,1476,13813,9868,456,1,1,0,0,4,0
2021-02-09T23:59:59+01:00,0,0,156,201,489,775,644,1208,760,1832,896,1572,531,561,678,1114,592,1950,0,0,72,101,309,453,408,756,480,1169,583,997,366,358,427,729,398,1355,13700,8961,256,0,0,0,0,3,0
2021-02-08T23:59:59+01:00,0,0,152,197,472,750,622,1173,740,1782,876,1528,525,560,676,1108,588,1934,0,0,58,75,264,385,358,622,421,940,510,818,308,303,361,575,333,1149,13630,7480,50,0,0,0,0,3,0
2021-02-07T23:59:59+01:00,0,0,152,196,470,749,620,1172,739,1774,874,1526,524,560,676,1108,588,1933,0,0,57,67,246,350,339,577,405,908,490,783,308,296,359,568,331,1145,13608,7229,50,0,0,0,0,3,0
2021-02-06T23:59:59+01:00,0,0,152,196,470,749,620,1172,739,1774,874,1526,524,560,676,1108,588,1933,0,0,57,67,246,349,339,577,405,907,488,781,308,295,358,566,330,1145,13608,7218,50,0,0,0,0,3,0
2021-02-05T23:59:59+01:00,0,0,152,196,470,749,620,1172,739,1774,874,1525,524,560,675,1108,588,1933,0,0,55,67,245,346,332,573,397,884,479,761,298,290,347,542,312,1105,13606,7033,50,0,0,0,0,3,0
2021-02-04T23:59:59+01:00,0,0,146,191,466,741,613,1164,735,1760,868,1516,517,553,654,1083,579,1915,0,0,41,51,212,312,290,477,355,743,385,615,233,219,262,376,231,818,13449,5620,49,0,0,0,0,3,0
2021-02-03T23:59:59+01:00,0,0,144,190,460,734,605,1155,731,1748,860,1500,505,545,639,1070,572,1907,0,0,33,32,156,221,237,347,265,567,309,466,182,172,185,282,178,612,13315,4244,47,0,0,0,0,3,0
2021-02-02T23:59:59+01:00,0,0,144,187,458,733,605,1155,728,1742,853,1496,504,543,635,1067,571,1903,0,0,24,26,137,174,192,278,221,431,257,375,142,132,138,210,141,483,13275,3361,47,0,0,0,0,2,0
2021-02-01T23:59:59+01:00,0,0,142,187,457,732,600,1152,727,1734,851,1491,503,541,630,1064,570,1896,0,0,20,19,101,128,138,188,155,299,168,259,90,94,93,133,76,258,13228,2219,47,0,0,0,0,2,0
2021-01-31T23:59:59+01:00,0,0,141,186,457,729,597,1151,727,1730,851,1490,501,540,629,1062,570,1895,0,0,14,15,68,88,96,123,118,222,141,203,85,87,89,125,74,244,13208,1792,47,0,0,0,0,1,0
2021-01-30T23:59:59+01:00,0,0,141,186,456,729,595,1149,726,1729,851,1490,501,540,628,1062,570,1895,0,0,14,15,68,88,96,121,116,218,138,200,84,86,89,119,68,234,13207,1754,40,0,0,0,0,1,0
2021-01-29T23:59:59+01:00,0,0,141,186,456,727,594,1146,724,1727,849,1489,501,540,628,1062,570,1895,0,0,12,15,56,82,79,117,98,207,115,188,79,79,87,115,67,233,13202,1629,32,0,0,0,0,1,0
2021-01-28T23:59:59+01:00,0,0,134,182,443,710,577,1120,718,1700,826,1460,494,534,625,1059,567,1892,0,0,7,3,13,20,24,45,31,95,47,87,46,50,56,85,49,176,13016,834,24,0,0,0,0,1,0
2021-01-27T23:59:59+01:00,0,0,126,180,431,700,569,1112,703,1666,820,1438,491,532,621,1054,567,1887,0,0,3,1,5,12,10,24,13,40,23,31,13,17,24,35,20,55,12874,326,22,0,0,0,0,1,0
2021-01-26T23:59:59+01:00,0,0,120,176,417,689,556,1098,694,1643,809,1417,486,526,615,1037,559,1852,0,0,3,1,5,11,7,22,11,37,17,28,13,15,23,33,20,54,12679,300,14,0,0,0,0,1,0
2021-01-25T23:59:59+01:00,0,0,117,174,408,677,545,1079,667,1615,791,1400,484,522,613,1036,559,1852,0,0,2,1,4,9,7,17,6,28,12,22,9,6,13,22,10,35,12534,203,4,0,0,0,0,1,0
2021-01-24T23:59:59+01:00,0,0,110,171,398,667,530,1061,650,1602,778,1388,483,519,612,1036,559,1852,0,0,2,0,2,6,7,5,4,7,5,9,1,2,11,15,6,21,12411,103,4,0,0,0,0,1,0
2021-01-23T23:59:59+01:00,0,0,110,171,398,666,530,1061,650,1602,778,1388,483,519,612,1036,559,1852,0,0,1,0,2,6,7,5,4,7,5,9,1,2,11,15,6,21,12410,102,4,0,0,0,0,1,0
2021-01-22T23:59:59+01:00,0,0,107,169,391,660,526,1054,636,1587,772,1370,483,514,601,1015,552,1823,0,0,1,0,2,6,7,5,4,7,5,9,1,2,11,15,6,21,12257,102,3,0,0,0,0,0,0
2021-01-21T23:59:59+01:00,0,0,96,161,376,643,503,1020,606,1537,750,1327,466,476,567,971,516,1755,0,0,1,0,2,6,7,5,4,7,5,9,1,2,11,15,6,21,11767,102,3,0,0,0,0,0,0
2021-01-20T23:59:59+01:00,0,0,78,120,342,554,459,880,549,1302,662,1140,404,417,482,828,454,1532,0,0,1,0,1,5,7,5,4,7,5,9,1,2,11,15,6,21,10200,100,3,0,0,0,0,0,0
2021-01-19T23:59:59+01:00,0,0,73,106,315,476,418,791,506,1190,610,1037,380,379,445,749,424,1436,0,0,1,0,1,3,7,5,4,7,5,9,1,0,8,10,5,18,9332,84,3,0,0,0,0,0,0
2021-01-18T23:59:59+01:00,0,0,59,76,269,390,364,643,430,958,518,840,312,311,375,595,358,1228,0,0,1,0,1,3,7,5,4,7,5,8,1,0,8,10,5,18,7724,83,2,0,0,0,0,0,0
2021-01-17T23:59:59+01:00,0,0,58,67,250,355,343,590,411,915,494,801,309,302,373,588,355,1220,0,0,0,0,0,0,0,1,0,0,0,0,0,0,0,0,0,0,7429,1,2,0,0,0,0,0,0
2021-01-16T23:59:59+01:00,0,0,58,67,250,354,343,590,411,914,492,799,309,301,371,584,354,1220,0,0,0,0,0,0,0,0,0,0,0,0,0,0,0,0,0,0,7415,0,2,0,0,0,0,0,0
2021-01-15T23:59:59+01:00,0,0,56,67,250,350,337,584,400,890,481,774,295,295,352,555,331,1178,0,0,0,0,0,0,0,0,0,0,0,0,0,0,0,0,0,0,7193,0,2,0,0,0,0,0,0
2021-01-14T23:59:59+01:00,0,0,43,54,236,326,312,509,366,765,393,629,233,221,262,379,238,847,0,0,0,0,0,0,0,0,0,0,0,0,0,0,0,0,0,0,5813,0,0,0,0,0,0,0,0
2021-01-13T23:59:59+01:00,0,0,37,43,211,269,273,409,300,613,322,503,178,178,190,289,192,655,0,0,0,0,0,0,0,0,0,0,0,0,0,0,0,0,0,0,4662,0,0,0,0,0,0,0,0
2021-01-12T23:59:59+01:00,0,0,32,41,206,254,258,377,276,533,290,457,141,136,144,221,150,514,0,0,0,0,0,0,0,0,0,0,0,0,0,0,0,0,0,0,4030,0,0,0,0,0,0,0,0
2021-01-11T23:59:59+01:00,0,0,27,37,196,233,240,325,229,445,240,382,110,106,108,144,88,320,0,0,0,0,0,0,0,0,0,0,0,0,0,0,0,0,0,0,3230,0,0,0,0,0,0,0,0
2021-01-10T23:59:59+01:00,0,0,26,31,158,172,197,250,191,349,198,305,98,99,105,139,86,305,0,0,0,0,0,0,0,0,0,0,0,0,0,0,0,0,0,0,2709,0,0,0,0,0,0,0,0
2021-01-09T23:59:59+01:00,0,0,26,31,151,168,195,242,187,341,196,300,98,99,105,139,86,305,0,0,0,0,0,0,0,0,0,0,0,0,0,0,0,0,0,0,2669,0,0,0,0,0,0,0,0
2021-01-08T23:59:59+01:00,0,0,23,28,120,144,174,229,162,312,168,279,93,89,103,135,85,304,0,0,0,0,0,0,0,0,0,0,0,0,0,0,0,0,0,0,2448,0,0,0,0,0,0,0,0
2021-01-07T23:59:59+01:00,0,0,8,3,17,26,32,55,37,104,61,111,48,51,64,93,54,212,0,0,0,0,0,0,0,0,0,0,0,0,0,0,0,0,0,0,976,0,0,0,0,0,0,0,0
2021-01-06T23:59:59+01:00,0,0,3,1,6,13,10,23,14,39,21,32,14,14,27,39,23,65,0,0,0,0,0,0,0,0,0,0,0,0,0,0,0,0,0,0,344,0,0,0,0,0,0,0,0
2021-01-05T23:59:59+01:00,0,0,3,1,5,10,9,19,11,31,15,27,11,14,23,34,21,57,0,0,0,0,0,0,0,0,0,0,0,0,0,0,0,0,0,0,291,0,0,0,0,0,0,0,0
2021-01-04T23:59:59+01:00,0,0,2,1,3,7,9,11,4,15,8,17,5,3,12,20,8,31,0,0,0,0,0,0,0,0,0,0,0,0,0,0,0,0,0,0,156,0,0,0,0,0,0,0,0
2021-01-03T23:59:59+01:00,0,0,2,0,2,6,8,5,4,7,5,10,1,2,12,16,7,21,0,0,0,0,0,0,0,0,0,0,0,0,0,0,0,0,0,0,108,0,0,0,0,0,0,0,0
2021-01-02T23:59:59+01:00,0,0,2,0,2,6,8,5,4,7,5,10,1,2,12,16,7,21,0,0,0,0,0,0,0,0,0,0,0,0,0,0,0,0,0,0,108,0,0,0,0,0,0,0,0
2021-01-01T23:59:59+01:00,0,0,1,0,2,6,8,5,4,7,5,10,1,2,12,15,7,21,0,0,0,0,0,0,0,0,0,0,0,0,0,0,0,0,0,0,106,0,0,0,0,0,0,0,0
2020-12-31T23:59:59+01:00,0,0,1,0,2,5,8,5,4,7,5,10,1,2,12,15,7,21,0,0,0,0,0,0,0,0,0,0,0,0,0,0,0,0,0,0,105,0,0,0,0,0,0,0,0
2020-12-30T23:59:59+01:00,0,0,1,0,1,5,8,5,4,7,5,10,1,2,12,15,7,21,0,0,0,0,0,0,0,0,0,0,0,0,0,0,0,0,0,0,104,0,0,0,0,0,0,0,0
2020-12-29T23:59:59+01:00,0,0,1,0,1,3,8,5,4,7,5,10,1,0,9,10,6,18,0,0,0,0,0,0,0,0,0,0,0,0,0,0,0,0,0,0,88,0,0,0,0,0,0,0,0
2020-12-28T23:59:59+01:00,0,0,1,0,1,3,8,5,4,7,5,9,1,0,9,10,6,18,0,0,0,0,0,0,0,0,0,0,0,0,0,0,0,0,0,0,87,0,0,0,0,0,0,0,0
2020-12-27T23:59:59+01:00,0,0,1,0,1,3,8,4,4,7,5,9,1,0,9,10,6,18,0,0,0,0,0,0,0,0,0,0,0,0,0,0,0,0,0,0,86,0,0,0,0,0,0,0,0
