Datum,<15_m,<15_w,15-24_1_m,15-24_1_w,25-34_1_m,25-34_1_w,35-44_1_m,35-44_1_w,45-54_1_m,45-54_1_w,55-64_1_m,55-64_1_w,65-74_1_m,65-74_1_w,75-84_1_m,75-84_1_w,>84_1_m,>84_1_w,<24_2_m,<24_2_w,25-34_2_m,25-34_2_w,35-44_2_m,35-44_2_w,45-54_2_m,45-54_2_w,55-64_2_m,55-64_2_w,65-74_2_m,65-74_2_w,75-84_2_m,75-84_2_w,>84_2_m,>84_2_w,bp_1,bp_2,mo_1,mo_2,az_1,az_2,ja,unb_1,unb_2
2021-09-09T23:59:59+02:00,1608,1507,15941,14740,21345,19613,23354,22955,27081,27744,30293,31241,21354,24383,15225,19189,4330,7544,14225,13165,19950,18137,22083,21525,25782,26293,29085,29980,20690,23632,14779,18528,4189,7271,226137,212725,32399,30940,55093,51999,15797,23,32
2021-09-08T23:59:59+02:00,1572,1462,15827,14650,21281,19543,23302,22886,27034,27705,30260,31201,21338,24367,15216,19179,4329,7544,14144,13088,19873,18085,22020,21481,25738,26261,29057,29941,20672,23612,14775,18522,4188,7270,225626,212347,32332,30870,55093,51994,15624,23,32
2021-09-07T23:59:59+02:00,1560,1443,15779,14599,21233,19520,23267,22865,27010,27675,30245,31188,21327,24347,15210,19172,4327,7544,14076,13047,19813,18046,21980,21454,25705,26229,29029,29915,20662,23598,14771,18515,4187,7270,225411,212084,32327,30841,55093,51991,15459,23,32
2021-09-06T23:59:59+02:00,1547,1433,15728,14554,21213,19491,23246,22834,26985,27656,30228,31166,21317,24343,15205,19163,4327,7542,14045,13011,19793,18022,21952,21433,25685,26209,29015,29900,20652,23589,14768,18511,4187,7267,225155,211883,32327,30841,55093,51990,15382,23,32
2021-09-05T23:59:59+02:00,1527,1419,15699,14528,21198,19469,23237,22809,26977,27644,30223,31157,21312,24337,15200,19161,4327,7539,14007,12975,19766,17988,21929,21407,25667,26193,29002,29882,20648,23581,14766,18509,4187,7267,224951,211671,32320,30771,55092,51989,15379,23,32
2021-09-04T23:59:59+02:00,1527,1419,15691,14525,21185,19464,23230,22805,26972,27638,30217,31153,21311,24334,15200,19160,4327,7539,13999,12972,19753,17983,21922,21403,25662,26187,28996,29878,20647,23578,14766,18508,4187,7267,224950,211670,32320,30771,55092,51989,15314,23,32
2021-09-03T23:59:59+02:00,1524,1416,15674,14511,21154,19439,23202,22786,26948,27626,30204,31138,21304,24326,15200,19154,4327,7538,13983,12959,19729,17963,21900,21389,25645,26178,28982,29867,20641,23570,14766,18505,4186,7267,224881,211653,32318,30766,55092,51988,15159,23,32
2021-09-02T23:59:59+02:00,1508,1396,15602,14453,21110,19390,23166,22740,26907,27585,30167,31113,21291,24316,15194,19140,4325,7532,13889,12896,19688,17908,21856,21347,25605,26135,28944,29840,20629,23559,14759,18491,4185,7262,224464,211206,32313,30761,55090,51969,15047,23,32
2021-09-01T23:59:59+02:00,1457,1340,15464,14303,20999,19296,23095,22685,26841,27515,30117,31063,21273,24291,15186,19126,4322,7527,13748,12778,19570,17817,21773,21280,25550,26066,28894,29777,20604,23529,14747,18476,4181,7256,223704,210633,32286,30575,55089,51957,14800,23,32
2021-08-31T23:59:59+02:00,1434,1325,15403,14232,20940,19242,23054,22645,26793,27476,30084,31031,21262,24279,15180,19118,4322,7526,13675,12713,19522,17775,21742,21246,25518,26043,28867,29751,20598,23518,14744,18468,4180,7255,223264,210294,32286,30575,55088,51952,14687,23,32
2021-08-30T23:59:59+02:00,1411,1306,15333,14188,20896,19186,23022,22607,26758,27443,30052,31002,21250,24271,15176,19109,4320,7519,13618,12671,19480,17727,21710,21221,25489,26005,28833,29726,20587,23504,14734,18459,4179,7252,222904,209993,32286,30575,55088,51950,14550,23,32
2021-08-29T23:59:59+02:00,1395,1295,15290,14144,20858,19157,22998,22583,26740,27420,30035,30987,21246,24262,15176,19107,4320,7518,13566,12627,19457,17703,21681,21201,25470,25986,28820,29709,20579,23496,14731,18455,4177,7251,222623,209727,32285,30573,55088,51949,14514,23,32
2021-08-28T23:59:59+02:00,1395,1295,15282,14141,20846,19150,22992,22579,26737,27411,30032,30986,21245,24262,15176,19107,4320,7518,13558,12623,19445,17696,21674,21197,25467,25977,28817,29708,20578,23496,14731,18455,4177,7251,222622,209724,32285,30573,55088,51949,14458,23,32
2021-08-27T23:59:59+02:00,1387,1288,15250,14115,20819,19134,22961,22563,26713,27400,30016,30968,21240,24254,15172,19106,4317,7515,13529,12591,19408,17679,21646,21176,25439,25964,28800,29690,20572,23487,14728,18453,4176,7251,222492,209578,32285,30572,55087,51948,14333,23,32
2021-08-26T23:59:59+02:00,1374,1270,15206,14070,20773,19096,22930,22525,26680,27362,29984,30931,21225,24238,15165,19098,4314,7507,13461,12531,19333,17623,21589,21118,25383,25916,28761,29654,20559,23466,14719,18440,4175,7247,222203,209299,32266,30448,55085,51877,14173,23,32
2021-08-25T23:59:59+02:00,1328,1225,15060,13952,20663,19005,22852,22433,26604,27279,29926,30876,21205,24212,15155,19089,4310,7501,13338,12448,19245,17547,21525,21045,25315,25861,28717,29613,20533,23445,14711,18426,4174,7244,221361,208726,32251,30400,55085,51869,13958,22,30
2021-08-24T23:59:59+02:00,1304,1201,14996,13901,20621,18954,22797,22388,26568,27244,29898,30845,21189,24197,15149,19079,4309,7500,13241,12387,19185,17467,21488,20994,25271,25819,28688,29575,20515,23425,14704,18414,4172,7239,220948,208245,32221,30344,55085,51854,13866,22,25
2021-08-23T23:59:59+02:00,1286,1183,14930,13863,20583,18925,22769,22364,26533,27225,29873,30819,21170,24183,15144,19066,4308,7499,13125,12310,19123,17409,21436,20945,25231,25765,28643,29532,20496,23408,14697,18402,4169,7239,220644,207727,32205,30254,55085,51854,13769,22,25
2021-08-22T23:59:59+02:00,1276,1175,14914,13843,20566,18906,22757,22345,26518,27210,29857,30815,21163,24179,15142,19058,4306,7498,13065,12239,19069,17375,21406,20911,25209,25739,28617,29511,20488,23397,14696,18398,4169,7239,220470,207404,32187,30143,55085,51851,13766,22,25
2021-08-21T23:59:59+02:00,1276,1175,14906,13834,20554,18898,22747,22339,26514,27205,29846,30808,21163,24177,15142,19058,4306,7498,13056,12230,19058,17367,21398,20905,25203,25734,28607,29504,20487,23395,14696,18398,4169,7239,220465,207399,32187,30143,55085,51851,13689,22,25
2021-08-20T23:59:59+02:00,1269,1170,14879,13801,20522,18870,22724,22317,26488,27182,29829,30792,21160,24168,15140,19052,4306,7498,13038,12213,19036,17348,21381,20884,25188,25716,28589,29485,20483,23389,14695,18395,4169,7239,220280,207296,32187,30141,55085,51850,13595,22,25
2021-08-19T23:59:59+02:00,1251,1154,14820,13751,20484,18841,22692,22283,26466,27153,29803,30769,21149,24160,15138,19047,4305,7495,12906,12100,18944,17274,21295,20827,25118,25650,28529,29435,20462,23377,14689,18386,4167,7236,219975,206671,32157,30004,55085,51788,13524,22,25
2021-08-18T23:59:59+02:00,1229,1136,14737,13660,20370,18781,22620,22222,26403,27097,29745,30713,21124,24140,15132,19035,4303,7492,12774,11982,18810,17191,21202,20737,25033,25567,28448,29369,20430,23333,14679,18371,4166,7231,219569,206074,32139,29885,55084,51780,13127,22,25
2021-08-17T23:59:59+02:00,1218,1123,14697,13622,20328,18738,22585,22188,26371,27070,29728,30693,21112,24126,15121,19026,4299,7491,12666,11898,18730,17129,21129,20676,24982,25515,28411,29328,20411,23318,14670,18358,4164,7229,219291,205549,32106,29758,55084,51772,13035,22,24
2021-08-16T23:59:59+02:00,1205,1112,14650,13574,20292,18710,22556,22156,26351,27041,29694,30662,21100,24115,15114,19014,4297,7489,12574,11798,18641,17058,21060,20590,24916,25457,28344,29266,20388,23296,14660,18340,4163,7226,219025,204933,32104,29631,55084,51771,12899,22,24
2021-08-15T23:59:59+02:00,1195,1099,14613,13545,20264,18679,22530,22137,26338,27025,29684,30648,21095,24103,15109,19012,4296,7487,12507,11730,18587,17027,21012,20550,24880,25414,28326,29244,20378,23283,14656,18334,4161,7224,218801,204480,32104,29630,55084,51770,12850,22,24
2021-08-14T23:59:59+02:00,1195,1098,14606,13541,20255,18673,22521,22130,26324,27018,29679,30640,21092,24102,15108,19011,4296,7487,12500,11726,18578,17020,21002,20543,24866,25407,28321,29235,20375,23282,14655,18333,4161,7224,218800,204478,32104,29629,55084,51770,12768,22,24
2021-08-13T23:59:59+02:00,1192,1095,14597,13531,20241,18663,22510,22125,26317,27008,29664,30632,21083,24097,15107,19011,4296,7487,12485,11712,18567,17012,20990,20535,24860,25391,28307,29230,20369,23275,14653,18333,4161,7223,218742,204410,32104,29629,55084,51770,12706,22,24
2021-08-12T23:59:59+02:00,1172,1073,14539,13478,20200,18623,22486,22093,26291,26979,29633,30610,21071,24078,15103,19005,4296,7482,12313,11569,18427,16904,20896,20448,24780,25306,28240,29174,20348,23243,14640,18321,4158,7217,218424,203616,32093,29437,55084,51700,12591,22,24
2021-08-11T23:59:59+02:00,1155,1051,14469,13417,20163,18571,22444,22053,26259,26954,29605,30573,21057,24061,15100,18994,4293,7478,12174,11430,18346,16817,20817,20374,24730,25234,28197,29112,20316,23217,14633,18310,4156,7212,218030,202721,32021,29432,55084,51695,12542,22,24
2021-08-10T23:59:59+02:00,1140,1034,14391,13347,20114,18527,22415,22012,26230,26925,29574,30545,21045,24052,15100,18986,4292,7476,12067,11318,18254,16749,20758,20311,24678,25178,28154,29060,20291,23189,14619,18292,4155,7206,217615,201979,31992,29410,55084,51670,12494,22,24
2021-08-09T23:59:59+02:00,1123,1015,14306,13285,20033,18473,22366,21964,26178,26881,29538,30512,21027,24035,15094,18977,4287,7474,11885,11159,18086,16654,20638,20229,24583,25082,28074,28986,20255,23150,14605,18280,4152,7197,217168,201002,31973,29301,55082,51576,12325,22,23
2021-08-08T23:59:59+02:00,1109,1008,14265,13248,20013,18439,22339,21944,26163,26861,29522,30498,21020,24029,15091,18973,4286,7473,11802,11071,17999,16573,20574,20173,24518,25036,28028,28942,20233,23127,14593,18269,4152,7193,216943,200347,31941,29227,55081,51557,12296,22,23
2021-08-07T23:59:59+02:00,1109,1008,14250,13242,20003,18434,22332,21939,26151,26847,29508,30486,21018,24025,15087,18968,4285,7473,11788,11066,17982,16568,20568,20167,24505,25021,28011,28930,20231,23123,14589,18264,4151,7193,216938,200333,31941,29226,55081,51557,12185,22,23
2021-08-06T23:59:59+02:00,1109,1007,14239,13230,19991,18415,22318,21925,26129,26838,29496,30475,21015,24021,15084,18965,4285,7473,11775,11052,17962,16548,20552,20151,24483,25012,27999,28919,20228,23119,14586,18262,4151,7193,216931,200308,31937,29226,55081,51556,12046,22,23
2021-08-05T23:59:59+02:00,1098,988,14169,13190,19943,18382,22275,21885,26094,26784,29468,30451,21002,24006,15076,18957,4283,7470,11601,10939,17851,16451,20439,20056,24376,24920,27929,28870,20203,23094,14575,18248,4148,7191,216624,199514,31899,29134,55079,51423,11899,22,23
2021-08-04T23:59:59+02:00,1084,972,14105,13121,19843,18300,22211,21829,26058,26743,29419,30404,20979,23988,15066,18945,4283,7467,11413,10766,17623,16316,20266,19928,24260,24796,27821,28774,20175,23061,14562,18236,4145,7189,216365,198472,31744,29075,55077,51180,11612,21,23
2021-08-03T23:59:59+02:00,1060,954,14035,13061,19809,18253,22177,21788,26025,26701,29385,30375,20963,23965,15056,18931,4280,7457,11228,10592,17451,16189,20127,19797,24113,24674,27701,28669,20132,23015,14544,18204,4143,7183,215991,197038,31718,29039,55077,51125,11470,21,23
2021-08-02T23:59:59+02:00,1036,934,13948,12993,19752,18195,22126,21748,25971,26641,29333,30325,20932,23934,15046,18911,4277,7455,11058,10422,17279,16061,19978,19682,23997,24557,27615,28568,20085,22962,14525,18185,4140,7173,215510,195847,31688,28982,55077,51049,11263,21,23
2021-08-01T23:59:59+02:00,1026,919,13888,12946,19717,18178,22107,21727,25947,26621,29314,30309,20923,23922,15042,18904,4277,7454,10915,10277,17118,15952,19829,19574,23853,24450,27508,28488,20071,22938,14517,18171,4140,7169,215276,194961,31641,28889,55077,50700,11207,21,23
2021-07-31T23:59:59+02:00,1026,919,13862,12937,19700,18170,22090,21716,25934,26610,29306,30298,20921,23917,15041,18903,4276,7454,10888,10265,17098,15939,19811,19561,23841,24438,27500,28477,20069,22933,14516,18170,4139,7169,215272,194942,31641,28889,55077,50700,11070,21,23
2021-07-30T23:59:59+02:00,1018,910,13803,12893,19655,18148,22061,21697,25904,26588,29278,30280,20914,23909,15035,18901,4274,7453,10801,10193,17033,15896,19752,19526,23774,24397,27451,28452,20054,22911,14507,18166,4136,7167,215095,194552,31640,28889,55077,50634,10889,21,23
2021-07-29T23:59:59+02:00,994,892,13696,12807,19589,18087,21989,21646,25853,26533,29227,30243,20896,23899,15028,18894,4274,7451,10536,9936,16736,15653,19460,19313,23473,24170,27200,28290,19999,22855,14495,18146,4136,7166,214652,192824,31568,28776,55077,49946,10681,21,23
2021-07-28T23:59:59+02:00,967,862,13565,12678,19467,17982,21904,21563,25772,26451,29151,30174,20873,23863,15015,18882,4272,7449,10244,9732,16475,15467,19200,19125,23244,23981,27044,28145,19950,22782,14476,18124,4133,7161,214006,191487,31534,28690,55071,49435,10259,21,23
2021-07-27T23:59:59+02:00,936,841,13445,12583,19404,17922,21839,21510,25707,26393,29111,30129,20858,23843,15010,18862,4271,7443,9988,9520,16225,15244,18974,18940,23052,23809,26880,28006,19908,22729,14454,18097,4127,7152,213411,189829,31480,28533,55070,49101,10127,20,23
2021-07-26T23:59:59+02:00,911,823,13343,12488,19351,17865,21766,21446,25658,26360,29056,30070,20830,23820,14992,18843,4271,7439,9751,9271,15993,15042,18726,18739,22826,23641,26728,27876,19837,22669,14426,18061,4122,7146,212810,188079,31409,28434,55069,48725,10025,20,23
2021-07-25T23:59:59+02:00,892,812,13266,12417,19271,17819,21709,21395,25618,26312,29019,30024,20813,23804,14986,18837,4268,7438,9564,9129,15792,14893,18525,18598,22657,23530,26579,27756,19787,22621,14410,18048,4119,7143,212509,187175,31349,28281,55069,48307,9754,20,23
2021-07-24T23:59:59+02:00,892,812,13256,12408,19261,17813,21700,21390,25603,26305,29014,30018,20809,23803,14985,18836,4268,7438,9554,9116,15783,14885,18514,18592,22640,23521,26573,27748,19784,22618,14409,18047,4119,7142,212505,187157,31349,28278,55069,48307,9669,20,23
2021-07-23T23:59:59+02:00,884,811,13193,12372,19183,17780,21662,21357,25566,26266,28981,29982,20795,23787,14977,18832,4266,7435,9506,9088,15701,14840,18461,18553,22587,23480,26529,27709,19769,22602,14402,18041,4117,7139,212381,186997,31348,28274,55069,48306,9312,20,23
2021-07-22T23:59:59+02:00,872,798,13096,12292,19126,17713,21614,21327,25517,26219,28957,29960,20783,23769,14975,18826,4263,7433,9187,8815,15299,14593,18096,18297,22253,23233,26324,27574,19712,22546,14389,18019,4114,7134,211915,185167,31264,28019,55066,47391,9276,20,23
2021-07-21T23:59:59+02:00,850,771,12895,12126,18978,17588,21482,21227,25410,26116,28880,29890,20741,23734,14958,18803,4259,7428,8803,8493,14863,14264,17719,18025,21897,22904,26051,27365,19619,22458,14363,17982,4111,7125,211293,183259,31155,27667,55062,46733,8607,20,23
2021-07-20T23:59:59+02:00,820,746,12749,11993,18871,17505,21413,21151,25350,26051,28843,29839,20716,23701,14950,18787,4256,7425,8473,8186,14398,13928,17336,17751,21597,22674,25808,27179,19537,22349,14334,17947,4109,7119,210622,181113,31047,27506,55058,45854,8420,20,22
2021-07-19T23:59:59+02:00,791,718,12627,11874,18779,17432,21355,21091,25295,25997,28792,29802,20691,23673,14940,18773,4252,7419,8142,7927,14031,13671,16989,17502,21273,22473,25581,27037,19468,22274,14312,17925,4103,7113,209901,179072,30941,27342,55058,45142,8382,20,22
2021-07-18T23:59:59+02:00,773,699,12516,11765,18678,17356,21292,21039,25239,25946,28754,29749,20669,23653,14929,18762,4250,7417,7972,7774,13874,13552,16837,17379,21112,22360,25451,26956,19428,22234,14298,17909,4103,7110,209326,178137,30793,27236,55058,44779,8290,20,22
2021-07-17T23:59:59+02:00,773,699,12512,11765,18677,17353,21292,21039,25239,25946,28754,29749,20669,23653,14929,18762,4250,7417,7964,7773,13870,13547,16836,17378,21111,22359,25450,26954,19427,22234,14298,17909,4103,7110,209322,178117,30793,27235,55058,44778,8286,20,22
2021-07-16T23:59:59+02:00,766,694,12438,11709,18638,17322,21255,21012,25206,25923,28728,29730,20667,23650,14929,18760,4250,7417,7814,7671,13717,13473,16693,17320,20973,22301,25343,26906,19409,22215,14297,17903,4103,7107,209112,177669,30793,27163,55057,44386,8113,20,22
2021-07-15T23:59:59+02:00,751,674,12367,11638,18575,17264,21200,20962,25158,25882,28699,29702,20652,23632,14924,18751,4249,7414,7471,7352,13110,13070,16024,16896,20338,21932,24889,26594,19263,22074,14254,17857,4100,7100,208630,175441,30707,26265,55050,42611,8088,20,22
2021-07-14T23:59:59+02:00,722,654,12156,11502,18403,17156,21079,20865,25055,25779,28609,29601,20618,23599,14905,18735,4246,7411,7053,6989,12444,12612,15336,16411,19704,21473,24427,26251,19045,21848,14222,17809,4092,7089,207821,172606,30539,25928,55047,40663,7669,20,22
2021-07-13T23:59:59+02:00,678,620,12016,11371,18282,17074,20966,20768,24959,25684,28539,29536,20589,23560,14885,18725,4244,7401,6586,6555,11809,12113,14642,15900,19102,21057,23988,25925,18866,21633,14178,17746,4088,7080,206805,168929,30402,25754,55036,38993,7635,20,19
2021-07-12T23:59:59+02:00,645,589,11892,11233,18165,16984,20875,20660,24855,25586,28456,29470,20562,23526,14877,18713,4239,7394,6170,6139,11210,11579,14023,15359,18548,20565,23572,25562,18670,21442,14114,17688,4079,7076,205787,165249,30271,24930,55032,38038,7612,20,19
2021-07-11T23:59:59+02:00,609,562,11775,11142,18098,16922,20817,20603,24801,25540,28399,29423,20543,23506,14868,18704,4239,7393,5975,5971,10952,11377,13791,15159,18301,20376,23363,25377,18598,21362,14087,17662,4078,7070,205149,163857,30150,24460,55030,37612,7599,17,19
2021-07-10T23:59:59+02:00,608,562,11768,11141,18095,16920,20814,20603,24798,25539,28398,29423,20543,23506,14867,18702,4239,7393,5968,5970,10950,11371,13782,15155,18300,20374,23361,25375,18596,21361,14086,17662,4078,7070,205131,163831,30149,24459,55030,37605,7593,17,19
2021-07-09T23:59:59+02:00,580,539,11658,11019,18020,16836,20744,20541,24724,25463,28349,29378,20520,23486,14864,18693,4239,7392,5935,5939,10920,11338,13732,15134,18269,20341,23342,25352,18591,21351,14084,17659,4078,7069,204265,163596,30149,24409,55030,37572,7585,17,19
2021-07-08T23:59:59+02:00,545,511,11495,10883,17898,16732,20614,20443,24617,25337,28232,29301,20476,23436,14848,18665,4236,7384,5580,5681,10407,10945,13112,14681,17607,19785,22734,24889,18274,20963,13988,17576,4073,7059,203503,161289,30124,23603,55005,35479,7005,17,19
2021-07-07T23:59:59+02:00,485,458,11330,10739,17816,16647,20545,20374,24544,25259,28170,29237,20448,23401,14843,18653,4234,7376,5269,5386,9882,10495,12533,14203,16927,19265,22169,24390,17962,20599,13886,17479,4066,7036,202499,158831,30102,22140,54986,33637,6956,17,19
2021-07-06T23:59:59+02:00,445,424,11205,10590,17702,16553,20453,20270,24466,25168,28080,29158,20422,23363,14834,18636,4232,7373,4868,4955,9271,9977,11821,13602,16220,18648,21652,23894,17643,20295,13786,17364,4057,7026,201367,154627,30096,21196,54977,32342,6918,17,19
2021-07-05T23:59:59+02:00,423,397,11113,10504,17615,16482,20372,20199,24405,25116,28039,29120,20398,23342,14822,18628,4231,7370,4575,4633,8776,9525,11259,13049,15510,18004,21031,23285,17249,19900,13653,17206,4049,7018,200630,150729,30092,20517,54968,30606,6870,17,19
2021-07-04T23:59:59+02:00,410,391,11037,10449,17548,16429,20322,20150,24373,25080,28023,29102,20389,23331,14816,18625,4230,7369,4430,4540,8645,9359,11067,12873,15270,17794,20766,23013,16977,19607,13593,17114,4045,7014,200147,149414,30088,20210,54967,29627,6856,17,19
2021-07-03T23:59:59+02:00,409,390,11030,10440,17538,16421,20320,20147,24371,25079,28020,29101,20389,23330,14816,18625,4230,7368,4426,4534,8638,9357,11064,12873,15266,17794,20763,23010,16977,19604,13593,17114,4045,7014,200115,149402,30087,20210,54967,29621,6839,17,19
2021-07-02T23:59:59+02:00,365,327,10883,10330,17424,16318,20218,20072,24298,25014,27957,29041,20363,23304,14810,18611,4230,7365,4337,4453,8479,9217,10929,12763,15143,17687,20651,22906,16936,19575,13586,17099,4045,7011,199227,148411,30087,20209,54967,29564,6633,17,19
2021-07-01T23:59:59+02:00,318,283,10746,10193,17295,16225,20095,19982,24214,24939,27894,28990,20343,23280,14794,18596,4227,7361,4133,4251,8181,8878,10558,12350,14574,17189,20143,22364,16648,19276,13378,16886,4035,6989,198149,145350,30028,19524,54961,28336,6621,17,19
2021-06-30T23:59:59+02:00,235,221,10492,9953,17127,16075,19963,19850,24099,24817,27813,28901,20320,23248,14775,18578,4226,7360,3937,4054,7878,8536,10146,11885,14085,16630,19569,21730,16326,18938,13105,16610,4022,6963,196506,141666,29971,19268,54953,26870,6607,17,19
2021-06-29T23:59:59+02:00,190,184,10344,9778,16992,15979,19859,19758,24031,24740,27755,28832,20294,23221,14761,18558,4226,7356,3733,3791,7480,8085,9672,11348,13430,15963,18955,21024,16009,18611,12857,16320,4015,6949,195353,137378,29966,18969,54949,25316,6575,16,19
2021-06-28T23:59:59+02:00,140,132,10146,9595,16871,15872,19755,19657,23938,24646,27687,28770,20264,23191,14747,18539,4224,7354,3529,3533,7080,7642,9239,10854,12879,15425,18458,20509,15759,18346,12738,16186,4009,6938,194174,133545,29852,18544,54946,24488,6541,16,19
2021-06-27T23:59:59+02:00,122,115,10008,9483,16814,15813,19695,19606,23880,24596,27660,28746,20251,23175,14744,18535,4223,7351,3436,3465,6904,7448,9050,10653,12649,15185,18195,20249,15639,18242,12673,16100,4009,6934,193546,132353,29793,18195,54940,23754,6523,16,19
2021-06-26T23:59:59+02:00,122,115,10006,9478,16813,15809,19693,19605,23877,24595,27660,28746,20251,23175,14744,18535,4223,7351,3433,3465,6902,7447,9047,10651,12646,15182,18193,20248,15636,18241,12673,16099,4009,6934,193528,132332,29792,18195,54940,23750,6523,16,19
2021-06-25T23:59:59+02:00,118,112,9959,9437,16776,15776,19660,19576,23841,24567,27636,28728,20245,23168,14742,18532,4223,7351,3413,3419,6828,7336,8951,10496,12532,14986,18048,20040,15613,18212,12665,16096,4008,6933,193211,132152,29758,17841,54940,23054,6523,16,19
2021-06-24T23:59:59+02:00,108,101,9831,9311,16588,15650,19528,19453,23718,24476,27579,28668,20231,23152,14735,18523,4222,7349,3287,3272,6615,7005,8639,10040,12000,14365,17493,19334,15388,17981,12520,15966,4005,6921,192372,129756,29413,16981,54939,21603,6484,16,19
2021-06-23T23:59:59+02:00,102,95,9702,9172,16448,15524,19411,19347,23621,24371,27514,28621,20216,23130,14731,18518,4219,7348,3080,3030,6262,6519,8136,9472,11300,13544,16731,18353,15091,17640,12369,15823,3995,6896,191452,125199,29246,16010,54928,20577,6448,16,19
2021-06-22T23:59:59+02:00,71,69,9411,8866,16219,15322,19225,19199,23477,24245,27443,28536,20193,23105,14723,18499,4215,7342,2846,2741,5777,5972,7513,8710,10392,12504,15705,17151,14796,17281,12262,15699,3982,6873,189767,118765,29039,15520,54924,19502,6416,14,13
2021-06-21T23:59:59+02:00,67,62,9283,8703,16047,15176,19037,19045,23346,24122,27382,28457,20169,23077,14718,18489,4215,7338,2701,2548,5394,5504,7047,8123,9661,11625,14974,16216,14518,16968,12155,15578,3977,6857,188570,114049,28814,14961,54921,18421,6414,14,13
2021-06-20T23:59:59+02:00,64,61,9147,8569,15911,15060,18925,18954,23272,24051,27342,28406,20158,23056,14707,18482,4212,7337,2643,2479,5223,5321,6832,7856,9353,11294,14607,15812,14383,16834,12115,15541,3972,6851,187675,112345,28694,14729,54921,17631,6410,14,13
2021-06-19T23:59:59+02:00,64,61,9147,8567,15909,15051,18923,18954,23270,24050,27342,28405,20158,23056,14707,18482,4212,7337,2639,2476,5221,5316,6831,7856,9353,11293,14605,15808,14381,16834,12115,15541,3972,6851,187659,112324,28692,14727,54920,17630,6410,14,13
2021-06-18T23:59:59+02:00,64,57,9119,8555,15895,15042,18908,18946,23263,24041,27335,28400,20158,23053,14706,18482,4212,7337,2610,2442,5166,5257,6753,7756,9254,11137,14433,15579,14302,16733,12104,15520,3970,6848,187539,111538,28691,14726,54919,17189,6410,14,13
2021-06-17T23:59:59+02:00,57,54,8944,8393,15660,14874,18710,18790,23107,23910,27199,28307,20134,23031,14699,18470,4210,7334,2473,2289,4839,4957,6366,7353,8704,10531,13602,14707,14065,16441,12031,15398,3966,6836,186211,108668,28686,13766,54911,16062,6061,14,13
2021-06-16T23:59:59+02:00,49,52,8714,8177,15424,14649,18498,18590,22917,23743,27093,28197,20105,22988,14685,18450,4206,7328,2359,2181,4597,4755,6013,7007,8179,10045,12884,13868,13715,16058,11946,15309,3961,6824,184423,105221,28587,12965,54908,15581,5933,14,13
2021-06-15T23:59:59+02:00,40,39,8365,7838,15044,14291,18177,18299,22668,23530,26934,28063,20075,22954,14672,18434,4204,7317,2175,2014,4245,4400,5505,6442,7298,9157,11690,12589,13175,15442,11824,15146,3946,6801,181814,98975,28551,12301,54907,14914,5658,14,13
2021-06-14T23:59:59+02:00,34,34,8184,7670,14788,14060,17974,18126,22517,23410,26822,27982,20054,22921,14659,18426,4200,7309,2060,1888,3990,4152,5117,5968,6642,8435,10763,11535,12859,15095,11752,15052,3936,6782,180234,94133,28527,11938,54905,14462,5490,14,13
2021-06-13T23:59:59+02:00,34,34,8107,7615,14707,13974,17857,18015,22436,23330,26792,27952,20041,22910,14655,18420,4200,7309,2012,1860,3907,4053,4997,5828,6410,8192,10470,11200,12702,14917,11694,14996,3935,6781,179476,92740,28518,11646,54901,14084,5479,14,13
2021-06-12T23:59:59+02:00,34,34,8106,7614,14706,13974,17857,18015,22434,23329,26791,27949,20041,22909,14655,18420,4200,7309,2011,1858,3906,4053,4995,5827,6407,8189,10467,11194,12699,14916,11694,14994,3935,6781,179465,92721,28518,11646,54901,14075,5479,14,13
2021-06-11T23:59:59+02:00,34,33,8040,7573,14617,13926,17782,17965,22364,23295,26747,27926,20039,22905,14655,18419,4200,7309,1995,1849,3870,3995,4953,5759,6346,8107,10368,11089,12660,14881,11683,14988,3935,6781,179128,92506,28440,11640,54900,13761,5347,14,13
2021-06-10T23:59:59+02:00,29,26,7698,7274,14220,13562,17353,17589,22034,23013,26552,27745,19995,22860,14642,18401,4197,7297,1890,1766,3655,3833,4680,5488,6026,7739,9753,10478,12144,14220,11614,14880,3927,6774,176527,89348,27945,11259,54887,13140,5114,14,12
2021-06-09T23:59:59+02:00,28,23,7327,6924,13754,13120,16836,17121,21642,22644,26338,27531,19922,22789,14624,18366,4194,7289,1720,1652,3455,3655,4425,5220,5641,7334,8978,9764,11478,13388,11495,14740,3917,6762,173269,85103,27396,10623,54874,12973,4919,14,12
2021-06-08T23:59:59+02:00,23,19,6949,6515,13240,12635,16367,16652,21284,22306,26122,27327,19864,22711,14594,18331,4191,7282,1628,1576,3232,3425,4106,4866,5134,6846,8092,8844,10595,12311,11352,14583,3913,6747,169850,79449,26908,10327,54865,12694,4775,14,11
2021-06-07T23:59:59+02:00,20,16,6669,6222,12810,12259,15966,16253,20957,22009,25960,27171,19828,22658,14573,18312,4184,7276,1566,1504,3042,3252,3829,4638,4734,6470,7379,8093,9687,11166,11241,14436,3902,6729,167283,74710,26481,9956,54845,12477,4520,14,11
2021-06-06T23:59:59+02:00,20,16,6527,6089,12667,12108,15804,16094,20792,21846,25874,27084,19808,22621,14562,18302,4183,7272,1551,1481,2969,3210,3733,4574,4627,6389,7237,7964,9430,10897,11195,14386,3899,6724,166053,74028,26377,9529,54824,12303,4401,14,11
2021-06-05T23:59:59+02:00,20,16,6518,6084,12655,12095,15795,16085,20789,21841,25874,27081,19808,22621,14562,18302,4183,7272,1549,1479,2966,3209,3732,4573,4624,6389,7232,7959,9424,10892,11195,14386,3899,6724,165998,74000,26364,9527,54824,12299,4401,14,11
2021-06-04T23:59:59+02:00,20,16,6487,6044,12597,12044,15735,16037,20761,21809,25855,27064,19804,22615,14559,18302,4183,7272,1548,1473,2953,3199,3713,4559,4614,6375,7197,7916,9392,10822,11157,14345,3898,6723,165903,73726,26104,9514,54800,12256,4383,14,11
2021-06-03T23:59:59+02:00,20,15,6253,5819,12298,11795,15413,15725,20428,21470,25599,26851,19758,22541,14539,18282,4182,7268,1506,1428,2881,3134,3616,4482,4502,6276,6996,7735,9015,10376,11105,14272,3898,6718,163418,72428,25857,9218,54798,12119,4169,14,11
2021-06-02T23:59:59+02:00,20,15,6191,5759,12232,11729,15339,15658,20356,21409,25582,26827,19753,22538,14536,18279,4181,7267,1492,1418,2865,3121,3599,4468,4467,6259,6963,7697,8936,10266,11096,14247,3897,6717,163074,72067,25671,9211,54796,12110,4116,14,9
2021-06-01T23:59:59+02:00,16,15,5733,5261,11489,11029,14513,14926,19638,20740,25171,26442,19662,22449,14502,18232,4173,7259,1379,1310,2565,2853,3221,4131,3979,5797,6135,6895,7748,8644,10852,13900,3883,6700,158022,66665,25016,8305,54768,11590,3430,14,7
2021-05-31T23:59:59+02:00,14,15,5483,4960,11043,10604,13984,14430,19158,20242,24865,26102,19568,22364,14463,18186,4164,7243,1319,1256,2412,2721,3019,3961,3699,5506,5579,6363,6742,7372,10610,13579,3874,6666,154543,62631,24321,7413,54764,11386,3246,14,7
2021-05-30T23:59:59+02:00,14,15,5403,4883,10860,10479,13820,14251,18811,19922,24622,25855,19537,22334,14455,18166,4163,7241,1298,1242,2387,2691,2972,3915,3631,5450,5476,6274,6571,7142,10573,13505,3872,6656,153048,61899,23819,7352,54737,11189,3213,14,7
2021-05-29T23:59:59+02:00,14,15,5401,4883,10860,10475,13816,14248,18811,19921,24621,25853,19537,22334,14455,18166,4163,7241,1297,1239,2386,2690,2970,3912,3631,5448,5475,6272,6566,7138,10573,13505,3872,6656,153032,61889,23819,7349,54736,11177,3213,14,7
2021-05-28T23:59:59+02:00,14,15,5385,4870,10838,10439,13790,14229,18794,19904,24613,25844,19536,22333,14453,18163,4163,7240,1292,1239,2386,2684,2969,3910,3625,5442,5461,6256,6550,7121,10564,13483,3871,6652,152847,61785,23817,7349,54734,11158,3211,14,7
2021-05-27T23:59:59+02:00,11,14,5092,4586,10320,9986,13204,13697,18104,19291,24032,25306,19437,22219,14420,18117,4152,7227,1123,1099,2104,2494,2669,3620,3329,5085,5130,5976,6251,6705,10336,13200,3866,6637,149592,59936,22821,7313,54628,10213,2160,14,6
2021-05-26T23:59:59+02:00,11,14,4827,4325,9882,9604,12683,13176,17491,18681,23398,24628,19313,22070,14374,18062,4146,7210,1043,1017,1944,2341,2469,3423,3067,4840,4741,5626,5695,6056,9966,12668,3850,6601,145477,56793,22065,7276,54506,9443,1833,14,6
2021-05-25T23:59:59+02:00,11,13,4612,4095,9467,9127,12222,12670,16954,18102,22876,23988,19180,21897,14343,17983,4137,7196,992,972,1882,2251,2358,3287,2895,4637,4396,5251,5117,5322,9518,12067,3834,6576,141419,53243,21234,7261,54375,9018,1831,14,6
2021-05-24T23:59:59+02:00,11,13,4498,3936,9255,8923,12017,12410,16653,17780,22547,23589,19104,21818,14328,17963,4135,7195,976,924,1822,2209,2285,3226,2809,4556,4275,5135,4972,5163,9427,11940,3832,6568,139915,52537,20273,7208,54196,8595,1777,14,6
2021-05-23T23:59:59+02:00,11,13,4487,3935,9249,8919,12005,12400,16642,17773,22531,23568,19098,21813,14327,17961,4135,7195,974,920,1820,2205,2282,3223,2803,4552,4268,5119,4964,5149,9420,11927,3831,6567,139806,52461,20270,7194,54195,8590,1777,14,6
2021-05-22T23:59:59+02:00,11,13,4482,3932,9246,8916,11997,12394,16639,17769,22529,23566,19098,21813,14327,17961,4135,7195,974,920,1819,2204,2280,3223,2802,4552,4268,5117,4962,5148,9419,11927,3831,6567,139779,52455,20270,7194,54183,8585,1777,14,6
2021-05-21T23:59:59+02:00,11,13,4449,3893,9178,8841,11924,12305,16548,17694,22465,23498,19078,21795,14323,17954,4135,7193,929,910,1786,2192,2249,3214,2771,4527,4220,5089,4937,5124,9406,11920,3830,6566,139122,52388,20270,7194,54164,8359,1727,14,6
2021-05-20T23:59:59+02:00,8,12,4192,3709,8733,8485,11441,11888,15878,17191,21882,22918,18893,21628,14292,17914,4130,7182,782,845,1529,2032,2005,3058,2530,4308,3969,4857,4780,4960,9291,11776,3822,6541,135717,51656,19894,7096,53749,7329,1002,14,6
2021-05-19T23:59:59+02:00,8,12,3945,3464,8235,8017,10860,11339,15205,16487,21203,22193,18692,21397,14251,17864,4124,7164,730,798,1469,1951,1928,2955,2464,4183,3827,4699,4605,4747,9088,11547,3802,6512,130300,50573,19711,6962,53451,6784,984,14,6
2021-05-18T23:59:59+02:00,7,11,3657,3197,7686,7477,10129,10639,14245,15551,20256,21135,18433,21114,14196,17804,4118,7142,676,750,1414,1865,1853,2845,2336,4043,3651,4496,4336,4454,8886,11298,3789,6485,123245,49343,19617,6762,53009,6158,912,14,6
2021-05-17T23:59:59+02:00,7,11,3466,2986,7224,7009,9621,10099,13514,14760,19569,20333,18247,20852,14149,17738,4108,7128,617,695,1333,1802,1779,2763,2227,3969,3514,4383,4088,4223,8743,11086,3776,6456,117992,48544,19376,6548,52543,5464,896,14,6
2021-05-16T23:59:59+02:00,7,10,3337,2912,7016,6831,9417,9884,13260,14525,19341,20104,18169,20773,14135,17719,4107,7122,604,650,1294,1753,1734,2702,2190,3876,3450,4300,3997,4122,8723,11060,3774,6454,116367,48400,19134,6381,52262,5008,892,14,6
2021-05-15T23:59:59+02:00,7,10,3336,2909,7010,6824,9415,9878,13256,14523,19338,20095,18167,20772,14135,17719,4107,7122,604,650,1292,1753,1732,2702,2188,3876,3449,4300,3995,4120,8723,11060,3774,6454,116324,48394,19134,6380,52260,5005,891,14,6
2021-05-14T23:59:59+02:00,7,10,3295,2865,6897,6681,9286,9741,13107,14341,19166,19960,18143,20747,14134,17711,4106,7119,582,637,1270,1734,1704,2681,2154,3850,3405,4262,3945,4066,8716,11053,3774,6453,115919,48355,18386,6230,52177,4879,820,14,6
2021-05-13T23:59:59+02:00,7,10,3171,2700,6571,6360,8848,9343,12561,13860,18561,19363,18013,20603,14101,17675,4101,7117,546,612,1215,1680,1646,2608,2066,3743,3255,4143,3841,3930,8695,11033,3771,6449,113042,48260,17689,5843,51568,4473,653,13,6
2021-05-12T23:59:59+02:00,7,10,3144,2668,6538,6322,8800,9289,12422,13747,18376,19159,17980,20569,14093,17665,4101,7117,545,610,1214,1678,1641,2605,2058,3737,3241,4135,3828,3917,8687,11027,3771,6448,112329,48235,17462,5816,51550,4434,653,13,6
2021-05-11T23:59:59+02:00,5,10,2752,2412,5736,5820,7831,8476,11030,12585,16806,17684,17474,20008,14011,17560,4083,7094,508,552,1086,1571,1477,2448,1871,3558,3020,3873,3721,3804,8618,10935,3767,6443,104927,48005,16840,5620,49473,3498,125,12,6
2021-05-10T23:59:59+02:00,5,8,2564,2243,5261,5439,7134,7850,9996,11668,15511,16312,17096,19558,13948,17446,4076,7070,481,526,1043,1532,1433,2397,1812,3456,2901,3742,3639,3731,8579,10888,3763,6439,99109,47890,15933,5391,48007,2954,124,12,5
2021-05-09T23:59:59+02:00,5,8,2480,2213,5123,5354,6947,7731,9588,11329,14965,15785,16978,19419,13928,17418,4073,7065,465,508,1010,1475,1362,2313,1754,3334,2790,3588,3554,3639,8556,10856,3760,6436,97534,47805,15348,5122,47393,2348,122,12,5
2021-05-08T23:59:59+02:00,5,8,2476,2212,5122,5354,6947,7729,9584,11326,14964,15784,16978,19419,13928,17418,4073,7065,464,507,1010,1475,1362,2312,1754,3334,2789,3587,3552,3639,8556,10856,3760,6436,97520,47801,15347,5122,47391,2345,122,12,5
2021-05-07T23:59:59+02:00,5,8,2304,2150,4849,5260,6585,7575,9135,11111,14521,15464,16801,19217,13916,17389,4073,7063,452,505,999,1464,1347,2297,1719,3324,2739,3552,3507,3599,8478,10775,3760,6433,96813,47778,14827,4774,45656,2277,118,12,5
2021-05-06T23:59:59+02:00,5,8,2067,2016,4297,4910,5932,7199,8367,10553,13544,14642,16405,18767,13867,17295,4061,7050,422,457,958,1364,1260,2135,1613,3100,2517,3269,3329,3399,8300,10584,3751,6420,94239,47338,13587,4169,43099,1319,49,11,5
2021-05-05T23:59:59+02:00,5,8,1942,1903,4010,4686,5499,6828,7676,9966,12426,13584,15729,17932,13764,17193,4052,7026,413,445,945,1337,1231,2092,1578,3024,2457,3185,3279,3359,8221,10486,3745,6410,89825,47207,12262,4021,42097,942,34,11,5
2021-05-04T23:59:59+02:00,5,8,1856,1818,3742,4450,5089,6469,7015,9392,11208,12341,14811,16805,13654,17056,4048,7012,408,436,926,1318,1212,2049,1560,2987,2412,3130,3236,3312,8132,10375,3739,6396,84015,47070,11624,3823,41110,712,20,10,5
2021-05-03T23:59:59+02:00,4,8,1803,1766,3592,4325,4856,6256,6631,9060,10479,11605,14086,15827,13568,16940,4039,6995,402,426,923,1305,1198,2015,1540,2946,2379,3084,3183,3272,8019,10273,3734,6390,79585,46944,11419,3602,40809,522,18,9,5
2021-05-02T23:59:59+02:00,4,8,1793,1747,3518,4300,4773,6203,6561,8999,10362,11490,13899,15633,13536,16913,4038,6990,400,418,917,1290,1195,1998,1537,2933,2363,3067,3168,3255,7983,10241,3733,6386,79027,46925,11142,3505,40575,437,14,9,5
2021-05-01T23:59:59+02:00,4,8,1790,1747,3517,4299,4773,6202,6558,8998,10357,11486,13896,15633,13535,16912,4038,6987,399,418,917,1290,1195,1997,1537,2933,2363,3067,3168,3255,7983,10241,3733,6385,79001,46922,11142,3505,40574,437,14,9,5
2021-04-30T23:59:59+02:00,4,8,1788,1741,3511,4289,4766,6189,6537,8983,10319,11448,13845,15559,13509,16881,4037,6986,399,416,916,1288,1195,1997,1537,2933,2361,3066,3168,3253,7982,10239,3733,6385,78673,46915,11142,3504,40564,433,13,8,5
2021-04-29T23:59:59+02:00,4,7,1660,1699,3268,4174,4489,6039,6223,8731,9905,11058,13266,14856,13405,16727,4031,6978,390,405,907,1267,1175,1963,1512,2896,2332,3018,3153,3241,7969,10221,3731,6381,75895,46799,10756,3502,39851,245,12,6,5
2021-04-28T23:59:59+02:00,4,7,1532,1651,3092,4074,4252,5861,5863,8459,9317,10568,12390,13674,13249,16518,4022,6964,381,395,891,1255,1159,1934,1476,2852,2262,2949,3001,3109,7857,10105,3724,6370,71400,46385,10568,3091,39513,231,10,6,5
2021-04-27T23:59:59+02:00,4,7,1492,1606,2983,3956,4048,5718,5556,8200,8697,9897,11351,12368,13020,16162,4011,6942,369,380,882,1234,1144,1899,1449,2780,2216,2888,2962,3066,7830,10075,3718,6366,66594,46175,10380,2919,39028,151,10,6,5
2021-04-26T23:59:59+02:00,4,7,1465,1573,2869,3879,3875,5574,5245,7986,8208,9456,10595,11442,12876,15958,4000,6924,368,375,872,1223,1128,1888,1419,2760,2189,2858,2913,3016,7784,10026,3712,6361,63181,46078,10190,2671,38549,130,10,6,5
2021-04-25T23:59:59+02:00,4,7,1453,1567,2802,3849,3780,5514,5110,7939,8012,9350,10399,11207,12839,15904,3999,6919,367,370,863,1216,1110,1874,1404,2741,2166,2831,2871,2983,7735,9978,3711,6356,62677,45998,9987,2461,37974,104,10,6,5
2021-04-24T23:59:59+02:00,4,7,1452,1567,2802,3848,3780,5513,5108,7937,8008,9346,10393,11204,12839,15904,3999,6919,367,370,863,1216,1110,1872,1402,2740,2165,2831,2871,2983,7735,9978,3711,6356,62654,45994,9987,2460,37973,103,10,6,5
2021-04-23T23:59:59+02:00,4,7,1436,1557,2734,3814,3698,5483,4990,7889,7874,9286,10307,11094,12815,15863,3997,6915,366,370,862,1213,1110,1872,1401,2740,2165,2831,2871,2983,7734,9978,3711,6356,62524,45989,9707,2459,37516,102,10,6,5
2021-04-22T23:59:59+02:00,4,7,1393,1528,2627,3747,3539,5379,4759,7735,7521,9050,9738,10402,12549,15564,3991,6892,359,369,853,1202,1099,1860,1386,2713,2137,2809,2829,2940,7643,9871,3700,6340,60906,45584,9048,2424,36455,89,10,6,5
2021-04-21T23:59:59+02:00,4,7,1359,1490,2545,3669,3421,5276,4542,7554,7112,8723,8852,9371,12138,14986,3978,6851,355,367,848,1185,1090,1839,1368,2683,2107,2781,2770,2883,7529,9706,3683,6312,58185,45104,8179,2300,35498,89,10,6,5
2021-04-20T23:59:59+02:00,4,7,1336,1464,2475,3594,3319,5178,4367,7372,6726,8393,7960,8243,11676,14395,3964,6837,350,362,836,1172,1081,1817,1344,2660,2074,2738,2709,2826,7381,9523,3652,6259,55329,44393,7414,2295,34553,84,9,5,5
2021-04-19T23:59:59+02:00,4,7,1320,1449,2437,3556,3258,5111,4261,7270,6486,8161,7328,7469,11424,14040,3954,6819,348,360,832,1162,1075,1805,1321,2647,2040,2713,2655,2782,7266,9359,3629,6220,53386,43839,7042,2282,33912,81,9,5,5
2021-04-18T23:59:59+02:00,4,6,1310,1437,2405,3530,3219,5090,4208,7213,6352,8032,6975,7080,11330,13936,3951,6807,348,359,830,1158,1074,1798,1319,2634,2034,2708,2649,2769,7240,9327,3627,6217,52871,43718,6582,2280,33418,81,9,5,5
2021-04-17T23:59:59+02:00,4,6,1309,1435,2405,3529,3218,5086,4203,7210,6345,8022,6961,7070,11328,13934,3951,6807,348,359,829,1157,1074,1798,1317,2633,2033,2706,2646,2767,7239,9327,3627,6217,52849,43705,6580,2279,33380,81,9,5,5
2021-04-16T23:59:59+02:00,4,6,1306,1434,2395,3522,3210,5078,4182,7192,6294,7989,6885,6985,11316,13920,3949,6805,348,358,826,1155,1072,1798,1314,2632,2030,2706,2645,2760,7236,9325,3626,6217,52791,43682,6344,2274,33323,80,9,5,5
2021-04-15T23:59:59+02:00,2,4,1269,1413,2340,3473,3114,5019,4022,7064,6038,7757,6341,6427,11068,13631,3935,6773,340,356,807,1134,1033,1739,1269,2560,1956,2611,2567,2691,7148,9238,3616,6200,51704,43093,5956,2088,32016,74,9,5,3
2021-04-14T23:59:59+02:00,2,4,1247,1400,2305,3445,3045,4957,3915,6958,5847,7548,5698,5724,10679,13145,3903,6722,332,353,795,1125,1016,1714,1239,2519,1905,2561,2490,2622,7000,9043,3597,6174,50300,42434,5749,1968,30482,74,8,5,3
2021-04-13T23:59:59+02:00,2,4,1233,1390,2273,3415,2989,4894,3805,6876,5598,7326,5165,5178,10338,12732,3880,6694,311,339,777,1097,993,1693,1214,2484,1869,2520,2424,2556,6882,8907,3561,6113,49284,41749,5544,1911,28951,71,8,5,3
2021-04-12T23:59:59+02:00,2,4,1217,1384,2247,3392,2939,4849,3679,6796,5388,7176,4837,4883,10089,12451,3871,6671,295,335,763,1093,976,1677,1200,2461,1819,2473,2347,2498,6768,8766,3546,6091,48820,41174,5346,1863,27698,64,6,5,3
2021-04-11T23:59:59+02:00,2,4,1210,1371,2228,3373,2906,4829,3617,6725,5243,7067,4606,4684,9904,12253,3866,6660,288,333,758,1085,966,1663,1189,2433,1797,2443,2293,2439,6685,8658,3532,6071,48737,40759,5110,1805,26691,63,5,5,3
2021-04-10T23:59:59+02:00,2,4,1210,1370,2225,3369,2904,4825,3611,6722,5233,7055,4601,4675,9896,12240,3866,6659,285,329,743,1078,953,1658,1166,2413,1726,2391,2210,2353,6628,8611,3531,6067,48682,40593,5109,1483,26666,60,5,5,3
2021-04-09T23:59:59+02:00,2,4,1207,1367,2218,3367,2896,4816,3602,6711,5203,7031,4577,4648,9870,12210,3865,6659,276,326,723,1068,938,1637,1133,2366,1635,2316,1992,2084,6474,8454,3509,6034,48607,39742,5104,1157,26532,60,5,5,3
2021-04-08T23:59:59+02:00,2,4,1182,1347,2163,3311,2811,4726,3462,6581,4967,6798,4189,4240,9327,11639,3847,6606,251,306,671,1007,880,1565,1060,2269,1501,2196,1717,1749,6014,7897,3422,5891,48149,37187,4578,1154,24465,49,5,5,3
2021-04-07T23:59:59+02:00,2,4,1172,1333,2131,3294,2768,4688,3373,6519,4803,6663,3896,3940,8766,11089,3830,6575,217,276,611,953,819,1494,1001,2208,1396,2097,1577,1574,5417,7202,3332,5739,47943,34712,4105,1149,22790,48,3,5,3
2021-04-06T23:59:59+02:00,2,4,1151,1316,2087,3269,2729,4656,3308,6472,4676,6571,3645,3686,8277,10579,3814,6545,210,270,583,934,794,1445,957,2151,1313,2010,1433,1387,4842,6412,3222,5534,47748,32307,3569,1141,21462,45,3,5,3
2021-04-05T23:59:59+02:00,2,4,1148,1311,2083,3266,2719,4654,3294,6458,4654,6552,3613,3659,8249,10542,3810,6543,207,257,576,918,775,1421,941,2115,1273,1970,1386,1324,4629,6142,3174,5479,47662,31399,3563,1139,21328,45,3,5,3
2021-04-04T23:59:59+02:00,2,4,1148,1311,2083,3265,2719,4653,3294,6458,4653,6551,3609,3657,8247,10540,3810,6543,207,257,575,918,775,1421,941,2115,1273,1969,1386,1324,4628,6142,3174,5479,47656,31396,3563,1139,21320,45,3,5,3
2021-04-03T23:59:59+02:00,2,4,1148,1311,2082,3265,2719,4653,3294,6458,4653,6551,3608,3655,8247,10538,3810,6543,207,257,575,918,775,1421,941,2115,1273,1969,1386,1324,4628,6142,3174,5479,47654,31396,3562,1139,21317,45,3,5,3
2021-04-02T23:59:59+02:00,2,4,1148,1311,2082,3263,2719,4652,3294,6455,4653,6549,3606,3651,8245,10537,3810,6543,207,257,575,918,775,1419,941,2115,1273,1968,1386,1322,4626,6141,3173,5479,47638,31388,3562,1138,21316,45,3,5,3
2021-04-01T23:59:59+02:00,1,4,1135,1274,2017,3141,2611,4453,3146,6206,4495,6310,3562,3615,8147,10432,3800,6527,202,248,571,910,764,1413,931,2101,1250,1952,1365,1295,4387,5821,3055,5314,47272,30403,3557,1134,20039,38,3,5,3
2021-03-31T23:59:59+02:00,1,4,1117,1242,1978,3040,2535,4310,3056,5993,4366,6081,3480,3534,7996,10233,3781,6493,194,245,564,898,760,1395,919,2081,1209,1918,1309,1232,3901,5227,2928,5081,46671,28688,3430,1134,19131,37,3,5,1
2021-03-30T23:59:59+02:00,1,3,1095,1208,1929,2859,2433,4084,2905,5635,4164,5693,3387,3440,7832,10029,3755,6442,190,240,556,887,749,1373,897,2061,1161,1873,1225,1149,3379,4518,2706,4749,46038,26548,3268,1134,17580,29,3,5,1
2021-03-29T23:59:59+02:00,1,3,1078,1164,1868,2724,2349,3925,2767,5381,4002,5420,3290,3341,7672,9801,3726,6395,189,235,550,876,739,1359,880,2037,1126,1845,1151,1063,2801,3841,2527,4455,45397,24525,3040,1129,16463,19,2,5,1
2021-03-28T23:59:59+02:00,1,3,1059,1131,1796,2559,2265,3719,2646,5081,3850,5143,3225,3276,7607,9736,3722,6389,189,235,548,873,738,1357,878,2031,1123,1843,1142,1051,2746,3773,2514,4428,45290,24328,2829,1126,15082,14,2,5,1
2021-03-27T23:59:59+01:00,1,3,1059,1131,1796,2558,2264,3718,2643,5081,3847,5143,3221,3276,7606,9736,3722,6389,189,235,547,873,738,1357,877,2031,1120,1843,1142,1051,2746,3773,2514,4428,45281,24323,2829,1126,15077,14,2,5,1
2021-03-26T23:59:59+01:00,1,3,1055,1109,1753,2443,2200,3560,2581,4870,3761,4919,3200,3258,7603,9731,3721,6388,189,234,546,873,737,1357,877,2031,1120,1840,1138,1050,2743,3765,2513,4425,45255,24299,2826,1126,14068,12,2,5,1
2021-03-25T23:59:59+01:00,1,3,1029,1077,1702,2340,2116,3392,2475,4642,3649,4722,3099,3168,7476,9600,3714,6374,187,231,541,872,730,1347,871,2014,1104,1816,1092,1006,2517,3418,2316,4133,45000,23057,2494,1126,13080,12,1,4,1
2021-03-24T23:59:59+01:00,1,3,1007,1058,1682,2298,2085,3342,2440,4575,3605,4653,3012,3099,7348,9429,3697,6355,187,227,535,868,723,1337,860,1999,1085,1795,1052,964,2133,2875,1927,3623,44465,21054,2365,1124,12854,12,1,4,1
2021-03-23T23:59:59+01:00,1,3,997,1052,1664,2266,2062,3307,2404,4532,3565,4602,2945,3026,7255,9328,3679,6327,185,224,531,863,716,1325,846,1980,1048,1765,971,874,1772,2386,1584,3160,43953,19128,2354,1090,12704,12,1,3,1
2021-03-22T23:59:59+01:00,1,3,994,1044,1649,2250,2048,3289,2382,4504,3528,4561,2900,2992,7193,9258,3664,6310,182,221,530,852,700,1302,832,1966,1019,1738,925,803,1304,1811,1238,2680,43617,17055,2334,1036,12615,12,1,3,1
2021-03-21T23:59:59+01:00,1,3,994,1044,1648,2247,2048,3288,2378,4500,3517,4554,2887,2983,7145,9202,3658,6304,182,218,529,850,699,1298,830,1962,1008,1733,902,784,1228,1726,1185,2611,43472,16754,2331,979,12594,12,1,3,1
2021-03-20T23:59:59+01:00,1,3,993,1043,1647,2246,2048,3288,2378,4500,3515,4552,2887,2982,7145,9201,3658,6304,182,218,529,850,699,1298,830,1962,996,1720,867,756,1197,1703,1177,2609,43471,16752,2327,829,12589,12,1,3,1
2021-03-19T23:59:59+01:00,1,3,992,1035,1640,2234,2037,3284,2376,4494,3508,4545,2877,2971,7132,9183,3657,6301,182,216,528,850,699,1296,830,1961,989,1715,823,719,1140,1653,1167,2599,43408,16709,2322,646,12536,12,1,3,1
2021-03-18T23:59:59+01:00,1,3,953,1003,1566,2123,1914,3117,2228,4248,3281,4294,2725,2813,6830,8818,3591,6202,181,215,523,845,692,1289,821,1950,967,1699,805,697,1065,1547,1027,2400,42015,16142,2013,569,11678,12,1,3,1
2021-03-17T23:59:59+01:00,1,3,899,970,1495,2066,1851,3051,2163,4186,3186,4198,2590,2679,6405,8327,3527,6088,180,213,520,840,690,1285,817,1945,962,1692,776,678,930,1394,871,2188,40248,15401,2010,568,11423,12,1,3,1
2021-03-16T23:59:59+01:00,1,3,874,947,1462,2027,1812,3001,2110,4131,3092,4100,2456,2520,5935,7681,3439,5938,174,210,515,839,686,1278,812,1936,955,1679,771,665,843,1268,729,2024,38264,14802,1951,568,11310,12,1,3,1
2021-03-15T23:59:59+01:00,1,3,857,940,1444,2005,1774,2946,2072,4059,2992,3991,2324,2350,5452,7139,3367,5825,173,209,515,832,684,1269,808,1926,945,1663,760,655,773,1157,581,1827,36500,14234,1855,530,11183,12,0,3,1
2021-03-14T23:59:59+01:00,1,3,852,926,1419,1976,1750,2917,2041,3999,2930,3925,2146,2156,5266,6913,3335,5794,173,209,514,829,682,1258,807,1919,942,1653,742,646,757,1138,557,1772,35478,14089,1757,505,11111,3,0,3,1
2021-03-13T23:59:59+01:00,1,3,844,919,1398,1965,1734,2904,2016,3971,2857,3877,2077,2082,5219,6860,3333,5793,173,209,514,828,682,1258,807,1919,942,1653,740,646,757,1135,557,1772,35228,14083,1517,505,11105,3,0,3,1
2021-03-12T23:59:59+01:00,1,3,820,904,1354,1908,1672,2805,1919,3819,2701,3710,1880,1845,5035,6638,3303,5750,173,209,513,828,682,1258,806,1919,942,1652,732,643,744,1120,549,1769,33904,14031,1278,504,10882,3,0,3,1
2021-03-11T23:59:59+01:00,1,3,785,845,1285,1825,1589,2658,1835,3618,2538,3538,1617,1536,4669,6169,3170,5568,164,203,507,819,672,1249,791,1883,921,1612,604,582,675,1079,529,1738,31795,13531,1183,494,10268,2,0,3,1
2021-03-10T23:59:59+01:00,1,3,769,794,1262,1767,1556,2599,1785,3547,2457,3449,1546,1447,4201,5631,3052,5318,164,201,498,797,654,1236,782,1863,914,1596,535,567,642,1070,522,1732,29988,13380,1176,390,10017,2,0,3,1
2021-03-09T23:59:59+01:00,1,3,757,771,1242,1736,1528,2553,1745,3496,2384,3397,1454,1350,3641,4883,2868,5013,162,199,493,776,644,1212,768,1831,902,1568,531,565,640,1065,519,1726,27828,13320,1173,278,9818,2,0,3,1
2021-03-08T23:59:59+01:00,0,3,753,743,1229,1717,1511,2533,1719,3460,2345,3354,1362,1250,2971,4054,2632,4642,158,196,479,752,622,1179,749,1780,878,1531,527,563,640,1064,519,1726,25375,13312,1173,50,9727,0,0,3,1
2021-03-07T23:59:59+01:00,0,3,750,739,1221,1708,1503,2519,1708,3452,2334,3346,1349,1234,2869,3934,2609,4592,158,196,479,752,622,1179,749,1780,878,1531,527,563,640,1064,519,1726,25023,13312,1171,50,9673,0,0,3,1
2021-03-06T23:59:59+01:00,0,3,749,739,1220,1705,1500,2516,1704,3449,2330,3345,1346,1234,2869,3934,2609,4592,157,196,479,752,622,1179,749,1780,878,1531,527,563,640,1064,519,1726,25018,13311,1171,50,9652,0,0,3,1
2021-03-05T23:59:59+01:00,0,3,684,713,1194,1691,1479,2507,1679,3434,2301,3336,1341,1231,2861,3926,2606,4587,157,196,479,751,622,1178,749,1780,878,1529,526,563,640,1064,519,1726,24988,13306,1167,50,9415,0,0,3,1
2021-03-04T23:59:59+01:00,0,3,618,665,1127,1622,1422,2425,1638,3355,2227,3259,1291,1183,2645,3562,2423,4300,155,190,476,737,611,1166,738,1752,869,1516,516,552,628,1054,514,1717,23772,13141,1160,49,8830,0,0,3,1
2021-03-03T23:59:59+01:00,0,3,582,626,1059,1558,1325,2343,1538,3269,2102,3175,1246,1138,2278,3042,2070,3856,155,190,474,734,611,1166,737,1750,867,1515,514,550,626,1051,514,1715,21916,13120,1159,48,8134,0,0,1,1
2021-03-02T23:59:59+01:00,0,3,564,593,1021,1512,1269,2300,1481,3217,2005,3114,1163,1038,1912,2561,1682,3333,153,188,469,728,606,1155,727,1740,862,1495,505,541,615,1030,495,1685,19850,12945,1156,48,7761,0,0,1,1
2021-03-01T23:59:59+01:00,0,3,557,545,1003,1473,1223,2239,1435,3152,1950,3041,1119,964,1421,1966,1307,2797,151,188,469,728,606,1154,727,1737,861,1495,503,541,612,1021,491,1674,17588,12909,1153,48,7453,0,0,1,1
2021-02-28T23:59:59+01:00,0,3,550,531,986,1434,1197,2177,1407,3094,1895,2968,1098,942,1307,1825,1234,2708,151,188,468,727,606,1154,726,1735,860,1494,501,541,612,1021,491,1674,17109,12900,1150,48,7096,0,0,1,1
2021-02-27T23:59:59+01:00,0,3,550,529,985,1434,1197,2176,1407,3093,1895,2967,1098,942,1307,1824,1233,2708,151,188,467,726,603,1152,724,1733,858,1493,501,541,612,1021,491,1674,17107,12900,1150,34,7090,0,0,1,1
2021-02-26T23:59:59+01:00,0,3,400,477,854,1390,1113,2133,1340,3052,1836,2925,1093,935,1304,1823,1233,2707,151,188,467,726,603,1152,724,1732,858,1492,501,541,612,1021,491,1674,17096,12899,1150,33,6371,0,0,1,1
2021-02-25T23:59:59+01:00,0,3,308,423,759,1296,1029,2044,1241,2878,1697,2763,1055,903,1223,1699,1120,2519,144,178,455,713,587,1127,717,1707,838,1468,489,527,584,990,477,1655,16508,12632,1150,23,5301,0,0,1,1
2021-02-24T23:59:59+01:00,0,2,259,378,687,1221,955,1955,1187,2760,1632,2645,1028,883,1100,1554,964,2306,142,178,452,710,583,1126,716,1702,837,1464,484,522,576,985,474,1643,15802,12573,1148,20,4565,0,0,1,1
2021-02-23T23:59:59+01:00,0,2,247,357,665,1163,927,1876,1140,2648,1557,2536,1003,855,1023,1426,827,2148,142,177,452,708,583,1126,716,1699,835,1463,483,520,574,984,474,1642,15254,12562,1117,15,4028,0,0,1,1
2021-02-22T23:59:59+01:00,0,0,233,338,642,1133,895,1793,1090,2556,1473,2413,958,826,905,1283,645,1895,142,177,451,707,581,1125,714,1699,829,1461,482,519,573,982,473,1640,14511,12550,1048,4,3518,0,0,1,1
2021-02-21T23:59:59+01:00,0,0,227,327,607,1066,845,1687,1047,2455,1394,2306,941,805,874,1232,593,1831,142,176,448,700,580,1121,714,1694,829,1460,481,519,572,982,472,1639,14305,12524,1008,4,2923,0,0,1,1
2021-02-20T23:59:59+01:00,0,0,227,324,604,1065,843,1682,1044,2450,1381,2289,905,776,842,1209,585,1829,142,176,448,700,580,1121,714,1694,829,1460,481,518,571,982,472,1639,14305,12523,853,4,2896,0,0,1,0
2021-02-19T23:59:59+01:00,0,0,217,316,594,1057,830,1667,1023,2433,1348,2246,662,674,705,1147,560,1812,142,176,448,699,580,1118,713,1692,826,1457,481,517,571,981,471,1639,13829,12508,673,3,2788,0,0,1,0
2021-02-18T23:59:59+01:00,0,0,200,266,555,936,745,1440,892,2174,1098,1871,582,606,667,1107,541,1795,137,176,435,687,565,1101,707,1666,810,1429,478,514,570,979,471,1639,13672,12361,577,3,1225,0,0,1,0
2021-02-17T23:59:59+01:00,0,0,195,228,535,887,708,1343,834,2007,1013,1739,560,586,667,1104,539,1792,130,174,424,677,557,1085,688,1635,797,1406,475,512,568,976,471,1638,13656,12210,577,3,503,0,0,1,0
2021-02-16T23:59:59+01:00,0,0,189,225,528,872,692,1312,815,1968,980,1699,548,581,661,1102,538,1790,125,169,410,671,546,1069,676,1617,788,1392,468,507,561,963,465,1611,13628,12036,577,2,294,0,0,1,0
2021-02-15T23:59:59+01:00,0,0,174,216,522,845,686,1278,801,1933,951,1652,547,578,658,1102,538,1790,122,168,403,661,536,1050,647,1590,774,1374,466,504,561,963,465,1611,13624,11893,538,2,108,0,0,1,0
2021-02-14T23:59:59+01:00,0,0,169,208,519,833,685,1269,798,1924,933,1643,546,577,658,1099,537,1790,115,165,392,650,519,1032,629,1576,767,1362,466,502,559,961,465,1611,13618,11769,536,2,33,0,0,1,0
2021-02-13T23:59:59+01:00,0,0,168,208,518,833,685,1269,798,1924,933,1643,546,577,658,1099,537,1790,115,165,391,649,519,1032,629,1576,767,1362,466,502,559,961,465,1611,13617,11767,536,2,32,0,0,1,0
2021-02-12T23:59:59+01:00,0,0,167,207,514,832,684,1266,794,1923,931,1640,545,577,658,1099,537,1790,111,163,388,643,515,1026,615,1561,763,1345,464,501,548,941,462,1586,13610,11630,535,2,18,0,0,1,0
2021-02-11T23:59:59+01:00,0,0,165,206,510,825,677,1262,792,1920,925,1638,540,571,651,1093,532,1784,91,127,359,572,469,947,561,1443,719,1251,439,456,507,887,420,1492,13559,10739,523,1,8,0,0,1,0
2021-02-10T23:59:59+01:00,0,0,162,204,500,808,661,1247,780,1893,910,1614,532,565,641,1081,527,1774,81,115,331,513,442,840,519,1268,645,1095,391,406,441,775,374,1337,13436,9572,461,1,1,0,0,1,0
2021-02-09T23:59:59+01:00,0,0,161,197,492,769,645,1208,760,1832,899,1572,520,553,635,1067,519,1758,76,99,312,447,407,756,479,1164,580,995,361,352,402,691,344,1224,13327,8689,259,0,0,0,0,1,0
2021-02-08T23:59:59+01:00,0,0,157,193,475,744,622,1173,740,1781,879,1528,514,552,633,1061,515,1745,63,73,267,378,359,620,419,935,507,816,304,297,339,543,289,1033,13260,7242,51,0,0,0,0,1,0
2021-02-07T23:59:59+01:00,0,0,157,192,473,743,620,1172,739,1773,877,1526,513,552,633,1061,515,1744,62,65,249,343,340,576,403,903,488,781,303,289,337,536,287,1030,13238,6992,51,0,0,0,0,1,0
2021-02-06T23:59:59+01:00,0,0,157,192,473,743,620,1172,739,1773,877,1526,513,552,633,1061,515,1744,62,65,249,343,340,576,403,902,486,779,303,288,336,534,286,1030,13238,6982,51,0,0,0,0,1,0
2021-02-05T23:59:59+01:00,0,0,157,192,473,743,620,1172,739,1773,877,1525,513,552,633,1061,515,1744,60,65,247,341,333,572,395,880,477,759,293,283,326,512,271,994,13237,6808,51,0,0,0,0,1,0
2021-02-04T23:59:59+01:00,0,0,151,187,469,735,613,1164,735,1759,871,1516,506,545,612,1036,506,1726,44,50,213,308,292,476,354,739,385,613,229,216,243,352,202,736,13080,5452,50,0,0,0,0,1,0
2021-02-03T23:59:59+01:00,0,0,149,186,463,729,605,1155,731,1747,862,1500,497,537,599,1023,499,1718,36,32,157,217,238,348,265,563,310,465,180,170,171,264,154,555,12950,4125,49,0,0,0,0,1,0
2021-02-02T23:59:59+01:00,0,0,149,183,461,728,605,1155,728,1741,855,1496,496,536,595,1020,498,1714,27,26,138,170,193,279,221,428,258,374,140,131,129,199,119,437,12910,3269,49,0,0,0,0,1,0
2021-02-01T23:59:59+01:00,0,0,147,183,460,727,600,1152,727,1733,853,1491,495,534,590,1017,497,1708,22,19,101,125,137,188,154,299,169,259,89,94,87,126,65,238,12864,2172,49,0,0,0,0,1,0
2021-01-31T23:59:59+01:00,0,0,147,183,460,724,597,1151,727,1729,853,1490,493,533,589,1015,497,1707,16,15,67,84,95,123,117,222,142,203,84,87,83,118,63,224,12846,1743,49,0,0,0,0,0,0
2021-01-30T23:59:59+01:00,0,0,147,183,459,724,595,1149,726,1728,853,1490,493,533,588,1015,497,1707,16,15,67,84,95,121,115,218,139,200,83,86,83,112,57,214,12845,1705,42,0,0,0,0,0,0
2021-01-29T23:59:59+01:00,0,0,147,183,459,722,594,1146,724,1726,851,1489,493,533,588,1015,497,1707,14,15,55,79,78,117,97,207,116,188,78,79,82,108,56,213,12840,1582,34,0,0,0,0,0,0
2021-01-28T23:59:59+01:00,0,0,140,179,446,705,577,1120,718,1699,828,1460,486,527,585,1012,494,1704,9,3,12,19,24,45,30,95,48,89,45,50,54,78,41,158,12654,800,26,0,0,0,0,0,0
2021-01-27T23:59:59+01:00,0,0,133,177,435,695,569,1111,702,1665,821,1436,483,525,581,1007,494,1699,5,1,4,11,10,23,13,40,23,31,12,17,24,31,18,48,12509,311,24,0,0,0,0,0,0
2021-01-26T23:59:59+01:00,0,0,127,173,421,682,556,1097,693,1642,810,1415,477,520,575,990,487,1665,5,1,4,10,7,21,11,37,17,28,12,15,23,30,18,47,12315,286,15,0,0,0,0,0,0
2021-01-25T23:59:59+01:00,0,0,124,171,412,670,545,1078,665,1614,792,1398,475,516,573,989,487,1665,4,1,3,9,7,16,6,28,12,22,9,6,13,19,9,29,12170,193,4,0,0,0,0,0,0
2021-01-24T23:59:59+01:00,0,0,117,168,402,660,531,1060,648,1601,779,1387,474,513,572,989,487,1665,3,0,1,6,7,4,4,7,5,9,1,2,11,12,6,16,12049,94,4,0,0,0,0,0,0
2021-01-23T23:59:59+01:00,0,0,117,168,402,659,531,1060,648,1601,779,1387,474,513,572,989,487,1665,2,0,1,6,7,4,4,7,5,9,1,2,11,12,6,16,12048,93,4,0,0,0,0,0,0
2021-01-22T23:59:59+01:00,0,0,113,166,395,653,528,1054,634,1586,773,1370,474,509,561,968,482,1639,2,0,1,6,7,4,4,7,5,9,1,2,11,12,6,16,11902,93,3,0,0,0,0,0,0
2021-01-21T23:59:59+01:00,0,0,101,158,380,635,505,1021,601,1536,750,1328,458,471,528,924,448,1574,2,0,1,6,7,4,4,7,5,9,1,2,11,12,6,16,11415,93,3,0,0,0,0,0,0
2021-01-20T23:59:59+01:00,0,0,82,116,346,546,461,881,543,1302,662,1141,400,412,445,789,389,1362,2,0,1,5,7,4,4,7,5,9,1,2,11,12,6,16,9874,92,3,0,0,0,0,0,0
2021-01-19T23:59:59+01:00,0,0,77,104,317,470,421,792,503,1188,610,1038,377,375,410,712,360,1272,2,0,1,3,7,4,4,7,5,9,1,0,8,8,5,15,9023,79,3,0,0,0,0,0,0
2021-01-18T23:59:59+01:00,0,0,63,74,272,383,366,642,429,956,516,841,310,308,345,564,307,1084,2,0,1,3,7,4,4,7,5,9,1,0,8,8,5,15,7458,79,2,0,0,0,0,0,0
2021-01-17T23:59:59+01:00,0,0,62,65,253,348,344,590,410,914,493,802,307,299,344,557,304,1076,0,0,0,0,0,0,0,0,0,0,0,0,0,0,0,0,7166,0,2,0,0,0,0,0,0
2021-01-16T23:59:59+01:00,0,0,62,65,253,348,344,590,410,913,491,800,307,298,342,553,303,1076,0,0,0,0,0,0,0,0,0,0,0,0,0,0,0,0,7153,0,2,0,0,0,0,0,0
2021-01-15T23:59:59+01:00,0,0,60,65,252,345,338,584,399,890,480,775,293,292,325,526,282,1038,0,0,0,0,0,0,0,0,0,0,0,0,0,0,0,0,6942,0,2,0,0,0,0,0,0
2021-01-14T23:59:59+01:00,0,0,46,52,238,322,314,509,365,764,393,628,230,220,242,355,206,755,0,0,0,0,0,0,0,0,0,0,0,0,0,0,0,0,5639,0,0,0,0,0,0,0,0
2021-01-13T23:59:59+01:00,0,0,40,42,213,266,273,409,300,613,322,502,179,177,174,271,164,591,0,0,0,0,0,0,0,0,0,0,0,0,0,0,0,0,4536,0,0,0,0,0,0,0,0
2021-01-12T23:59:59+01:00,0,0,36,40,208,251,259,377,277,534,290,456,143,136,135,208,127,461,0,0,0,0,0,0,0,0,0,0,0,0,0,0,0,0,3938,0,0,0,0,0,0,0,0
2021-01-11T23:59:59+01:00,0,0,30,36,197,230,240,325,229,445,240,382,111,107,101,135,75,294,0,0,0,0,0,0,0,0,0,0,0,0,0,0,0,0,3177,0,0,0,0,0,0,0,0
2021-01-10T23:59:59+01:00,0,0,28,31,159,168,197,250,191,349,198,305,99,99,98,129,73,277,0,0,0,0,0,0,0,0,0,0,0,0,0,0,0,0,2651,0,0,0,0,0,0,0,0
2021-01-09T23:59:59+01:00,0,0,28,31,152,164,195,242,187,342,196,300,99,99,98,129,73,277,0,0,0,0,0,0,0,0,0,0,0,0,0,0,0,0,2612,0,0,0,0,0,0,0,0
2021-01-08T23:59:59+01:00,0,0,25,28,121,141,174,229,162,313,168,279,94,89,97,125,72,276,0,0,0,0,0,0,0,0,0,0,0,0,0,0,0,0,2393,0,0,0,0,0,0,0,0
2021-01-07T23:59:59+01:00,0,0,10,3,16,24,32,55,37,105,61,112,49,51,60,85,46,187,0,0,0,0,0,0,0,0,0,0,0,0,0,0,0,0,933,0,0,0,0,0,0,0,0
2021-01-06T23:59:59+01:00,0,0,5,1,5,11,10,22,13,39,20,31,13,14,25,35,20,55,0,0,0,0,0,0,0,0,0,0,0,0,0,0,0,0,319,0,0,0,0,0,0,0,0
2021-01-05T23:59:59+01:00,0,0,4,1,4,9,9,18,10,31,15,26,10,14,22,30,19,49,0,0,0,0,0,0,0,0,0,0,0,0,0,0,0,0,271,0,0,0,0,0,0,0,0
2021-01-04T23:59:59+01:00,0,0,3,1,2,7,9,10,4,15,8,16,5,3,11,16,8,26,0,0,0,0,0,0,0,0,0,0,0,0,0,0,0,0,144,0,0,0,0,0,0,0,0
2021-01-03T23:59:59+01:00,0,0,3,0,1,6,8,4,4,7,5,9,1,2,11,12,7,16,0,0,0,0,0,0,0,0,0,0,0,0,0,0,0,0,96,0,0,0,0,0,0,0,0
2021-01-02T23:59:59+01:00,0,0,3,0,1,6,8,4,4,7,5,9,1,2,11,12,7,16,0,0,0,0,0,0,0,0,0,0,0,0,0,0,0,0,96,0,0,0,0,0,0,0,0
2021-01-01T23:59:59+01:00,0,0,2,0,1,6,8,4,4,7,5,9,1,2,11,12,7,16,0,0,0,0,0,0,0,0,0,0,0,0,0,0,0,0,95,0,0,0,0,0,0,0,0
2020-12-31T23:59:59+01:00,0,0,2,0,1,5,8,4,4,7,5,9,1,2,11,12,7,16,0,0,0,0,0,0,0,0,0,0,0,0,0,0,0,0,94,0,0,0,0,0,0,0,0
2020-12-30T23:59:59+01:00,0,0,2,0,1,5,8,4,4,7,5,9,1,2,11,12,7,16,0,0,0,0,0,0,0,0,0,0,0,0,0,0,0,0,94,0,0,0,0,0,0,0,0
2020-12-29T23:59:59+01:00,0,0,2,0,1,3,8,4,4,7,5,9,1,0,8,8,6,15,0,0,0,0,0,0,0,0,0,0,0,0,0,0,0,0,81,0,0,0,0,0,0,0,0
2020-12-28T23:59:59+01:00,0,0,2,0,1,3,8,4,4,7,5,9,1,0,8,8,6,15,0,0,0,0,0,0,0,0,0,0,0,0,0,0,0,0,81,0,0,0,0,0,0,0,0
2020-12-27T23:59:59+01:00,0,0,2,0,1,3,8,4,4,7,5,9,1,0,8,8,6,15,0,0,0,0,0,0,0,0,0,0,0,0,0,0,0,0,81,0,0,0,0,0,0,0,0
