Datum,<15_m,<15_w,15-24_1_m,15-24_1_w,25-34_1_m,25-34_1_w,35-44_1_m,35-44_1_w,45-54_1_m,45-54_1_w,55-64_1_m,55-64_1_w,65-74_1_m,65-74_1_w,75-84_1_m,75-84_1_w,>84_1_m,>84_1_w,<24_2_m,<24_2_w,25-34_2_m,25-34_2_w,35-44_2_m,35-44_2_w,45-54_2_m,45-54_2_w,55-64_2_m,55-64_2_w,65-74_2_m,65-74_2_w,75-84_2_m,75-84_2_w,>84_2_m,>84_2_w,bp_1,bp_2,mo_1,mo_2,az_1,az_2,ja,unb_1,unb_2
2021-10-11T23:59:59+02:00,2227,2092,17338,16044,22624,20864,24358,23903,27952,28628,30876,31813,21640,24710,15490,19486,4526,7858,15537,14377,21150,19280,22999,22408,26581,27070,29662,30557,20979,23988,15054,18807,4346,7547,236773,222013,32758,31552,55073,52080,17801,32,41
2021-10-10T23:59:59+02:00,2223,2084,17321,16027,22606,20850,24354,23895,27944,28614,30873,31806,21634,24705,15489,19483,4523,7853,15481,14336,21088,19220,22961,22371,26536,27044,29643,30536,20969,23977,15048,18800,4346,7547,236636,221575,32754,31530,55073,52079,17797,32,41
2021-10-09T23:59:59+02:00,2221,2084,17321,16026,22604,20849,24354,23895,27944,28614,30873,31806,21634,24705,15489,19483,4523,7853,15480,14334,21088,19220,22961,22371,26536,27043,29643,30536,20969,23977,15048,18800,4346,7547,236630,221568,32754,31530,55073,52079,17797,32,41
2021-10-08T23:59:59+02:00,2217,2077,17310,16003,22578,20837,24336,23886,27929,28599,30858,31797,21632,24700,15489,19483,4523,7853,15475,14322,21073,19205,22950,22364,26527,27027,29639,30529,20967,23971,15046,18799,4346,7547,236497,221473,32742,31530,55072,52079,17772,32,41
2021-10-07T23:59:59+02:00,2193,2057,17256,15959,22547,20791,24310,23859,27899,28575,30836,31774,21627,24697,15482,19472,4517,7846,15402,14244,21007,19136,22906,22316,26497,26990,29611,30506,20956,23956,15041,18789,4343,7546,236113,220936,32732,31483,55071,52071,17757,32,41
2021-10-06T23:59:59+02:00,2168,2034,17200,15913,22504,20738,24285,23817,27867,28544,30819,31747,21616,24683,15473,19459,4516,7831,15339,14171,20955,19076,22868,22281,26467,26951,29587,30477,20946,23942,15030,18783,4341,7544,235676,220439,32713,31458,55071,52071,17730,32,41
2021-10-05T23:59:59+02:00,2148,2018,17155,15875,22459,20710,24252,23778,27845,28520,30805,31730,21611,24675,15473,19449,4514,7823,15311,14141,20902,19051,22838,22253,26439,26926,29562,30453,20938,23924,15027,18775,4338,7544,235397,220171,32713,31458,55071,52071,17633,32,41
2021-10-04T23:59:59+02:00,2122,1983,17098,15839,22409,20683,24229,23754,27829,28487,30787,31712,21607,24666,15472,19446,4513,7818,15275,14119,20877,19023,22824,22228,26421,26907,29551,30439,20931,23914,15023,18771,4338,7538,235064,219965,32713,31458,55071,52069,17580,32,41
2021-10-03T23:59:59+02:00,2117,1972,17071,15800,22380,20651,24195,23732,27815,28467,30770,31703,21604,24659,15471,19440,4512,7815,15243,14080,20853,18994,22800,22210,26407,26885,29537,30429,20921,23901,15021,18768,4338,7538,234856,219747,32707,31448,55070,52067,17515,32,41
2021-10-02T23:59:59+02:00,2117,1972,17071,15800,22380,20651,24194,23732,27815,28467,30770,31703,21604,24659,15471,19440,4512,7815,15243,14080,20853,18994,22800,22210,26407,26885,29537,30428,20921,23901,15021,18768,4338,7538,234855,219746,32707,31448,55070,52067,17515,32,41
2021-10-01T23:59:59+02:00,2112,1967,17058,15783,22377,20640,24181,23712,27810,28460,30766,31698,21601,24657,15471,19438,4511,7815,15239,14078,20850,18992,22799,22210,26405,26883,29537,30424,20920,23899,15021,18768,4338,7538,234742,219720,32706,31448,55070,52067,17513,32,41
2021-09-30T23:59:59+02:00,2092,1951,17001,15733,22334,20587,24141,23677,27780,28427,30742,31674,21591,24649,15465,19430,4509,7810,15169,14011,20813,18956,22768,22169,26382,26849,29518,30403,20916,23890,15018,18760,4334,7533,234357,219334,32694,31425,55070,52063,17446,32,41
2021-09-29T23:59:59+02:00,2025,1909,16913,15657,22266,20521,24087,23627,27719,28378,30707,31646,21576,24636,15458,19417,4506,7808,15102,13957,20771,18904,22732,22117,26346,26820,29483,30376,20909,23878,15007,18752,4333,7530,233741,218944,32679,31403,55069,52060,17341,32,41
2021-09-28T23:59:59+02:00,2008,1892,16832,15592,22196,20469,24024,23586,27681,28338,30690,31629,21567,24621,15453,19406,4506,7805,15035,13910,20713,18863,22689,22091,26316,26785,29462,30355,20896,23863,15001,18742,4331,7526,233314,218611,32678,31403,55069,52059,17208,32,41
2021-09-27T23:59:59+02:00,1946,1824,16768,15532,22161,20433,23998,23558,27653,28302,30671,31612,21561,24615,15451,19403,4505,7803,15008,13878,20691,18826,22674,22065,26297,26773,29444,30339,20892,23853,14997,18734,4330,7523,232822,218339,32678,31403,55069,52058,17201,32,41
2021-09-26T23:59:59+02:00,1926,1803,16699,15468,22110,20374,23958,23507,27624,28276,30656,31603,21551,24608,15450,19400,4505,7801,14939,13812,20639,18772,22625,22009,26258,26736,29425,30312,20885,23843,14989,18731,4330,7520,232455,217942,32661,31376,55068,52045,17109,32,41
2021-09-25T23:59:59+02:00,1926,1803,16697,15468,22108,20373,23956,23506,27624,28276,30656,31603,21551,24608,15450,19400,4505,7801,14939,13812,20638,18772,22625,22009,26257,26734,29425,30312,20884,23843,14989,18731,4330,7520,232448,217938,32661,31376,55068,52045,17108,32,41
2021-09-24T23:59:59+02:00,1925,1800,16670,15449,22066,20345,23922,23485,27604,28255,30639,31588,21549,24604,15448,19399,4505,7801,14911,13785,20589,18740,22584,21983,26229,26714,29403,30292,20879,23837,14987,18729,4329,7519,232388,217811,32661,31376,55068,52045,16911,32,41
2021-09-23T23:59:59+02:00,1895,1763,16594,15364,22005,20270,23873,23417,27559,28200,30614,31548,21536,24593,15441,19384,4502,7799,14833,13722,20528,18697,22555,21936,26195,26670,29378,30265,20876,23826,14981,18721,4329,7518,231829,217410,32623,31342,55068,52045,16811,32,41
2021-09-22T23:59:59+02:00,1862,1732,16491,15288,21915,20194,23798,23362,27491,28140,30573,31513,21520,24571,15439,19371,4500,7796,14707,13615,20439,18619,22492,21866,26133,26609,29329,30230,20857,23816,14975,18713,4326,7509,231224,216733,32602,31300,55068,52038,16636,32,41
2021-09-21T23:59:59+02:00,1833,1688,16412,15214,21856,20134,23749,23313,27451,28104,30535,31473,21509,24551,15436,19361,4494,7788,14650,13567,20382,18579,22448,21823,26100,26584,29304,30204,20845,23802,14968,18702,4323,7505,230756,216447,32602,31300,55068,52038,16448,32,41
2021-09-20T23:59:59+02:00,1806,1673,16339,15150,21801,20087,23701,23273,27413,28061,30502,31455,21500,24539,15430,19355,4493,7786,14593,13514,20335,18534,22412,21795,26052,26552,29279,30179,20837,23790,14966,18696,4320,7502,230352,216129,32600,31299,55068,52037,16316,32,41
2021-09-19T23:59:59+02:00,1779,1651,16275,15100,21751,20027,23668,23240,27383,28033,30481,31430,21490,24528,15426,19344,4493,7783,14534,13470,20290,18482,22361,21772,26027,26520,29262,30165,20831,23777,14962,18693,4319,7498,229988,215847,32578,31266,55067,52037,16220,32,41
2021-09-18T23:59:59+02:00,1779,1651,16274,15098,21750,20026,23666,23238,27383,28032,30481,31430,21490,24528,15426,19344,4493,7783,14534,13468,20290,18482,22360,21771,26027,26518,29262,30165,20831,23777,14962,18693,4319,7498,229982,215846,32578,31265,55067,52037,16216,32,41
2021-09-17T23:59:59+02:00,1774,1644,16253,15080,21725,20007,23646,23226,27370,28016,30472,31424,21487,24525,15423,19341,4492,7783,14513,13454,20280,18476,22351,21767,26020,26514,29252,30159,20828,23774,14961,18692,4319,7498,229812,215744,32578,31265,55067,52037,16202,32,41
2021-09-16T23:59:59+02:00,1735,1614,16155,14983,21642,19907,23576,23143,27307,27956,30433,31387,21473,24508,15418,19331,4487,7783,14429,13381,20237,18421,22315,21716,25990,26469,29231,30128,20817,23764,14954,18685,4317,7494,229011,215290,32557,31187,55067,52025,16174,32,41
2021-09-15T23:59:59+02:00,1704,1597,16090,14906,21589,19854,23531,23098,27277,27923,30408,31362,21460,24487,15406,19322,4486,7781,14355,13295,20171,18361,22276,21664,25952,26426,29199,30105,20804,23749,14942,18677,4316,7492,228483,214730,32540,31143,55067,52020,16162,32,41
2021-09-14T23:59:59+02:00,1691,1582,16054,14860,21542,19815,23501,23063,27245,27886,30382,31338,21446,24476,15403,19310,4483,7780,14317,13256,20147,18339,22253,21638,25932,26411,29188,30095,20793,23741,14939,18670,4315,7490,228070,214448,32539,31142,55067,52020,16152,32,41
2021-09-13T23:59:59+02:00,1671,1569,16013,14808,21516,19784,23470,23032,27229,27850,30368,31324,21445,24466,15398,19308,4482,7778,14288,13241,20121,18323,22233,21618,25917,26399,29178,30072,20784,23730,14938,18663,4313,7488,227732,214224,32539,31142,55067,52020,16144,32,41
2021-09-12T23:59:59+02:00,1661,1556,15990,14786,21500,19762,23455,23008,27214,27835,30358,31316,21438,24458,15398,19303,4482,7778,14255,13212,20098,18286,22213,21592,25904,26376,29167,30063,20777,23722,14933,18656,4311,7483,227540,213984,32523,31111,55067,52019,16139,32,41
2021-09-11T23:59:59+02:00,1660,1556,15978,14782,21492,19754,23454,23007,27212,27834,30355,31314,21437,24457,15398,19303,4482,7778,14250,13210,20096,18283,22211,21592,25904,26375,29167,30063,20776,23722,14933,18656,4311,7483,227503,213973,32523,31111,55064,52019,16134,32,41
2021-09-10T23:59:59+02:00,1660,1556,15955,14777,21478,19743,23436,23004,27195,27824,30342,31309,21436,24455,15394,19301,4482,7777,14227,13203,20080,18273,22197,21588,25889,26362,29149,30060,20775,23718,14930,18653,4310,7482,227473,213934,32523,31111,55064,52019,16035,32,41
2021-09-09T23:59:59+02:00,1615,1517,15873,14700,21418,19674,23383,22954,27135,27774,30313,31280,21427,24438,15380,19287,4480,7775,14147,13131,20008,18205,22130,21533,25840,26321,29113,30028,20759,23690,14912,18639,4308,7480,226941,213469,32492,31028,55063,51999,15898,32,41
2021-09-08T23:59:59+02:00,1577,1470,15745,14606,21347,19598,23330,22879,27085,27731,30273,31232,21410,24420,15371,19276,4479,7775,14058,13040,19925,18151,22065,21481,25793,26282,29078,29978,20740,23669,14908,18631,4307,7479,226397,213070,32422,30936,55063,51994,15693,32,41
2021-09-07T23:59:59+02:00,1564,1450,15695,14555,21293,19572,23293,22856,27058,27698,30256,31216,21399,24398,15365,19268,4477,7775,13990,12992,19862,18112,22023,21451,25756,26249,29049,29950,20728,23655,14904,18624,4306,7479,226153,212786,32417,30906,55063,51989,15526,32,41
2021-09-06T23:59:59+02:00,1551,1440,15646,14509,21273,19541,23270,22827,27033,27679,30240,31194,21389,24395,15361,19261,4477,7773,13959,12955,19843,18087,21994,21429,25736,26229,29034,29935,20720,23647,14900,18620,4306,7476,225902,212583,32417,30906,55063,51989,15448,32,41
2021-09-05T23:59:59+02:00,1530,1425,15616,14482,21255,19519,23260,22802,27024,27667,30235,31186,21384,24389,15356,19259,4477,7769,13921,12919,19813,18051,21969,21401,25717,26211,29021,29916,20716,23639,14898,18618,4306,7476,225689,212367,32410,30826,55062,51988,15445,32,41
2021-09-04T23:59:59+02:00,1530,1425,15608,14479,21241,19514,23253,22797,27018,27661,30229,31183,21383,24386,15356,19258,4477,7769,13913,12916,19799,18045,21962,21396,25711,26205,29015,29912,20715,23636,14898,18617,4306,7476,225688,212366,32410,30825,55062,51988,15377,32,41
2021-09-03T23:59:59+02:00,1527,1422,15592,14465,21208,19490,23223,22776,26994,27649,30214,31168,21376,24378,15356,19252,4477,7768,13898,12902,19772,18026,21938,21381,25694,26195,29000,29901,20709,23629,14898,18614,4306,7476,225615,212347,32409,30820,55062,51987,15219,32,41
2021-09-02T23:59:59+02:00,1511,1402,15520,14406,21161,19440,23188,22729,26953,27608,30177,31142,21363,24368,15350,19239,4475,7762,13805,12838,19727,17965,21893,21338,25652,26149,28961,29874,20697,23618,14893,18602,4305,7475,225194,211892,32404,30815,55060,51967,15106,32,41
2021-09-01T23:59:59+02:00,1460,1345,15379,14252,21044,19344,23118,22674,26886,27536,30126,31092,21345,24343,15342,19225,4472,7757,13659,12717,19605,17868,21808,21268,25594,26080,28911,29811,20672,23589,14881,18587,4301,7469,224420,211309,32378,30619,55059,51955,14853,32,41
2021-08-31T23:59:59+02:00,1436,1330,15317,14181,20980,19292,23075,22632,26836,27494,30092,31060,21333,24331,15336,19216,4472,7756,13585,12651,19557,17827,21776,21232,25561,26057,28883,29785,20666,23579,14878,18579,4300,7468,223964,210964,32377,30619,55058,51950,14740,32,41
2021-08-30T23:59:59+02:00,1413,1311,15249,14135,20932,19238,23043,22594,26799,27461,30059,31030,21321,24322,15332,19207,4470,7749,13528,12610,19511,17777,21743,21207,25531,26020,28849,29760,20655,23564,14868,18570,4299,7464,223602,210662,32377,30617,55058,51948,14598,32,41
2021-08-29T23:59:59+02:00,1397,1299,15205,14089,20894,19207,23019,22570,26781,27437,30041,31015,21317,24313,15332,19205,4470,7748,13475,12565,19489,17756,21716,21187,25510,26001,28836,29743,20647,23556,14865,18566,4297,7463,223312,210395,32376,30617,55058,51947,14563,32,41
2021-08-28T23:59:59+02:00,1397,1299,15199,14086,20883,19200,23013,22566,26778,27428,30038,31014,21316,24313,15332,19205,4470,7748,13469,12561,19478,17749,21710,21183,25507,25992,28833,29742,20646,23556,14865,18566,4297,7463,223312,210394,32376,30617,55058,51947,14509,32,41
2021-08-27T23:59:59+02:00,1388,1292,15167,14059,20855,19184,22980,22550,26752,27416,30022,30994,21310,24305,15328,19204,4467,7745,13440,12530,19441,17732,21682,21162,25479,25979,28816,29724,20640,23547,14862,18565,4296,7463,223174,210252,32376,30616,55055,51946,14383,32,41
2021-08-26T23:59:59+02:00,1375,1274,15122,14014,20808,19146,22951,22512,26719,27377,29990,30957,21295,24289,15321,19196,4464,7737,13371,12470,19365,17676,21622,21105,25423,25931,28777,29688,20627,23526,14853,18552,4295,7459,222881,209969,32357,30492,55055,51872,14224,32,41
2021-08-25T23:59:59+02:00,1330,1229,14975,13891,20696,19052,22872,22418,26640,27293,29932,30901,21274,24263,15311,19186,4460,7731,13249,12386,19281,17599,21556,21033,25353,25877,28733,29645,20600,23505,14845,18538,4294,7456,222024,209399,32342,30444,55055,51864,14004,31,39
2021-08-24T23:59:59+02:00,1306,1205,14911,13840,20654,19000,22816,22372,26605,27257,29903,30870,21258,24248,15305,19176,4459,7730,13154,12327,19220,17517,21519,20981,25309,25834,28703,29607,20582,23485,14838,18526,4292,7451,221607,208917,32312,30386,55055,51849,13912,31,35
2021-08-23T23:59:59+02:00,1288,1186,14843,13802,20615,18971,22788,22347,26570,27237,29878,30843,21239,24234,15300,19163,4458,7729,13037,12249,19158,17458,21467,20932,25269,25779,28658,29564,20563,23468,14831,18514,4289,7451,221298,208398,32296,30295,55055,51849,13813,31,35
2021-08-22T23:59:59+02:00,1279,1178,14828,13782,20599,18951,22776,22327,26555,27222,29861,30839,21232,24230,15298,19155,4456,7728,12978,12180,19106,17424,21438,20897,25248,25753,28632,29542,20555,23457,14830,18510,4289,7451,221123,208074,32277,30186,55055,51846,13812,31,35
2021-08-21T23:59:59+02:00,1279,1178,14819,13772,20587,18943,22766,22321,26551,27217,29850,30832,21232,24228,15298,19155,4456,7728,12968,12170,19095,17416,21430,20891,25242,25748,28622,29535,20555,23455,14830,18510,4289,7451,221118,208070,32277,30186,55055,51846,13733,31,35
2021-08-20T23:59:59+02:00,1272,1173,14790,13737,20552,18913,22743,22298,26525,27194,29833,30816,21229,24219,15296,19149,4456,7728,12950,12154,19071,17396,21412,20870,25228,25730,28604,29516,20551,23449,14829,18507,4289,7451,220924,207965,32277,30184,55055,51846,13638,31,35
2021-08-19T23:59:59+02:00,1254,1157,14731,13688,20513,18884,22712,22263,26502,27165,29808,30792,21218,24211,15293,19144,4455,7725,12817,12036,18983,17319,21326,20812,25157,25663,28544,29466,20530,23436,14823,18498,4287,7448,220618,207329,32245,30047,55055,51785,13568,31,35
2021-08-18T23:59:59+02:00,1231,1138,14647,13596,20399,18824,22638,22202,26436,27108,29749,30734,21193,24191,15287,19132,4453,7722,12679,11917,18846,17237,21231,20722,25070,25580,28461,29398,20497,23391,14812,18483,4286,7443,220205,206720,32227,29925,55053,51777,13166,31,35
2021-08-17T23:59:59+02:00,1220,1125,14606,13558,20356,18780,22603,22168,26402,27080,29732,30714,21181,24177,15276,19123,4449,7721,12570,11833,18764,17176,21153,20661,25018,25527,28424,29357,20478,23376,14803,18470,4284,7441,219923,206188,32192,29795,55053,51769,13074,31,34
2021-08-16T23:59:59+02:00,1208,1114,14558,13510,20320,18751,22574,22136,26381,27051,29698,30683,21168,24166,15269,19111,4447,7719,12475,11734,18673,17104,21082,20576,24954,25468,28357,29294,20455,23354,14793,18452,4283,7438,219655,205569,32190,29668,55053,51768,12937,31,33
2021-08-15T23:59:59+02:00,1198,1101,14521,13483,20292,18721,22546,22117,26368,27035,29688,30669,21163,24154,15264,19109,4446,7717,12409,11667,18620,17074,21031,20538,24918,25425,28338,29272,20445,23341,14789,18446,4281,7436,219434,205120,32190,29667,55053,51767,12886,31,33
2021-08-14T23:59:59+02:00,1198,1100,14514,13479,20283,18715,22537,22110,26354,27028,29683,30661,21160,24153,15263,19108,4446,7717,12402,11663,18610,17066,21021,20531,24904,25418,28333,29263,20442,23340,14788,18445,4281,7436,219433,205118,32190,29664,55053,51767,12804,31,33
2021-08-13T23:59:59+02:00,1195,1097,14505,13469,20269,18705,22525,22105,26347,27018,29668,30653,21151,24148,15262,19108,4446,7717,12387,11650,18599,17057,21008,20522,24898,25402,28319,29259,20436,23333,14786,18445,4281,7435,219376,205052,32190,29664,55053,51767,12740,31,33
2021-08-12T23:59:59+02:00,1175,1075,14448,13414,20228,18665,22502,22070,26319,26988,29637,30631,21139,24129,15258,19101,4446,7712,12220,11507,18461,16946,20915,20438,24818,25317,28252,29203,20415,23301,14773,18433,4278,7429,219051,204260,32178,29476,55053,51698,12626,31,33
2021-08-11T23:59:59+02:00,1159,1053,14379,13351,20186,18611,22458,22031,26286,26963,29609,30591,21126,24112,15255,19090,4443,7708,12082,11367,18376,16858,20835,20364,24769,25244,28210,29139,20383,23274,14766,18422,4276,7424,218650,203360,32105,29471,55053,51693,12574,31,33
2021-08-10T23:59:59+02:00,1144,1035,14301,13279,20131,18566,22426,21987,26255,26933,29577,30562,21112,24103,15255,19082,4442,7706,11970,11251,18279,16790,20773,20298,24718,25188,28167,29087,20356,23246,14752,18404,4275,7418,218228,202611,32073,29448,55053,51668,12513,31,33
2021-08-09T23:59:59+02:00,1127,1016,14216,13217,20050,18509,22377,21939,26203,26889,29540,30528,21094,24086,15249,19073,4437,7704,11788,11089,18107,16693,20649,20216,24622,25092,28087,29011,20320,23206,14738,18392,4272,7409,217780,201622,32053,29339,55052,51573,12340,31,32
2021-08-08T23:59:59+02:00,1113,1009,14173,13178,20029,18474,22351,21919,26188,26869,29524,30514,21087,24080,15246,19069,4436,7703,11705,11003,18019,16609,20584,20159,24559,25045,28041,28967,20298,23183,14725,18381,4272,7405,217551,200967,32021,29261,55051,51555,12310,31,32
2021-08-07T23:59:59+02:00,1113,1009,14159,13173,20019,18469,22345,21914,26176,26855,29510,30502,21085,24076,15242,19064,4435,7703,11691,10997,18002,16605,20578,20153,24546,25030,28024,28955,20296,23179,14721,18376,4271,7405,217549,200952,32021,29260,55051,51555,12199,31,32
2021-08-06T23:59:59+02:00,1113,1009,14149,13161,20006,18450,22331,21900,26154,26846,29497,30491,21082,24072,15239,19062,4435,7702,11679,10983,17980,16584,20562,20137,24525,25021,28011,28944,20293,23175,14718,18374,4271,7405,217542,200925,32017,29260,55051,51554,12060,31,32
2021-08-05T23:59:59+02:00,1101,990,14078,13119,19956,18416,22288,21857,26119,26790,29469,30467,21068,24057,15231,19054,4433,7699,11505,10875,17868,16484,20451,20038,24420,24931,27942,28895,20267,23151,14707,18360,4268,7403,217229,200140,31973,29168,55048,51416,11913,31,32
2021-08-04T23:59:59+02:00,1085,973,14013,13049,19854,18332,22221,21798,26079,26748,29420,30420,21045,24039,15221,19041,4433,7696,11319,10700,17638,16344,20276,19911,24302,24807,27834,28798,20239,23118,14694,18348,4265,7401,216962,199094,31811,29108,55047,51173,11619,30,32
2021-08-03T23:59:59+02:00,1061,955,13943,12987,19817,18282,22187,21757,26044,26706,29386,30391,21029,24015,15211,19027,4430,7686,11135,10526,17465,16216,20137,19779,24154,24685,27715,28691,20196,23071,14677,18316,4263,7395,216585,197660,31783,29074,55047,51118,11471,30,32
2021-08-02T23:59:59+02:00,1037,935,13857,12920,19759,18224,22136,21717,25990,26645,29334,30341,20998,23984,15201,19007,4427,7684,10966,10357,17293,16091,19990,19666,24037,24570,27628,28590,20150,23018,14658,18297,4260,7385,216103,196470,31752,29024,55047,51042,11266,30,32
2021-08-01T23:59:59+02:00,1027,920,13795,12873,19723,18207,22117,21696,25965,26624,29315,30324,20989,23972,15197,19000,4427,7683,10821,10211,17132,15982,19840,19557,23893,24464,27520,28510,20136,22994,14650,18283,4260,7381,215866,195579,31702,28932,55047,50692,11210,30,32
2021-07-31T23:59:59+02:00,1027,920,13770,12864,19705,18199,22100,21685,25952,26612,29307,30313,20987,23967,15196,18999,4426,7683,10795,10199,17111,15969,19822,19544,23881,24452,27512,28499,20134,22989,14649,18282,4259,7381,215862,195560,31702,28932,55047,50692,11072,30,32
2021-07-30T23:59:59+02:00,1019,910,13710,12819,19659,18177,22070,21666,25922,26590,29279,30295,20980,23959,15190,18997,4424,7682,10709,10126,17047,15926,19763,19509,23814,24411,27464,28474,20119,22967,14640,18278,4256,7379,215683,195173,31699,28932,55047,50626,10890,30,32
2021-07-29T23:59:59+02:00,995,892,13605,12733,19595,18116,21997,21612,25871,26534,29227,30258,20962,23949,15183,18990,4424,7680,10442,9868,16747,15681,19468,19292,23513,24182,27213,28311,20064,22911,14628,18257,4256,7378,215240,193425,31627,28822,55047,49938,10680,30,32
2021-07-28T23:59:59+02:00,967,862,13474,12605,19469,18007,21911,21529,25791,26455,29152,30190,20939,23913,15170,18978,4422,7678,10152,9666,16486,15492,19207,19103,23285,23991,27058,28167,20016,22838,14609,18234,4253,7373,214590,192090,31592,28738,55043,49423,10258,30,32
2021-07-27T23:59:59+02:00,936,841,13356,12511,19404,17947,21845,21476,25725,26397,29112,30145,20924,23893,15165,18958,4421,7672,9896,9455,16234,15264,18980,18917,23092,23818,26894,28030,19974,22785,14587,18207,4247,7364,213995,190428,31537,28580,55042,49086,10126,29,32
2021-07-26T23:59:59+02:00,911,823,13251,12417,19352,17890,21771,21412,25676,26364,29057,30085,20895,23870,15147,18939,4421,7668,9660,9206,15995,15062,18732,18716,22866,23651,26743,27903,19903,22725,14559,18171,4242,7358,213392,188679,31465,28480,55041,48708,10024,28,32
2021-07-25T23:59:59+02:00,892,812,13176,12345,19273,17841,21714,21360,25636,26316,29020,30039,20878,23854,15140,18933,4418,7667,9474,9064,15794,14912,18529,18575,22697,23540,26594,27783,19853,22677,14543,18158,4239,7355,213091,187771,31403,28328,55041,48292,9752,28,32
2021-07-24T23:59:59+02:00,892,812,13166,12336,19263,17835,21703,21355,25621,26309,29015,30033,20874,23853,15139,18932,4418,7667,9464,9050,15784,14905,18516,18569,22680,23531,26588,27775,19850,22674,14542,18157,4239,7355,213088,187754,31403,28325,55041,48292,9664,28,32
2021-07-23T23:59:59+02:00,884,811,13101,12299,19186,17801,21663,21322,25585,26269,28982,29997,20860,23837,15131,18928,4416,7664,9413,9022,15701,14861,18462,18529,22629,23489,26544,27736,19834,22658,14535,18151,4237,7352,212961,187592,31402,28320,55041,48291,9305,28,32
2021-07-22T23:59:59+02:00,872,797,13006,12217,19127,17734,21618,21292,25536,26222,28958,29975,20847,23819,15129,18922,4413,7662,9095,8748,15299,14614,18099,18274,22298,23242,26338,27601,19777,22602,14522,18129,4234,7347,212494,185766,31317,28067,55038,47374,9270,28,32
2021-07-21T23:59:59+02:00,850,770,12804,12051,18978,17611,21484,21193,25430,26119,28881,29904,20805,23784,15112,18899,4409,7657,8717,8433,14866,14285,17720,17999,21941,22910,26064,27390,19684,22514,14496,18091,4231,7338,211868,183859,31208,27716,55035,46715,8603,28,32
2021-07-20T23:59:59+02:00,820,745,12655,11917,18868,17526,21414,21117,25368,26053,28843,29853,20780,23751,15104,18883,4406,7654,8388,8122,14397,13946,17339,17727,21637,22681,25820,27204,19603,22405,14467,18056,4229,7332,211184,181704,31098,27553,55031,45837,8417,28,31
2021-07-19T23:59:59+02:00,791,718,12534,11798,18777,17453,21352,21058,25314,25999,28793,29816,20755,23722,15094,18869,4402,7648,8062,7868,14031,13691,16992,17478,21310,22479,25593,27062,19534,22329,14445,18034,4223,7326,210463,179663,30992,27394,55031,45127,8380,28,31
2021-07-18T23:59:59+02:00,773,699,12421,11690,18678,17374,21285,21005,25258,25946,28756,29762,20733,23702,15082,18858,4400,7646,7892,7715,13875,13568,16841,17356,21148,22366,25463,26981,19494,22289,14431,18018,4223,7323,209879,178727,30843,27290,55031,44761,8288,28,31
2021-07-17T23:59:59+02:00,773,699,12418,11690,18677,17371,21285,21005,25258,25946,28756,29762,20733,23702,15082,18858,4400,7646,7885,7714,13871,13563,16840,17355,21147,22365,25462,26979,19493,22289,14431,18018,4223,7323,209875,178707,30843,27289,55031,44760,8285,28,31
2021-07-16T23:59:59+02:00,766,694,12346,11636,18636,17339,21250,20978,25225,25923,28730,29743,20731,23699,15082,18856,4400,7646,7733,7613,13718,13492,16696,17296,21009,22306,25355,26931,19475,22270,14430,18012,4223,7320,209667,178259,30843,27216,55031,44368,8112,28,31
2021-07-15T23:59:59+02:00,751,674,12273,11566,18572,17281,21194,20930,25177,25882,28702,29715,20716,23682,15077,18847,4399,7643,7389,7298,13110,13086,16029,16873,20372,21936,24899,26619,19329,22130,14387,17966,4220,7313,209187,176027,30757,26318,55024,42596,8086,28,31
2021-07-14T23:59:59+02:00,722,654,12060,11429,18399,17171,21072,20832,25073,25778,28612,29614,20682,23649,15058,18831,4396,7640,6973,6943,12446,12633,15337,16385,19739,21478,24435,26276,19111,21904,14355,17918,4212,7302,208368,173203,30591,25981,55021,40650,7665,28,31
2021-07-13T23:59:59+02:00,678,619,11922,11297,18278,17088,20961,20737,24976,25682,28542,29548,20653,23610,15038,18821,4394,7630,6511,6520,11813,12132,14643,15880,19134,21066,23994,25949,18934,21689,14311,17856,4208,7293,207350,169538,30453,25810,55011,38986,7633,28,28
2021-07-12T23:59:59+02:00,644,588,11797,11159,18163,16998,20869,20630,24875,25582,28460,29481,20627,23576,15030,18809,4389,7623,6095,6105,11209,11596,14018,15342,18579,20574,23576,25587,18737,21499,14246,17798,4199,7289,206331,165851,30324,24983,55008,38029,7610,28,28
2021-07-11T23:59:59+02:00,608,561,11682,11067,18099,16936,20812,20573,24821,25535,28403,29433,20608,23556,15021,18800,4389,7622,5906,5937,10954,11394,13786,15142,18333,20385,23367,25402,18664,21417,14219,17772,4198,7283,205693,164461,30205,24516,55006,37605,7597,26,28
2021-07-10T23:59:59+02:00,607,560,11675,11066,18095,16934,20808,20572,24818,25534,28402,29433,20608,23556,15020,18798,4389,7622,5899,5936,10949,11387,13776,15138,18332,20383,23365,25400,18662,21416,14218,17772,4198,7283,205673,164431,30203,24515,55006,37598,7590,26,28
2021-07-09T23:59:59+02:00,579,537,11565,10941,18021,16850,20738,20511,24744,25458,28352,29388,20585,23536,15017,18788,4389,7621,5865,5903,10920,11353,13725,15117,18301,20351,23346,25378,18657,21406,14216,17769,4198,7282,204805,164196,30202,24465,55006,37563,7582,26,28
2021-07-08T23:59:59+02:00,544,509,11401,10806,17896,16745,20602,20409,24638,25330,28234,29310,20541,23486,15001,18759,4386,7613,5521,5646,10404,10957,13103,14667,17636,19791,22738,24912,18341,21015,14120,17686,4193,7272,204036,161886,30176,23657,54977,35477,6996,26,27
2021-07-07T23:59:59+02:00,484,456,11232,10661,17813,16658,20532,20341,24565,25252,28173,29246,20513,23450,14996,18747,4384,7605,5214,5353,9876,10505,12523,14186,16955,19270,22172,24413,18027,20650,14018,17589,4186,7249,203022,159424,30152,22191,54960,33631,6949,26,27
2021-07-06T23:59:59+02:00,443,422,11108,10511,17702,16565,20439,20238,24486,25159,28082,29167,20487,23411,14987,18730,4382,7602,4815,4924,9277,9990,11810,13584,16246,18656,21657,23918,17708,20345,13917,17473,4177,7239,201888,155234,30145,21250,54951,32336,6912,26,27
2021-07-05T23:59:59+02:00,421,395,11018,10422,17611,16494,20358,20166,24425,25108,28041,29130,20463,23390,14975,18722,4381,7599,4527,4603,8779,9539,11250,13030,15537,18012,21036,23309,17315,19949,13784,17315,4169,7231,201147,151339,30142,20569,54942,30606,6863,26,27
2021-07-04T23:59:59+02:00,408,389,10942,10367,17546,16440,20308,20116,24394,25072,28025,29112,20454,23379,14970,18719,4380,7598,4381,4512,8651,9373,11058,12855,15295,17802,20770,23037,17042,19658,13724,17223,4165,7227,200667,150024,30136,20264,54941,29627,6850,26,27
2021-07-03T23:59:59+02:00,406,388,10935,10356,17536,16434,20306,20113,24392,25072,28022,29111,20454,23378,14970,18719,4380,7598,4377,4505,8644,9369,11055,12855,15291,17802,20767,23034,17042,19655,13724,17223,4165,7227,200639,150011,30134,20264,54941,29621,6831,26,27
2021-07-02T23:59:59+02:00,363,325,10790,10246,17420,16332,20202,20037,24319,25007,27959,29052,20428,23352,14964,18705,4380,7595,4290,4424,8482,9232,10919,12743,15168,17695,20656,22930,17000,19625,13717,17208,4165,7224,199754,149022,30134,20263,54941,29563,6622,26,27
2021-07-01T23:59:59+02:00,316,282,10656,10111,17293,16238,20079,19948,24235,24932,27895,29000,20408,23328,14948,18690,4377,7591,4086,4223,8182,8894,10550,12332,14599,17195,20147,22392,16712,19326,13509,16994,4155,7202,198680,145964,30076,19579,54935,28334,6611,26,27
2021-06-30T23:59:59+02:00,233,220,10401,9872,17119,16087,19945,19817,24119,24808,27816,28912,20386,23296,14929,18672,4376,7590,3889,4027,7880,8557,10142,11870,14110,16639,19575,21758,16390,18983,13236,16716,4142,7175,197029,142287,30021,19328,54927,26867,6596,26,27
2021-06-29T23:59:59+02:00,189,183,10253,9696,16983,15992,19842,19724,24050,24732,27758,28844,20359,23269,14915,18652,4376,7586,3687,3767,7480,8105,9668,11332,13456,15969,18961,21054,16072,18656,12989,16426,4135,7161,195877,137999,30016,19029,54923,25315,6563,25,27
2021-06-28T23:59:59+02:00,140,131,10060,9514,16856,15886,19738,19620,23956,24638,27690,28782,20329,23239,14901,18634,4374,7584,3486,3513,7079,7661,9232,10839,12907,15431,18463,20536,15821,18390,12870,16293,4129,7150,194695,134162,29903,18606,54920,24488,6530,25,27
2021-06-27T23:59:59+02:00,122,114,9921,9402,16796,15826,19677,19569,23898,24588,27663,28758,20316,23223,14898,18630,4373,7581,3395,3446,6902,7466,9042,10640,12678,15191,18201,20277,15698,18285,12805,16206,4129,7146,194062,132969,29843,18258,54914,23754,6512,25,27
2021-06-26T23:59:59+02:00,122,114,9920,9398,16794,15822,19674,19568,23896,24587,27663,28758,20316,23223,14898,18630,4373,7581,3393,3446,6899,7465,9039,10639,12675,15188,18199,20276,15695,18284,12805,16204,4129,7146,194045,132949,29842,18258,54914,23749,6512,25,27
2021-06-25T23:59:59+02:00,118,111,9873,9358,16756,15789,19640,19538,23860,24559,27639,28740,20310,23216,14896,18627,4373,7581,3372,3400,6825,7355,8942,10484,12560,14992,18054,20068,15671,18255,12797,16201,4128,7145,193726,132767,29808,17904,54914,23052,6512,25,27
2021-06-24T23:59:59+02:00,108,100,9744,9235,16570,15661,19505,19414,23738,24470,27581,28679,20296,23200,14889,18618,4372,7579,3245,3255,6607,7025,8630,10030,12026,14369,17500,19361,15446,18023,12650,16070,4125,7133,192886,130365,29463,17044,54913,21598,6473,25,27
2021-06-23T23:59:59+02:00,102,95,9615,9097,16427,15536,19388,19309,23641,24365,27515,28632,20281,23178,14885,18613,4369,7578,3040,3018,6253,6542,8129,9462,11322,13546,16737,18380,15150,17682,12500,15928,4115,7108,191967,125812,29296,16071,54902,20578,6436,25,27
2021-06-22T23:59:59+02:00,71,69,9326,8792,16194,15334,19202,19158,23497,24240,27443,28548,20257,23153,14877,18594,4365,7572,2806,2735,5768,5993,7505,8699,10409,12504,15717,17178,14854,17324,12393,15804,4102,7085,190280,119381,29088,15579,54898,19503,6403,23,22
2021-06-21T23:59:59+02:00,67,62,9200,8635,16022,15184,19012,19005,23367,24117,27382,28469,20233,23125,14872,18584,4365,7568,2660,2546,5387,5528,7042,8114,9679,11626,14987,16244,14575,17011,12286,15683,4097,7068,189084,114677,28866,15019,54895,18426,6401,23,22
2021-06-20T23:59:59+02:00,64,61,9063,8506,15885,15066,18901,18917,23294,24046,27342,28418,20222,23104,14861,18577,4362,7567,2601,2478,5215,5346,6828,7848,9372,11294,14621,15841,14440,16877,12246,15646,4092,7062,188194,112972,28748,14786,54894,17642,6397,23,22
2021-06-19T23:59:59+02:00,64,61,9062,8501,15882,15057,18899,18917,23292,24045,27342,28417,20222,23104,14861,18577,4362,7567,2598,2477,5214,5341,6827,7847,9372,11293,14619,15837,14438,16877,12246,15646,4092,7062,188173,112954,28746,14784,54893,17641,6397,23,22
2021-06-18T23:59:59+02:00,64,57,9031,8489,15869,15048,18884,18909,23285,24036,27336,28412,20222,23101,14860,18577,4362,7567,2569,2444,5159,5282,6749,7747,9273,11137,14448,15609,14359,16776,12235,15624,4090,7059,188052,112169,28745,14783,54892,17201,6397,23,22
2021-06-17T23:59:59+02:00,57,54,8849,8327,15633,14880,18685,18751,23129,23905,27200,28319,20198,23080,14853,18565,4360,7564,2429,2296,4834,4982,6362,7344,8725,10534,13620,14737,14122,16483,12162,15502,4086,7048,186712,109304,28740,13826,54885,16077,6049,23,22
2021-06-16T23:59:59+02:00,49,52,8623,8111,15402,14653,18474,18551,22938,23736,27094,28209,20169,23037,14839,18545,4356,7558,2314,2187,4593,4779,6009,7001,8197,10049,12902,13898,13772,16100,12077,15413,4081,7036,184928,105853,28640,13026,54882,15596,5923,23,22
2021-06-15T23:59:59+02:00,40,39,8278,7777,15025,14294,18152,18263,22686,23525,26935,28075,20139,23003,14826,18529,4354,7547,2132,2017,4243,4431,5503,6439,7316,9158,11709,12622,13231,15482,11956,15250,4066,7013,182330,99616,28604,12361,54880,14931,5650,23,22
2021-06-14T23:59:59+02:00,34,34,8099,7608,14766,14061,17949,18090,22535,23404,26823,27993,20118,22970,14813,18521,4350,7539,2017,1892,3986,4181,5118,5969,6658,8436,10784,11567,12915,15134,11885,15156,4056,6994,180748,94778,28580,12001,54878,14479,5478,23,22
2021-06-13T23:59:59+02:00,34,34,8025,7552,14682,13972,17833,17979,22454,23325,26794,27963,20105,22959,14809,18515,4350,7539,1973,1865,3904,4084,5000,5829,6425,8196,10489,11233,12758,14956,11827,15100,4055,6993,179990,93397,28570,11709,54874,14100,5467,23,22
2021-06-12T23:59:59+02:00,34,34,8024,7551,14682,13971,17833,17979,22452,23324,26793,27960,20105,22958,14809,18515,4350,7539,1972,1863,3902,4084,4998,5828,6422,8192,10486,11227,12755,14955,11827,15098,4055,6993,179979,93376,28570,11709,54874,14091,5467,23,22
2021-06-11T23:59:59+02:00,34,33,7958,7510,14593,13924,17757,17929,22383,23290,26749,27937,20103,22954,14809,18514,4350,7539,1956,1851,3866,4026,4955,5761,6361,8110,10386,11122,12715,14920,11816,15092,4055,6993,179642,93158,28493,11703,54873,13775,5335,23,22
2021-06-10T23:59:59+02:00,29,26,7619,7214,14198,13560,17324,17554,22052,23009,26553,27756,20059,22909,14796,18496,4347,7527,1855,1769,3650,3861,4680,5487,6036,7741,9768,10511,12196,14260,11747,14984,4047,6986,177045,89996,27999,11323,54861,13145,5100,23,20
2021-06-09T23:59:59+02:00,28,23,7252,6866,13738,13124,16809,17088,21662,22640,26338,27542,19986,22839,14778,18461,4344,7519,1689,1654,3455,3682,4425,5219,5650,7333,8991,9792,11531,13424,11628,14844,4037,6974,173803,85743,27457,10688,54849,12978,4905,23,20
2021-06-08T23:59:59+02:00,23,19,6877,6463,13225,12635,16342,16619,21305,22300,26122,27339,19929,22760,14747,18426,4341,7512,1597,1579,3235,3451,4106,4868,5143,6845,8105,8870,10646,12347,11484,14686,4033,6959,170393,80088,26967,10392,54840,12700,4761,23,19
2021-06-07T23:59:59+02:00,20,16,6601,6178,12791,12261,15944,16220,20978,22003,25960,27183,19892,22706,14726,18406,4334,7506,1536,1508,3043,3279,3831,4639,4741,6468,7391,8116,9734,11200,11372,14540,4022,6941,167829,75344,26546,10020,54820,12477,4507,23,19
2021-06-06T23:59:59+02:00,20,16,6460,6047,12649,12108,15782,16063,20814,21841,25874,27096,19872,22669,14715,18396,4333,7502,1521,1486,2970,3238,3737,4573,4635,6389,7249,7987,9477,10931,11326,14490,4019,6936,166604,74662,26442,9596,54799,12304,4389,23,19
2021-06-05T23:59:59+02:00,20,16,6451,6043,12635,12095,15772,16054,20811,21836,25874,27093,19872,22669,14715,18396,4333,7502,1519,1484,2967,3237,3736,4572,4632,6389,7244,7982,9470,10926,11326,14490,4019,6936,166545,74633,26431,9594,54799,12300,4389,23,19
2021-06-04T23:59:59+02:00,20,16,6419,6003,12576,12046,15712,16005,20783,21805,25855,27076,19868,22663,14712,18396,4333,7502,1518,1478,2955,3225,3717,4558,4622,6375,7207,7939,9438,10856,11288,14449,4018,6935,166447,74357,26173,9581,54775,12255,4372,23,19
2021-06-03T23:59:59+02:00,20,15,6185,5781,12275,11796,15389,15695,20451,21467,25598,26864,19822,22589,14692,18376,4332,7498,1476,1435,2881,3159,3620,4480,4513,6276,7007,7758,9061,10408,11236,14375,4018,6930,163965,73059,25926,9286,54773,12116,4158,23,19
2021-06-02T23:59:59+02:00,20,15,6122,5720,12204,11731,15316,15628,20379,21406,25581,26840,19818,22586,14689,18373,4331,7497,1462,1424,2864,3146,3603,4465,4478,6259,6972,7720,8980,10298,11227,14350,4017,6929,163614,72695,25742,9277,54772,12106,4105,23,16
2021-06-01T23:59:59+02:00,16,15,5668,5225,11469,11032,14490,14896,19660,20742,25171,26458,19728,22496,14655,18326,4323,7489,1348,1316,2566,2876,3224,4131,3990,5800,6144,6917,7790,8673,10983,14003,4003,6912,158578,67288,25092,8370,54744,11587,3422,23,14
2021-05-31T23:59:59+02:00,14,15,5419,4928,11027,10606,13963,14403,19182,20245,24864,26118,19635,22410,14616,18280,4314,7473,1288,1261,2412,2741,3021,3962,3706,5507,5586,6385,6774,7387,10739,13683,3994,6878,155116,63251,24397,7447,54739,11380,3237,23,14
2021-05-30T23:59:59+02:00,14,15,5340,4852,10842,10484,13798,14225,18833,19923,24621,25869,19604,22380,14608,18260,4313,7471,1268,1247,2385,2708,2973,3916,3638,5451,5483,6296,6601,7157,10702,13608,3992,6868,153621,62514,23893,7385,54712,11182,3203,23,14
2021-05-29T23:59:59+02:00,14,15,5337,4852,10842,10480,13793,14222,18833,19922,24620,25867,19604,22380,14608,18260,4313,7471,1267,1243,2384,2705,2971,3913,3638,5449,5482,6294,6596,7154,10702,13608,3992,6868,153603,62504,23893,7382,54711,11168,3203,23,14
2021-05-28T23:59:59+02:00,14,15,5321,4838,10821,10442,13768,14203,18816,19905,24612,25857,19603,22379,14606,18257,4313,7470,1262,1243,2383,2698,2970,3911,3632,5443,5468,6278,6580,7137,10693,13586,3991,6864,153418,62400,23891,7382,54707,11147,3201,23,14
2021-05-27T23:59:59+02:00,11,14,5029,4555,10298,9986,13181,13672,18126,19291,24030,25320,19504,22264,14573,18211,4302,7458,1098,1103,2099,2505,2671,3619,3337,5087,5137,5998,6280,6720,10464,13303,3986,6848,150156,60544,22898,7346,54601,10209,2147,23,13
2021-05-26T23:59:59+02:00,11,14,4766,4299,9860,9605,12663,13152,17512,18681,23396,24643,19379,22115,14526,18156,4296,7441,1019,1023,1940,2352,2471,3422,3075,4843,4749,5646,5723,6071,10091,12769,3970,6812,146053,57398,22138,7308,54479,9439,1822,23,13
2021-05-25T23:59:59+02:00,11,13,4551,4069,9449,9131,12202,12645,16974,18102,22875,24004,19247,21943,14495,18077,4287,7427,970,979,1878,2262,2362,3286,2903,4639,4403,5270,5140,5339,9639,12169,3954,6787,142005,53844,21303,7293,54351,9014,1820,23,13
2021-05-24T23:59:59+02:00,11,13,4439,3912,9239,8926,11998,12385,16672,17780,22546,23601,19171,21864,14480,18057,4285,7426,954,931,1818,2221,2288,3225,2817,4558,4281,5154,4995,5179,9548,12042,3951,6779,140500,53136,20342,7240,54174,8590,1766,23,13
2021-05-23T23:59:59+02:00,11,13,4428,3911,9233,8923,11986,12375,16661,17773,22530,23580,19166,21859,14479,18055,4285,7426,953,926,1816,2216,2283,3223,2810,4554,4274,5137,4987,5165,9541,12029,3950,6778,140393,53056,20339,7227,54173,8584,1766,23,13
2021-05-22T23:59:59+02:00,11,13,4424,3908,9229,8919,11978,12369,16657,17769,22528,23578,19166,21859,14479,18055,4285,7426,953,926,1815,2214,2280,3223,2809,4554,4274,5135,4985,5164,9540,12029,3950,6778,140364,53050,20339,7227,54161,8577,1766,23,13
2021-05-21T23:59:59+02:00,11,13,4393,3869,9157,8843,11905,12282,16566,17694,22465,23510,19146,21841,14475,18048,4285,7424,908,916,1783,2203,2248,3214,2779,4529,4226,5106,4961,5140,9527,12022,3949,6777,139707,52983,20339,7227,54142,8353,1716,23,13
2021-05-20T23:59:59+02:00,8,12,4139,3689,8710,8486,11422,11868,15895,17192,21884,22930,18961,21673,14443,18008,4280,7413,761,852,1527,2043,2005,3057,2537,4311,3975,4873,4804,4977,9412,11878,3941,6753,136308,52255,19965,7128,53725,7322,992,23,13
2021-05-19T23:59:59+02:00,8,12,3896,3448,8217,8024,10842,11323,15223,16485,21208,22207,18760,21442,14402,17958,4274,7395,712,806,1467,1963,1928,2957,2471,4185,3834,4715,4629,4764,9209,11648,3921,6724,130917,51178,19782,6995,53428,6777,974,23,13
2021-05-18T23:59:59+02:00,7,11,3607,3186,7670,7486,10113,10624,14262,15547,20265,21150,18499,21158,14347,17898,4268,7373,657,757,1413,1876,1853,2846,2341,4045,3658,4513,4357,4472,9006,11398,3908,6697,123871,49946,19686,6794,52989,6147,902,23,12
2021-05-17T23:59:59+02:00,7,11,3416,2979,7212,7017,9608,10083,13533,14758,19578,20350,18313,20896,14300,17832,4258,7358,601,702,1332,1813,1778,2765,2231,3970,3522,4400,4111,4241,8862,11185,3895,6668,118630,49144,19446,6581,52524,5457,886,23,12
2021-05-16T23:59:59+02:00,7,10,3286,2906,7005,6840,9405,9868,13279,14523,19349,20121,18236,20817,14286,17813,4257,7352,588,656,1293,1765,1733,2704,2194,3877,3457,4317,4020,4140,8841,11157,3893,6666,117007,48999,19206,6413,52242,4999,882,23,12
2021-05-15T23:59:59+02:00,7,10,3285,2903,6999,6832,9403,9862,13276,14521,19346,20111,18234,20816,14286,17813,4257,7352,588,656,1291,1764,1730,2703,2192,3877,3456,4317,4018,4138,8841,11157,3893,6666,116963,48991,19206,6412,52240,4995,881,23,12
2021-05-14T23:59:59+02:00,7,10,3244,2859,6886,6688,9273,9724,13126,14339,19174,19976,18210,20791,14285,17805,4256,7349,568,643,1270,1743,1701,2681,2158,3851,3412,4279,3968,4084,8834,11150,3893,6665,116557,48952,18457,6261,52156,4870,809,23,12
2021-05-13T23:59:59+02:00,7,10,3125,2697,6558,6369,8837,9326,12579,13858,18571,19379,18082,20647,14252,17769,4251,7347,536,618,1216,1687,1644,2607,2071,3745,3264,4159,3864,3947,8811,11130,3890,6661,113677,48856,17760,5871,51551,4461,654,22,10
2021-05-12T23:59:59+02:00,7,10,3098,2666,6525,6331,8788,9273,12440,13745,18387,19175,18049,20613,14244,17759,4251,7347,535,616,1215,1684,1639,2604,2062,3739,3250,4151,3851,3933,8803,11124,3890,6660,112965,48829,17535,5844,51533,4422,653,22,10
2021-05-11T23:59:59+02:00,5,10,2708,2409,5726,5835,7818,8462,11047,12578,16821,17700,17544,20050,14160,17654,4232,7324,499,557,1088,1579,1476,2448,1875,3560,3029,3889,3744,3819,8734,11031,3886,6655,105564,48598,16911,5648,49458,3486,129,21,10
2021-05-10T23:59:59+02:00,5,8,2521,2242,5253,5456,7126,7839,10020,11662,15527,16328,17165,19599,14097,17540,4224,7300,474,531,1046,1540,1433,2397,1816,3457,2909,3758,3662,3746,8695,10983,3882,6651,99760,48482,16002,5419,48001,2943,128,21,10
2021-05-09T23:59:59+02:00,5,8,2438,2211,5116,5372,6939,7720,9610,11325,14981,15801,17046,19459,14077,17512,4221,7295,458,513,1014,1483,1362,2313,1758,3335,2797,3604,3576,3654,8672,10951,3879,6648,98186,48397,15414,5149,47389,2337,126,21,10
2021-05-08T23:59:59+02:00,5,8,2434,2210,5115,5372,6939,7718,9606,11321,14980,15800,17046,19459,14077,17512,4221,7295,457,512,1013,1483,1362,2312,1758,3335,2796,3603,3574,3654,8672,10951,3879,6648,98171,48392,15413,5149,47387,2334,126,21,10
2021-05-07T23:59:59+02:00,5,8,2262,2148,4844,5277,6575,7565,9157,11107,14537,15480,16869,19257,14065,17483,4221,7293,445,510,1002,1471,1347,2297,1723,3325,2747,3568,3528,3614,8593,10870,3879,6645,97465,48369,14895,4800,45651,2266,121,21,10
2021-05-06T23:59:59+02:00,5,8,2028,2016,4295,4930,5922,7190,8389,10549,13562,14658,16471,18806,14016,17389,4209,7280,416,462,961,1371,1260,2134,1617,3101,2526,3285,3351,3414,8414,10677,3870,6631,94886,47929,13658,4194,43107,1307,52,20,10
2021-05-05T23:59:59+02:00,5,8,1905,1906,4013,4707,5491,6819,7694,9960,12446,13600,15794,17969,13912,17288,4200,7256,408,450,948,1344,1232,2092,1582,3025,2466,3201,3300,3374,8335,10580,3864,6621,90475,47798,12336,4045,42105,934,37,20,10
2021-05-04T23:59:59+02:00,5,8,1818,1820,3746,4471,5084,6463,7032,9385,11226,12357,14875,16841,13803,17151,4196,7242,403,440,929,1324,1214,2050,1564,2987,2422,3146,3256,3327,8246,10469,3858,6607,84665,47660,11698,3845,41117,705,24,19,10
2021-05-03T23:59:59+02:00,4,8,1766,1767,3594,4345,4853,6251,6648,9054,10497,11621,14149,15862,13715,17036,4187,7225,397,430,925,1310,1200,2017,1543,2945,2389,3101,3203,3287,8131,10367,3853,6601,80232,47532,11494,3624,40817,516,20,19,9
2021-05-02T23:59:59+02:00,4,8,1756,1748,3520,4320,4771,6198,6578,8994,10379,11506,13962,15668,13683,17009,4186,7220,395,422,919,1295,1197,2000,1540,2932,2373,3084,3188,3270,8094,10335,3852,6597,79672,47513,11218,3526,40585,431,16,19,9
2021-05-01T23:59:59+02:00,4,8,1753,1748,3519,4319,4770,6197,6575,8993,10374,11502,13959,15668,13682,17008,4186,7217,394,422,919,1295,1196,1999,1540,2932,2373,3084,3188,3270,8094,10335,3852,6596,79646,47510,11218,3526,40584,431,15,19,9
2021-04-30T23:59:59+02:00,4,8,1751,1741,3513,4310,4763,6185,6554,8978,10336,11464,13908,15594,13656,16977,4185,7216,394,420,917,1293,1196,1999,1540,2932,2371,3083,3188,3268,8093,10333,3852,6596,79319,47503,11218,3525,40574,426,14,18,9
2021-04-29T23:59:59+02:00,4,7,1626,1700,3272,4195,4487,6032,6237,8727,9921,11072,13324,14890,13552,16821,4179,7208,385,409,908,1272,1176,1965,1515,2896,2342,3035,3174,3257,8080,10315,3849,6592,76534,47387,10833,3523,39858,240,13,16,9
2021-04-28T23:59:59+02:00,4,7,1501,1653,3099,4095,4252,5852,5880,8453,9333,10580,12447,13707,13395,16612,4170,7194,376,399,891,1259,1160,1936,1478,2852,2272,2966,3021,3124,7967,10199,3842,6581,72036,46969,10647,3110,39524,226,11,16,9
2021-04-27T23:59:59+02:00,4,7,1463,1610,2990,3975,4048,5710,5573,8194,8713,9910,11409,12395,13165,16255,4159,7172,364,384,882,1238,1145,1901,1451,2779,2226,2905,2982,3079,7940,10167,3835,6576,67228,46754,10459,2936,39039,146,11,15,9
2021-04-26T23:59:59+02:00,4,7,1438,1576,2877,3897,3876,5566,5262,7980,8221,9468,10654,11468,13021,16051,4148,7154,363,379,872,1228,1128,1890,1421,2758,2197,2874,2932,3027,7890,10117,3829,6571,63812,46651,10269,2682,38561,125,11,15,9
2021-04-25T23:59:59+02:00,4,7,1427,1570,2810,3866,3779,5507,5125,7933,8026,9363,10458,11234,12984,15997,4147,7149,362,374,863,1222,1110,1876,1406,2739,2174,2847,2890,2994,7842,10069,3828,6566,63309,46571,10068,2474,37984,99,11,14,9
2021-04-24T23:59:59+02:00,4,7,1426,1570,2810,3864,3778,5506,5123,7931,8022,9359,10451,11231,12984,15997,4147,7149,362,374,863,1222,1110,1873,1404,2738,2173,2847,2890,2994,7842,10069,3828,6566,63283,46566,10068,2473,37983,98,11,14,9
2021-04-23T23:59:59+02:00,4,7,1409,1559,2743,3829,3695,5476,5005,7883,7888,9299,10365,11120,12960,15956,4145,7145,361,374,862,1219,1110,1873,1403,2738,2173,2847,2890,2994,7841,10069,3828,6566,63152,46561,9787,2472,37524,97,11,14,9
2021-04-22T23:59:59+02:00,4,7,1367,1528,2635,3763,3535,5371,4772,7729,7535,9064,9792,10426,12693,15657,4139,7121,355,373,854,1210,1100,1860,1392,2712,2146,2826,2854,2961,7751,9960,3816,6550,61525,46151,9128,2463,36460,88,11,14,9
2021-04-21T23:59:59+02:00,4,7,1334,1491,2555,3687,3416,5268,4554,7549,7126,8737,8902,9394,12278,15078,4126,7079,350,371,849,1193,1091,1839,1374,2682,2116,2798,2795,2905,7636,9795,3798,6522,58796,45670,8259,2338,35505,88,11,14,9
2021-04-20T23:59:59+02:00,4,7,1312,1465,2485,3612,3316,5171,4380,7366,6740,8405,8009,8266,11812,14488,4112,7065,344,366,837,1180,1081,1817,1350,2659,2083,2755,2734,2848,7486,9608,3766,6466,55941,44948,7494,2332,34557,83,10,13,9
2021-04-19T23:59:59+02:00,4,7,1295,1449,2449,3575,3255,5104,4273,7264,6501,8172,7375,7491,11559,14131,4101,7047,342,364,833,1170,1075,1805,1327,2646,2049,2728,2679,2804,7370,9442,3743,6427,53990,44389,7121,2318,33918,80,10,13,9
2021-04-18T23:59:59+02:00,4,6,1285,1437,2418,3551,3214,5083,4219,7208,6365,8043,7022,7103,11465,14028,4098,7035,342,363,831,1166,1074,1798,1325,2633,2043,2723,2673,2790,7343,9410,3741,6423,53472,44265,6663,2316,33426,80,10,13,9
2021-04-17T23:59:59+02:00,4,6,1284,1435,2418,3550,3213,5079,4214,7205,6358,8033,7007,7093,11463,14026,4098,7035,342,363,830,1165,1074,1798,1323,2632,2042,2721,2670,2788,7342,9410,3741,6423,53450,44252,6661,2315,33388,80,10,12,9
2021-04-16T23:59:59+02:00,4,6,1281,1434,2407,3542,3205,5071,4195,7187,6307,8000,6931,7008,11451,14012,4096,7033,342,362,826,1163,1072,1798,1321,2631,2039,2721,2669,2781,7340,9408,3740,6423,53394,44228,6424,2311,33330,80,10,12,9
2021-04-15T23:59:59+02:00,2,4,1245,1413,2353,3493,3110,5012,4034,7059,6051,7768,6387,6450,11201,13723,4081,7001,334,360,807,1143,1033,1739,1276,2559,1965,2626,2589,2712,7252,9321,3730,6406,52307,43639,6034,2125,32024,74,10,12,6
2021-04-14T23:59:59+02:00,2,4,1224,1399,2318,3466,3041,4950,3927,6954,5861,7560,5743,5747,10808,13232,4049,6951,327,357,795,1134,1016,1713,1245,2518,1913,2574,2512,2642,7103,9126,3711,6380,50899,42977,5828,2002,30488,74,9,12,6
2021-04-13T23:59:59+02:00,2,4,1210,1390,2286,3435,2985,4887,3816,6873,5614,7339,5208,5201,10466,12818,4026,6923,306,343,776,1105,994,1692,1222,2483,1877,2533,2446,2576,6984,8989,3675,6319,49880,42291,5624,1945,28958,71,9,12,6
2021-04-12T23:59:59+02:00,2,4,1195,1384,2260,3412,2935,4842,3688,6792,5404,7189,4880,4907,10216,12537,4017,6899,290,339,762,1101,977,1676,1208,2461,1827,2486,2368,2515,6869,8848,3661,6297,49415,41714,5425,1896,27705,64,7,11,6
2021-04-11T23:59:59+02:00,2,4,1189,1371,2240,3392,2902,4822,3628,6721,5260,7080,4648,4707,10031,12338,4011,6888,283,337,757,1093,967,1662,1197,2433,1804,2454,2315,2456,6785,8740,3647,6277,49332,41299,5188,1835,26699,63,6,9,6
2021-04-10T23:59:59+02:00,2,4,1189,1370,2237,3388,2900,4818,3622,6718,5250,7068,4642,4698,10023,12325,4011,6887,280,333,741,1086,954,1657,1173,2413,1733,2402,2227,2370,6726,8693,3646,6273,49277,41130,5186,1506,26674,61,6,9,6
2021-04-09T23:59:59+02:00,2,4,1186,1367,2230,3386,2892,4809,3613,6707,5221,7044,4617,4670,9997,12295,4010,6887,271,330,721,1076,938,1636,1139,2366,1641,2326,2007,2101,6571,8532,3624,6240,49203,40275,5181,1173,26538,61,6,9,6
2021-04-08T23:59:59+02:00,2,4,1162,1347,2176,3330,2806,4719,3472,6577,4985,6811,4227,4262,9450,11721,3991,6833,246,309,670,1016,880,1563,1066,2270,1506,2206,1730,1764,6106,7971,3536,6095,48741,37704,4652,1170,24467,50,6,9,6
2021-04-07T23:59:59+02:00,2,4,1152,1333,2142,3312,2764,4682,3383,6515,4822,6677,3935,3961,8887,11170,3974,6804,213,280,611,961,820,1494,1007,2209,1400,2107,1590,1589,5507,7271,3447,5938,48534,35221,4177,1166,22795,49,4,9,6
2021-04-06T23:59:59+02:00,2,4,1130,1316,2097,3287,2725,4650,3318,6468,4696,6585,3681,3706,8396,10660,3958,6773,205,275,582,941,795,1446,962,2152,1317,2020,1443,1400,4923,6478,3333,5732,48339,32793,3640,1158,21461,46,3,9,6
2021-04-05T23:59:59+02:00,2,4,1127,1311,2091,3284,2715,4648,3304,6453,4673,6567,3649,3679,8367,10622,3954,6771,202,262,575,926,776,1422,946,2116,1277,1980,1396,1337,4709,6208,3285,5675,48249,31883,3634,1156,21326,46,3,9,6
2021-04-04T23:59:59+02:00,2,4,1127,1311,2091,3283,2715,4647,3304,6453,4672,6566,3644,3677,8365,10620,3954,6771,202,262,574,926,776,1422,946,2116,1277,1979,1396,1337,4708,6208,3285,5675,48243,31880,3634,1156,21317,46,3,9,6
2021-04-03T23:59:59+02:00,2,4,1127,1311,2090,3283,2715,4647,3304,6453,4672,6566,3643,3675,8365,10618,3954,6771,202,262,574,925,776,1422,946,2116,1277,1979,1396,1337,4708,6208,3285,5675,48241,31879,3633,1156,21314,46,3,9,6
2021-04-02T23:59:59+02:00,2,4,1127,1311,2090,3281,2715,4646,3304,6450,4672,6564,3641,3671,8363,10617,3954,6771,202,262,574,925,776,1420,946,2116,1277,1978,1396,1335,4706,6207,3284,5675,48225,31871,3633,1155,21313,46,3,9,6
2021-04-01T23:59:59+02:00,1,4,1114,1276,2025,3161,2607,4446,3156,6201,4514,6325,3597,3635,8264,10511,3943,6754,197,253,570,916,765,1414,936,2102,1254,1962,1375,1308,4467,5888,3164,5510,47855,30884,3627,1151,20040,39,3,9,6
2021-03-31T23:59:59+02:00,1,4,1097,1246,1987,3062,2532,4303,3066,5988,4384,6095,3514,3553,8111,10314,3923,6719,189,250,563,905,761,1396,924,2082,1212,1929,1319,1245,3976,5287,3036,5274,47250,29154,3500,1151,19137,38,3,9,4
2021-03-30T23:59:59+02:00,1,3,1075,1212,1936,2878,2430,4078,2916,5630,4183,5706,3420,3458,7946,10109,3896,6665,185,245,554,895,750,1374,902,2062,1164,1884,1233,1161,3454,4572,2809,4939,46610,26998,3334,1151,17586,29,3,9,4
2021-03-29T23:59:59+02:00,1,3,1058,1169,1873,2748,2346,3921,2778,5376,4020,5431,3320,3358,7784,9879,3867,6617,184,240,548,884,740,1360,884,2038,1127,1856,1159,1072,2870,3890,2630,4645,45964,24959,3099,1145,16475,19,2,9,4
2021-03-28T23:59:59+02:00,1,3,1039,1137,1802,2586,2264,3717,2657,5081,3868,5154,3255,3292,7719,9815,3863,6611,184,240,546,881,739,1358,882,2032,1124,1853,1150,1060,2815,3822,2617,4618,45856,24762,2890,1142,15107,14,2,9,3
2021-03-27T23:59:59+01:00,1,3,1039,1137,1802,2585,2263,3716,2654,5081,3865,5154,3251,3292,7718,9815,3863,6611,184,240,545,881,739,1358,881,2032,1121,1853,1150,1060,2815,3822,2617,4618,45847,24757,2890,1142,15102,14,2,9,3
2021-03-26T23:59:59+01:00,1,3,1034,1114,1760,2470,2199,3558,2591,4871,3779,4930,3230,3275,7715,9810,3862,6610,184,239,545,881,738,1358,881,2032,1121,1850,1146,1059,2812,3814,2616,4615,45820,24734,2887,1142,14094,12,2,9,3
2021-03-25T23:59:59+01:00,1,3,1009,1083,1709,2367,2116,3389,2482,4642,3667,4733,3128,3183,7587,9676,3855,6596,182,236,540,879,731,1348,875,2014,1104,1826,1100,1015,2583,3466,2416,4322,45561,23481,2550,1142,13107,12,1,7,3
2021-03-24T23:59:59+01:00,1,3,986,1064,1689,2324,2085,3339,2447,4575,3623,4664,3041,3113,7458,9506,3836,6578,182,232,534,874,724,1338,863,1999,1085,1805,1060,973,2189,2920,2023,3803,45024,21450,2420,1140,12880,12,1,7,3
2021-03-23T23:59:59+01:00,1,3,976,1058,1671,2292,2061,3305,2414,4531,3583,4614,2974,3040,7363,9404,3818,6550,180,229,530,869,717,1326,849,1980,1048,1774,979,883,1826,2429,1672,3337,44512,19508,2409,1106,12730,12,1,6,3
2021-03-22T23:59:59+01:00,1,3,974,1049,1656,2275,2047,3287,2392,4503,3546,4572,2930,3006,7300,9334,3804,6533,177,226,529,858,701,1303,835,1966,1019,1747,931,811,1349,1855,1318,2848,44178,17410,2387,1049,12640,12,1,6,3
2021-03-21T23:59:59+01:00,1,3,974,1049,1655,2272,2047,3286,2388,4499,3534,4564,2916,2997,7252,9279,3798,6527,177,223,528,856,700,1299,833,1962,1008,1742,908,792,1271,1770,1262,2779,44032,17108,2384,988,12618,12,1,6,3
2021-03-20T23:59:59+01:00,1,3,973,1048,1654,2271,2047,3286,2388,4499,3532,4562,2915,2996,7252,9278,3798,6527,177,223,528,856,700,1299,833,1962,995,1727,873,764,1239,1747,1253,2777,44030,17105,2380,834,12613,12,1,6,3
2021-03-19T23:59:59+01:00,1,3,972,1040,1647,2257,2036,3282,2386,4493,3525,4555,2905,2985,7240,9260,3797,6524,177,221,527,856,700,1297,833,1961,988,1722,829,725,1176,1695,1243,2767,43967,17062,2376,641,12558,12,1,6,3
2021-03-18T23:59:59+01:00,1,3,934,1008,1572,2143,1912,3114,2237,4245,3295,4303,2752,2827,6938,8895,3731,6423,176,220,522,851,693,1290,824,1950,965,1706,811,703,1099,1587,1098,2562,42572,16480,2064,563,11690,12,1,6,3
2021-03-17T23:59:59+01:00,1,3,881,976,1501,2083,1849,3048,2172,4184,3200,4207,2617,2694,6511,8401,3666,6308,175,218,519,846,691,1286,820,1945,960,1698,782,684,964,1434,942,2347,40798,15735,2060,562,11437,12,1,6,3
2021-03-16T23:59:59+01:00,1,3,856,952,1467,2042,1811,2999,2118,4129,3105,4109,2483,2535,6035,7749,3575,6157,169,215,514,845,687,1279,815,1936,953,1685,777,671,876,1308,798,2181,38799,15131,1999,562,11321,12,1,6,3
2021-03-15T23:59:59+01:00,1,3,839,945,1449,2020,1773,2944,2080,4058,3004,4000,2349,2364,5547,7206,3502,6040,168,214,514,837,685,1270,811,1926,943,1669,766,661,806,1196,645,1979,37027,14551,1898,524,11193,12,0,6,3
2021-03-14T23:59:59+01:00,1,3,834,931,1425,1993,1749,2915,2049,3999,2941,3932,2170,2167,5361,6978,3471,6007,168,214,513,834,683,1259,810,1919,940,1660,748,652,790,1177,621,1924,36001,14406,1797,500,11122,3,0,6,3
2021-03-13T23:59:59+01:00,1,3,826,924,1403,1981,1733,2902,2022,3971,2867,3884,2098,2093,5312,6923,3469,6006,168,214,513,833,683,1259,809,1919,940,1660,748,652,790,1177,621,1924,35746,14404,1550,500,11116,3,0,6,3
2021-03-12T23:59:59+01:00,1,3,802,908,1357,1922,1670,2804,1923,3820,2709,3718,1901,1854,5126,6699,3437,5963,168,214,512,833,683,1259,808,1919,940,1659,740,649,777,1162,613,1921,34415,14352,1307,499,10889,3,0,6,3
2021-03-11T23:59:59+01:00,1,3,768,849,1289,1837,1586,2656,1839,3619,2546,3545,1636,1544,4758,6227,3300,5781,159,207,506,824,673,1250,793,1883,920,1618,610,587,708,1120,592,1889,32301,13846,1207,489,10270,2,0,6,2
2021-03-10T23:59:59+01:00,1,3,753,797,1266,1781,1553,2598,1789,3548,2464,3456,1564,1455,4285,5682,3181,5527,159,205,497,803,655,1237,784,1863,913,1602,541,572,675,1111,585,1884,30479,13695,1201,387,10017,2,0,6,2
2021-03-09T23:59:59+01:00,1,3,739,776,1245,1751,1526,2552,1749,3497,2390,3404,1470,1356,3726,4929,2986,5218,156,203,492,782,645,1213,770,1831,901,1574,537,570,673,1106,582,1878,28295,13634,1198,275,9819,2,0,6,2
2021-03-08T23:59:59+01:00,0,3,735,748,1231,1731,1508,2532,1721,3459,2350,3361,1377,1254,3052,4098,2746,4848,152,200,478,759,623,1180,751,1781,877,1537,533,568,673,1105,582,1878,25827,13626,1198,49,9723,0,0,6,2
2021-03-07T23:59:59+01:00,0,3,732,744,1222,1721,1500,2517,1710,3451,2339,3353,1364,1238,2949,3976,2723,4798,152,200,478,759,623,1180,751,1781,877,1537,533,568,673,1105,582,1878,25472,13626,1196,49,9666,0,0,6,2
2021-03-06T23:59:59+01:00,0,3,731,744,1221,1716,1497,2514,1706,3448,2335,3352,1361,1238,2949,3976,2723,4798,151,200,478,759,623,1180,751,1781,877,1537,533,568,673,1105,582,1878,25467,13625,1196,49,9643,0,0,6,2
2021-03-05T23:59:59+01:00,0,3,669,718,1195,1701,1476,2504,1681,3433,2306,3342,1356,1235,2941,3968,2720,4793,151,200,478,758,623,1179,751,1781,877,1535,532,568,673,1105,582,1878,25438,13620,1192,49,9405,0,0,6,2
2021-03-04T23:59:59+01:00,0,3,603,671,1128,1632,1420,2421,1640,3352,2232,3265,1306,1187,2720,3603,2535,4506,149,194,475,744,612,1167,740,1753,868,1522,522,557,661,1095,577,1869,24212,13455,1184,48,8822,0,0,6,2
2021-03-03T23:59:59+01:00,0,3,566,632,1061,1569,1323,2340,1539,3266,2107,3179,1261,1141,2346,3081,2179,4054,149,194,473,741,612,1167,739,1751,866,1521,519,554,659,1092,577,1867,22335,13432,1182,47,8126,0,0,4,2
2021-03-02T23:59:59+01:00,0,3,548,599,1023,1523,1267,2297,1481,3214,2010,3118,1177,1041,1979,2603,1790,3532,147,192,468,735,607,1156,729,1741,861,1500,510,545,648,1071,557,1834,20270,13252,1179,47,7752,0,0,4,2
2021-03-01T23:59:59+01:00,0,3,541,550,1005,1484,1221,2236,1435,3148,1955,3045,1132,967,1480,2008,1402,2989,145,192,468,735,607,1155,729,1738,860,1500,508,545,645,1062,553,1823,17979,13216,1176,47,7442,0,0,4,2
2021-02-28T23:59:59+01:00,0,3,534,536,988,1444,1195,2174,1407,3090,1900,2972,1111,945,1365,1867,1328,2901,145,192,467,734,607,1155,728,1736,859,1499,506,545,645,1062,553,1823,17499,13207,1173,47,7084,0,0,4,2
2021-02-27T23:59:59+01:00,0,3,534,534,987,1443,1195,2173,1407,3089,1900,2971,1111,945,1365,1866,1326,2901,145,192,466,733,604,1153,726,1734,857,1498,506,545,645,1062,553,1823,17496,13207,1173,33,7077,0,0,4,2
2021-02-26T23:59:59+01:00,0,3,391,483,856,1400,1112,2131,1340,3048,1841,2929,1106,939,1362,1865,1326,2900,145,192,466,733,604,1153,726,1733,857,1497,506,545,645,1062,553,1823,17485,13206,1173,32,6370,0,0,4,2
2021-02-25T23:59:59+01:00,0,3,301,429,760,1306,1028,2041,1241,2875,1702,2767,1068,907,1280,1740,1206,2708,138,182,454,720,588,1128,719,1708,837,1473,492,531,616,1030,539,1804,16884,12935,1173,22,5301,0,0,4,2
2021-02-24T23:59:59+01:00,0,2,255,384,687,1230,954,1953,1187,2757,1636,2649,1041,887,1157,1594,1048,2491,136,182,451,716,584,1127,718,1703,836,1469,487,526,608,1025,536,1792,16171,12875,1171,19,4566,0,0,4,2
2021-02-23T23:59:59+01:00,0,2,243,362,666,1172,925,1874,1140,2645,1561,2539,1015,859,1076,1466,906,2326,136,181,451,714,584,1127,718,1700,834,1468,486,523,606,1024,536,1791,15610,12864,1136,14,4027,0,0,4,1
2021-02-22T23:59:59+01:00,0,0,228,342,643,1142,893,1791,1090,2553,1474,2416,969,829,957,1322,719,2070,136,181,450,713,582,1126,717,1700,828,1466,485,522,605,1022,535,1789,14856,12852,1063,4,3515,0,0,4,1
2021-02-21T23:59:59+01:00,0,0,222,331,608,1075,843,1687,1047,2452,1394,2309,952,808,924,1270,667,2004,136,180,447,706,581,1122,717,1695,828,1465,484,522,604,1022,534,1788,14647,12826,1020,4,2922,0,0,4,1
2021-02-20T23:59:59+01:00,0,0,222,328,605,1074,841,1682,1043,2447,1379,2290,916,779,891,1247,659,2002,136,180,447,706,581,1122,717,1695,828,1465,484,521,603,1022,534,1788,14646,12825,860,4,2895,0,0,4,0
2021-02-19T23:59:59+01:00,0,0,212,320,595,1066,828,1667,1022,2430,1346,2247,671,676,748,1183,634,1985,136,180,447,705,581,1119,716,1693,825,1462,484,520,603,1021,533,1788,14168,12810,671,3,2787,0,0,4,0
2021-02-18T23:59:59+01:00,0,0,195,270,555,944,743,1440,892,2172,1096,1871,592,608,707,1141,614,1968,131,180,434,693,566,1102,710,1667,810,1434,481,517,602,1020,533,1788,14009,12665,571,3,1225,0,0,3,0
2021-02-17T23:59:59+01:00,0,0,189,231,535,895,706,1343,833,2004,1011,1740,570,588,707,1138,612,1965,124,178,423,683,558,1086,691,1636,797,1411,478,515,600,1017,533,1787,13992,12514,571,3,501,0,0,3,0
2021-02-16T23:59:59+01:00,0,0,182,228,527,879,691,1312,814,1966,978,1701,558,583,701,1136,611,1962,119,173,409,678,547,1070,678,1618,788,1397,472,509,593,1003,525,1756,13962,12333,571,2,293,0,0,3,0
2021-02-15T23:59:59+01:00,0,0,168,219,522,852,685,1278,800,1931,949,1655,557,580,699,1136,611,1962,116,172,402,668,536,1051,649,1591,774,1379,470,506,593,1003,525,1756,13959,12189,532,2,110,0,0,3,0
2021-02-14T23:59:59+01:00,0,0,163,211,519,839,684,1269,797,1922,931,1646,556,579,699,1133,610,1962,109,168,391,657,519,1033,631,1576,767,1366,470,504,591,1001,525,1756,13953,12062,530,2,34,0,0,3,0
2021-02-13T23:59:59+01:00,0,0,162,211,518,839,684,1269,797,1922,931,1646,556,579,699,1133,610,1962,109,168,390,657,519,1033,631,1576,767,1366,470,504,591,1001,525,1756,13952,12061,530,2,33,0,0,3,0
2021-02-12T23:59:59+01:00,0,0,161,210,513,838,683,1266,793,1921,929,1643,555,579,699,1133,610,1962,106,166,387,651,515,1027,617,1561,764,1349,468,503,580,981,520,1729,13945,11922,529,2,18,0,0,3,0
2021-02-11T23:59:59+01:00,0,0,159,209,509,831,676,1262,791,1918,923,1641,550,573,692,1127,605,1956,87,130,358,579,469,947,565,1444,720,1255,444,458,537,927,477,1631,13894,11027,517,1,8,0,0,3,0
2021-02-10T23:59:59+01:00,0,0,156,207,499,814,660,1247,779,1891,908,1617,542,567,681,1115,600,1946,78,118,329,519,442,840,523,1268,647,1098,395,408,470,810,428,1470,13769,9842,456,1,1,0,0,3,0
2021-02-09T23:59:59+01:00,0,0,155,201,491,776,644,1208,759,1830,897,1576,530,555,675,1100,591,1927,73,101,310,452,407,756,481,1164,582,998,364,354,427,723,395,1349,13656,8936,256,0,0,0,0,3,0
2021-02-08T23:59:59+01:00,0,0,151,197,474,751,622,1173,739,1780,877,1532,524,554,673,1094,587,1911,59,75,264,383,357,621,421,935,509,819,306,299,361,569,330,1143,13586,7451,50,0,0,0,0,3,0
2021-02-07T23:59:59+01:00,0,0,151,196,472,750,620,1172,738,1772,875,1530,523,554,673,1094,587,1910,58,67,246,348,338,576,405,903,489,784,306,292,359,562,328,1139,13564,7200,50,0,0,0,0,3,0
2021-02-06T23:59:59+01:00,0,0,151,196,472,750,620,1172,738,1772,875,1530,523,554,673,1094,587,1910,58,67,246,347,338,576,405,902,487,782,306,291,358,560,327,1139,13564,7189,50,0,0,0,0,3,0
2021-02-05T23:59:59+01:00,0,0,151,196,472,750,620,1172,738,1772,875,1529,523,554,672,1094,587,1910,56,67,244,345,331,572,397,880,478,762,296,286,347,536,310,1099,13562,7006,50,0,0,0,0,3,0
2021-02-04T23:59:59+01:00,0,0,145,191,468,742,613,1164,734,1758,869,1520,516,547,650,1069,578,1892,41,51,211,311,289,476,355,739,384,616,233,217,262,371,229,812,13404,5597,49,0,0,0,0,3,0
2021-02-03T23:59:59+01:00,0,0,143,190,462,735,605,1155,730,1746,860,1504,505,539,635,1057,571,1884,33,32,155,220,236,346,265,565,309,466,182,171,185,278,178,606,13270,4227,48,0,0,0,0,3,0
2021-02-02T23:59:59+01:00,0,0,143,187,460,734,605,1155,727,1740,853,1500,504,537,631,1054,570,1880,24,26,136,173,191,278,221,429,257,375,142,131,137,208,141,477,13230,3346,48,0,0,0,0,2,0
2021-02-01T23:59:59+01:00,0,0,141,187,459,733,600,1152,726,1732,851,1495,503,535,626,1051,569,1874,20,19,100,128,137,187,155,299,168,259,90,94,93,132,77,258,13184,2216,48,0,0,0,0,2,0
2021-01-31T23:59:59+01:00,0,0,141,187,459,730,597,1151,726,1728,851,1494,501,534,625,1049,569,1873,14,15,67,88,95,122,118,222,141,203,85,87,89,124,75,244,13166,1789,48,0,0,0,0,1,0
2021-01-30T23:59:59+01:00,0,0,141,187,458,730,595,1149,725,1727,851,1494,501,534,624,1049,569,1873,14,15,67,88,95,120,116,218,138,200,84,86,89,118,69,234,13165,1751,41,0,0,0,0,1,0
2021-01-29T23:59:59+01:00,0,0,141,187,458,728,594,1146,723,1725,849,1493,501,534,624,1049,569,1873,12,15,55,82,78,116,98,207,115,188,79,79,87,114,68,233,13160,1626,33,0,0,0,0,1,0
2021-01-28T23:59:59+01:00,0,0,134,183,445,711,577,1120,717,1698,827,1464,494,528,621,1046,566,1870,7,3,12,20,24,44,31,95,47,87,46,50,56,84,50,176,12975,832,25,0,0,0,0,1,0
2021-01-27T23:59:59+01:00,0,0,127,181,434,701,569,1111,701,1664,820,1440,491,526,617,1041,566,1865,3,1,4,12,10,23,13,40,23,30,13,17,24,34,21,55,12830,323,23,0,0,0,0,1,0
2021-01-26T23:59:59+01:00,0,0,121,177,420,689,556,1097,692,1641,809,1419,486,520,611,1024,558,1830,3,1,4,11,7,21,11,37,17,27,13,15,23,33,21,54,12635,298,14,0,0,0,0,1,0
2021-01-25T23:59:59+01:00,0,0,118,175,411,677,545,1078,665,1613,791,1402,484,516,609,1023,558,1830,2,1,3,9,7,16,6,28,12,21,9,6,13,22,11,35,12490,201,4,0,0,0,0,1,0
2021-01-24T23:59:59+01:00,0,0,111,172,401,667,531,1060,648,1600,778,1390,483,513,608,1023,558,1830,2,0,1,6,7,4,4,7,5,8,1,2,11,15,7,21,12368,101,4,0,0,0,0,1,0
2021-01-23T23:59:59+01:00,0,0,111,172,401,667,531,1060,648,1600,778,1390,483,513,608,1023,558,1830,1,0,1,6,7,4,4,7,5,8,1,2,11,15,7,21,12368,100,4,0,0,0,0,1,0
2021-01-22T23:59:59+01:00,0,0,108,170,394,661,528,1054,634,1585,772,1372,483,508,597,1002,551,1802,1,0,1,6,7,4,4,7,5,8,1,2,11,15,7,21,12218,100,3,0,0,0,0,0,0
2021-01-21T23:59:59+01:00,0,0,97,162,379,642,505,1020,604,1535,751,1329,467,473,566,963,515,1744,1,0,1,6,7,4,4,7,5,8,1,2,11,15,7,21,11749,100,3,0,0,0,0,0,0
2021-01-20T23:59:59+01:00,0,0,79,120,344,553,461,880,546,1300,663,1142,405,414,481,820,452,1521,1,0,1,5,7,4,4,7,5,8,1,2,11,15,7,21,10178,99,3,0,0,0,0,0,0
2021-01-19T23:59:59+01:00,0,0,74,106,316,475,420,792,504,1188,611,1039,381,377,444,741,422,1425,1,0,1,3,7,4,4,7,5,8,1,0,8,10,6,18,9312,83,3,0,0,0,0,0,0
2021-01-18T23:59:59+01:00,0,0,60,76,269,388,365,643,429,956,518,842,313,310,374,587,356,1217,1,0,1,3,7,4,4,7,5,8,1,0,8,10,6,18,7701,83,2,0,0,0,0,0,0
2021-01-17T23:59:59+01:00,0,0,59,67,250,353,343,590,410,913,494,803,310,301,372,580,353,1209,0,0,0,0,0,0,0,0,0,0,0,0,0,0,0,0,7405,0,2,0,0,0,0,0,0
2021-01-16T23:59:59+01:00,0,0,59,67,250,352,343,590,410,912,492,801,310,300,370,576,352,1209,0,0,0,0,0,0,0,0,0,0,0,0,0,0,0,0,7391,0,2,0,0,0,0,0,0
2021-01-15T23:59:59+01:00,0,0,57,67,249,349,337,584,399,889,481,776,296,294,352,547,329,1167,0,0,0,0,0,0,0,0,0,0,0,0,0,0,0,0,7171,0,2,0,0,0,0,0,0
2021-01-14T23:59:59+01:00,0,0,43,54,235,325,312,509,365,764,392,630,235,220,262,371,236,836,0,0,0,0,0,0,0,0,0,0,0,0,0,0,0,0,5789,0,0,0,0,0,0,0,0
2021-01-13T23:59:59+01:00,0,0,37,43,210,269,272,408,299,615,321,503,180,177,189,284,191,644,0,0,0,0,0,0,0,0,0,0,0,0,0,0,0,0,4642,0,0,0,0,0,0,0,0
2021-01-12T23:59:59+01:00,0,0,32,41,205,254,257,376,276,535,289,457,143,135,143,216,149,503,0,0,0,0,0,0,0,0,0,0,0,0,0,0,0,0,4011,0,0,0,0,0,0,0,0
2021-01-11T23:59:59+01:00,0,0,27,37,195,233,239,324,229,446,239,382,111,106,108,143,88,320,0,0,0,0,0,0,0,0,0,0,0,0,0,0,0,0,3227,0,0,0,0,0,0,0,0
2021-01-10T23:59:59+01:00,0,0,26,31,157,172,196,249,191,350,197,305,99,99,105,138,86,305,0,0,0,0,0,0,0,0,0,0,0,0,0,0,0,0,2706,0,0,0,0,0,0,0,0
2021-01-09T23:59:59+01:00,0,0,26,31,150,168,194,241,187,342,195,300,99,99,105,138,86,305,0,0,0,0,0,0,0,0,0,0,0,0,0,0,0,0,2666,0,0,0,0,0,0,0,0
2021-01-08T23:59:59+01:00,0,0,23,28,119,144,173,228,162,313,167,279,94,89,103,134,85,304,0,0,0,0,0,0,0,0,0,0,0,0,0,0,0,0,2445,0,0,0,0,0,0,0,0
2021-01-07T23:59:59+01:00,0,0,8,3,16,26,32,54,37,105,60,111,49,51,64,92,54,212,0,0,0,0,0,0,0,0,0,0,0,0,0,0,0,0,974,0,0,0,0,0,0,0,0
2021-01-06T23:59:59+01:00,0,0,3,1,5,13,10,22,13,39,20,31,14,14,27,38,23,65,0,0,0,0,0,0,0,0,0,0,0,0,0,0,0,0,338,0,0,0,0,0,0,0,0
2021-01-05T23:59:59+01:00,0,0,3,1,4,10,9,18,10,31,15,26,11,14,23,33,21,57,0,0,0,0,0,0,0,0,0,0,0,0,0,0,0,0,286,0,0,0,0,0,0,0,0
2021-01-04T23:59:59+01:00,0,0,2,1,2,7,9,10,4,15,8,16,5,3,12,19,8,31,0,0,0,0,0,0,0,0,0,0,0,0,0,0,0,0,152,0,0,0,0,0,0,0,0
2021-01-03T23:59:59+01:00,0,0,2,0,1,6,8,4,4,7,5,9,1,2,12,15,7,21,0,0,0,0,0,0,0,0,0,0,0,0,0,0,0,0,104,0,0,0,0,0,0,0,0
2021-01-02T23:59:59+01:00,0,0,2,0,1,6,8,4,4,7,5,9,1,2,12,15,7,21,0,0,0,0,0,0,0,0,0,0,0,0,0,0,0,0,104,0,0,0,0,0,0,0,0
2021-01-01T23:59:59+01:00,0,0,1,0,1,6,8,4,4,7,5,9,1,2,12,15,7,21,0,0,0,0,0,0,0,0,0,0,0,0,0,0,0,0,103,0,0,0,0,0,0,0,0
2020-12-31T23:59:59+01:00,0,0,1,0,1,5,8,4,4,7,5,9,1,2,12,15,7,21,0,0,0,0,0,0,0,0,0,0,0,0,0,0,0,0,102,0,0,0,0,0,0,0,0
2020-12-30T23:59:59+01:00,0,0,1,0,1,5,8,4,4,7,5,9,1,2,12,15,7,21,0,0,0,0,0,0,0,0,0,0,0,0,0,0,0,0,102,0,0,0,0,0,0,0,0
2020-12-29T23:59:59+01:00,0,0,1,0,1,3,8,4,4,7,5,9,1,0,9,10,6,18,0,0,0,0,0,0,0,0,0,0,0,0,0,0,0,0,86,0,0,0,0,0,0,0,0
2020-12-28T23:59:59+01:00,0,0,1,0,1,3,8,4,4,7,5,9,1,0,9,10,6,18,0,0,0,0,0,0,0,0,0,0,0,0,0,0,0,0,86,0,0,0,0,0,0,0,0
2020-12-27T23:59:59+01:00,0,0,1,0,1,3,8,4,4,7,5,9,1,0,9,10,6,18,0,0,0,0,0,0,0,0,0,0,0,0,0,0,0,0,86,0,0,0,0,0,0,0,0
