Datum,<24_1_m,<24_1_w,25-34_1_m,25-34_1_w,35-44_1_m,35-44_1_w,45-54_1_m,45-54_1_w,55-64_1_m,55-64_1_w,65-74_1_m,65-74_1_w,75-84_1_m,75-84_1_w,>84_1_m,>84_1_w,<24_2_m,<24_2_w,25-34_2_m,25-34_2_w,35-44_2_m,35-44_2_w,45-54_2_m,45-54_2_w,55-64_2_m,55-64_2_w,65-74_2_m,65-74_2_w,75-84_2_m,75-84_2_w,>84_2_m,>84_2_w,bp_1,bp_2,mo_1,mo_2,az_1,az_2,ja
2021-06-29T23:59:59+02:00,10339,9812,16790,15801,19663,19600,23822,24577,27569,28674,20220,23122,14751,18542,4254,7390,3664,3699,7353,7941,9525,11193,13234,15773,18768,20839,15874,18463,12801,16261,4033,6980,194174,136198,29732,18700,54545,25028,6475
2021-06-28T23:59:59+02:00,10103,9590,16681,15694,19566,19503,23735,24485,27504,28615,20192,23096,14737,18523,4253,7388,3478,3463,6978,7535,9119,10735,12717,15267,18292,20346,15634,18209,12687,16130,4027,6969,193065,132633,29617,18280,54542,24232,6441
2021-06-27T23:59:59+02:00,9959,9462,16627,15641,19510,19455,23680,24437,27477,28592,20179,23080,14734,18519,4252,7385,3400,3401,6815,7351,8947,10538,12510,15043,18046,20095,15519,18113,12625,16048,4027,6965,192453,131538,29564,17940,54537,23530,6435
2021-06-26T23:59:59+02:00,9957,9458,16626,15637,19509,19454,23677,24436,27477,28592,20179,23080,14734,18519,4252,7385,3397,3401,6813,7351,8944,10536,12509,15040,18044,20094,15516,18112,12625,16047,4027,6965,192437,131520,29563,17940,54537,23526,6435
2021-06-25T23:59:59+02:00,9907,9416,16590,15605,19476,19425,23642,24409,27453,28574,20172,23073,14732,18516,4252,7385,3378,3356,6740,7243,8849,10386,12396,14844,17901,19887,15495,18083,12617,16044,4026,6964,192125,131345,29530,17594,54537,22835,6435
2021-06-24T23:59:59+02:00,9781,9281,16411,15486,19347,19306,23524,24325,27398,28515,20159,23057,14725,18507,4251,7383,3255,3214,6537,6917,8549,9935,11872,14227,17348,19192,15272,17856,12474,15918,4023,6952,191311,128971,29192,16747,54536,21406,6417
2021-06-23T23:59:59+02:00,9651,9140,16276,15364,19236,19204,23428,24224,27335,28469,20144,23036,14721,18502,4248,7382,3053,2977,6192,6441,8061,9380,11182,13413,16595,18223,14985,17523,12324,15777,4013,6925,190422,124516,29031,15781,54526,20386,6381
2021-06-22T23:59:59+02:00,9345,8810,16057,15168,19052,19056,23286,24101,27265,28389,20123,23013,14713,18484,4244,7376,2825,2690,5712,5897,7444,8620,10282,12386,15571,17025,14684,17163,12215,15652,4000,6902,188774,118106,28828,15294,54522,19310,6358
2021-06-21T23:59:59+02:00,9213,8638,15888,15023,18865,18902,23155,23977,27205,28306,20098,22985,14707,18475,4244,7372,2681,2502,5331,5432,6986,8036,9557,11515,14840,16094,14408,16853,12109,15531,3995,6886,187577,113435,28604,14728,54516,18237,6356
2021-06-20T23:59:59+02:00,9082,8510,15753,14910,18759,18817,23087,23908,27168,28262,20088,22966,14697,18468,4241,7371,2626,2435,5171,5254,6775,7773,9264,11194,14486,15699,14278,16724,12069,15495,3990,6881,186729,111769,28490,14524,54516,17469,6352
2021-06-19T23:59:59+02:00,9082,8509,15752,14906,18758,18817,23086,23908,27168,28261,20088,22966,14697,18468,4241,7371,2623,2434,5169,5250,6774,7773,9264,11193,14484,15695,14276,16724,12069,15495,3990,6881,186721,111752,28489,14522,54516,17468,6352
2021-06-18T23:59:59+02:00,9057,8495,15739,14898,18744,18810,23081,23899,27161,28257,20088,22964,14696,18468,4241,7371,2594,2400,5116,5190,6697,7672,9164,11038,14314,15469,14198,16623,12059,15474,3988,6878,186615,110972,28488,14522,54515,17029,6351
2021-06-17T23:59:59+02:00,8879,8332,15504,14731,18547,18656,22925,23769,27028,28169,20064,22942,14690,18456,4239,7368,2459,2250,4791,4894,6315,7273,8618,10437,13490,14607,13962,16334,11987,15353,3984,6867,185306,108128,28484,13577,54507,15914,6002
2021-06-16T23:59:59+02:00,8645,8118,15275,14510,18338,18461,22738,23602,26924,28060,20036,22899,14676,18436,4235,7362,2346,2142,4549,4692,5965,6932,8095,9957,12777,13778,13614,15952,11903,15264,3979,6855,183544,104700,28390,12781,54504,15442,5877
2021-06-15T23:59:59+02:00,8288,7772,14901,14157,18022,18172,22491,23389,26767,27926,20006,22865,14663,18420,4234,7352,2162,1977,4202,4341,5460,6374,7221,9076,11590,12511,13082,15340,11781,15101,3964,6833,180962,98504,28354,12121,54501,14782,5608
2021-06-14T23:59:59+02:00,8101,7602,14649,13929,17822,18003,22341,23271,26658,27847,19985,22832,14650,18412,4230,7344,2047,1853,3950,4098,5074,5907,6567,8364,10669,11462,12769,14995,11710,15007,3954,6814,179404,93704,28332,11761,54499,14334,5441
2021-06-13T23:59:59+02:00,8028,7548,14573,13846,17714,17894,22265,23193,26628,27822,19972,22822,14646,18406,4230,7344,1997,1825,3869,3999,4955,5770,6338,8123,10377,11131,12613,14817,11652,14951,3953,6813,178683,92326,28320,11470,54498,13957,5430
2021-06-12T23:59:59+02:00,8027,7546,14572,13846,17714,17894,22263,23192,26627,27819,19972,22821,14646,18406,4230,7344,1996,1823,3869,3998,4953,5769,6335,8121,10374,11125,12610,14816,11652,14949,3953,6813,178671,92307,28320,11470,54498,13949,5430
2021-06-11T23:59:59+02:00,7963,7509,14487,13800,17642,17845,22195,23159,26586,27797,19970,22817,14646,18405,4230,7344,1980,1814,3833,3942,4910,5701,6274,8038,10275,11022,12572,14781,11641,14943,3953,6813,178357,92094,28242,11464,54497,13635,5299
2021-06-10T23:59:59+02:00,7623,7213,14101,13439,17217,17473,21876,22882,26398,27621,19925,22771,14633,18388,4227,7332,1874,1732,3622,3779,4638,5433,5960,7676,9669,10412,12058,14127,11574,14837,3945,6806,175802,88958,27760,11096,54488,13019,5069
2021-06-09T23:59:59+02:00,7255,6863,13640,12999,16706,17013,21487,22516,26186,27410,19852,22699,14615,18353,4224,7324,1704,1619,3423,3604,4385,5166,5581,7273,8908,9700,11400,13300,11458,14697,3935,6794,172576,84750,27216,10467,54475,12855,4875
2021-06-08T23:59:59+02:00,6880,6453,13131,12518,16239,16551,21132,22182,25974,27209,19794,22620,14585,18318,4221,7317,1612,1543,3202,3375,4070,4816,5076,6789,8029,8786,10522,12227,11316,14540,3931,6779,169197,79126,26728,10174,54466,12580,4733
2021-06-07T23:59:59+02:00,6600,6161,12706,12145,15846,16154,20807,21888,25813,27055,19757,22567,14565,18299,4214,7311,1550,1472,3015,3204,3793,4592,4682,6415,7319,8041,9620,11085,11208,14394,3920,6761,166657,74408,26305,9818,54447,12366,4479
2021-06-06T23:59:59+02:00,6458,6028,12565,11996,15684,15995,20642,21725,25728,26969,19737,22530,14554,18289,4213,7307,1535,1450,2942,3164,3698,4529,4578,6337,7180,7914,9364,10817,11163,14344,3917,6756,165428,73733,26202,9397,54427,12195,4363
2021-06-05T23:59:59+02:00,6449,6025,12557,11984,15676,15988,20640,21723,25728,26967,19737,22530,14554,18289,4213,7307,1533,1449,2938,3163,3697,4528,4575,6337,7176,7909,9358,10814,11163,14344,3917,6756,165375,73707,26202,9396,54427,12191,4363
2021-06-04T23:59:59+02:00,6419,5986,12500,11934,15616,15940,20612,21691,25711,26951,19733,22524,14551,18289,4213,7307,1532,1444,2925,3154,3678,4514,4565,6323,7143,7867,9326,10744,11125,14303,3916,6755,165282,73437,25945,9384,54405,12148,4345
2021-06-03T23:59:59+02:00,6190,5761,12201,11689,15299,15635,20287,21355,25457,26740,19687,22451,14531,18271,4212,7303,1489,1400,2854,3090,3582,4438,4453,6224,6944,7686,8954,10299,11073,14231,3916,6750,162833,72144,25701,9095,54404,12013,4131
2021-06-02T23:59:59+02:00,6130,5701,12136,11626,15227,15570,20216,21294,25440,26716,19682,22448,14528,18268,4211,7302,1475,1391,2838,3078,3566,4424,4419,6209,6911,7648,8876,10189,11064,14206,3915,6749,162498,71787,25516,9089,54403,12004,4078
2021-06-01T23:59:59+02:00,5685,5206,11401,10934,14408,14846,19508,20633,25032,26336,19594,22358,14494,18222,4203,7295,1364,1282,2540,2812,3189,4089,3933,5750,6083,6850,7695,8575,10820,13861,3901,6732,157519,66412,24866,8195,54376,11475,3394
2021-05-31T23:59:59+02:00,5437,4907,10958,10510,13886,14354,19031,20138,24730,25997,19501,22273,14455,18176,4194,7279,1305,1230,2390,2682,2993,3924,3664,5463,5547,6326,6710,7327,10579,13545,3892,6698,154069,62396,24174,7393,54371,11274,3212
2021-05-30T23:59:59+02:00,5357,4831,10776,10387,13723,14177,18686,19818,24490,25754,19470,22243,14447,18156,4193,7277,1285,1217,2366,2652,2947,3878,3597,5408,5444,6237,6539,7099,10542,13471,3890,6688,152584,61666,23677,7335,54345,11080,3179
2021-05-29T23:59:59+02:00,5355,4831,10776,10383,13719,14175,18686,19817,24489,25752,19470,22243,14447,18156,4193,7277,1284,1215,2365,2651,2945,3875,3597,5406,5443,6235,6535,7095,10542,13471,3890,6688,152569,61656,23677,7334,54344,11068,3179
2021-05-28T23:59:59+02:00,5338,4819,10755,10347,13694,14156,18670,19800,24481,25743,19469,22242,14445,18154,4193,7276,1279,1215,2365,2646,2944,3873,3592,5400,5429,6219,6519,7077,10533,13450,3889,6684,152386,61553,23675,7334,54343,11049,3178
2021-05-27T23:59:59+02:00,5041,4539,10241,9896,13115,13628,17987,19190,23911,25211,19373,22129,14411,18107,4182,7263,1111,1075,2084,2455,2646,3590,3302,5049,5104,5943,6222,6664,10306,13171,3884,6669,149161,59724,22691,7302,54237,10114,2135
2021-05-26T23:59:59+02:00,4778,4284,9805,9520,12597,13114,17380,18583,23279,24535,19248,21980,14365,18053,4176,7246,1032,993,1928,2302,2448,3394,3041,4804,4720,5599,5669,6019,9937,12640,3868,6633,145071,56598,21943,7266,54118,9352,1811
2021-05-25T23:59:59+02:00,4565,4059,9391,9052,12136,12610,16849,18007,22760,23897,19115,21809,14335,17973,4168,7233,981,949,1866,2216,2338,3260,2870,4603,4374,5226,5096,5288,9488,12043,3852,6608,141042,53062,21117,7251,53990,8935,1810
2021-05-24T23:59:59+02:00,4452,3901,9180,8851,11936,12353,16551,17688,22434,23499,19041,21731,14320,17953,4166,7232,966,901,1808,2174,2269,3199,2786,4522,4256,5112,4954,5130,9398,11917,3849,6600,139546,52366,20171,7200,53813,8517,1758
2021-05-23T23:59:59+02:00,4442,3900,9174,8847,11924,12344,16540,17681,22417,23478,19035,21726,14319,17951,4166,7232,966,898,1806,2171,2266,3197,2780,4519,4249,5096,4947,5116,9391,11904,3848,6599,139437,52295,20169,7187,53812,8513,1758
2021-05-22T23:59:59+02:00,4437,3897,9171,8844,11916,12338,16538,17677,22415,23476,19035,21726,14319,17951,4166,7232,966,898,1806,2170,2264,3197,2779,4519,4249,5094,4945,5115,9390,11904,3848,6599,139411,52290,20169,7187,53800,8508,1758
2021-05-21T23:59:59+02:00,4404,3858,9103,8771,11845,12247,16446,17602,22352,23409,19015,21708,14315,17944,4166,7230,921,888,1773,2158,2232,3188,2748,4494,4201,5066,4920,5093,9378,11897,3847,6598,138757,52224,20169,7187,53781,8283,1708
2021-05-20T23:59:59+02:00,4156,3678,8662,8422,11369,11833,15786,17103,21776,22838,18830,21543,14284,17905,4161,7219,776,823,1519,2001,1991,3032,2506,4278,3955,4838,4767,4938,9269,11764,3841,6575,135419,51526,19797,7092,53363,7269,986
2021-05-19T23:59:59+02:00,3910,3436,8165,7957,10795,11291,15115,16404,21100,22121,18632,21312,14242,17855,4155,7202,724,777,1458,1922,1914,2930,2438,4154,3815,4680,4593,4728,9068,11536,3821,6546,130046,50449,19617,6960,53064,6730,965
2021-05-18T23:59:59+02:00,3625,3172,7614,7418,10063,10593,14158,15472,20155,21064,18372,21031,14188,17795,4149,7180,668,730,1401,1836,1840,2820,2310,4012,3637,4477,4323,4438,8867,11288,3808,6519,123009,49210,19524,6764,52623,6107,893
2021-05-17T23:59:59+02:00,3438,2961,7153,6951,9559,10052,13428,14683,19472,20263,18186,20770,14141,17730,4139,7166,610,676,1322,1773,1766,2739,2200,3938,3500,4365,4078,4209,8724,11074,3796,6490,117770,48412,19286,6553,52159,5418,877
2021-05-16T23:59:59+02:00,3310,2888,6947,6775,9358,9838,13177,14449,19247,20039,18108,20691,14127,17711,4138,7160,598,631,1283,1725,1723,2678,2163,3845,3437,4282,3987,4112,8704,11049,3794,6488,116165,48272,19046,6388,51879,4966,873
2021-05-15T23:59:59+02:00,3309,2885,6941,6768,9356,9832,13174,14447,19244,20030,18106,20690,14127,17711,4138,7160,598,631,1281,1725,1721,2678,2162,3845,3437,4282,3985,4110,8704,11049,3794,6488,116123,48267,19046,6387,51877,4964,872
2021-05-14T23:59:59+02:00,3269,2844,6831,6628,9227,9695,13025,14264,19073,19896,18082,20665,14126,17703,4137,7157,576,619,1260,1707,1693,2658,2128,3819,3393,4246,3935,4056,8697,11042,3794,6487,115720,48229,18304,6242,51797,4838,801
2021-05-13T23:59:59+02:00,3147,2682,6508,6309,8792,9301,12481,13786,18470,19300,17952,20520,14093,17666,4132,7155,539,593,1206,1654,1635,2585,2042,3716,3244,4130,3832,3924,8676,11022,3791,6483,112850,48142,17610,5859,51199,4436,635
2021-05-12T23:59:59+02:00,3120,2650,6475,6271,8745,9248,12344,13674,18285,19094,17919,20486,14085,17657,4132,7155,538,591,1206,1652,1630,2583,2034,3710,3230,4122,3819,3911,8668,11016,3791,6482,112140,48118,17383,5833,51182,4397,635
2021-05-11T23:59:59+02:00,2731,2398,5681,5772,7781,8436,10958,12519,16723,17622,17414,19928,14002,17552,4113,7133,502,535,1078,1549,1470,2428,1852,3534,3013,3865,3714,3801,8599,10926,3787,6477,104768,47889,16764,5639,49116,3487,115
2021-05-10T23:59:59+02:00,2545,2229,5211,5393,7084,7811,9926,11607,15432,16252,17036,19478,13939,17438,4105,7109,475,510,1036,1511,1427,2378,1793,3431,2893,3732,3633,3728,8560,10879,3783,6473,98959,47772,15866,5411,47656,2945,114
2021-05-09T23:59:59+02:00,2462,2200,5075,5310,6899,7692,9522,11269,14888,15726,16918,19340,13919,17410,4102,7104,459,493,1003,1456,1357,2295,1736,3309,2784,3580,3549,3637,8537,10847,3780,6470,97392,47689,15290,5146,47042,2345,112
2021-05-08T23:59:59+02:00,2458,2199,5074,5310,6899,7690,9519,11266,14887,15725,16918,19340,13919,17410,4102,7104,458,492,1003,1456,1357,2294,1736,3309,2783,3579,3547,3637,8537,10847,3780,6470,97379,47685,15289,5146,47040,2342,112
2021-05-07T23:59:59+02:00,2287,2137,4804,5217,6537,7538,9072,11052,14447,15407,16743,19139,13907,17381,4102,7102,448,490,993,1445,1342,2280,1700,3300,2734,3544,3502,3597,8460,10766,3780,6467,96677,47662,14782,4806,45304,2271,109
2021-05-06T23:59:59+02:00,2054,2005,4261,4871,5896,7165,8318,10496,13484,14589,16348,18691,13858,17287,4090,7089,418,442,952,1344,1258,2120,1595,3078,2514,3262,3323,3398,8285,10578,3771,6453,94112,47225,13548,4209,42801,1316,41
2021-05-05T23:59:59+02:00,1929,1893,3977,4647,5466,6795,7630,9913,12372,13535,15674,17858,13754,17186,4081,7065,410,431,940,1317,1230,2079,1560,3003,2454,3179,3275,3357,8207,10485,3765,6443,89706,47093,12227,4068,41816,948,26
2021-05-04T23:59:59+02:00,1843,1809,3710,4412,5057,6437,6971,9341,11156,12297,14758,16734,13644,17049,4077,7051,405,423,921,1298,1211,2036,1542,2968,2411,3125,3232,3310,8118,10374,3759,6429,83906,46960,11590,3870,40838,720,12
2021-05-03T23:59:59+02:00,1789,1757,3560,4291,4826,6226,6591,9011,10431,11561,14037,15759,13558,16933,4068,7034,400,414,918,1285,1197,2002,1523,2928,2377,3079,3180,3270,8005,10272,3754,6423,79492,46836,11387,3652,40543,529,10
2021-05-02T23:59:59+02:00,1779,1739,3487,4267,4748,6173,6521,8953,10317,11447,13851,15566,13526,16906,4067,7029,398,406,912,1270,1194,1985,1520,2915,2361,3062,3165,3253,7969,10240,3753,6419,78939,46816,11111,3556,40320,444,6
2021-05-01T23:59:59+02:00,1777,1739,3485,4266,4748,6172,6518,8952,10312,11443,13848,15566,13525,16905,4067,7026,397,406,912,1270,1194,1984,1520,2915,2361,3062,3165,3253,7969,10240,3753,6418,78912,46813,11111,3556,40320,444,6
2021-04-30T23:59:59+02:00,1775,1733,3479,4257,4742,6159,6497,8937,10274,11405,13796,15492,13499,16874,4066,7025,397,404,911,1268,1194,1984,1520,2915,2359,3061,3164,3251,7968,10238,3753,6418,78583,46806,11111,3554,40311,440,5
2021-04-29T23:59:59+02:00,1648,1691,3240,4142,4466,6009,6186,8687,9862,11017,13219,14790,13396,16720,4060,7017,389,393,902,1247,1173,1948,1496,2878,2329,3013,3149,3239,7955,10220,3750,6414,75806,46684,10726,3553,39613,253,5
2021-04-28T23:59:59+02:00,1520,1644,3063,4042,4229,5831,5829,8416,9277,10528,12345,13609,13242,16511,4051,7003,380,384,886,1235,1157,1919,1462,2834,2259,2944,2996,3107,7843,10104,3743,6403,71318,46272,10539,3142,39279,238,4
2021-04-27T23:59:59+02:00,1480,1599,2955,3925,4027,5691,5522,8156,8657,9858,11310,12302,13013,16156,4040,6981,368,370,877,1214,1142,1884,1436,2762,2213,2883,2957,3064,7817,10074,3736,6399,66520,46064,10351,2970,38797,158,4
2021-04-26T23:59:59+02:00,1453,1565,2844,3849,3855,5547,5214,7945,8169,9417,10554,11377,12869,15952,4029,6963,367,365,867,1204,1126,1873,1406,2742,2186,2854,2908,3015,7772,10025,3730,6394,63111,45969,10163,2724,38324,137,4
2021-04-25T23:59:59+02:00,1442,1559,2777,3819,3760,5488,5079,7898,7976,9310,10358,11142,12832,15898,4028,6958,366,360,858,1197,1108,1859,1391,2723,2164,2827,2867,2982,7723,9977,3729,6389,62609,45890,9961,2515,37750,111,4
2021-04-24T23:59:59+02:00,1441,1559,2777,3818,3760,5487,5077,7897,7972,9306,10353,11140,12832,15898,4028,6958,366,360,858,1197,1108,1858,1390,2722,2163,2827,2867,2982,7723,9977,3729,6389,62589,45886,9961,2515,37749,111,4
2021-04-23T23:59:59+02:00,1425,1550,2710,3785,3678,5457,4960,7850,7841,9247,10267,11031,12809,15857,4026,6954,366,360,857,1195,1108,1858,1389,2722,2163,2827,2867,2982,7722,9977,3729,6389,62460,45882,9686,2515,37297,110,4
2021-04-22T23:59:59+02:00,1383,1521,2607,3717,3520,5354,4729,7699,7493,9012,9700,10340,12544,15560,4020,6931,358,359,847,1184,1094,1846,1369,2694,2127,2801,2817,2927,7629,9868,3717,6373,60856,45474,9032,2438,36238,94,4
2021-04-21T23:59:59+02:00,1349,1485,2527,3639,3404,5253,4512,7519,7085,8687,8818,9308,12130,14982,4007,6890,354,357,842,1168,1085,1827,1351,2665,2098,2773,2759,2870,7517,9704,3700,6345,58137,45003,8165,2314,35289,94,4
2021-04-20T23:59:59+02:00,1326,1459,2458,3565,3303,5157,4338,7338,6700,8357,7930,8184,11667,14391,3993,6876,349,353,831,1155,1076,1805,1327,2642,2065,2729,2699,2813,7370,9522,3670,6290,55287,44296,7399,2308,34353,89,3
2021-04-19T23:59:59+02:00,1310,1445,2420,3527,3243,5090,4233,7236,6460,8124,7301,7414,11415,14037,3983,6858,347,351,827,1146,1070,1793,1304,2629,2032,2704,2647,2770,7255,9358,3647,6251,53343,43747,7029,2295,33721,86,3
2021-04-18T23:59:59+02:00,1301,1432,2387,3501,3203,5069,4179,7178,6324,7996,6946,7032,11321,13932,3980,6846,346,350,825,1142,1069,1786,1302,2616,2026,2699,2641,2757,7229,9326,3645,6248,52828,43625,6564,2293,33232,86,3
2021-04-17T23:59:59+02:00,1300,1430,2387,3500,3203,5065,4174,7175,6317,7986,6932,7022,11319,13930,3980,6846,346,350,824,1141,1069,1786,1301,2615,2025,2697,2638,2755,7228,9326,3645,6248,52807,43613,6562,2292,33194,86,3
2021-04-16T23:59:59+02:00,1297,1429,2377,3495,3195,5058,4154,7157,6266,7953,6856,6939,11308,13916,3978,6844,346,349,821,1139,1067,1786,1299,2614,2022,2697,2637,2748,7225,9324,3644,6248,52751,43590,6328,2287,33140,86,3
2021-04-15T23:59:59+02:00,1259,1407,2322,3450,3097,4999,3995,7031,6010,7723,6319,6388,11062,13630,3964,6813,338,347,803,1118,1028,1727,1254,2542,1949,2602,2561,2678,7137,9237,3634,6231,51671,43001,5942,2101,31853,81,3
2021-04-14T23:59:59+02:00,1237,1394,2287,3422,3027,4937,3888,6925,5820,7517,5680,5687,10673,13143,3932,6762,330,344,791,1109,1011,1702,1224,2501,1898,2551,2484,2609,6989,9042,3615,6205,50270,42342,5735,1980,30324,81,2
2021-04-13T23:59:59+02:00,1223,1385,2255,3393,2973,4874,3778,6845,5574,7298,5149,5141,10331,12732,3909,6734,309,330,773,1081,988,1682,1200,2466,1862,2510,2419,2544,6872,8906,3579,6144,49255,41662,5532,1922,28805,79,2
2021-04-12T23:59:59+02:00,1208,1379,2232,3369,2923,4830,3654,6764,5366,7148,4825,4848,10082,12451,3900,6711,293,326,762,1077,972,1666,1186,2443,1813,2465,2343,2485,6758,8765,3564,6123,48792,41094,5335,1873,27561,72,2
2021-04-11T23:59:59+02:00,1203,1367,2214,3350,2890,4810,3593,6693,5221,7040,4594,4650,9897,12254,3894,6700,287,324,757,1069,962,1652,1175,2415,1791,2435,2289,2426,6674,8657,3550,6103,48711,40679,5100,1814,26557,71,2
2021-04-10T23:59:59+02:00,1203,1366,2212,3346,2888,4806,3588,6690,5211,7029,4589,4641,9889,12241,3894,6699,284,320,742,1062,949,1647,1152,2395,1722,2383,2204,2340,6619,8610,3549,6099,48658,40513,5100,1491,26532,71,2
2021-04-09T23:59:59+02:00,1200,1363,2205,3344,2880,4797,3579,6679,5181,7005,4565,4615,9864,12211,3893,6699,275,318,722,1052,936,1626,1120,2348,1631,2307,1986,2072,6466,8453,3528,6066,48585,39670,5095,1163,26398,71,2
2021-04-08T23:59:59+02:00,1176,1343,2150,3288,2797,4707,3439,6554,4946,6772,4176,4209,9325,11644,3876,6645,250,298,669,992,878,1553,1049,2253,1496,2187,1711,1738,6004,7898,3440,5923,48131,37122,4573,1152,24341,63,2
2021-04-07T23:59:59+02:00,1166,1329,2119,3272,2755,4669,3350,6492,4785,6639,3884,3909,8765,11094,3859,6614,216,268,609,938,818,1484,990,2193,1390,2088,1571,1566,5411,7201,3350,5769,47924,34650,4102,1149,22674,62,1
2021-04-06T23:59:59+02:00,1145,1312,2078,3248,2717,4637,3286,6446,4659,6547,3638,3667,8277,10587,3843,6584,209,263,581,920,794,1437,946,2137,1307,2002,1429,1380,4839,6414,3239,5566,47728,32261,3566,1142,21376,59,1
2021-04-05T23:59:59+02:00,1143,1308,2074,3245,2707,4635,3272,6432,4637,6529,3608,3641,8249,10550,3839,6582,206,250,574,904,775,1413,930,2101,1267,1962,1382,1317,4626,6144,3191,5511,47641,31353,3562,1140,21247,59,1
2021-04-04T23:59:59+02:00,1143,1308,2074,3244,2707,4634,3272,6432,4636,6528,3604,3639,8247,10548,3839,6582,206,250,573,904,775,1413,930,2101,1267,1961,1382,1317,4625,6144,3191,5511,47635,31350,3562,1140,21239,59,1
2021-04-03T23:59:59+02:00,1143,1308,2074,3244,2707,4634,3272,6432,4636,6528,3603,3637,8247,10546,3839,6582,206,250,573,904,775,1413,930,2101,1267,1961,1382,1317,4625,6144,3191,5511,47633,31350,3562,1140,21236,59,1
2021-04-02T23:59:59+02:00,1143,1308,2074,3242,2707,4633,3272,6429,4636,6526,3601,3633,8245,10545,3839,6582,206,250,573,904,775,1411,930,2101,1267,1960,1382,1315,4623,6143,3190,5511,47617,31342,3562,1139,21235,59,1
2021-04-01T23:59:59+02:00,1129,1271,2008,3120,2602,4438,3125,6182,4479,6290,3557,3597,8148,10440,3828,6566,201,241,569,896,764,1405,920,2087,1244,1944,1361,1288,4386,5825,3070,5346,47255,30359,3557,1135,19967,52,1
2021-03-31T23:59:59+02:00,1111,1239,1970,3020,2526,4295,3035,5969,4351,6060,3476,3516,7998,10241,3807,6531,193,238,562,884,760,1387,909,2066,1201,1909,1306,1226,3900,5228,2944,5112,46654,28644,3430,1135,19060,45,1
2021-03-30T23:59:59+02:00,1089,1203,1921,2839,2424,4070,2885,5611,4149,5675,3383,3422,7834,10038,3781,6479,188,233,554,872,748,1366,887,2046,1153,1864,1221,1142,3380,4519,2720,4779,46020,26505,3268,1135,17514,31,1
2021-03-29T23:59:59+02:00,1073,1159,1860,2704,2339,3908,2746,5357,3987,5401,3287,3324,7675,9810,3752,6432,187,230,548,861,738,1352,869,2022,1118,1835,1147,1056,2802,3841,2541,4486,45382,24480,3041,1131,16390,21,1
2021-03-28T23:59:59+02:00,1053,1124,1788,2539,2256,3703,2625,5059,3835,5126,3222,3259,7610,9746,3748,6426,187,230,545,858,737,1349,867,2016,1115,1832,1138,1044,2747,3774,2528,4459,45275,24284,2831,1128,15012,13,1
2021-03-27T23:59:59+01:00,1053,1124,1788,2538,2255,3702,2622,5059,3832,5126,3218,3259,7609,9746,3748,6426,187,230,544,858,737,1349,866,2016,1113,1832,1138,1044,2747,3774,2528,4459,45266,24280,2831,1128,15007,13,1
2021-03-26T23:59:59+01:00,1050,1102,1745,2422,2191,3543,2562,4848,3746,4903,3196,3242,7606,9741,3747,6425,187,229,543,858,736,1349,866,2016,1113,1829,1134,1043,2744,3766,2527,4456,45240,24256,2829,1128,13999,11,1
2021-03-25T23:59:59+01:00,1024,1071,1694,2319,2109,3374,2456,4625,3636,4709,3096,3152,7479,9609,3740,6411,185,226,538,857,729,1339,860,1999,1098,1805,1089,999,2519,3421,2330,4165,44980,23019,2497,1128,13026,11,1
2021-03-24T23:59:59+01:00,1002,1053,1674,2277,2078,3323,2422,4558,3592,4640,3009,3083,7351,9438,3722,6392,185,222,532,854,722,1329,849,1984,1080,1784,1049,957,2133,2878,1941,3654,44445,21015,2368,1126,12800,11,1
2021-03-23T23:59:59+01:00,992,1047,1656,2245,2055,3289,2386,4515,3553,4588,2942,3010,7259,9338,3704,6364,183,219,528,849,715,1318,835,1965,1044,1754,969,867,1775,2390,1596,3192,43935,19095,2357,1092,12650,11,1
2021-03-22T23:59:59+01:00,989,1040,1641,2230,2041,3271,2364,4487,3516,4548,2897,2976,7197,9268,3689,6347,180,216,527,839,699,1295,821,1951,1015,1727,923,796,1308,1817,1248,2712,43601,17024,2337,1038,12562,11,1
2021-03-21T23:59:59+01:00,989,1040,1640,2227,2041,3270,2361,4483,3505,4541,2884,2969,7149,9212,3683,6341,180,214,526,837,698,1291,819,1947,1004,1722,900,777,1231,1732,1194,2642,43456,16722,2334,980,12544,11,1
2021-03-20T23:59:59+01:00,988,1039,1639,2227,2041,3270,2361,4483,3503,4539,2884,2968,7149,9211,3683,6341,180,214,526,837,698,1291,819,1947,992,1709,865,749,1198,1709,1186,2640,43456,16720,2330,828,12539,11,1
2021-03-19T23:59:59+01:00,987,1031,1632,2215,2030,3266,2359,4476,3496,4531,2874,2957,7136,9194,3682,6338,180,213,525,837,698,1289,819,1946,985,1704,821,711,1139,1659,1176,2630,43393,16678,2325,642,12485,11,1
2021-03-18T23:59:59+01:00,948,999,1557,2103,1906,3099,2212,4231,3267,4280,2722,2799,6834,8829,3615,6239,179,212,520,832,691,1282,810,1935,963,1688,803,689,1064,1553,1036,2431,41997,16111,2015,565,11627,11,1
2021-03-17T23:59:59+01:00,895,966,1487,2046,1843,3033,2147,4169,3172,4184,2587,2667,6409,8335,3551,6123,178,210,517,827,689,1278,806,1930,958,1680,775,670,930,1401,880,2218,40226,15371,2012,564,11375,11,1
2021-03-16T23:59:59+01:00,870,943,1452,2007,1804,2985,2094,4114,3078,4086,2453,2508,5938,7690,3462,5973,172,205,512,826,685,1271,801,1921,950,1667,770,657,842,1275,738,2053,38242,14769,1952,564,11262,11,1
2021-03-15T23:59:59+01:00,853,936,1434,1985,1766,2930,2056,4042,2978,3977,2321,2337,5454,7147,3389,5860,171,204,511,819,683,1262,797,1911,940,1651,759,647,772,1164,588,1856,36475,14198,1854,526,11136,11,0
2021-03-14T23:59:59+01:00,848,922,1409,1956,1742,2901,2026,3982,2917,3911,2143,2144,5268,6921,3357,5829,171,204,510,816,681,1251,796,1904,937,1641,742,639,756,1145,564,1801,35456,14054,1756,501,11064,3,0
2021-03-13T23:59:59+01:00,840,916,1388,1945,1726,2888,2001,3954,2845,3863,2073,2070,5221,6868,3355,5828,171,204,510,816,681,1251,796,1904,937,1641,740,638,756,1142,563,1801,35207,14047,1516,501,11058,3,0
2021-03-12T23:59:59+01:00,816,901,1344,1889,1665,2789,1904,3802,2688,3697,1875,1833,5038,6646,3325,5785,171,204,509,816,681,1251,795,1904,937,1640,733,635,743,1127,556,1798,33884,13997,1276,500,10837,3,0
2021-03-11T23:59:59+01:00,781,841,1275,1807,1582,2642,1821,3601,2526,3524,1611,1525,4672,6176,3190,5602,162,198,503,807,671,1242,781,1869,916,1600,605,575,674,1086,536,1767,31775,13500,1179,490,10222,2,0
2021-03-10T23:59:59+01:00,765,790,1252,1749,1548,2585,1771,3532,2445,3434,1543,1436,4203,5636,3072,5351,162,196,494,785,653,1229,773,1850,909,1584,537,561,641,1077,529,1761,29967,13351,1174,388,9971,2,0
2021-03-09T23:59:59+01:00,753,768,1232,1719,1520,2539,1732,3481,2372,3382,1451,1340,3644,4887,2885,5045,160,195,489,764,643,1205,759,1818,897,1556,533,559,639,1072,526,1755,27804,13292,1172,276,9774,2,0
2021-03-08T23:59:59+01:00,748,741,1219,1700,1504,2519,1705,3445,2334,3339,1359,1240,2975,4058,2648,4675,156,192,475,740,622,1172,740,1768,873,1519,528,557,639,1071,526,1755,25353,13284,1172,49,9684,0,0
2021-03-07T23:59:59+01:00,745,737,1211,1691,1496,2505,1697,3437,2323,3331,1346,1224,2874,3938,2626,4625,156,192,475,740,622,1172,740,1768,873,1519,528,557,639,1071,526,1755,25004,13284,1170,49,9632,0,0
2021-03-06T23:59:59+01:00,744,737,1210,1688,1493,2502,1693,3434,2320,3330,1343,1224,2874,3938,2626,4625,155,192,475,740,622,1172,740,1768,873,1519,528,557,639,1071,526,1755,25000,13283,1170,49,9611,0,0
2021-03-05T23:59:59+01:00,680,711,1184,1674,1472,2493,1668,3419,2291,3321,1338,1222,2866,3930,2623,4620,155,192,475,740,622,1171,740,1768,873,1517,527,557,639,1071,526,1755,24970,13279,1166,49,9376,0,0
2021-03-04T23:59:59+01:00,615,662,1118,1605,1415,2411,1628,3339,2217,3244,1288,1174,2649,3566,2440,4333,154,187,472,726,610,1159,729,1740,864,1504,517,547,627,1061,521,1746,23752,13116,1159,48,8793,0,0
2021-03-03T23:59:59+01:00,579,623,1050,1542,1318,2329,1528,3253,2093,3160,1244,1129,2282,3045,2087,3887,154,187,470,723,610,1159,728,1738,862,1502,515,546,625,1058,521,1744,21894,13095,1157,47,8098,0,0
2021-03-02T23:59:59+01:00,561,590,1013,1497,1262,2287,1471,3201,1997,3099,1161,1029,1917,2566,1696,3366,152,185,465,717,605,1148,718,1728,857,1482,506,537,614,1037,502,1712,19831,12918,1154,47,7728,0,0
2021-03-01T23:59:59+01:00,554,542,995,1458,1216,2227,1425,3136,1942,3026,1118,955,1424,1971,1317,2830,150,185,465,717,605,1147,718,1725,856,1482,504,537,611,1028,498,1701,17563,12882,1151,47,7422,0,0
2021-02-28T23:59:59+01:00,547,529,978,1419,1190,2166,1397,3078,1887,2953,1097,933,1311,1830,1244,2741,150,185,464,716,605,1147,717,1723,855,1481,502,537,611,1028,498,1701,17085,12873,1149,47,7066,0,0
2021-02-27T23:59:59+01:00,547,527,977,1419,1190,2164,1397,3077,1887,2952,1097,933,1311,1829,1243,2741,150,185,463,715,602,1145,715,1721,853,1480,502,537,611,1028,498,1701,17083,12873,1149,33,7059,0,0
2021-02-26T23:59:59+01:00,398,476,847,1376,1107,2121,1331,3036,1828,2910,1092,926,1308,1828,1243,2740,150,185,463,715,602,1145,715,1720,853,1479,502,537,611,1028,498,1701,17073,12872,1149,32,6345,0,0
2021-02-25T23:59:59+01:00,307,421,754,1285,1023,2032,1233,2864,1690,2748,1054,894,1226,1704,1130,2552,143,175,451,702,586,1120,708,1695,835,1456,490,523,583,997,484,1682,16484,12608,1149,22,5284,0,0
2021-02-24T23:59:59+01:00,258,375,682,1210,949,1944,1179,2747,1625,2631,1027,874,1103,1559,974,2339,141,175,448,699,582,1119,707,1689,834,1452,485,518,575,992,481,1670,15780,12548,1147,19,4549,0,0
2021-02-23T23:59:59+01:00,246,354,660,1152,921,1865,1131,2635,1550,2522,1003,846,1026,1431,834,2178,141,175,448,697,582,1119,707,1686,832,1451,484,516,573,991,481,1669,15225,12538,1115,14,4014,0,0
2021-02-22T23:59:59+01:00,231,333,636,1122,889,1782,1081,2543,1466,2399,958,817,908,1288,653,1925,141,175,447,696,580,1118,705,1686,826,1449,483,515,572,989,480,1667,14483,12526,1046,3,3502,0,0
2021-02-21T23:59:59+01:00,225,322,602,1058,839,1676,1038,2442,1386,2292,941,796,876,1237,600,1861,141,174,444,689,579,1114,705,1681,826,1448,482,515,571,989,479,1666,14277,12500,1005,3,2909,0,0
2021-02-20T23:59:59+01:00,225,319,599,1057,837,1672,1035,2437,1373,2275,905,767,843,1214,592,1859,141,174,444,689,579,1114,705,1681,826,1448,482,515,570,989,479,1666,14277,12499,850,3,2882,0,0
2021-02-19T23:59:59+01:00,216,311,589,1049,824,1657,1014,2420,1340,2232,662,666,704,1152,567,1842,141,174,444,688,579,1112,704,1679,823,1445,482,515,570,988,478,1666,13802,12485,668,3,2775,0,0
2021-02-18T23:59:59+01:00,199,261,550,928,742,1431,884,2161,1092,1857,582,598,665,1112,548,1825,136,173,431,676,564,1095,698,1653,807,1417,479,512,569,986,478,1666,13645,12337,572,3,1218,0,0
2021-02-17T23:59:59+01:00,194,224,530,880,706,1334,826,1993,1007,1725,560,578,665,1109,546,1822,129,171,420,666,556,1079,679,1622,794,1395,476,510,567,983,478,1665,13629,12187,572,3,498,0,0
2021-02-16T23:59:59+01:00,188,221,523,865,691,1304,807,1954,974,1685,548,573,659,1107,545,1820,124,166,406,660,545,1063,667,1604,785,1381,469,505,560,970,472,1638,13601,12013,572,2,291,0,0
2021-02-15T23:59:59+01:00,173,212,517,838,685,1270,793,1919,945,1638,547,571,658,1107,545,1820,121,165,399,651,535,1044,639,1577,771,1363,467,503,560,970,472,1638,13599,11873,533,2,106,0,0
2021-02-14T23:59:59+01:00,168,205,514,826,684,1261,790,1910,927,1629,546,571,658,1104,544,1820,114,162,388,640,518,1026,621,1563,764,1351,467,501,558,968,472,1638,13593,11749,532,2,32,0,0
2021-02-13T23:59:59+01:00,167,205,513,826,684,1261,790,1910,927,1629,546,571,658,1104,544,1820,114,162,387,639,518,1026,621,1563,764,1351,467,501,558,968,472,1638,13592,11747,532,2,31,0,0
2021-02-12T23:59:59+01:00,166,204,509,825,683,1259,786,1909,925,1626,545,571,658,1104,544,1820,110,160,385,633,514,1020,607,1549,760,1334,465,500,547,948,468,1613,13585,11611,531,2,18,0,0
2021-02-11T23:59:59+01:00,164,203,505,818,676,1256,784,1905,919,1624,540,565,651,1098,539,1814,90,124,356,562,468,941,556,1432,716,1240,440,455,506,894,427,1518,13534,10724,519,1,8,0,0
2021-02-10T23:59:59+01:00,161,201,495,801,660,1241,772,1878,904,1600,532,559,641,1086,534,1804,80,113,328,504,441,834,514,1258,642,1085,390,405,440,783,381,1359,13410,9556,458,1,1,0,0
2021-02-09T23:59:59+01:00,160,195,487,762,644,1202,752,1817,893,1558,519,548,635,1072,526,1787,75,98,309,438,406,750,474,1154,577,986,359,352,401,698,350,1245,13301,8672,256,0,0,0,0
2021-02-08T23:59:59+01:00,156,191,470,737,622,1167,732,1767,873,1514,513,547,633,1066,522,1773,62,72,264,370,358,614,415,926,504,808,302,297,338,547,293,1050,13233,7220,50,0,0,0,0
2021-02-07T23:59:59+01:00,156,190,469,736,620,1166,731,1759,871,1512,512,547,633,1066,522,1772,61,64,246,335,339,570,399,894,485,775,301,289,336,540,291,1047,13212,6972,50,0,0,0,0
2021-02-06T23:59:59+01:00,156,190,469,736,620,1166,731,1759,871,1512,512,547,633,1066,522,1772,61,64,246,335,339,570,399,893,483,773,301,288,335,538,290,1047,13212,6962,50,0,0,0,0
2021-02-05T23:59:59+01:00,156,190,469,736,620,1166,731,1759,871,1511,512,547,633,1066,522,1772,59,64,244,333,333,566,391,871,474,753,291,283,325,516,275,1011,13211,6789,50,0,0,0,0
2021-02-04T23:59:59+01:00,150,185,465,727,613,1158,727,1745,865,1502,505,541,612,1041,513,1754,43,50,210,302,292,470,350,730,382,608,227,215,242,355,205,747,13054,5428,49,0,0,0,0
2021-02-03T23:59:59+01:00,149,185,459,721,605,1149,723,1734,857,1486,496,533,599,1028,505,1746,35,32,155,213,238,348,262,557,307,462,180,169,171,268,156,565,12927,4118,48,0,0,0,0
2021-02-02T23:59:59+01:00,149,184,457,720,605,1149,720,1728,851,1483,495,532,595,1025,504,1742,26,26,136,169,193,279,219,424,256,373,140,130,129,201,121,446,12891,3268,48,0,0,0,0
2021-02-01T23:59:59+01:00,147,184,456,719,600,1146,719,1719,849,1478,494,530,590,1022,503,1737,21,19,99,125,137,188,152,299,168,259,89,93,87,127,66,242,12845,2171,48,0,0,0,0
2021-01-31T23:59:59+01:00,147,184,456,716,597,1145,719,1715,849,1477,492,530,589,1020,503,1736,15,15,66,84,95,123,115,222,141,203,84,87,83,119,64,228,12827,1744,48,0,0,0,0
2021-01-30T23:59:59+01:00,147,184,455,716,595,1143,718,1714,849,1477,492,530,588,1020,503,1736,15,15,66,84,95,121,113,218,138,200,83,86,83,113,58,218,12826,1706,41,0,0,0,0
2021-01-29T23:59:59+01:00,147,184,455,714,594,1141,716,1712,847,1476,492,530,588,1020,503,1736,13,15,55,79,78,117,96,207,115,188,78,79,82,109,57,217,12822,1585,33,0,0,0,0
2021-01-28T23:59:59+01:00,140,179,442,697,577,1116,710,1685,824,1447,485,524,585,1017,500,1733,8,3,12,19,24,45,29,95,47,89,45,50,54,79,42,162,12636,803,25,0,0,0,0
2021-01-27T23:59:59+01:00,133,177,431,687,569,1107,694,1651,817,1424,482,522,581,1012,500,1728,4,1,4,11,10,23,13,39,22,31,12,17,24,31,18,51,12492,311,23,0,0,0,0
2021-01-26T23:59:59+01:00,127,173,417,674,556,1093,685,1628,806,1403,476,517,575,995,494,1694,4,1,4,10,7,21,11,36,16,28,12,15,23,30,18,50,12299,286,14,0,0,0,0
2021-01-25T23:59:59+01:00,124,171,408,662,545,1073,657,1600,788,1386,474,514,573,994,494,1694,3,1,3,9,7,16,6,27,11,22,9,6,13,19,9,32,12154,193,3,0,0,0,0
2021-01-24T23:59:59+01:00,117,168,398,652,531,1055,640,1587,775,1375,473,511,572,994,494,1694,2,0,1,6,7,4,4,7,4,9,1,2,11,12,6,18,12033,94,3,0,0,0,0
2021-01-23T23:59:59+01:00,117,168,398,651,531,1055,640,1587,775,1375,473,511,572,994,494,1694,1,0,1,6,7,4,4,7,4,9,1,2,11,12,6,18,12032,93,3,0,0,0,0
2021-01-22T23:59:59+01:00,113,166,392,645,528,1049,626,1573,769,1358,473,508,561,973,488,1668,1,0,1,6,7,4,4,7,4,9,1,2,11,12,6,18,11887,93,3,0,0,0,0
2021-01-21T23:59:59+01:00,101,158,377,627,505,1016,596,1524,746,1316,457,470,528,929,455,1602,1,0,1,6,7,4,4,7,4,9,1,2,11,12,6,18,11404,93,3,0,0,0,0
2021-01-20T23:59:59+01:00,82,116,343,538,461,876,538,1291,658,1131,397,411,445,794,395,1385,1,0,1,5,7,4,4,7,4,9,1,2,11,12,6,18,9858,92,3,0,0,0,0
2021-01-19T23:59:59+01:00,77,104,314,462,421,787,498,1177,606,1028,373,374,410,716,365,1294,1,0,1,3,7,4,4,7,4,9,1,0,8,8,5,17,9003,79,3,0,0,0,0
2021-01-18T23:59:59+01:00,63,74,269,375,366,637,425,946,513,831,307,307,345,565,310,1102,1,0,1,3,7,4,4,7,4,9,1,0,8,8,5,17,7433,79,2,0,0,0,0
2021-01-17T23:59:59+01:00,61,65,250,340,344,585,406,904,490,793,304,298,344,558,308,1094,0,0,0,0,0,0,0,0,0,0,0,0,0,0,0,0,7142,0,2,0,0,0,0
2021-01-16T23:59:59+01:00,61,65,250,340,344,585,406,903,488,791,304,297,342,554,307,1094,0,0,0,0,0,0,0,0,0,0,0,0,0,0,0,0,7129,0,2,0,0,0,0
2021-01-15T23:59:59+01:00,59,65,249,337,338,579,395,880,477,766,290,291,325,527,286,1056,0,0,0,0,0,0,0,0,0,0,0,0,0,0,0,0,6918,0,2,0,0,0,0
2021-01-14T23:59:59+01:00,45,52,235,316,314,504,361,755,390,622,227,218,242,356,209,765,0,0,0,0,0,0,0,0,0,0,0,0,0,0,0,0,5611,0,0,0,0,0,0
2021-01-13T23:59:59+01:00,39,42,211,261,272,408,297,607,319,500,177,175,174,273,166,598,0,0,0,0,0,0,0,0,0,0,0,0,0,0,0,0,4519,0,0,0,0,0,0
2021-01-12T23:59:59+01:00,35,40,206,248,258,376,275,530,288,456,141,134,135,208,129,466,0,0,0,0,0,0,0,0,0,0,0,0,0,0,0,0,3925,0,0,0,0,0,0
2021-01-11T23:59:59+01:00,29,36,195,228,239,324,227,444,239,382,110,105,101,135,76,295,0,0,0,0,0,0,0,0,0,0,0,0,0,0,0,0,3165,0,0,0,0,0,0
2021-01-10T23:59:59+01:00,27,31,157,167,196,250,189,348,197,305,98,99,98,130,74,281,0,0,0,0,0,0,0,0,0,0,0,0,0,0,0,0,2647,0,0,0,0,0,0
2021-01-09T23:59:59+01:00,27,31,150,163,194,242,185,341,195,300,98,99,98,130,74,281,0,0,0,0,0,0,0,0,0,0,0,0,0,0,0,0,2608,0,0,0,0,0,0
2021-01-08T23:59:59+01:00,24,28,121,140,173,229,161,312,167,279,93,89,97,126,73,280,0,0,0,0,0,0,0,0,0,0,0,0,0,0,0,0,2392,0,0,0,0,0,0
2021-01-07T23:59:59+01:00,9,3,16,24,31,55,36,104,60,112,48,51,60,85,47,191,0,0,0,0,0,0,0,0,0,0,0,0,0,0,0,0,932,0,0,0,0,0,0
2021-01-06T23:59:59+01:00,4,1,5,11,9,22,13,39,19,31,13,14,25,35,20,58,0,0,0,0,0,0,0,0,0,0,0,0,0,0,0,0,319,0,0,0,0,0,0
2021-01-05T23:59:59+01:00,3,1,4,9,8,18,10,31,14,26,10,14,22,30,19,52,0,0,0,0,0,0,0,0,0,0,0,0,0,0,0,0,271,0,0,0,0,0,0
2021-01-04T23:59:59+01:00,2,1,2,7,8,10,4,15,7,16,5,3,11,16,8,28,0,0,0,0,0,0,0,0,0,0,0,0,0,0,0,0,143,0,0,0,0,0,0
2021-01-03T23:59:59+01:00,2,0,1,6,8,4,4,7,4,9,1,2,11,12,7,18,0,0,0,0,0,0,0,0,0,0,0,0,0,0,0,0,96,0,0,0,0,0,0
2021-01-02T23:59:59+01:00,2,0,1,6,8,4,4,7,4,9,1,2,11,12,7,18,0,0,0,0,0,0,0,0,0,0,0,0,0,0,0,0,96,0,0,0,0,0,0
2021-01-01T23:59:59+01:00,1,0,1,6,8,4,4,7,4,9,1,2,11,12,7,18,0,0,0,0,0,0,0,0,0,0,0,0,0,0,0,0,95,0,0,0,0,0,0
2020-12-31T23:59:59+01:00,1,0,1,5,8,4,4,7,4,9,1,2,11,12,7,18,0,0,0,0,0,0,0,0,0,0,0,0,0,0,0,0,94,0,0,0,0,0,0
2020-12-30T23:59:59+01:00,1,0,1,5,8,4,4,7,4,9,1,2,11,12,7,18,0,0,0,0,0,0,0,0,0,0,0,0,0,0,0,0,94,0,0,0,0,0,0
2020-12-29T23:59:59+01:00,1,0,1,3,8,4,4,7,4,9,1,0,8,8,6,17,0,0,0,0,0,0,0,0,0,0,0,0,0,0,0,0,81,0,0,0,0,0,0
2020-12-28T23:59:59+01:00,1,0,1,3,8,4,4,7,4,9,1,0,8,8,6,17,0,0,0,0,0,0,0,0,0,0,0,0,0,0,0,0,81,0,0,0,0,0,0
2020-12-27T23:59:59+01:00,1,0,1,3,8,4,4,7,4,9,1,0,8,8,6,17,0,0,0,0,0,0,0,0,0,0,0,0,0,0,0,0,81,0,0,0,0,0,0
