Datum,<15_m,<15_w,15-24_1_m,15-24_1_w,25-34_1_m,25-34_1_w,35-44_1_m,35-44_1_w,45-54_1_m,45-54_1_w,55-64_1_m,55-64_1_w,65-74_1_m,65-74_1_w,75-84_1_m,75-84_1_w,>84_1_m,>84_1_w,<24_2_m,<24_2_w,25-34_2_m,25-34_2_w,35-44_2_m,35-44_2_w,45-54_2_m,45-54_2_w,55-64_2_m,55-64_2_w,65-74_2_m,65-74_2_w,75-84_2_m,75-84_2_w,>84_2_m,>84_2_w,bp_1,bp_2,mo_1,mo_2,az_1,az_2,ja,unb_1,unb_2
2021-08-24T23:59:59+02:00,1302,1196,14959,13877,20595,18924,22777,22374,26544,27222,29869,30832,21171,24186,15139,19070,4305,7493,13209,12350,19151,17436,21460,20966,25243,25792,28650,29549,20491,23404,14686,18388,4166,7236,220745,208000,32186,30268,55049,51798,13831,24,25
2021-08-23T23:59:59+02:00,1284,1178,14894,13839,20557,18895,22749,22350,26513,27203,29844,30806,21152,24172,15134,19057,4304,7492,13095,12273,19090,17378,21408,20917,25203,25738,28605,29506,20473,23387,14680,18377,4163,7236,220445,207486,32170,30179,55049,51798,13735,24,25
2021-08-22T23:59:59+02:00,1274,1170,14879,13819,20540,18877,22739,22331,26498,27188,29829,30802,21145,24168,15132,19049,4302,7491,13036,12204,19036,17344,21379,20883,25181,25713,28581,29485,20465,23376,14679,18373,4163,7236,220275,207170,32152,30068,55049,51795,13733,24,25
2021-08-21T23:59:59+02:00,1274,1170,14872,13810,20528,18869,22729,22325,26494,27183,29818,30795,21145,24166,15132,19049,4302,7491,13028,12195,19025,17336,21371,20877,25175,25708,28571,29478,20465,23374,14679,18373,4163,7236,220270,207166,32152,30068,55049,51795,13657,24,25
2021-08-20T23:59:59+02:00,1267,1165,14845,13777,20497,18841,22706,22303,26468,27160,29801,30779,21142,24157,15130,19043,4302,7491,13011,12179,19003,17317,21354,20856,25160,25690,28553,29459,20461,23368,14678,18370,4163,7236,220086,207064,32152,30067,55049,51794,13563,24,25
2021-08-19T23:59:59+02:00,1249,1149,14789,13728,20460,18812,22675,22270,26447,27131,29775,30756,21131,24149,15128,19038,4301,7488,12879,12069,18913,17243,21270,20799,25092,25626,28494,29409,20441,23357,14672,18362,4161,7233,219788,206451,32123,29933,55049,51733,13492,24,25
2021-08-18T23:59:59+02:00,1229,1132,14708,13637,20348,18753,22603,22209,26385,27076,29717,30700,21107,24129,15122,19026,4299,7485,12750,11953,18780,17160,21178,20712,25007,25543,28414,29343,20409,23313,14662,18347,4160,7228,219392,205864,32105,29814,55048,51725,13096,24,25
2021-08-17T23:59:59+02:00,1218,1119,14668,13599,20306,18709,22568,22175,26353,27049,29700,30680,21095,24115,15111,19017,4295,7484,12642,11869,18700,17098,21105,20650,24956,25491,28378,29302,20390,23298,14653,18334,4158,7226,219113,205338,32072,29687,55048,51718,13004,24,24
2021-08-16T23:59:59+02:00,1205,1108,14621,13551,20270,18681,22539,22143,26333,27020,29666,30649,21083,24104,15104,19005,4293,7482,12552,11769,18612,17027,21036,20564,24890,25433,28312,29240,20367,23276,14643,18316,4157,7223,218847,204726,32070,29560,55048,51717,12868,24,24
2021-08-15T23:59:59+02:00,1195,1095,14584,13522,20244,18651,22513,22124,26320,27004,29656,30635,21078,24092,15099,19003,4292,7480,12485,11702,18559,16997,20988,20524,24854,25390,28294,29218,20357,23263,14639,18310,4155,7221,218625,204275,32070,29560,55048,51716,12820,24,24
2021-08-14T23:59:59+02:00,1195,1094,14577,13518,20235,18645,22504,22117,26306,26997,29651,30627,21075,24091,15098,19002,4292,7480,12478,11698,18550,16990,20978,20517,24840,25383,28289,29209,20354,23262,14638,18309,4155,7221,218624,204273,32070,29559,55048,51716,12738,24,24
2021-08-13T23:59:59+02:00,1192,1091,14568,13508,20221,18635,22493,22112,26299,26987,29636,30619,21066,24086,15097,19002,4292,7480,12463,11684,18539,16982,20966,20509,24834,25367,28275,29204,20348,23255,14636,18309,4155,7220,218566,204205,32070,29559,55048,51716,12676,24,24
2021-08-12T23:59:59+02:00,1172,1069,14510,13455,20181,18596,22469,22080,26274,26958,29605,30598,21054,24067,15093,18996,4292,7475,12292,11542,18401,16875,20873,20422,24754,25282,28208,29148,20327,23223,14623,18297,4152,7214,218252,203416,32059,29368,55048,51646,12561,24,24
2021-08-11T23:59:59+02:00,1155,1047,14440,13394,20144,18544,22427,22040,26243,26933,29577,30561,21041,24050,15090,18985,4289,7471,12153,11403,18320,16788,20794,20348,24704,25210,28165,29086,20295,23197,14616,18286,4150,7209,217860,202522,31987,29363,55048,51641,12512,24,24
2021-08-10T23:59:59+02:00,1140,1030,14364,13325,20095,18501,22398,21999,26214,26904,29546,30533,21030,24041,15090,18977,4288,7469,12048,11292,18228,16720,20735,20285,24652,25155,28123,29035,20271,23169,14602,18268,4149,7203,217446,201782,31958,29342,55048,51616,12468,24,24
2021-08-09T23:59:59+02:00,1123,1012,14280,13263,20014,18447,22349,21951,26162,26860,29510,30500,21012,24024,15084,18968,4283,7467,11866,11134,18060,16625,20616,20203,24557,25059,28043,28961,20235,23130,14588,18256,4146,7194,217001,200805,31939,29233,55046,51523,12299,24,24
2021-08-08T23:59:59+02:00,1109,1005,14239,13227,19995,18413,22323,21931,26147,26841,29495,30486,21005,24018,15081,18964,4282,7466,11783,11046,17974,16544,20552,20147,24492,25013,27997,28917,20213,23107,14576,18245,4146,7190,216781,200151,31907,29159,55045,51504,12270,24,24
2021-08-07T23:59:59+02:00,1109,1005,14224,13221,19985,18408,22316,21926,26135,26827,29482,30474,21003,24014,15077,18959,4281,7466,11769,11041,17957,16539,20546,20141,24479,24998,27981,28905,20211,23103,14572,18240,4145,7190,216776,200137,31907,29158,55045,51504,12160,24,24
2021-08-06T23:59:59+02:00,1109,1004,14213,13209,19973,18389,22302,21912,26113,26818,29470,30463,21000,24010,15074,18956,4281,7466,11756,11027,17937,16519,20530,20125,24457,24989,27969,28894,20208,23099,14569,18238,4145,7190,216769,200112,31903,29158,55045,51503,12021,24,24
2021-08-05T23:59:59+02:00,1098,985,14143,13169,19926,18357,22259,21872,26078,26764,29442,30439,20987,23996,15066,18948,4279,7463,11586,10914,17827,16422,20419,20030,24350,24897,27901,28846,20184,23074,14558,18227,4143,7188,216464,199324,31865,29066,55043,51378,11875,24,24
2021-08-04T23:59:59+02:00,1084,969,14080,13100,19825,18276,22196,21815,26042,26723,29393,30393,20964,23978,15056,18936,4279,7460,11399,10743,17600,16287,20246,19903,24235,24774,27793,28750,20157,23041,14545,18215,4140,7186,216207,198286,31708,29011,55042,51135,11588,24,24
2021-08-03T23:59:59+02:00,1060,951,14010,13040,19791,18229,22161,21775,26009,26682,29360,30364,20950,23955,15046,18923,4276,7450,11214,10571,17428,16162,20108,19773,24089,24653,27675,28647,20116,22996,14527,18184,4138,7180,215835,196859,31679,28978,55042,51080,11452,24,24
2021-08-02T23:59:59+02:00,1036,931,13923,12972,19734,18170,22110,21734,25956,26622,29308,30314,20919,23925,15037,18903,4273,7448,11046,10403,17260,16037,19966,19662,23974,24538,27589,28546,20069,22943,14508,18165,4135,7170,215356,195673,31648,28941,55042,51004,11245,24,24
2021-08-01T23:59:59+02:00,1026,916,13863,12923,19695,18153,22091,21714,25931,26602,29289,30297,20910,23913,15033,18896,4273,7447,10904,10260,17103,15928,19817,19554,23831,24433,27484,28467,20055,22919,14500,18152,4135,7166,215123,194788,31592,28859,55042,50655,11191,24,24
2021-07-31T23:59:59+02:00,1026,916,13837,12914,19678,18146,22074,21704,25918,26591,29281,30286,20908,23908,15032,18895,4272,7447,10877,10248,17083,15916,19799,19542,23819,24421,27476,28456,20053,22914,14499,18151,4134,7166,215119,194769,31592,28859,55042,50655,11056,24,24
2021-07-30T23:59:59+02:00,1018,907,13778,12870,19633,18125,22045,21685,25889,26569,29253,30268,20901,23900,15026,18893,4270,7446,10790,10176,17018,15874,19740,19507,23752,24380,27427,28431,20038,22892,14490,18147,4131,7164,214943,194379,31591,28859,55042,50589,10876,24,24
2021-07-29T23:59:59+02:00,994,890,13671,12785,19567,18063,21973,21638,25838,26514,29204,30231,20883,23891,15019,18886,4270,7444,10525,9919,16721,15632,19448,19295,23451,24153,27177,28269,19983,22838,14478,18127,4131,7163,214504,192652,31520,28747,55042,49901,10671,24,24
2021-07-28T23:59:59+02:00,967,861,13541,12656,19445,17959,21890,21556,25757,26433,29128,30162,20861,23855,15006,18874,4268,7442,10234,9716,16460,15446,19190,19108,23222,23964,27021,28124,19934,22765,14459,18105,4128,7158,213863,191319,31487,28661,55037,49391,10250,24,24
2021-07-27T23:59:59+02:00,936,840,13422,12562,19383,17899,21825,21503,25693,26376,29088,30117,20846,23835,15001,18854,4267,7436,9978,9504,16210,15223,18964,18924,23030,23792,26858,27985,19892,22712,14437,18078,4122,7149,213272,189661,31434,28504,55036,49059,10118,23,24
2021-07-26T23:59:59+02:00,911,822,13322,12467,19330,17842,21752,21439,25644,26343,29034,30058,20818,23812,14983,18835,4267,7432,9741,9255,15978,15021,18716,18724,22804,23625,26706,27855,19821,22652,14410,18042,4117,7143,212674,187914,31363,28405,55035,48683,10016,23,24
2021-07-25T23:59:59+02:00,892,811,13247,12396,19251,17796,21695,21388,25604,26295,28998,30012,20801,23796,14977,18829,4264,7431,9555,9113,15777,14873,18515,18583,22635,23514,26557,27735,19771,22604,14395,18029,4114,7140,212377,187013,31303,28252,55035,48265,9745,23,24
2021-07-24T23:59:59+02:00,892,811,13237,12387,19241,17790,21686,21383,25589,26288,28993,30006,20797,23795,14976,18828,4264,7431,9545,9100,15768,14865,18504,18577,22618,23505,26551,27727,19768,22601,14394,18028,4114,7139,212373,186995,31303,28249,55035,48265,9660,23,24
2021-07-23T23:59:59+02:00,884,810,13174,12351,19163,17757,21648,21350,25552,26249,28960,29970,20783,23779,14968,18824,4262,7428,9497,9072,15686,14820,18451,18538,22565,23464,26507,27688,19753,22585,14387,18022,4112,7136,212249,186835,31302,28245,55035,48264,9303,23,24
2021-07-22T23:59:59+02:00,872,797,13077,12271,19106,17690,21600,21320,25502,26202,28936,29948,20771,23761,14966,18818,4259,7426,9178,8800,15284,14574,18087,18282,22233,23218,26302,27554,19696,22529,14374,18000,4109,7131,211784,185008,31216,27992,55032,47351,9267,23,24
2021-07-21T23:59:59+02:00,850,770,12876,12104,18958,17565,21468,21220,25395,26100,28860,29878,20729,23726,14949,18795,4255,7421,8794,8479,14848,14245,17710,18010,21878,22889,26031,27345,19603,22441,14348,17963,4106,7122,211164,183103,31106,27641,55028,46693,8598,23,24
2021-07-20T23:59:59+02:00,820,745,12732,11971,18852,17482,21399,21143,25335,26036,28823,29827,20704,23693,14941,18779,4252,7418,8464,8172,14383,13910,17327,17737,21578,22659,25788,27160,19521,22332,14319,17928,4104,7116,210496,180958,30997,27481,55025,45815,8411,23,23
2021-07-19T23:59:59+02:00,791,717,12611,11855,18760,17411,21341,21083,25280,25983,28773,29790,20679,23665,14931,18765,4248,7412,8134,7914,14016,13654,16980,17488,21254,22458,25561,27018,19452,22257,14297,17906,4098,7110,209782,178920,30892,27317,55025,45103,8373,23,23
2021-07-18T23:59:59+02:00,773,698,12500,11748,18657,17336,21278,21031,25224,25932,28736,29736,20657,23645,14920,18754,4246,7410,7964,7761,13861,13536,16828,17365,21093,22345,25432,26938,19412,22217,14283,17890,4098,7107,209209,177986,30742,27214,55025,44740,8282,23,23
2021-07-17T23:59:59+02:00,773,698,12496,11748,18656,17333,21278,21031,25224,25932,28736,29736,20657,23645,14920,18754,4246,7410,7956,7760,13857,13531,16827,17364,21092,22344,25431,26936,19411,22217,14283,17890,4098,7107,209205,177966,30742,27213,55025,44739,8278,23,23
2021-07-16T23:59:59+02:00,766,693,12422,11692,18618,17302,21241,21004,25191,25909,28710,29717,20655,23642,14920,18752,4246,7410,7806,7658,13704,13457,16684,17306,20954,22286,25324,26888,19393,22198,14282,17884,4098,7104,208996,177518,30742,27141,55024,44347,8105,23,23
2021-07-15T23:59:59+02:00,751,673,12351,11621,18555,17244,21186,20954,25143,25868,28681,29689,20640,23624,14915,18743,4245,7407,7463,7340,13097,13054,16016,16883,20319,21917,24870,26576,19247,22057,14239,17838,4095,7097,208514,175291,30656,26244,55017,42573,8080,23,23
2021-07-14T23:59:59+02:00,722,653,12144,11488,18387,17138,21067,20859,25042,25766,28593,29590,20606,23591,14896,18727,4242,7404,7045,6977,12434,12596,15329,16399,19685,21459,24407,26233,19029,21831,14207,17790,4087,7086,207706,172456,30511,25909,55014,40628,7661,23,23
2021-07-13T23:59:59+02:00,678,619,12004,11357,18265,17056,20954,20761,24947,25671,28523,29525,20577,23552,14876,18717,4240,7394,6578,6543,11800,12099,14637,15889,19083,21043,23968,25908,18850,21616,14163,17727,4083,7077,206690,168786,30373,25736,55003,38958,7627,23,19
2021-07-12T23:59:59+02:00,645,588,11881,11219,18149,16966,20863,20653,24844,25573,28441,29459,20550,23518,14868,18705,4235,7387,6162,6127,11201,11565,14018,15348,18530,20551,23552,25545,18656,21425,14099,17669,4074,7073,205675,165109,30242,24912,55000,38003,7604,23,19
2021-07-11T23:59:59+02:00,609,561,11764,11129,18082,16904,20805,20596,24790,25527,28385,29411,20531,23498,14859,18696,4235,7386,5967,5958,10943,11363,13787,15149,18285,20362,23343,25360,18584,21345,14072,17643,4073,7067,205038,163719,30121,24442,54998,37578,7591,20,19
2021-07-10T23:59:59+02:00,608,561,11757,11128,18079,16902,20802,20596,24787,25526,28384,29411,20531,23498,14858,18694,4235,7386,5960,5957,10941,11357,13778,15145,18284,20360,23341,25358,18582,21344,14071,17643,4073,7067,205020,163693,30120,24441,54998,37571,7585,20,19
2021-07-09T23:59:59+02:00,580,538,11647,11006,18004,16818,20733,20534,24714,25450,28335,29366,20508,23478,14855,18685,4235,7385,5927,5926,10912,11324,13728,15124,18253,20327,23322,25335,18577,21334,14069,17640,4073,7066,204156,163459,30120,24391,54998,37538,7577,20,19
2021-07-08T23:59:59+02:00,545,511,11486,10872,17883,16714,20603,20436,24607,25324,28218,29289,20464,23428,14839,18657,4232,7377,5573,5668,10399,10931,13108,14671,17593,19771,22716,24873,18265,20949,13973,17557,4068,7056,203399,161156,30095,23584,54974,35456,6997,20,19
2021-07-07T23:59:59+02:00,485,458,11321,10728,17802,16629,20534,20367,24533,25246,28156,29225,20436,23393,14834,18645,4230,7369,5262,5374,9875,10482,12529,14194,16914,19252,22151,24375,17953,20585,13871,17460,4061,7033,202396,158700,30073,22124,54954,33616,6948,20,19
2021-07-06T23:59:59+02:00,445,424,11197,10579,17688,16535,20443,20263,24455,25155,28065,29146,20410,23355,14825,18628,4228,7366,4862,4943,9266,9965,11817,13593,16207,18636,21635,23879,17634,20281,13771,17345,4052,7023,201264,154500,30067,21181,54946,32322,6910,20,19
2021-07-05T23:59:59+02:00,423,397,11105,10493,17601,16464,20362,20192,24394,25103,28024,29108,20386,23334,14814,18620,4227,7363,4570,4623,8771,9513,11255,13040,15499,17994,21014,23270,17240,19887,13638,17188,4044,7015,200528,150606,30063,20504,54937,30589,6862,20,19
2021-07-04T23:59:59+02:00,410,391,11029,10438,17534,16411,20312,20143,24362,25067,28008,29090,20377,23323,14808,18617,4226,7362,4425,4530,8640,9347,11064,12864,15259,17784,20749,22998,16968,19595,13579,17097,4040,7011,200045,149294,30059,20197,54936,29611,6848,20,19
2021-07-03T23:59:59+02:00,409,390,11022,10429,17524,16403,20310,20140,24360,25066,28005,29089,20377,23322,14808,18617,4226,7361,4421,4524,8633,9346,11061,12864,15255,17784,20746,22995,16968,19592,13579,17097,4040,7011,200013,149282,30058,20197,54936,29606,6831,20,19
2021-07-02T23:59:59+02:00,365,327,10875,10319,17411,16301,20208,20065,24287,25001,27942,29029,20351,23296,14802,18603,4226,7358,4332,4443,8474,9206,10926,12754,15132,17677,20634,22891,16927,19563,13572,17082,4040,7008,199127,148291,30058,20196,54936,29549,6625,20,19
2021-07-01T23:59:59+02:00,318,283,10738,10182,17282,16208,20085,19975,24203,24926,27879,28978,20331,23272,14786,18588,4223,7354,4128,4241,8176,8867,10556,12342,14565,17180,20126,22349,16639,19264,13364,16869,4030,6986,198049,145233,29999,19511,54930,28323,6613,20,19
2021-06-30T23:59:59+02:00,235,221,10484,9942,17114,16059,19953,19843,24088,24804,27798,28889,20308,23240,14767,18570,4222,7353,3932,4044,7873,8526,10144,11877,14076,16621,19552,21715,16317,18926,13091,16593,4017,6960,196407,141550,29942,19255,54922,26857,6599,20,19
2021-06-29T23:59:59+02:00,190,184,10337,9766,16979,15963,19849,19751,24020,24727,27740,28820,20282,23213,14753,18550,4222,7349,3728,3782,7475,8075,9670,11340,13423,15955,18938,21010,16000,18599,12844,16303,4010,6946,195254,137265,29937,18956,54918,25306,6567,19,19
2021-06-28T23:59:59+02:00,140,132,10139,9583,16858,15856,19746,19650,23927,24633,27672,28759,20252,23183,14739,18531,4220,7347,3524,3524,7075,7632,9237,10846,12872,15417,18443,20495,15750,18334,12725,16170,4004,6935,194077,133434,29823,18531,54915,24479,6533,19,19
2021-06-27T23:59:59+02:00,122,115,10001,9471,16802,15797,19686,19599,23869,24583,27645,28735,20239,23167,14736,18527,4219,7344,3431,3456,6899,7438,9048,10645,12642,15177,18181,20235,15630,18230,12660,16085,4004,6931,193449,132243,29765,18182,54909,23746,6515,19,19
2021-06-26T23:59:59+02:00,122,115,9999,9466,16801,15793,19684,19598,23866,24582,27645,28735,20239,23167,14736,18527,4219,7344,3428,3456,6897,7437,9045,10643,12640,15174,18179,20234,15627,18229,12660,16084,4004,6931,193431,132223,29764,18182,54909,23742,6515,19,19
2021-06-25T23:59:59+02:00,118,112,9952,9425,16764,15760,19651,19569,23830,24554,27621,28717,20233,23160,14734,18524,4219,7344,3408,3410,6823,7326,8949,10488,12526,14978,18035,20027,15605,18200,12652,16081,4003,6930,193114,132044,29730,17828,54909,23048,6515,19,19
2021-06-24T23:59:59+02:00,108,101,9825,9299,16576,15635,19519,19446,23707,24463,27564,28657,20219,23144,14727,18515,4218,7342,3282,3263,6610,6996,8638,10032,11995,14357,17480,19322,15380,17969,12507,15951,4000,6918,192276,129649,29385,16969,54908,21598,6477,19,19
2021-06-23T23:59:59+02:00,102,95,9696,9161,16436,15509,19402,19340,23610,24358,27499,28610,20204,23122,14723,18510,4215,7341,3076,3021,6257,6510,8136,9465,11296,13536,16718,18341,15083,17628,12356,15809,3990,6893,191357,125097,29218,15998,54897,20571,6442,19,19
2021-06-22T23:59:59+02:00,71,69,9406,8855,16208,15308,19216,19192,23466,24232,27428,28525,20181,23097,14715,18491,4211,7335,2842,2732,5772,5963,7514,8704,10388,12496,15692,17140,14788,17269,12249,15685,3977,6870,189675,118666,29011,15508,54893,19496,6410,17,13
2021-06-21T23:59:59+02:00,67,62,9278,8692,16035,15162,19028,19038,23335,24109,27367,28446,20157,23069,14710,18481,4211,7331,2697,2539,5390,5495,7048,8118,9657,11617,14961,16205,14510,16956,12142,15564,3972,6854,188477,113952,28786,14949,54890,18415,6408,17,13
2021-06-20T23:59:59+02:00,64,61,9143,8558,15899,15046,18917,18947,23261,24038,27327,28395,20146,23048,14699,18474,4208,7330,2639,2470,5219,5312,6833,7851,9349,11286,14595,15801,14375,16822,12102,15527,3967,6848,187584,112248,28666,14718,54890,17625,6404,17,13
2021-06-19T23:59:59+02:00,64,61,9143,8556,15898,15039,18915,18947,23260,24038,27327,28394,20146,23048,14699,18474,4208,7330,2636,2469,5218,5308,6832,7851,9349,11285,14593,15797,14373,16822,12102,15527,3967,6848,187572,112232,28664,14716,54890,17624,6404,17,13
2021-06-18T23:59:59+02:00,64,57,9115,8544,15885,15030,18900,18939,23253,24029,27320,28389,20146,23045,14698,18474,4208,7330,2607,2435,5163,5249,6754,7751,9250,11129,14421,15568,14294,16721,12092,15506,3965,6845,187453,111446,28663,14715,54889,17184,6404,17,13
2021-06-17T23:59:59+02:00,57,54,8940,8382,15651,14862,18702,18783,23097,23898,27184,28296,20122,23023,14691,18462,4206,7327,2470,2281,4836,4950,6367,7348,8700,10523,13590,14696,14057,16429,12019,15385,3961,6833,186126,108577,28658,13756,54881,16056,6055,17,13
2021-06-16T23:59:59+02:00,49,52,8709,8167,15415,14637,18491,18583,22907,23731,27078,28186,20093,22980,14677,18442,4202,7321,2356,2173,4594,4748,6014,7002,8175,10037,12872,13857,13707,16046,11934,15296,3956,6821,184339,105130,28559,12955,54878,15575,5927,17,13
2021-06-15T23:59:59+02:00,40,39,8360,7828,15035,14279,18170,18292,22658,23518,26919,28052,20063,22946,14664,18426,4200,7310,2172,2006,4242,4394,5506,6437,7294,9150,11679,12582,13167,15430,11812,15133,3941,6798,181730,98890,28523,12291,54877,14909,5652,17,13
2021-06-14T23:59:59+02:00,34,34,8179,7660,14779,14048,17967,18119,22507,23398,26807,27971,20042,22913,14651,18418,4196,7302,2057,1881,3988,4147,5119,5963,6638,8428,10752,11528,12851,15083,11740,15039,3931,6779,180150,94052,28499,11928,54875,14457,5484,17,13
2021-06-13T23:59:59+02:00,34,34,8102,7605,14698,13962,17851,18008,22426,23318,26777,27941,20029,22902,14647,18412,4196,7302,2009,1853,3905,4049,4999,5823,6407,8185,10459,11193,12694,14905,11682,14983,3930,6778,179393,92661,28490,11636,54871,14079,5473,17,13
2021-06-12T23:59:59+02:00,34,34,8101,7604,14697,13962,17851,18008,22424,23317,26776,27938,20029,22901,14647,18412,4196,7302,2008,1851,3904,4049,4997,5822,6404,8182,10456,11187,12691,14904,11682,14981,3930,6778,179382,92642,28490,11636,54871,14070,5473,17,13
2021-06-11T23:59:59+02:00,34,33,8035,7563,14608,13914,17776,17958,22354,23283,26732,27915,20027,22897,14647,18411,4196,7302,1992,1842,3868,3991,4955,5755,6343,8100,10357,11082,12652,14869,11671,14975,3930,6778,179045,92428,28412,11630,54870,13756,5341,17,13
2021-06-10T23:59:59+02:00,29,26,7693,7264,14212,13550,17347,17582,22024,23001,26537,27734,19983,22852,14634,18393,4193,7290,1887,1759,3653,3829,4682,5485,6024,7732,9742,10471,12136,14209,11603,14867,3922,6771,176445,89273,27917,11250,54857,13135,5108,17,12
2021-06-09T23:59:59+02:00,28,23,7322,6914,13746,13108,16830,17114,21632,22632,26323,27520,19910,22781,14616,18358,4190,7282,1717,1645,3453,3651,4427,5217,5639,7327,8969,9758,11471,13379,11484,14727,3912,6759,173187,85034,27368,10614,54844,12968,4913,17,12
2021-06-08T23:59:59+02:00,23,19,6944,6506,13231,12625,16361,16645,21274,22294,26107,27317,19852,22703,14586,18323,4187,7275,1625,1569,3230,3422,4108,4864,5132,6839,8083,8838,10588,12302,11343,14570,3908,6744,169770,79383,26880,10318,54835,12689,4770,17,11
2021-06-07T23:59:59+02:00,20,16,6664,6213,12801,12249,15960,16246,20947,21997,25945,27161,19816,22650,14565,18304,4180,7269,1563,1497,3040,3249,3830,4636,4732,6463,7371,8087,9680,11157,11233,14424,3897,6726,167203,74645,26453,9947,54815,12473,4515,17,11
2021-06-06T23:59:59+02:00,20,16,6522,6080,12658,12098,15798,16086,20782,21834,25859,27074,19796,22613,14554,18294,4179,7265,1548,1474,2967,3208,3734,4572,4626,6382,7229,7958,9423,10889,11187,14374,3894,6721,165972,73963,26349,9522,54794,12300,4396,17,11
2021-06-05T23:59:59+02:00,20,16,6513,6077,12648,12086,15789,16079,20780,21830,25859,27072,19796,22613,14554,18294,4179,7265,1546,1471,2962,3206,3732,4569,4621,6381,7224,7952,9417,10884,11187,14374,3894,6721,165917,73935,26346,9509,54794,12296,4396,17,11
2021-06-04T23:59:59+02:00,20,16,6482,6037,12590,12035,15729,16031,20752,21798,25842,27055,19792,22607,14551,18294,4179,7265,1545,1465,2949,3196,3713,4555,4611,6367,7189,7909,9385,10814,11149,14333,3893,6720,165822,73661,26086,9496,54772,12253,4378,17,11
2021-06-03T23:59:59+02:00,20,15,6248,5812,12291,11786,15407,15719,20419,21459,25586,26842,19746,22533,14531,18274,4178,7261,1503,1420,2877,3131,3616,4478,4499,6268,6988,7728,9009,10368,11097,14260,3893,6715,163337,72364,25839,9200,54770,12116,4164,17,11
2021-06-02T23:59:59+02:00,20,15,6186,5752,12225,11720,15333,15652,20347,21398,25569,26818,19741,22530,14528,18271,4177,7260,1489,1410,2861,3118,3599,4464,4465,6251,6955,7690,8930,10258,11088,14235,3892,6714,162993,72003,25653,9194,54768,12107,4111,17,9
2021-06-01T23:59:59+02:00,16,15,5728,5254,11482,11021,14507,14920,19629,20730,25159,26433,19650,22441,14494,18224,4169,7252,1376,1302,2561,2850,3221,4127,3977,5790,6128,6888,7743,8637,10844,13888,3878,6697,157944,66604,24998,8288,54740,11588,3425,17,7
2021-05-31T23:59:59+02:00,14,15,5479,4953,11036,10596,13978,14424,19149,20232,24853,26093,19556,22356,14455,18178,4160,7236,1316,1248,2408,2718,3020,3957,3697,5499,5573,6356,6740,7371,10602,13568,3869,6663,154465,62572,24304,7405,54736,11385,3241,17,7
2021-05-30T23:59:59+02:00,14,15,5399,4876,10853,10471,13814,14245,18802,19912,24610,25846,19525,22326,14447,18158,4159,7234,1295,1235,2383,2688,2973,3911,3629,5443,5470,6267,6569,7141,10565,13494,3867,6653,152970,61841,23802,7344,54709,11188,3208,17,7
2021-05-29T23:59:59+02:00,14,15,5397,4876,10853,10467,13810,14242,18802,19911,24609,25844,19525,22326,14447,18158,4159,7234,1294,1232,2382,2687,2971,3908,3629,5441,5469,6265,6564,7137,10565,13494,3867,6653,152954,61831,23802,7341,54708,11176,3208,17,7
2021-05-28T23:59:59+02:00,14,15,5381,4863,10831,10431,13784,14223,18786,19894,24601,25835,19524,22325,14445,18155,4159,7233,1289,1232,2382,2681,2970,3906,3623,5435,5455,6249,6548,7120,10556,13472,3866,6649,152769,61727,23800,7341,54707,11157,3206,17,7
2021-05-27T23:59:59+02:00,11,14,5088,4580,10313,9978,13198,13691,18097,19281,24020,25298,19425,22212,14412,18109,4148,7220,1120,1092,2100,2491,2670,3617,3328,5078,5125,5971,6250,6704,10328,13190,3861,6634,149515,59882,22805,7305,54601,10213,2157,17,6
2021-05-26T23:59:59+02:00,11,14,4823,4319,9875,9596,12677,13170,17484,18672,23386,24620,19301,22063,14366,18054,4142,7203,1040,1010,1942,2338,2470,3420,3066,4833,4736,5621,5694,6055,9960,12659,3845,6598,145402,56744,22050,7268,54479,9443,1830,15,6
2021-05-25T23:59:59+02:00,11,13,4608,4089,9460,9119,12215,12665,16947,18094,22864,23980,19169,21890,14335,17975,4133,7189,989,965,1880,2248,2359,3284,2894,4630,4391,5247,5116,5321,9512,12058,3829,6573,141345,53195,21220,7253,54348,9018,1828,15,6
2021-05-24T23:59:59+02:00,11,13,4494,3930,9248,8915,12011,12405,16646,17772,22535,23582,19093,21811,14320,17955,4131,7188,973,917,1820,2206,2286,3223,2808,4549,4270,5131,4971,5162,9421,11931,3827,6565,139842,52489,20259,7200,54170,8595,1774,15,6
2021-05-23T23:59:59+02:00,11,13,4483,3929,9242,8911,11999,12395,16635,17765,22519,23561,19087,21806,14319,17953,4131,7188,972,913,1818,2202,2283,3221,2802,4545,4263,5115,4963,5148,9414,11918,3826,6564,139733,52414,20256,7187,54169,8590,1774,15,6
2021-05-22T23:59:59+02:00,11,13,4478,3926,9239,8908,11991,12389,16633,17761,22517,23559,19087,21806,14319,17953,4131,7188,972,913,1817,2201,2281,3221,2801,4545,4263,5113,4961,5147,9413,11918,3826,6564,139707,52408,20256,7187,54157,8585,1774,15,6
2021-05-21T23:59:59+02:00,11,13,4445,3887,9171,8833,11918,12300,16542,17686,22453,23491,19067,21788,14315,17946,4131,7186,927,903,1784,2189,2250,3212,2770,4520,4215,5085,4936,5124,9401,11911,3825,6563,139050,52343,20256,7187,54138,8359,1724,15,6
2021-05-20T23:59:59+02:00,8,12,4188,3703,8726,8479,11435,11883,15872,17183,21870,22911,18882,21621,14284,17906,4126,7175,780,838,1527,2029,2006,3056,2528,4301,3965,4854,4779,4961,9286,11767,3817,6538,135646,51611,19881,7089,53723,7331,999,15,6
2021-05-19T23:59:59+02:00,8,12,3941,3458,8228,8011,10854,11334,15199,16479,21191,22186,18681,21390,14243,17856,4120,7158,728,792,1467,1948,1929,2953,2462,4176,3823,4696,4604,4750,9083,11539,3797,6509,130230,50529,19698,6957,53425,6787,981,15,6
2021-05-18T23:59:59+02:00,7,11,3653,3191,7679,7471,10123,10634,14239,15543,20244,21129,18422,21107,14188,17796,4114,7136,674,744,1413,1862,1854,2843,2334,4036,3647,4493,4336,4457,8881,11290,3784,6482,123176,49301,19604,6757,52983,6161,909,15,6
2021-05-17T23:59:59+02:00,7,11,3462,2980,7217,7003,9615,10094,13508,14752,19557,20328,18236,20845,14141,17731,4104,7122,615,689,1332,1799,1780,2761,2225,3962,3510,4380,4088,4226,8738,11078,3771,6453,117925,48502,19363,6543,52517,5467,893,15,6
2021-05-16T23:59:59+02:00,7,10,3333,2906,7009,6825,9411,9879,13254,14517,19329,20099,18158,20766,14127,17712,4103,7116,602,644,1293,1750,1735,2700,2188,3869,3446,4297,3997,4125,8718,11053,3769,6451,116300,48359,19121,6376,52236,5011,889,15,6
2021-05-15T23:59:59+02:00,7,10,3332,2903,7003,6818,9409,9873,13250,14515,19326,20090,18156,20765,14127,17712,4103,7116,602,644,1291,1750,1733,2700,2186,3869,3445,4297,3995,4123,8718,11053,3769,6451,116257,48353,19121,6375,52234,5008,888,15,6
2021-05-14T23:59:59+02:00,7,10,3291,2859,6890,6676,9280,9736,13101,14333,19154,19955,18132,20740,14126,17704,4102,7113,580,632,1270,1731,1705,2679,2152,3843,3401,4260,3945,4069,8711,11046,3769,6450,115853,48315,18373,6225,52152,4884,817,14,6
2021-05-13T23:59:59+02:00,7,10,3167,2694,6564,6356,8842,9338,12555,13852,18549,19358,18002,20596,14093,17668,4097,7111,544,607,1215,1677,1647,2606,2064,3737,3251,4141,3841,3933,8690,11026,3766,6446,112976,48221,17676,5838,51544,4478,650,13,6
2021-05-12T23:59:59+02:00,7,10,3140,2662,6531,6318,8795,9284,12417,13739,18364,19154,17969,20562,14085,17658,4097,7111,543,605,1214,1675,1642,2603,2056,3731,3237,4133,3828,3920,8682,11020,3766,6445,112265,48196,17449,5811,51526,4439,650,13,6
2021-05-11T23:59:59+02:00,5,10,2748,2406,5729,5816,7826,8470,11025,12577,16794,17679,17463,20000,14003,17553,4079,7088,506,547,1086,1568,1478,2447,1869,3552,3016,3873,3721,3807,8613,10928,3762,6440,104861,47967,16827,5616,49449,3504,122,12,6
2021-05-10T23:59:59+02:00,5,8,2560,2237,5254,5435,7129,7844,9991,11660,15499,16307,17085,19550,13940,17439,4072,7064,479,521,1043,1529,1434,2396,1809,3450,2897,3742,3639,3734,8574,10881,3758,6436,99043,47852,15920,5387,47983,2959,121,12,5
2021-05-09T23:59:59+02:00,5,8,2476,2207,5116,5351,6942,7725,9583,11321,14953,15780,16967,19411,13920,17411,4069,7059,463,503,1010,1473,1363,2312,1751,3328,2786,3588,3555,3642,8551,10849,3755,6433,97468,47767,15336,5119,47369,2354,119,12,5
2021-05-08T23:59:59+02:00,5,8,2472,2206,5115,5351,6942,7723,9579,11318,14952,15779,16967,19411,13920,17411,4069,7059,462,502,1010,1473,1363,2311,1751,3328,2785,3587,3553,3642,8551,10849,3755,6433,97454,47763,15335,5119,47367,2351,119,12,5
2021-05-07T23:59:59+02:00,5,8,2300,2144,4842,5257,6580,7569,9130,11103,14509,15459,16790,19209,13908,17382,4069,7057,450,500,999,1462,1348,2296,1716,3318,2735,3552,3508,3602,8474,10768,3755,6430,96747,47740,14815,4774,45632,2281,115,12,5
2021-05-06T23:59:59+02:00,5,8,2063,2011,4290,4907,5927,7193,8363,10545,13532,14637,16394,18759,13859,17288,4057,7044,420,452,957,1363,1261,2135,1610,3094,2513,3269,3330,3402,8296,10577,3746,6417,94174,47301,13575,4170,43076,1322,46,11,5
2021-05-05T23:59:59+02:00,5,8,1938,1898,4004,4683,5494,6822,7672,9958,12414,13579,15718,17924,13756,17186,4048,7020,411,440,944,1336,1231,2091,1575,3018,2453,3185,3280,3362,8218,10480,3740,6407,89761,47170,12250,4024,42074,943,31,11,5
2021-05-04T23:59:59+02:00,5,8,1852,1813,3736,4447,5084,6463,7011,9384,11196,12335,14800,16797,13646,17049,4044,7006,406,431,925,1317,1212,2048,1557,2981,2408,3130,3237,3315,8129,10369,3734,6393,83950,47033,11612,3826,41087,713,17,10,5
2021-05-03T23:59:59+02:00,4,8,1799,1761,3586,4323,4851,6250,6627,9052,10468,11599,14077,15819,13560,16933,4035,6989,400,422,922,1304,1198,2014,1537,2940,2375,3084,3184,3275,8016,10267,3729,6387,79521,46908,11408,3606,40788,522,15,9,5
2021-05-02T23:59:59+02:00,4,8,1789,1742,3512,4298,4768,6197,6557,8991,10352,11485,13890,15625,13528,16906,4034,6984,398,414,916,1289,1195,1997,1534,2927,2359,3067,3169,3258,7980,10235,3728,6383,78964,46889,11131,3509,40555,437,11,9,5
2021-05-01T23:59:59+02:00,4,8,1786,1742,3511,4297,4768,6196,6554,8990,10347,11481,13887,15625,13527,16905,4034,6981,397,414,916,1289,1195,1996,1534,2927,2359,3067,3169,3258,7980,10235,3728,6382,78938,46886,11131,3509,40554,437,11,9,5
2021-04-30T23:59:59+02:00,4,8,1784,1736,3505,4287,4761,6183,6533,8975,10309,11443,13836,15551,13501,16874,4033,6980,397,412,915,1287,1195,1996,1534,2927,2357,3066,3169,3256,7979,10233,3728,6382,78610,46879,11131,3508,40544,433,10,8,5
2021-04-29T23:59:59+02:00,4,7,1656,1694,3264,4172,4485,6034,6220,8724,9895,11053,13257,14848,13398,16720,4027,6972,389,401,906,1266,1175,1962,1509,2890,2327,3018,3154,3244,7966,10215,3726,6378,75836,46762,10745,3507,39834,245,9,6,5
2021-04-28T23:59:59+02:00,4,7,1528,1647,3088,4072,4248,5856,5860,8452,9307,10563,12381,13666,13242,16511,4018,6958,380,391,890,1254,1159,1933,1473,2846,2257,2949,3002,3112,7854,10099,3719,6367,71342,46348,10557,3096,39496,231,7,6,5
2021-04-27T23:59:59+02:00,4,7,1488,1602,2979,3954,4044,5713,5553,8193,8687,9892,11342,12360,13013,16156,4007,6936,368,376,881,1233,1144,1898,1446,2774,2211,2888,2963,3069,7827,10069,3713,6363,66537,46138,10369,2924,39011,151,7,6,5
2021-04-26T23:59:59+02:00,4,7,1461,1569,2866,3877,3871,5569,5242,7979,8198,9451,10587,11434,12869,15952,3996,6918,367,371,871,1222,1128,1887,1416,2754,2184,2858,2914,3019,7781,10020,3707,6358,63126,46041,10179,2676,38532,130,7,6,5
2021-04-25T23:59:59+02:00,4,7,1450,1563,2799,3847,3776,5509,5107,7932,8002,9345,10391,11199,12832,15898,3995,6913,366,366,862,1215,1110,1873,1401,2735,2162,2831,2872,2986,7732,9972,3706,6353,62622,45962,9976,2466,37958,104,7,6,5
2021-04-24T23:59:59+02:00,4,7,1449,1563,2799,3846,3776,5508,5105,7930,7998,9341,10385,11196,12832,15898,3995,6913,366,366,862,1215,1110,1871,1399,2734,2161,2831,2872,2986,7732,9972,3706,6353,62599,45958,9976,2465,37957,103,7,6,5
2021-04-23T23:59:59+02:00,4,7,1433,1553,2731,3812,3694,5478,4987,7882,7864,9281,10299,11086,12808,15857,3993,6909,365,366,861,1212,1110,1871,1398,2734,2161,2831,2872,2986,7731,9972,3706,6353,62469,45953,9696,2464,37500,102,7,6,5
2021-04-22T23:59:59+02:00,4,7,1390,1524,2624,3745,3535,5374,4756,7729,7512,9045,9731,10394,12542,15558,3987,6886,358,365,852,1201,1098,1859,1383,2707,2133,2809,2827,2937,7640,9865,3695,6337,60854,45548,9037,2420,36439,88,7,6,5
2021-04-21T23:59:59+02:00,4,7,1356,1486,2542,3667,3417,5272,4539,7548,7103,8718,8845,9363,12131,14979,3974,6845,354,363,847,1184,1089,1838,1365,2677,2103,2781,2769,2880,7526,9701,3678,6309,58133,45070,8168,2296,35482,88,7,6,5
2021-04-20T23:59:59+02:00,4,7,1333,1460,2472,3593,3315,5174,4364,7366,6717,8388,7953,8235,11669,14388,3960,6831,349,358,835,1171,1080,1816,1341,2654,2070,2738,2708,2823,7378,9518,3648,6256,55278,44360,7403,2291,34537,83,6,5,5
2021-04-19T23:59:59+02:00,4,7,1317,1445,2434,3555,3254,5107,4258,7264,6477,8156,7321,7461,11417,14033,3950,6813,347,356,831,1161,1074,1804,1318,2641,2036,2713,2654,2779,7263,9354,3625,6217,53335,43806,7031,2278,33896,80,6,5,5
2021-04-18T23:59:59+02:00,4,6,1308,1433,2402,3529,3215,5086,4205,7207,6343,8027,6967,7073,11323,13929,3947,6801,347,355,829,1157,1073,1797,1316,2628,2030,2708,2648,2766,7237,9322,3623,6214,52820,43685,6572,2276,33402,80,6,5,5
2021-04-17T23:59:59+02:00,4,6,1307,1431,2402,3528,3214,5082,4200,7204,6336,8017,6953,7063,11321,13927,3947,6801,347,355,828,1156,1073,1797,1314,2627,2029,2706,2645,2764,7236,9322,3623,6214,52798,43672,6570,2275,33364,80,6,5,5
2021-04-16T23:59:59+02:00,4,6,1304,1430,2392,3521,3206,5074,4179,7186,6285,7984,6877,6978,11309,13913,3945,6799,347,354,825,1154,1071,1797,1311,2626,2026,2706,2644,2757,7233,9320,3622,6214,52740,43649,6334,2270,33307,79,6,5,5
2021-04-15T23:59:59+02:00,2,4,1267,1409,2337,3473,3110,5015,4019,7058,6028,7752,6333,6420,11061,13624,3931,6767,339,352,807,1133,1032,1738,1266,2554,1952,2611,2566,2688,7145,9233,3612,6197,51654,43060,5946,2084,31999,74,6,5,3
2021-04-14T23:59:59+02:00,2,4,1245,1396,2302,3445,3041,4953,3912,6952,5837,7543,5691,5718,10672,13139,3899,6716,331,349,795,1124,1015,1713,1236,2513,1901,2561,2489,2619,6997,9038,3593,6171,50252,42401,5739,1964,30466,74,5,5,3
2021-04-13T23:59:59+02:00,2,4,1231,1386,2270,3415,2985,4890,3802,6870,5589,7321,5159,5172,10331,12726,3876,6688,310,335,777,1096,992,1693,1211,2478,1865,2520,2423,2553,6879,8902,3557,6110,49236,41717,5535,1907,28936,71,5,5,3
2021-04-12T23:59:59+02:00,2,4,1215,1380,2244,3392,2935,4845,3676,6790,5379,7171,4832,4877,10082,12445,3867,6665,294,331,763,1092,975,1677,1197,2455,1815,2473,2346,2495,6765,8761,3542,6088,48773,41142,5337,1859,27683,64,3,5,3
2021-04-11T23:59:59+02:00,2,4,1208,1367,2225,3373,2902,4825,3614,6719,5234,7062,4601,4678,9897,12247,3862,6654,287,329,758,1084,965,1663,1186,2427,1793,2443,2292,2436,6682,8653,3528,6068,48690,40727,5101,1801,26676,63,2,5,3
2021-04-10T23:59:59+02:00,2,4,1208,1366,2222,3369,2900,4821,3608,6716,5224,7051,4596,4669,9889,12234,3862,6653,284,325,743,1077,952,1658,1163,2407,1723,2391,2209,2350,6626,8606,3527,6064,48635,40562,5101,1480,26651,60,2,5,3
2021-04-09T23:59:59+02:00,2,4,1205,1363,2215,3367,2892,4812,3599,6705,5194,7027,4572,4643,9864,12204,3861,6653,275,322,723,1067,937,1637,1130,2360,1632,2316,1991,2081,6472,8449,3505,6031,48562,39711,5096,1154,26517,60,2,5,3
2021-04-08T23:59:59+02:00,2,4,1180,1343,2160,3311,2808,4722,3459,6575,4958,6794,4184,4235,9323,11633,3843,6600,250,302,671,1006,879,1565,1057,2263,1498,2196,1716,1746,6012,7892,3418,5888,48106,37156,4570,1151,24451,49,2,5,3
2021-04-07T23:59:59+02:00,2,4,1170,1329,2128,3294,2766,4684,3370,6513,4794,6659,3891,3935,8762,11083,3826,6569,216,272,611,952,819,1494,998,2202,1393,2097,1576,1571,5415,7197,3328,5736,47900,34681,4097,1146,22776,48,1,5,3
2021-04-06T23:59:59+02:00,2,4,1149,1312,2085,3269,2727,4652,3305,6466,4667,6567,3640,3681,8273,10573,3810,6539,209,266,583,933,794,1445,954,2145,1310,2010,1432,1384,4840,6408,3218,5531,47705,32277,3561,1138,21449,45,1,5,3
2021-04-05T23:59:59+02:00,2,4,1146,1308,2081,3266,2717,4650,3291,6452,4645,6549,3608,3654,8245,10536,3806,6537,206,253,576,917,775,1421,938,2109,1270,1970,1385,1321,4627,6138,3170,5476,47619,31369,3556,1136,21316,45,1,5,3
2021-04-04T23:59:59+02:00,2,4,1146,1308,2081,3265,2717,4649,3291,6452,4644,6548,3604,3652,8243,10534,3806,6537,206,253,575,917,775,1421,938,2109,1270,1969,1385,1321,4626,6138,3170,5476,47613,31366,3556,1136,21308,45,1,5,3
2021-04-03T23:59:59+02:00,2,4,1146,1308,2080,3265,2717,4649,3291,6452,4644,6548,3603,3650,8243,10532,3806,6537,206,253,575,917,775,1421,938,2109,1270,1969,1385,1321,4626,6138,3170,5476,47611,31366,3555,1136,21305,45,1,5,3
2021-04-02T23:59:59+02:00,2,4,1146,1308,2080,3263,2717,4648,3291,6449,4644,6546,3601,3646,8241,10531,3806,6537,206,253,575,917,775,1419,938,2109,1270,1968,1385,1319,4624,6137,3169,5476,47595,31358,3555,1135,21304,45,1,5,3
2021-04-01T23:59:59+02:00,1,4,1133,1271,2015,3141,2609,4449,3143,6200,4487,6307,3557,3610,8143,10426,3796,6521,201,244,571,909,764,1413,928,2095,1247,1952,1364,1292,4385,5818,3051,5311,47229,30374,3550,1131,20028,38,1,5,3
2021-03-31T23:59:59+02:00,1,4,1115,1239,1976,3040,2533,4306,3053,5987,4358,6078,3476,3529,7992,10228,3777,6487,193,241,564,897,760,1395,916,2075,1206,1918,1308,1229,3900,5224,2924,5078,46630,28660,3423,1131,19120,37,1,5,1
2021-03-30T23:59:59+02:00,1,3,1093,1205,1927,2859,2431,4080,2902,5629,4156,5690,3383,3435,7828,10024,3751,6436,189,236,556,886,749,1373,893,2055,1158,1873,1224,1146,3379,4515,2702,4746,45997,26520,3261,1131,17569,29,1,5,1
2021-03-29T23:59:59+02:00,1,3,1077,1161,1866,2723,2347,3921,2764,5375,3994,5417,3286,3337,7668,9796,3722,6389,188,233,550,875,739,1359,876,2031,1123,1844,1150,1061,2801,3838,2523,4452,45356,24497,3034,1127,16451,19,1,5,1
2021-03-28T23:59:59+02:00,1,3,1058,1128,1794,2558,2263,3715,2643,5075,3842,5140,3221,3272,7603,9731,3718,6383,188,233,548,872,738,1357,874,2025,1120,1842,1141,1049,2746,3770,2510,4425,45249,24300,2823,1124,15070,14,1,5,1
2021-03-27T23:59:59+01:00,1,3,1058,1128,1794,2557,2262,3714,2640,5075,3839,5140,3217,3272,7602,9731,3718,6383,188,233,547,872,738,1357,873,2025,1118,1842,1141,1049,2746,3770,2510,4425,45240,24296,2823,1124,15065,14,1,5,1
2021-03-26T23:59:59+01:00,1,3,1054,1106,1751,2442,2198,3556,2578,4864,3753,4916,3196,3255,7599,9726,3717,6382,188,232,546,872,737,1357,873,2025,1118,1839,1137,1048,2743,3762,2509,4422,45214,24272,2820,1124,14057,12,1,5,1
2021-03-25T23:59:59+01:00,1,3,1028,1074,1700,2339,2114,3388,2472,4636,3642,4719,3095,3165,7472,9595,3710,6368,186,229,541,871,730,1347,867,2008,1103,1815,1091,1004,2517,3416,2312,4130,44959,23031,2488,1124,13069,12,1,4,1
2021-03-24T23:59:59+01:00,1,3,1006,1055,1680,2297,2083,3338,2437,4569,3598,4650,3008,3096,7344,9424,3693,6349,186,225,535,867,723,1337,856,1993,1084,1794,1051,962,2133,2873,1923,3620,44424,21028,2359,1122,12843,12,1,4,1
2021-03-23T23:59:59+01:00,1,3,996,1049,1662,2265,2060,3304,2401,4526,3558,4599,2941,3023,7251,9323,3675,6321,184,222,531,862,716,1325,842,1974,1047,1764,970,872,1772,2384,1581,3157,43912,19103,2349,1088,12693,12,1,3,1
2021-03-22T23:59:59+01:00,1,3,993,1041,1647,2249,2046,3286,2379,4498,3521,4558,2896,2989,7189,9253,3660,6304,181,219,530,852,700,1302,828,1960,1018,1737,924,801,1304,1811,1235,2677,43576,17033,2329,1034,12604,12,1,3,1
2021-03-21T23:59:59+01:00,1,3,993,1041,1646,2246,2046,3285,2375,4494,3510,4551,2883,2980,7141,9197,3654,6298,181,216,529,850,699,1298,826,1956,1007,1732,901,782,1228,1726,1182,2608,43431,16732,2326,977,12583,12,1,3,1
2021-03-20T23:59:59+01:00,1,3,992,1040,1645,2245,2046,3285,2375,4494,3508,4549,2883,2979,7141,9196,3654,6298,181,216,529,850,699,1298,826,1956,995,1719,866,754,1197,1703,1174,2606,43430,16730,2322,827,12578,12,1,3,1
2021-03-19T23:59:59+01:00,1,3,991,1032,1638,2233,2035,3281,2373,4488,3501,4542,2873,2968,7128,9179,3653,6295,181,215,528,850,699,1296,826,1955,988,1714,822,717,1140,1653,1164,2596,43367,16688,2317,644,12526,12,1,3,1
2021-03-18T23:59:59+01:00,1,3,952,1000,1564,2122,1911,3114,2225,4242,3273,4291,2721,2810,6826,8814,3587,6196,180,214,523,845,692,1289,817,1944,966,1698,804,695,1065,1547,1024,2397,41972,16121,2008,567,11668,12,1,3,1
2021-03-17T23:59:59+01:00,1,3,898,967,1493,2065,1848,3048,2160,4180,3178,4195,2586,2677,6401,8323,3523,6082,179,212,520,840,690,1285,813,1939,961,1691,775,676,930,1394,868,2185,40206,15380,2005,566,11413,12,1,3,1
2021-03-16T23:59:59+01:00,1,3,873,944,1460,2026,1809,2999,2107,4125,3084,4097,2452,2518,5931,7677,3435,5932,173,209,515,839,686,1278,808,1930,954,1678,770,663,843,1268,726,2022,38223,14782,1946,566,11300,12,1,3,1
2021-03-15T23:59:59+01:00,1,3,856,937,1442,2004,1771,2944,2069,4053,2984,3988,2320,2348,5449,7135,3363,5819,172,208,515,832,684,1269,804,1920,944,1662,759,653,773,1157,578,1825,36459,14214,1850,528,11174,12,0,3,1
2021-03-14T23:59:59+01:00,1,3,851,923,1417,1975,1747,2915,2038,3993,2922,3922,2142,2154,5263,6909,3331,5788,172,208,514,829,682,1258,803,1913,941,1652,741,644,757,1138,554,1770,35437,14069,1752,503,11102,3,0,3,1
2021-03-13T23:59:59+01:00,1,3,843,916,1396,1964,1731,2902,2013,3965,2850,3874,2073,2080,5216,6856,3329,5787,172,208,514,828,682,1258,803,1913,941,1652,739,644,757,1135,554,1770,35187,14063,1513,503,11096,3,0,3,1
2021-03-12T23:59:59+01:00,1,3,819,901,1352,1907,1669,2803,1916,3813,2694,3707,1876,1843,5032,6634,3299,5744,172,208,513,828,682,1258,802,1913,941,1651,731,641,744,1120,547,1767,33863,14012,1274,502,10873,3,0,3,1
2021-03-11T23:59:59+01:00,1,3,784,842,1283,1824,1586,2656,1832,3612,2531,3535,1613,1534,4666,6165,3166,5562,163,202,507,819,672,1249,787,1878,920,1611,604,580,675,1079,527,1736,31754,13514,1179,492,10259,2,0,3,1
2021-03-10T23:59:59+01:00,1,3,768,791,1260,1766,1553,2597,1781,3541,2450,3445,1542,1445,4198,5627,3048,5312,163,200,498,797,654,1236,779,1858,913,1595,535,565,642,1070,520,1730,29945,13364,1172,388,10008,2,0,3,1
2021-03-09T23:59:59+01:00,1,3,756,768,1240,1735,1525,2551,1741,3490,2377,3393,1450,1348,3638,4879,2864,5007,161,198,493,776,644,1212,765,1826,901,1567,531,563,640,1065,517,1724,27785,13304,1169,276,9809,2,0,3,1
2021-03-08T23:59:59+01:00,0,3,752,741,1227,1716,1509,2531,1715,3454,2339,3350,1358,1248,2970,4051,2628,4637,157,195,479,752,622,1179,746,1776,877,1530,527,561,640,1064,517,1724,25339,13296,1169,49,9718,0,0,3,1
2021-03-07T23:59:59+01:00,0,3,749,737,1219,1707,1501,2517,1705,3446,2328,3342,1345,1232,2868,3931,2605,4587,157,195,479,752,622,1179,746,1776,877,1530,527,561,640,1064,517,1724,24987,13296,1167,49,9665,0,0,3,1
2021-03-06T23:59:59+01:00,0,3,748,737,1218,1704,1498,2514,1701,3443,2325,3341,1342,1232,2868,3931,2605,4587,156,195,479,752,622,1179,746,1776,877,1530,527,561,640,1064,517,1724,24983,13295,1167,49,9644,0,0,3,1
2021-03-05T23:59:59+01:00,0,3,683,711,1192,1690,1477,2505,1676,3428,2296,3332,1337,1229,2860,3923,2602,4582,156,195,479,751,622,1178,746,1776,877,1528,526,561,640,1064,517,1724,24953,13290,1163,49,9407,0,0,3,1
2021-03-04T23:59:59+01:00,0,3,617,662,1125,1621,1420,2423,1635,3349,2222,3255,1287,1181,2644,3559,2419,4295,154,190,476,737,611,1166,735,1748,868,1515,516,550,628,1054,512,1715,23736,13126,1156,48,8822,0,0,3,1
2021-03-03T23:59:59+01:00,0,3,581,623,1057,1557,1323,2341,1535,3263,2097,3171,1243,1136,2277,3039,2066,3851,154,190,474,734,611,1166,734,1746,866,1514,514,549,626,1051,512,1713,21881,13106,1155,47,8126,0,0,1,1
2021-03-02T23:59:59+01:00,0,3,563,590,1019,1511,1267,2298,1478,3211,2001,3110,1160,1036,1911,2559,1678,3328,152,188,469,728,606,1155,724,1736,861,1494,505,540,615,1030,493,1683,19816,12931,1152,47,7754,0,0,1,1
2021-03-01T23:59:59+01:00,0,3,556,542,1001,1472,1221,2237,1432,3146,1946,3037,1116,962,1419,1964,1303,2792,150,188,469,728,606,1154,724,1733,860,1494,503,540,612,1021,489,1672,17553,12895,1149,47,7446,0,0,1,1
2021-02-28T23:59:59+01:00,0,3,549,529,984,1433,1195,2176,1404,3088,1891,2964,1095,940,1305,1823,1230,2703,150,188,468,727,606,1154,723,1731,859,1493,501,540,612,1021,489,1672,17074,12886,1147,47,7090,0,0,1,1
2021-02-27T23:59:59+01:00,0,3,549,527,983,1433,1195,2174,1404,3087,1891,2963,1095,940,1305,1822,1229,2703,150,188,467,726,603,1152,721,1729,857,1492,501,540,612,1021,489,1672,17072,12886,1147,33,7083,0,0,1,1
2021-02-26T23:59:59+01:00,0,3,400,476,852,1389,1111,2131,1337,3046,1832,2921,1090,933,1302,1821,1229,2702,150,188,467,726,603,1152,721,1728,857,1491,501,540,612,1021,489,1672,17062,12885,1147,32,6365,0,0,1,1
2021-02-25T23:59:59+01:00,0,3,308,422,757,1295,1027,2042,1238,2872,1693,2759,1052,901,1221,1697,1116,2514,143,178,455,713,587,1127,714,1703,837,1467,489,526,584,990,475,1653,16474,12618,1147,22,5295,0,0,1,1
2021-02-24T23:59:59+01:00,0,2,259,377,685,1220,953,1954,1184,2754,1628,2641,1025,881,1098,1552,960,2301,141,178,452,710,583,1126,713,1698,836,1463,484,521,576,985,472,1641,15769,12559,1145,19,4559,0,0,1,1
2021-02-23T23:59:59+01:00,0,2,247,356,663,1162,925,1875,1136,2642,1553,2533,1000,853,1021,1424,823,2143,141,177,452,708,583,1126,713,1695,834,1462,483,519,574,984,472,1640,15220,12548,1114,14,4023,0,0,1,1
2021-02-22T23:59:59+01:00,0,0,233,337,640,1132,893,1792,1087,2550,1469,2410,955,824,903,1281,642,1891,141,177,451,707,581,1125,711,1695,828,1460,482,518,573,982,471,1638,14480,12536,1045,3,3513,0,0,1,1
2021-02-21T23:59:59+01:00,0,0,227,326,606,1066,843,1686,1044,2449,1390,2303,938,803,872,1230,590,1827,141,176,448,700,580,1121,711,1690,828,1459,481,518,572,982,470,1637,14274,12510,1005,3,2920,0,0,1,1
2021-02-20T23:59:59+01:00,0,0,227,323,603,1065,841,1681,1041,2444,1377,2286,902,774,841,1207,582,1825,141,176,448,700,580,1121,711,1690,828,1459,481,517,571,982,470,1637,14274,12509,851,3,2893,0,0,1,0
2021-02-19T23:59:59+01:00,0,0,217,315,593,1057,828,1666,1020,2427,1344,2243,659,672,704,1145,557,1808,141,176,448,699,580,1118,710,1688,825,1456,481,517,571,981,469,1637,13798,12494,671,3,2785,0,0,1,0
2021-02-18T23:59:59+01:00,0,0,200,265,554,936,744,1439,889,2168,1096,1868,579,604,666,1105,538,1791,136,176,435,687,565,1101,704,1662,809,1428,478,514,570,979,469,1637,13642,12347,575,3,1224,0,0,1,0
2021-02-17T23:59:59+01:00,0,0,195,227,534,887,708,1342,831,2001,1011,1736,557,584,666,1102,536,1788,129,174,424,677,557,1085,685,1631,796,1406,475,512,568,976,469,1636,13626,12197,575,3,503,0,0,1,0
2021-02-16T23:59:59+01:00,0,0,189,224,527,872,692,1311,812,1962,978,1696,545,579,660,1100,535,1786,124,169,410,671,546,1069,673,1613,787,1392,468,507,561,963,463,1609,13598,12023,575,2,294,0,0,1,0
2021-02-15T23:59:59+01:00,0,0,174,215,521,845,686,1277,798,1927,949,1649,544,576,658,1100,535,1786,121,168,403,661,536,1050,644,1586,773,1374,466,504,561,963,463,1609,13595,11880,536,2,108,0,0,1,0
2021-02-14T23:59:59+01:00,0,0,169,207,518,833,685,1268,795,1918,931,1640,543,575,658,1097,534,1786,114,165,392,650,519,1032,626,1572,766,1362,466,502,559,961,463,1609,13589,11756,534,2,33,0,0,1,0
2021-02-13T23:59:59+01:00,0,0,168,207,517,833,685,1268,795,1918,931,1640,543,575,658,1097,534,1786,114,165,391,649,519,1032,626,1572,766,1362,466,502,559,961,463,1609,13588,11754,534,2,32,0,0,1,0
2021-02-12T23:59:59+01:00,0,0,167,206,513,832,684,1265,791,1917,929,1637,542,575,658,1097,534,1786,110,163,388,643,515,1026,612,1558,762,1345,464,501,548,941,460,1584,13581,11618,533,2,18,0,0,1,0
2021-02-11T23:59:59+01:00,0,0,165,205,509,825,677,1261,789,1914,923,1635,537,569,651,1091,529,1780,90,127,359,572,469,947,561,1440,718,1251,439,456,507,887,419,1491,13530,10732,521,1,8,0,0,1,0
2021-02-10T23:59:59+01:00,0,0,162,203,499,808,661,1246,777,1887,908,1611,529,563,641,1079,524,1770,80,115,331,513,442,840,519,1265,644,1095,391,406,441,775,373,1336,13407,9565,459,1,1,0,0,1,0
2021-02-09T23:59:59+01:00,0,0,161,196,491,769,645,1207,757,1826,897,1569,517,551,635,1065,516,1754,75,99,312,447,407,756,479,1161,579,995,361,352,402,691,343,1223,13298,8682,257,0,0,0,0,1,0
2021-02-08T23:59:59+01:00,0,0,157,192,474,744,622,1172,737,1776,877,1525,511,550,633,1059,512,1741,62,73,267,378,359,620,419,932,506,816,304,297,339,543,288,1032,13231,7235,50,0,0,0,0,1,0
2021-02-07T23:59:59+01:00,0,0,157,191,473,743,620,1171,736,1768,875,1523,510,550,633,1059,512,1740,61,65,249,343,340,576,403,900,487,781,303,289,337,536,286,1029,13210,6985,50,0,0,0,0,1,0
2021-02-06T23:59:59+01:00,0,0,157,191,473,743,620,1171,736,1768,875,1523,510,550,633,1059,512,1740,61,65,249,343,340,576,403,899,485,779,303,288,336,534,285,1029,13210,6975,50,0,0,0,0,1,0
2021-02-05T23:59:59+01:00,0,0,157,191,473,743,620,1171,736,1768,875,1522,510,550,633,1059,512,1740,59,65,247,341,333,572,395,877,476,759,293,283,326,512,270,993,13209,6801,50,0,0,0,0,1,0
2021-02-04T23:59:59+01:00,0,0,151,186,469,735,613,1163,732,1754,869,1513,503,543,612,1034,503,1722,43,50,213,308,292,476,354,736,384,613,229,216,243,352,201,735,13052,5445,49,0,0,0,0,1,0
2021-02-03T23:59:59+01:00,0,0,149,186,463,729,605,1154,728,1742,860,1497,494,535,599,1021,496,1714,35,32,157,217,238,348,265,561,309,465,180,170,171,264,153,554,12923,4119,48,0,0,0,0,1,0
2021-02-02T23:59:59+01:00,0,0,149,183,461,728,605,1154,725,1736,853,1493,493,534,595,1018,495,1710,26,26,138,170,193,279,221,427,258,374,140,131,129,199,119,437,12883,3267,48,0,0,0,0,1,0
2021-02-01T23:59:59+01:00,0,0,147,183,460,727,600,1151,724,1728,851,1488,492,532,590,1015,494,1704,21,19,101,125,137,188,154,299,169,259,89,94,87,126,65,238,12837,2171,48,0,0,0,0,1,0
2021-01-31T23:59:59+01:00,0,0,147,183,460,724,597,1150,724,1724,851,1487,490,531,589,1013,494,1703,15,15,67,84,95,123,117,222,142,203,84,87,83,118,63,224,12819,1742,48,0,0,0,0,0,0
2021-01-30T23:59:59+01:00,0,0,147,183,459,724,595,1148,723,1723,851,1487,490,531,588,1013,494,1703,15,15,67,84,95,121,115,218,139,200,83,86,83,112,57,214,12818,1704,41,0,0,0,0,0,0
2021-01-29T23:59:59+01:00,0,0,147,183,459,722,594,1145,721,1721,849,1486,490,531,588,1013,494,1703,13,15,55,79,78,117,97,207,116,188,78,79,82,108,56,213,12813,1581,33,0,0,0,0,0,0
2021-01-28T23:59:59+01:00,0,0,140,179,446,705,577,1119,715,1694,826,1457,483,525,585,1010,491,1700,8,3,12,19,24,45,30,95,48,89,45,50,54,78,41,158,12627,799,25,0,0,0,0,0,0
2021-01-27T23:59:59+01:00,0,0,133,177,435,695,569,1110,699,1660,819,1434,480,523,581,1005,491,1695,4,1,4,11,10,23,13,40,23,31,12,17,24,31,18,48,12483,310,23,0,0,0,0,0,0
2021-01-26T23:59:59+01:00,0,0,127,173,421,682,556,1096,690,1637,808,1413,474,518,575,988,484,1661,4,1,4,10,7,21,11,37,17,28,12,15,23,30,18,47,12289,285,14,0,0,0,0,0,0
2021-01-25T23:59:59+01:00,0,0,124,171,412,670,545,1077,662,1609,790,1396,472,514,573,987,484,1661,3,1,3,9,7,16,6,28,12,22,9,6,13,19,9,29,12144,192,3,0,0,0,0,0,0
2021-01-24T23:59:59+01:00,0,0,117,168,402,660,531,1059,645,1596,777,1385,471,511,572,987,484,1661,2,0,1,6,7,4,4,7,5,9,1,2,11,12,6,16,12023,93,3,0,0,0,0,0,0
2021-01-23T23:59:59+01:00,0,0,117,168,402,659,531,1059,645,1596,777,1385,471,511,572,987,484,1661,1,0,1,6,7,4,4,7,5,9,1,2,11,12,6,16,12022,92,3,0,0,0,0,0,0
2021-01-22T23:59:59+01:00,0,0,113,166,395,653,528,1053,631,1582,771,1368,471,508,561,966,479,1635,1,0,1,6,7,4,4,7,5,9,1,2,11,12,6,16,11877,92,3,0,0,0,0,0,0
2021-01-21T23:59:59+01:00,0,0,101,158,380,635,505,1020,601,1532,748,1326,455,470,528,922,446,1570,1,0,1,6,7,4,4,7,5,9,1,2,11,12,6,16,11394,92,3,0,0,0,0,0,0
2021-01-20T23:59:59+01:00,0,0,82,116,346,546,461,880,543,1298,660,1139,397,411,445,787,387,1358,1,0,1,5,7,4,4,7,5,9,1,2,11,12,6,16,9853,91,3,0,0,0,0,0,0
2021-01-19T23:59:59+01:00,0,0,77,104,317,470,421,791,503,1184,608,1036,374,374,410,710,358,1268,1,0,1,3,7,4,4,7,5,9,1,0,8,8,5,15,9002,78,3,0,0,0,0,0,0
2021-01-18T23:59:59+01:00,0,0,63,74,272,383,366,641,429,952,515,839,308,307,345,562,305,1080,1,0,1,3,7,4,4,7,5,9,1,0,8,8,5,15,7439,78,2,0,0,0,0,0,0
2021-01-17T23:59:59+01:00,0,0,61,65,253,348,344,589,410,910,492,800,305,298,344,555,303,1072,0,0,0,0,0,0,0,0,0,0,0,0,0,0,0,0,7147,0,2,0,0,0,0,0,0
2021-01-16T23:59:59+01:00,0,0,61,65,253,348,344,589,410,909,490,798,305,297,342,551,302,1072,0,0,0,0,0,0,0,0,0,0,0,0,0,0,0,0,7134,0,2,0,0,0,0,0,0
2021-01-15T23:59:59+01:00,0,0,59,65,252,345,338,583,399,886,479,773,291,291,325,524,281,1034,0,0,0,0,0,0,0,0,0,0,0,0,0,0,0,0,6923,0,2,0,0,0,0,0,0
2021-01-14T23:59:59+01:00,0,0,45,52,238,322,314,508,365,761,392,627,228,219,242,353,205,751,0,0,0,0,0,0,0,0,0,0,0,0,0,0,0,0,5622,0,0,0,0,0,0,0,0
2021-01-13T23:59:59+01:00,0,0,39,42,213,266,273,409,300,611,321,502,177,176,174,269,163,587,0,0,0,0,0,0,0,0,0,0,0,0,0,0,0,0,4522,0,0,0,0,0,0,0,0
2021-01-12T23:59:59+01:00,0,0,35,40,208,251,259,377,277,533,290,456,141,135,135,206,127,458,0,0,0,0,0,0,0,0,0,0,0,0,0,0,0,0,3928,0,0,0,0,0,0,0,0
2021-01-11T23:59:59+01:00,0,0,29,36,197,230,240,325,229,444,240,382,110,106,101,133,75,291,0,0,0,0,0,0,0,0,0,0,0,0,0,0,0,0,3168,0,0,0,0,0,0,0,0
2021-01-10T23:59:59+01:00,0,0,27,31,159,168,197,250,191,348,198,305,98,99,98,128,73,277,0,0,0,0,0,0,0,0,0,0,0,0,0,0,0,0,2647,0,0,0,0,0,0,0,0
2021-01-09T23:59:59+01:00,0,0,27,31,152,164,195,242,187,341,196,300,98,99,98,128,73,277,0,0,0,0,0,0,0,0,0,0,0,0,0,0,0,0,2608,0,0,0,0,0,0,0,0
2021-01-08T23:59:59+01:00,0,0,24,28,121,141,174,229,162,312,168,279,93,89,97,124,72,276,0,0,0,0,0,0,0,0,0,0,0,0,0,0,0,0,2389,0,0,0,0,0,0,0,0
2021-01-07T23:59:59+01:00,0,0,9,3,16,24,32,55,37,104,61,112,48,51,60,84,46,187,0,0,0,0,0,0,0,0,0,0,0,0,0,0,0,0,929,0,0,0,0,0,0,0,0
2021-01-06T23:59:59+01:00,0,0,4,1,5,11,10,22,13,39,20,31,13,14,25,35,20,55,0,0,0,0,0,0,0,0,0,0,0,0,0,0,0,0,318,0,0,0,0,0,0,0,0
2021-01-05T23:59:59+01:00,0,0,3,1,4,9,9,18,10,31,15,26,10,14,22,30,19,49,0,0,0,0,0,0,0,0,0,0,0,0,0,0,0,0,270,0,0,0,0,0,0,0,0
2021-01-04T23:59:59+01:00,0,0,2,1,2,7,9,10,4,15,8,16,5,3,11,16,8,26,0,0,0,0,0,0,0,0,0,0,0,0,0,0,0,0,143,0,0,0,0,0,0,0,0
2021-01-03T23:59:59+01:00,0,0,2,0,1,6,8,4,4,7,5,9,1,2,11,12,7,16,0,0,0,0,0,0,0,0,0,0,0,0,0,0,0,0,95,0,0,0,0,0,0,0,0
2021-01-02T23:59:59+01:00,0,0,2,0,1,6,8,4,4,7,5,9,1,2,11,12,7,16,0,0,0,0,0,0,0,0,0,0,0,0,0,0,0,0,95,0,0,0,0,0,0,0,0
2021-01-01T23:59:59+01:00,0,0,1,0,1,6,8,4,4,7,5,9,1,2,11,12,7,16,0,0,0,0,0,0,0,0,0,0,0,0,0,0,0,0,94,0,0,0,0,0,0,0,0
2020-12-31T23:59:59+01:00,0,0,1,0,1,5,8,4,4,7,5,9,1,2,11,12,7,16,0,0,0,0,0,0,0,0,0,0,0,0,0,0,0,0,93,0,0,0,0,0,0,0,0
2020-12-30T23:59:59+01:00,0,0,1,0,1,5,8,4,4,7,5,9,1,2,11,12,7,16,0,0,0,0,0,0,0,0,0,0,0,0,0,0,0,0,93,0,0,0,0,0,0,0,0
2020-12-29T23:59:59+01:00,0,0,1,0,1,3,8,4,4,7,5,9,1,0,8,8,6,15,0,0,0,0,0,0,0,0,0,0,0,0,0,0,0,0,80,0,0,0,0,0,0,0,0
2020-12-28T23:59:59+01:00,0,0,1,0,1,3,8,4,4,7,5,9,1,0,8,8,6,15,0,0,0,0,0,0,0,0,0,0,0,0,0,0,0,0,80,0,0,0,0,0,0,0,0
2020-12-27T23:59:59+01:00,0,0,1,0,1,3,8,4,4,7,5,9,1,0,8,8,6,15,0,0,0,0,0,0,0,0,0,0,0,0,0,0,0,0,80,0,0,0,0,0,0,0,0
