Datum,<15_m,<15_w,15-24_1_m,15-24_1_w,25-34_1_m,25-34_1_w,35-44_1_m,35-44_1_w,45-54_1_m,45-54_1_w,55-64_1_m,55-64_1_w,65-74_1_m,65-74_1_w,75-84_1_m,75-84_1_w,>84_1_m,>84_1_w,<24_2_m,<24_2_w,25-34_2_m,25-34_2_w,35-44_2_m,35-44_2_w,45-54_2_m,45-54_2_w,55-64_2_m,55-64_2_w,65-74_2_m,65-74_2_w,75-84_2_m,75-84_2_w,>84_2_m,>84_2_w,bp_1,bp_2,mo_1,mo_2,az_1,az_2,ja,unb_1,unb_2
2021-08-29T23:59:59+02:00,1388,1289,15245,14121,20818,19120,22959,22558,26715,27391,30001,30962,21226,24249,15166,19096,4317,7509,13532,12589,19410,17672,21645,21162,25444,25961,28782,29678,20557,23475,14712,18430,4172,7247,222387,209500,32255,30501,55057,51909,14406,25,33
2021-08-28T23:59:59+02:00,1388,1289,15237,14118,20806,19113,22953,22554,26712,27382,29998,30961,21225,24249,15166,19096,4317,7509,13524,12585,19398,17665,21638,21158,25441,25952,28779,29677,20556,23475,14712,18430,4172,7247,222386,209497,32255,30501,55057,51909,14350,25,33
2021-08-27T23:59:59+02:00,1380,1282,15206,14092,20779,19097,22922,22537,26688,27371,29982,30943,21220,24241,15162,19095,4314,7506,13495,12553,19363,17648,21610,21138,25413,25939,28762,29659,20550,23466,14709,18428,4171,7247,222256,209355,32255,30500,55056,51908,14225,25,33
2021-08-26T23:59:59+02:00,1368,1266,15163,14047,20735,19059,22893,22499,26655,27333,29951,30906,21205,24225,15155,19087,4311,7498,13427,12493,19290,17593,21553,21080,25357,25891,28723,29624,20537,23445,14700,18415,4170,7243,221972,209078,32236,30376,55056,51837,14067,25,33
2021-08-25T23:59:59+02:00,1322,1221,15018,13929,20627,18969,22815,22407,26581,27251,29893,30851,21185,24199,15145,19078,4307,7492,13308,12413,19203,17518,21489,21008,25291,25836,28680,29582,20511,23424,14692,18401,4169,7240,221137,208516,32221,30329,55056,51829,13852,24,31
2021-08-24T23:59:59+02:00,1302,1198,14967,13888,20601,18930,22781,22376,26553,27226,29875,30834,21172,24190,15141,19072,4306,7492,13218,12358,19156,17447,21467,20971,25251,25799,28657,29557,20495,23407,14687,18392,4167,7236,220791,208058,32191,30273,55056,51814,13842,24,26
2021-08-23T23:59:59+02:00,1284,1180,14901,13850,20563,18901,22753,22352,26520,27207,29850,30808,21153,24176,15136,19059,4305,7491,13103,12281,19094,17389,21415,20922,25211,25745,28612,29514,20477,23390,14681,18381,4164,7236,220489,207543,32175,30184,55056,51814,13745,24,26
2021-08-22T23:59:59+02:00,1274,1172,14886,13830,20546,18883,22743,22333,26505,27192,29835,30804,21146,24172,15134,19051,4303,7490,13044,12212,19040,17355,21386,20888,25189,25720,28587,29493,20469,23379,14680,18377,4164,7236,220319,207225,32157,30073,55056,51811,13743,24,26
2021-08-21T23:59:59+02:00,1274,1172,14879,13821,20534,18875,22733,22327,26501,27187,29824,30797,21146,24170,15134,19051,4303,7490,13036,12203,19029,17347,21378,20882,25183,25715,28577,29486,20469,23377,14680,18377,4164,7236,220314,207221,32157,30073,55056,51811,13667,24,26
2021-08-20T23:59:59+02:00,1267,1167,14852,13788,20503,18847,22710,22305,26475,27164,29807,30781,21143,24161,15132,19045,4303,7490,13019,12186,19007,17328,21361,20861,25168,25697,28559,29467,20465,23371,14679,18374,4164,7236,220130,207119,32157,30071,55056,51810,13573,24,26
2021-08-19T23:59:59+02:00,1249,1151,14796,13739,20466,18818,22679,22272,26454,27135,29781,30758,21132,24153,15130,19040,4302,7487,12887,12075,18917,17254,21276,20804,25099,25633,28500,29417,20445,23360,14673,18366,4162,7233,219832,206504,32128,29937,55056,51748,13502,24,26
2021-08-18T23:59:59+02:00,1229,1134,14715,13648,20353,18759,22607,22211,26392,27080,29723,30702,21108,24133,15124,19028,4300,7484,12758,11959,18784,17170,21184,20717,25014,25550,28420,29351,20413,23316,14663,18351,4161,7228,219435,205916,32110,29818,55055,51740,13106,24,26
2021-08-17T23:59:59+02:00,1218,1121,14675,13610,20311,18715,22572,22177,26360,27053,29706,30682,21096,24119,15113,19019,4296,7483,12650,11875,18704,17108,21111,20655,24963,25498,28384,29310,20394,23301,14654,18338,4159,7226,219156,205390,32077,29691,55055,51733,13014,24,25
2021-08-16T23:59:59+02:00,1205,1110,14628,13562,20275,18687,22543,22145,26340,27024,29672,30651,21084,24108,15106,19007,4294,7481,12559,11775,18616,17037,21042,20569,24897,25440,28318,29248,20371,23279,14644,18320,4158,7223,218890,204777,32075,29564,55055,51732,12878,24,25
2021-08-15T23:59:59+02:00,1195,1097,14591,13533,20248,18656,22517,22126,26327,27008,29662,30637,21079,24096,15101,19005,4293,7479,12492,11708,18563,17006,20994,20529,24861,25397,28300,29226,20361,23266,14640,18314,4156,7221,218666,204324,32075,29564,55055,51731,12830,24,25
2021-08-14T23:59:59+02:00,1195,1096,14584,13529,20239,18650,22508,22119,26313,27001,29657,30629,21076,24095,15100,19004,4293,7479,12485,11704,18554,16999,20984,20522,24847,25390,28295,29217,20358,23265,14639,18313,4156,7221,218665,204322,32075,29563,55055,51731,12748,24,25
2021-08-13T23:59:59+02:00,1192,1093,14575,13519,20225,18640,22497,22114,26306,26991,29642,30621,21067,24090,15099,19004,4293,7479,12470,11690,18543,16991,20972,20514,24841,25374,28281,29212,20352,23258,14637,18313,4156,7220,218607,204254,32075,29563,55055,51731,12686,24,25
2021-08-12T23:59:59+02:00,1172,1071,14517,13466,20185,18601,22473,22082,26281,26962,29611,30600,21055,24071,15095,18998,4293,7474,12299,11547,18404,16883,20879,20427,24761,25289,28214,29156,20331,23226,14624,18301,4153,7214,218293,203462,32064,29372,55055,51661,12571,24,25
2021-08-11T23:59:59+02:00,1155,1049,14447,13405,20148,18549,22431,22042,26250,26937,29583,30563,21042,24054,15092,18987,4290,7470,12160,11408,18323,16796,20800,20353,24711,25217,28171,29094,20299,23200,14617,18290,4151,7209,217901,202567,31992,29367,55055,51656,12522,24,25
2021-08-10T23:59:59+02:00,1140,1032,14371,13336,20099,18506,22402,22001,26221,26908,29552,30535,21031,24045,15092,18979,4289,7468,12055,11297,18231,16728,20741,20290,24659,25162,28129,29043,20275,23172,14603,18272,4150,7203,217487,201827,31963,29346,55055,51631,12478,24,25
2021-08-09T23:59:59+02:00,1123,1013,14287,13274,20018,18452,22353,21953,26169,26864,29516,30502,21013,24028,15086,18970,4284,7466,11873,11139,18063,16633,20621,20208,24564,25066,28049,28969,20239,23133,14589,18260,4147,7194,217041,200850,31944,29237,55053,51538,12309,24,24
2021-08-08T23:59:59+02:00,1109,1006,14246,13238,19999,18418,22327,21933,26154,26845,29501,30488,21006,24022,15083,18966,4283,7465,11790,11051,17977,16552,20557,20152,24499,25020,28003,28925,20217,23110,14577,18249,4147,7190,216821,200196,31912,29163,55052,51519,12280,24,24
2021-08-07T23:59:59+02:00,1109,1006,14231,13232,19989,18413,22320,21928,26142,26831,29487,30476,21004,24018,15079,18961,4282,7465,11776,11046,17960,16547,20551,20146,24486,25005,27986,28913,20215,23106,14573,18244,4146,7190,216816,200182,31912,29162,55052,51519,12169,24,24
2021-08-06T23:59:59+02:00,1109,1005,14220,13220,19977,18394,22306,21914,26120,26822,29475,30465,21001,24014,15076,18958,4282,7465,11763,11032,17940,16527,20535,20130,24464,24996,27974,28902,20212,23102,14570,18242,4146,7190,216809,200157,31908,29162,55052,51518,12030,24,24
2021-08-05T23:59:59+02:00,1098,986,14150,13180,19930,18362,22263,21874,26085,26768,29447,30441,20988,23999,15068,18950,4280,7462,11593,10919,17829,16430,20423,20035,24357,24904,27905,28853,20188,23077,14559,18231,4144,7188,216503,199369,31870,29070,55050,51389,11884,24,24
2021-08-04T23:59:59+02:00,1084,970,14086,13110,19829,18281,22199,21817,26049,26727,29398,30395,20965,23981,15058,18938,4280,7459,11406,10748,17602,16295,20250,19908,24242,24781,27797,28757,20161,23044,14546,18219,4141,7186,216244,198331,31713,29015,55049,51146,11597,23,24
2021-08-03T23:59:59+02:00,1060,952,14016,13049,19795,18234,22164,21777,26016,26686,29365,30365,20951,23958,15048,18924,4277,7449,11221,10575,17430,16170,20112,19778,24095,24660,27679,28653,20120,22999,14528,18187,4139,7180,215872,196902,31683,28982,55049,51091,11459,23,24
2021-08-02T23:59:59+02:00,1036,932,13929,12981,19738,18175,22113,21736,25962,26626,29313,30315,20920,23928,15038,18904,4274,7447,11053,10407,17262,16045,19969,19667,23980,24544,27593,28552,20073,22946,14509,18168,4136,7170,215391,195714,31652,28945,55049,51015,11252,23,24
2021-08-01T23:59:59+02:00,1026,917,13869,12932,19699,18158,22094,21716,25937,26606,29293,30298,20911,23916,15034,18897,4274,7446,10911,10264,17105,15936,19820,19559,23837,24439,27488,28473,20059,22922,14501,18155,4136,7166,215157,194829,31596,28863,55049,50666,11198,23,24
2021-07-31T23:59:59+02:00,1026,917,13843,12923,19682,18151,22077,21706,25924,26595,29285,30287,20909,23911,15033,18896,4273,7446,10884,10252,17085,15924,19802,19547,23825,24427,27480,28462,20057,22917,14500,18154,4135,7166,215153,194810,31596,28863,55049,50666,11063,23,24
2021-07-30T23:59:59+02:00,1018,908,13784,12879,19637,18130,22048,21687,25894,26573,29257,30269,20902,23903,15027,18894,4271,7445,10797,10180,17020,15882,19743,19512,23758,24386,27431,28437,20042,22895,14491,18150,4132,7164,214976,194420,31595,28863,55049,50600,10883,23,24
2021-07-29T23:59:59+02:00,994,891,13677,12794,19571,18068,21976,21639,25843,26518,29207,30232,20884,23893,15020,18887,4271,7443,10532,9923,16723,15640,19451,19299,23457,24159,27180,28275,19987,22840,14479,18130,4132,7163,214537,192693,31524,28751,55049,49912,10675,23,24
2021-07-28T23:59:59+02:00,967,862,13546,12665,19449,17963,21892,21556,25762,26437,29131,30163,20862,23857,15007,18875,4269,7441,10241,9720,16462,15454,19192,19112,23228,23970,27024,28130,19938,22767,14460,18108,4129,7158,213893,191360,31491,28665,55044,49402,10253,23,24
2021-07-27T23:59:59+02:00,936,841,13426,12571,19386,17903,21827,21503,25698,26380,29091,30118,20847,23837,15002,18855,4268,7435,9985,9508,16212,15231,18966,18928,23036,23798,26860,27991,19896,22714,14438,18081,4123,7149,213301,189702,31437,28508,55043,49069,10121,22,24
2021-07-26T23:59:59+02:00,911,823,13325,12476,19333,17846,21754,21439,25649,26347,29037,30059,20819,23814,14984,18836,4268,7431,9748,9259,15980,15029,18718,18728,22810,23631,26708,27861,19825,22654,14411,18045,4118,7143,212702,187955,31366,28409,55042,48693,10019,22,24
2021-07-25T23:59:59+02:00,892,812,13249,12405,19254,17800,21697,21388,25609,26299,29001,30013,20802,23798,14978,18830,4265,7430,9561,9117,15779,14880,18517,18587,22641,23520,26559,27741,19775,22606,14396,18032,4115,7140,212404,187052,31306,28256,55042,48275,9748,22,24
2021-07-24T23:59:59+02:00,892,812,13239,12396,19244,17794,21688,21383,25594,26292,28996,30007,20798,23797,14977,18829,4265,7430,9551,9104,15770,14872,18506,18581,22624,23511,26553,27733,19772,22603,14395,18031,4115,7139,212400,187034,31306,28253,55042,48275,9663,22,24
2021-07-23T23:59:59+02:00,884,811,13176,12360,19166,17761,21650,21350,25557,26253,28963,29971,20784,23781,14969,18825,4263,7427,9503,9076,15688,14827,18453,18542,22571,23470,26509,27694,19757,22587,14388,18025,4113,7136,212276,186874,31305,28249,55042,48274,9306,22,24
2021-07-22T23:59:59+02:00,872,798,13079,12280,19109,17693,21602,21320,25507,26206,28939,29949,20772,23763,14967,18819,4260,7425,9184,8803,15286,14581,18088,18286,22239,23223,26304,27560,19700,22531,14375,18003,4110,7131,211810,185046,31219,27996,55039,47359,9270,22,24
2021-07-21T23:59:59+02:00,850,771,12878,12113,18961,17568,21470,21220,25400,26104,28862,29879,20730,23728,14950,18796,4256,7420,8800,8482,14850,14252,17711,18014,21884,22894,26032,27351,19607,22443,14349,17966,4107,7122,211190,183141,31109,27645,55035,46701,8600,22,24
2021-07-20T23:59:59+02:00,820,746,12734,11980,18855,17485,21401,21143,25340,26040,28825,29828,20705,23695,14942,18780,4253,7417,8470,8175,14385,13917,17328,17741,21584,22664,25789,27166,19525,22334,14320,17931,4105,7116,210522,180996,31000,27485,55032,45823,8413,22,23
2021-07-19T23:59:59+02:00,791,718,12613,11862,18763,17413,21343,21083,25285,25987,28775,29791,20680,23667,14932,18766,4249,7411,8139,7917,14018,13661,16981,17492,21260,22463,25562,27024,19456,22259,14298,17909,4099,7110,209806,178957,30894,27321,55032,45111,8375,22,23
2021-07-18T23:59:59+02:00,773,699,12502,11754,18660,17338,21280,21031,25229,25936,28738,29737,20658,23647,14921,18755,4247,7409,7969,7764,13863,13542,16829,17369,21099,22350,25433,26944,19416,22219,14284,17893,4099,7107,209232,178022,30744,27218,55032,44748,8284,22,23
2021-07-17T23:59:59+02:00,773,699,12498,11754,18659,17335,21280,21031,25229,25936,28738,29737,20658,23647,14921,18755,4247,7409,7961,7763,13859,13537,16828,17368,21098,22349,25432,26942,19415,22219,14284,17893,4099,7107,209228,178002,30744,27217,55032,44747,8280,22,23
2021-07-16T23:59:59+02:00,766,694,12424,11698,18621,17304,21243,21004,25196,25913,28712,29718,20656,23644,14921,18753,4247,7409,7811,7661,13706,13463,16685,17310,20960,22291,25325,26894,19397,22200,14283,17887,4099,7104,209019,177554,30744,27145,55031,44355,8107,22,23
2021-07-15T23:59:59+02:00,751,674,12353,11627,18558,17246,21188,20954,25148,25872,28683,29690,20641,23626,14916,18744,4246,7406,7468,7343,13099,13060,16017,16886,20325,21922,24871,26582,19251,22059,14240,17841,4096,7097,208537,175327,30658,26247,55024,42581,8082,22,23
2021-07-14T23:59:59+02:00,722,654,12146,11494,18390,17140,21069,20859,25047,25770,28595,29591,20607,23593,14897,18728,4243,7403,7050,6980,12436,12602,15330,16402,19691,21464,24408,26239,19033,21833,14208,17793,4088,7086,207729,172492,30513,25912,55021,40636,7663,22,23
2021-07-13T23:59:59+02:00,678,620,12006,11363,18269,17059,20956,20761,24951,25675,28525,29526,20578,23554,14877,18718,4241,7393,6583,6546,11800,12104,14638,15892,19089,21048,23969,25914,18854,21618,14164,17730,4084,7077,206714,168819,30375,25739,55010,38966,7629,22,19
2021-07-12T23:59:59+02:00,645,589,11883,11225,18153,16969,20865,20653,24848,25577,28443,29460,20551,23520,14869,18706,4236,7386,6166,6130,11201,11570,14019,15351,18536,20556,23553,25551,18660,21427,14100,17672,4075,7073,205699,165141,30244,24915,55007,38011,7606,22,19
2021-07-11T23:59:59+02:00,609,562,11766,11135,18086,16907,20807,20596,24794,25531,28386,29412,20532,23500,14860,18697,4236,7385,5971,5962,10943,11368,13788,15151,18290,20367,23344,25366,18588,21347,14073,17646,4074,7067,205061,163750,30123,24445,55005,37586,7593,19,19
2021-07-10T23:59:59+02:00,608,562,11759,11134,18083,16905,20804,20596,24791,25530,28385,29412,20532,23500,14859,18695,4236,7385,5964,5961,10941,11362,13779,15147,18289,20365,23342,25364,18586,21346,14072,17646,4074,7067,205043,163724,30122,24444,55005,37579,7587,19,19
2021-07-09T23:59:59+02:00,580,539,11649,11012,18008,16821,20735,20534,24717,25454,28336,29367,20509,23480,14856,18686,4236,7384,5931,5930,10912,11329,13729,15126,18258,20332,23323,25341,18581,21336,14070,17643,4074,7066,204178,163490,30122,24394,55005,37546,7579,19,19
2021-07-08T23:59:59+02:00,545,511,11486,10876,17886,16717,20605,20436,24610,25328,28219,29290,20465,23430,14840,18658,4233,7376,5576,5672,10399,10936,13109,14673,17597,19776,22717,24879,18268,20950,13974,17560,4069,7056,203416,161186,30097,23587,54980,35461,6999,19,19
2021-07-07T23:59:59+02:00,485,458,11321,10732,17805,16632,20536,20367,24536,25250,28157,29226,20437,23395,14835,18646,4231,7368,5265,5378,9875,10486,12530,14196,16918,19257,22152,24381,17956,20586,13872,17463,4062,7033,202413,158730,30075,22126,54960,33621,6950,19,19
2021-07-06T23:59:59+02:00,445,424,11197,10583,17691,16538,20445,20263,24458,25159,28066,29147,20411,23357,14826,18629,4229,7365,4865,4947,9266,9969,11818,13595,16211,18641,21636,23885,17637,20282,13772,17348,4053,7023,201281,154530,30069,21183,54952,32327,6912,19,19
2021-07-05T23:59:59+02:00,423,397,11105,10497,17604,16467,20364,20192,24397,25107,28025,29109,20387,23336,14815,18621,4228,7362,4571,4626,8771,9517,11256,13042,15503,17998,21015,23276,17243,19888,13639,17191,4045,7015,200545,150632,30065,20506,54943,30594,6864,19,19
2021-07-04T23:59:59+02:00,410,391,11029,10442,17537,16414,20314,20143,24365,25071,28009,29091,20378,23325,14809,18618,4227,7361,4426,4533,8640,9351,11065,12866,15263,17788,20750,23004,16971,19596,13580,17100,4041,7011,200062,149320,30061,20199,54942,29616,6850,19,19
2021-07-03T23:59:59+02:00,409,390,11022,10433,17527,16406,20312,20140,24363,25070,28006,29090,20378,23324,14809,18618,4227,7360,4422,4527,8633,9349,11062,12866,15259,17788,20747,23001,16971,19593,13580,17100,4041,7011,200030,149308,30060,20199,54942,29610,6833,19,19
2021-07-02T23:59:59+02:00,365,327,10875,10323,17414,16304,20210,20065,24290,25005,27943,29030,20352,23298,14803,18604,4227,7357,4333,4446,8474,9209,10927,12756,15136,17681,20635,22897,16930,19564,13573,17085,4041,7008,199144,148317,30060,20198,54942,29553,6627,19,19
2021-07-01T23:59:59+02:00,318,283,10738,10186,17285,16211,20087,19975,24206,24930,27880,28979,20332,23274,14787,18589,4224,7353,4129,4244,8176,8870,10557,12344,14569,17184,20127,22355,16642,19265,13365,16872,4031,6986,198066,145259,30001,19513,54936,28327,6615,19,19
2021-06-30T23:59:59+02:00,235,221,10484,9946,17117,16061,19955,19843,24091,24808,27799,28890,20309,23242,14768,18571,4223,7352,3933,4047,7873,8529,10145,11879,14080,16625,19553,21721,16320,18927,13092,16596,4018,6960,196423,141576,29944,19257,54928,26861,6601,19,19
2021-06-29T23:59:59+02:00,190,184,10337,9770,16982,15965,19851,19751,24023,24731,27741,28821,20283,23215,14754,18551,4223,7348,3729,3785,7475,8078,9671,11342,13426,15958,18939,21016,16003,18600,12845,16306,4011,6946,195270,137291,29939,18958,54924,25308,6569,18,19
2021-06-28T23:59:59+02:00,140,132,10139,9587,16861,15858,19748,19650,23930,24637,27673,28760,20253,23185,14740,18532,4221,7346,3525,3527,7075,7635,9238,10848,12875,15420,18444,20501,15753,18335,12726,16173,4005,6935,194093,133460,29825,18533,54921,24481,6535,18,19
2021-06-27T23:59:59+02:00,122,115,10001,9475,16805,15799,19688,19599,23872,24587,27646,28736,20240,23169,14737,18528,4220,7343,3432,3459,6899,7441,9049,10647,12645,15180,18182,20241,15633,18231,12661,16087,4005,6931,193465,132269,29767,18184,54915,23747,6517,18,19
2021-06-26T23:59:59+02:00,122,115,9999,9470,16804,15795,19686,19598,23869,24586,27646,28736,20240,23169,14737,18528,4220,7343,3429,3459,6897,7440,9046,10645,12642,15177,18180,20240,15630,18230,12661,16086,4005,6931,193447,132248,29766,18184,54915,23743,6517,18,19
2021-06-25T23:59:59+02:00,118,112,9952,9429,16767,15762,19653,19569,23833,24558,27622,28718,20234,23162,14735,18525,4220,7343,3409,3413,6823,7329,8950,10490,12528,14981,18036,20033,15608,18201,12653,16083,4004,6930,193130,132069,29732,17830,54915,23049,6517,18,19
2021-06-24T23:59:59+02:00,108,101,9825,9303,16579,15637,19521,19446,23710,24467,27565,28658,20220,23146,14728,18516,4219,7341,3283,3266,6610,6999,8639,10034,11997,14360,17481,19328,15383,17970,12508,15953,4001,6918,192292,129674,29387,16971,54914,21599,6479,18,19
2021-06-23T23:59:59+02:00,102,95,9696,9165,16439,15511,19404,19340,23613,24362,27500,28611,20205,23124,14724,18511,4216,7340,3076,3024,6257,6513,8137,9467,11297,13539,16719,18347,15086,17629,12357,15811,3991,6893,191373,125120,29220,16000,54903,20572,6444,18,19
2021-06-22T23:59:59+02:00,71,69,9406,8859,16210,15309,19218,19192,23469,24236,27429,28526,20182,23099,14716,18492,4212,7334,2842,2735,5772,5966,7515,8706,10389,12499,15693,17145,14791,17270,12250,15687,3978,6870,189689,118688,29013,15510,54899,19497,6412,16,13
2021-06-21T23:59:59+02:00,67,62,9278,8696,16037,15163,19030,19038,23338,24113,27368,28447,20158,23071,14711,18482,4212,7330,2697,2542,5390,5498,7049,8120,9658,11620,14962,16210,14513,16957,12143,15566,3973,6854,188491,113974,28788,14951,54896,18416,6410,16,13
2021-06-20T23:59:59+02:00,64,61,9143,8562,15901,15047,18918,18947,23264,24042,27328,28396,20147,23050,14700,18475,4209,7329,2639,2473,5219,5315,6834,7853,9350,11289,14596,15806,14378,16823,12103,15529,3968,6848,187597,112270,28668,14720,54896,17626,6406,16,13
2021-06-19T23:59:59+02:00,64,61,9143,8560,15900,15040,18916,18947,23263,24042,27328,28395,20147,23050,14700,18475,4209,7329,2636,2472,5218,5311,6833,7853,9350,11288,14594,15802,14376,16823,12103,15529,3968,6848,187585,112254,28666,14718,54896,17625,6406,16,13
2021-06-18T23:59:59+02:00,64,57,9115,8548,15886,15031,18901,18939,23256,24033,27321,28390,20147,23047,14699,18475,4209,7329,2607,2438,5163,5252,6755,7753,9251,11132,14422,15573,14297,16722,12093,15508,3966,6845,187465,111468,28665,14717,54895,17185,6406,16,13
2021-06-17T23:59:59+02:00,57,54,8940,8386,15652,14863,18703,18783,23100,23902,27185,28297,20123,23025,14692,18463,4207,7326,2470,2284,4836,4953,6368,7350,8701,10526,13591,14701,14060,16430,12020,15387,3962,6833,186138,108599,28660,13758,54887,16057,6057,16,13
2021-06-16T23:59:59+02:00,49,52,8709,8171,15416,14638,18492,18583,22910,23735,27079,28187,20094,22982,14678,18443,4203,7320,2356,2176,4594,4751,6015,7004,8176,10040,12873,13862,13710,16047,11935,15298,3957,6821,184351,105152,28561,12957,54884,15576,5929,16,13
2021-06-15T23:59:59+02:00,40,39,8360,7832,15036,14280,18171,18292,22661,23522,26920,28053,20064,22948,14665,18427,4201,7309,2172,2009,4242,4396,5507,6439,7295,9153,11680,12585,13170,15431,11813,15135,3942,6798,181742,98909,28525,12293,54883,14910,5654,16,13
2021-06-14T23:59:59+02:00,34,34,8179,7664,14780,14049,17968,18119,22510,23402,26808,27972,20043,22915,14652,18419,4197,7301,2057,1884,3988,4149,5119,5965,6639,8431,10753,11531,12854,15084,11741,15041,3932,6779,180162,94070,28501,11930,54881,14458,5486,16,13
2021-06-13T23:59:59+02:00,34,34,8102,7609,14699,13963,17852,18008,22429,23322,26778,27942,20030,22904,14648,18413,4197,7301,2009,1856,3905,4051,4999,5825,6408,8188,10460,11196,12697,14906,11683,14985,3931,6778,179405,92679,28492,11638,54877,14080,5475,16,13
2021-06-12T23:59:59+02:00,34,34,8101,7608,14698,13963,17852,18008,22427,23321,26777,27939,20030,22903,14648,18413,4197,7301,2008,1854,3904,4051,4997,5824,6405,8185,10457,11190,12694,14905,11683,14983,3931,6778,179394,92660,28492,11638,54877,14071,5475,16,13
2021-06-11T23:59:59+02:00,34,33,8035,7567,14609,13915,17777,17958,22357,23287,26733,27916,20028,22899,14648,18412,4197,7301,1992,1845,3868,3993,4955,5757,6344,8103,10358,11085,12655,14870,11672,14977,3931,6778,179057,92446,28414,11632,54876,13757,5343,16,13
2021-06-10T23:59:59+02:00,29,26,7693,7268,14213,13551,17348,17582,22027,23005,26538,27735,19984,22854,14635,18394,4194,7289,1887,1762,3653,3831,4682,5486,6025,7735,9743,10474,12139,14210,11603,14869,3923,6771,176457,89289,27919,11252,54863,13136,5110,16,12
2021-06-09T23:59:59+02:00,28,23,7322,6918,13747,13109,16831,17114,21635,22636,26324,27521,19911,22783,14617,18359,4191,7281,1717,1648,3453,3653,4427,5218,5640,7330,8970,9760,11474,13380,11484,14729,3913,6759,173199,85049,27370,10616,54850,12969,4915,16,12
2021-06-08T23:59:59+02:00,23,19,6944,6509,13232,12626,16362,16645,21277,22298,26108,27318,19853,22705,14587,18324,4188,7274,1625,1572,3230,3424,4108,4865,5133,6842,8084,8840,10591,12303,11343,14572,3909,6744,169781,79398,26882,10320,54841,12690,4772,16,11
2021-06-07T23:59:59+02:00,20,16,6664,6216,12802,12250,15961,16246,20950,22001,25946,27162,19817,22652,14566,18305,4181,7268,1563,1500,3040,3251,3830,4637,4733,6466,7372,8089,9683,11158,11233,14425,3898,6726,167214,74659,26455,9949,54821,12474,4517,16,11
2021-06-06T23:59:59+02:00,20,16,6522,6083,12659,12099,15799,16087,20785,21838,25860,27075,19797,22615,14555,18295,4180,7264,1548,1477,2967,3210,3734,4573,4627,6385,7230,7960,9426,10890,11187,14375,3895,6721,165984,73977,26351,9524,54800,12301,4398,16,11
2021-06-05T23:59:59+02:00,20,16,6513,6080,12649,12087,15790,16080,20783,21834,25860,27073,19797,22615,14555,18295,4180,7264,1546,1474,2962,3208,3732,4570,4622,6384,7225,7954,9420,10885,11187,14375,3895,6721,165929,73949,26348,9511,54800,12297,4398,16,11
2021-06-04T23:59:59+02:00,20,16,6482,6040,12591,12036,15730,16032,20755,21802,25843,27056,19793,22609,14552,18295,4180,7264,1545,1468,2949,3198,3713,4556,4612,6370,7190,7911,9388,10815,11149,14334,3894,6720,165834,73675,26088,9498,54778,12254,4380,16,11
2021-06-03T23:59:59+02:00,20,15,6248,5815,12292,11787,15408,15720,20422,21463,25587,26843,19747,22535,14532,18275,4179,7260,1503,1423,2877,3133,3616,4479,4500,6271,6989,7730,9011,10369,11097,14261,3894,6715,163349,72377,25841,9202,54776,12117,4166,16,11
2021-06-02T23:59:59+02:00,20,15,6186,5755,12226,11721,15334,15653,20350,21402,25570,26819,19742,22532,14529,18272,4178,7259,1489,1413,2861,3120,3599,4465,4466,6254,6956,7692,8932,10259,11088,14236,3893,6714,163005,72016,25655,9196,54774,12108,4113,16,9
2021-06-01T23:59:59+02:00,16,15,5728,5257,11483,11022,14508,14921,19632,20734,25160,26434,19651,22443,14495,18225,4170,7251,1376,1305,2561,2852,3221,4128,3978,5792,6129,6890,7745,8638,10844,13889,3879,6697,157956,66616,25000,8290,54746,11589,3427,16,7
2021-05-31T23:59:59+02:00,14,15,5479,4956,11037,10597,13979,14425,19152,20236,24854,26094,19557,22358,14456,18179,4161,7235,1316,1251,2408,2720,3020,3958,3698,5501,5574,6358,6742,7372,10602,13569,3870,6663,154477,62584,24306,7407,54742,11386,3243,16,7
2021-05-30T23:59:59+02:00,14,15,5399,4879,10854,10472,13815,14246,18805,19916,24611,25847,19526,22328,14448,18159,4160,7233,1295,1237,2383,2690,2973,3912,3630,5445,5471,6269,6571,7142,10565,13495,3868,6653,152982,61852,23804,7346,54715,11189,3210,16,7
2021-05-29T23:59:59+02:00,14,15,5397,4879,10854,10468,13811,14243,18805,19915,24610,25845,19526,22328,14448,18159,4160,7233,1294,1234,2382,2689,2971,3909,3630,5443,5470,6267,6566,7138,10565,13495,3868,6653,152966,61842,23804,7343,54714,11177,3210,16,7
2021-05-28T23:59:59+02:00,14,15,5381,4866,10832,10432,13785,14224,18788,19898,24602,25836,19525,22327,14446,18156,4160,7232,1289,1234,2382,2683,2970,3907,3624,5437,5456,6251,6550,7121,10556,13473,3867,6649,152781,61738,23802,7343,54712,11158,3208,16,7
2021-05-27T23:59:59+02:00,11,14,5088,4583,10314,9979,13199,13692,18098,19285,24021,25298,19426,22214,14413,18110,4149,7219,1120,1094,2100,2493,2670,3618,3328,5080,5126,5972,6251,6705,10328,13190,3862,6634,149527,59891,22807,7307,54606,10214,2157,16,6
2021-05-26T23:59:59+02:00,11,14,4823,4322,9876,9597,12678,13171,17485,18676,23387,24620,19302,22065,14367,18055,4143,7202,1040,1012,1942,2340,2470,3421,3066,4835,4737,5622,5695,6056,9960,12659,3846,6598,145413,56753,22052,7270,54484,9444,1830,15,6
2021-05-25T23:59:59+02:00,11,13,4608,4092,9461,9120,12216,12666,16948,18097,22865,23980,19170,21892,14336,17976,4134,7188,989,967,1880,2250,2359,3285,2894,4632,4392,5248,5117,5322,9512,12058,3830,6573,141355,53204,21222,7255,54353,9019,1828,15,6
2021-05-24T23:59:59+02:00,11,13,4494,3933,9249,8916,12012,12406,16647,17775,22536,23582,19094,21813,14321,17956,4132,7187,973,919,1820,2208,2286,3224,2808,4551,4271,5132,4972,5163,9421,11931,3828,6565,139852,52498,20261,7202,54175,8596,1774,15,6
2021-05-23T23:59:59+02:00,11,13,4483,3932,9243,8912,12000,12396,16636,17768,22520,23561,19088,21808,14320,17954,4132,7187,972,915,1818,2204,2283,3222,2802,4547,4264,5116,4964,5149,9414,11918,3827,6564,139743,52423,20258,7189,54174,8591,1774,15,6
2021-05-22T23:59:59+02:00,11,13,4478,3929,9240,8909,11992,12390,16633,17764,22518,23559,19088,21808,14320,17954,4132,7187,972,915,1817,2203,2281,3222,2801,4547,4264,5114,4962,5148,9413,11918,3827,6564,139716,52417,20258,7189,54162,8586,1774,15,6
2021-05-21T23:59:59+02:00,11,13,4445,3890,9172,8834,11919,12301,16542,17689,22454,23491,19068,21790,14316,17947,4132,7185,927,905,1784,2191,2250,3213,2770,4522,4216,5086,4937,5125,9401,11911,3826,6563,139059,52352,20258,7189,54143,8360,1724,15,6
2021-05-20T23:59:59+02:00,8,12,4188,3706,8727,8480,11436,11884,15872,17186,21871,22911,18883,21623,14285,17907,4127,7174,780,840,1527,2031,2006,3057,2528,4303,3966,4854,4780,4962,9286,11767,3818,6538,135655,51620,19883,7091,53728,7331,999,15,6
2021-05-19T23:59:59+02:00,8,12,3941,3461,8229,8012,10855,11335,15199,16482,21192,22186,18682,21392,14244,17857,4121,7157,728,794,1467,1950,1929,2954,2462,4178,3824,4696,4605,4750,9083,11539,3798,6509,130239,50538,19700,6958,53430,6787,981,15,6
2021-05-18T23:59:59+02:00,7,11,3653,3194,7680,7472,10124,10635,14239,15546,20245,21129,18423,21109,14189,17797,4115,7135,674,746,1413,1864,1854,2844,2334,4038,3648,4493,4337,4457,8881,11290,3785,6482,123185,49310,19606,6758,52988,6161,909,15,6
2021-05-17T23:59:59+02:00,7,11,3462,2983,7218,7004,9616,10095,13508,14755,19558,20328,18237,20847,14142,17732,4105,7121,615,691,1332,1801,1780,2762,2225,3964,3511,4380,4089,4226,8738,11078,3772,6453,117934,48511,19365,6544,52522,5467,893,15,6
2021-05-16T23:59:59+02:00,7,10,3333,2909,7010,6826,9412,9880,13254,14520,19330,20099,18159,20768,14128,17713,4104,7115,602,646,1293,1752,1735,2701,2188,3871,3447,4297,3998,4125,8718,11053,3770,6451,116309,48368,19123,6377,52241,5011,889,15,6
2021-05-15T23:59:59+02:00,7,10,3332,2906,7004,6819,9410,9874,13250,14518,19327,20090,18157,20767,14128,17713,4104,7115,602,646,1291,1752,1733,2701,2186,3871,3446,4297,3996,4123,8718,11053,3770,6451,116266,48362,19123,6376,52239,5008,888,15,6
2021-05-14T23:59:59+02:00,7,10,3291,2862,6891,6677,9281,9737,13101,14336,19155,19955,18133,20742,14127,17705,4103,7112,580,634,1270,1733,1705,2680,2152,3845,3402,4260,3946,4069,8711,11046,3770,6450,115862,48324,18375,6226,52157,4884,817,14,6
2021-05-13T23:59:59+02:00,7,10,3167,2697,6565,6357,8843,9339,12555,13855,18550,19358,18003,20598,14094,17669,4098,7110,544,609,1215,1679,1647,2607,2064,3738,3252,4141,3842,3933,8690,11026,3767,6446,112985,48229,17678,5839,51549,4478,650,13,6
2021-05-12T23:59:59+02:00,7,10,3140,2665,6532,6319,8796,9285,12417,13742,18365,19154,17970,20564,14086,17659,4098,7110,543,607,1214,1677,1642,2604,2056,3732,3238,4133,3829,3920,8682,11020,3767,6445,112274,48204,17451,5812,51531,4439,650,13,6
2021-05-11T23:59:59+02:00,5,10,2748,2409,5730,5817,7827,8472,11025,12580,16795,17679,17464,20002,14004,17554,4080,7087,506,549,1086,1570,1478,2447,1869,3553,3017,3873,3722,3807,8613,10928,3763,6440,104871,47974,16829,5617,49454,3504,122,12,6
2021-05-10T23:59:59+02:00,5,8,2560,2240,5255,5436,7130,7846,9991,11663,15500,16307,17086,19552,13941,17440,4073,7063,479,523,1043,1531,1434,2396,1809,3451,2898,3742,3640,3734,8574,10881,3759,6436,99053,47859,15922,5388,47988,2959,121,12,5
2021-05-09T23:59:59+02:00,5,8,2476,2210,5117,5352,6943,7727,9583,11324,14954,15780,16968,19413,13921,17412,4070,7058,463,505,1010,1475,1363,2312,1751,3329,2787,3588,3556,3642,8551,10849,3756,6433,97478,47774,15338,5120,47374,2354,119,12,5
2021-05-08T23:59:59+02:00,5,8,2472,2209,5116,5352,6943,7725,9579,11321,14953,15779,16968,19413,13921,17412,4070,7058,462,504,1010,1475,1363,2311,1751,3329,2786,3587,3554,3642,8551,10849,3756,6433,97464,47770,15337,5120,47372,2351,119,12,5
2021-05-07T23:59:59+02:00,5,8,2300,2147,4843,5258,6581,7571,9130,11106,14510,15459,16791,19211,13909,17383,4070,7056,450,502,999,1464,1348,2296,1716,3319,2736,3552,3509,3602,8474,10768,3756,6430,96757,47747,14817,4775,45637,2281,115,12,5
2021-05-06T23:59:59+02:00,5,8,2063,2013,4291,4908,5928,7195,8363,10548,13533,14637,16395,18761,13860,17289,4058,7043,420,454,957,1364,1261,2135,1610,3095,2514,3269,3331,3402,8296,10577,3747,6417,94183,47307,13577,4171,43081,1322,46,11,5
2021-05-05T23:59:59+02:00,5,8,1938,1900,4005,4684,5495,6824,7672,9961,12415,13579,15719,17926,13757,17187,4049,7019,411,442,944,1337,1231,2091,1575,3019,2454,3185,3281,3362,8218,10480,3741,6407,89770,47176,12252,4025,42079,943,31,11,5
2021-05-04T23:59:59+02:00,5,8,1852,1815,3737,4448,5085,6465,7011,9387,11197,12335,14801,16799,13647,17050,4045,7005,406,433,925,1318,1212,2048,1557,2982,2409,3130,3238,3315,8129,10369,3735,6393,83959,47039,11614,3827,41092,713,17,10,5
2021-05-03T23:59:59+02:00,4,8,1799,1763,3587,4324,4852,6252,6627,9055,10469,11599,14078,15821,13561,16934,4036,6988,400,423,922,1305,1198,2014,1537,2941,2376,3084,3185,3275,8016,10267,3730,6387,79530,46914,11410,3606,40793,522,15,9,5
2021-05-02T23:59:59+02:00,4,8,1789,1744,3513,4299,4769,6199,6557,8994,10353,11485,13891,15627,13529,16907,4035,6983,398,415,916,1290,1195,1997,1534,2928,2360,3067,3170,3258,7980,10235,3729,6383,78973,46895,11133,3509,40560,437,11,9,5
2021-05-01T23:59:59+02:00,4,8,1786,1744,3512,4298,4769,6198,6554,8993,10348,11481,13888,15627,13528,16906,4035,6980,397,415,916,1290,1195,1996,1534,2928,2360,3067,3170,3258,7980,10235,3729,6382,78947,46892,11133,3509,40559,437,11,9,5
2021-04-30T23:59:59+02:00,4,8,1784,1738,3506,4288,4762,6185,6533,8978,10310,11443,13837,15553,13502,16875,4034,6979,397,413,915,1288,1195,1996,1534,2928,2358,3066,3170,3256,7979,10233,3729,6382,78619,46885,11133,3508,40549,433,10,8,5
2021-04-29T23:59:59+02:00,4,7,1656,1696,3264,4173,4485,6035,6220,8726,9896,11053,13258,14850,13398,16721,4028,6971,389,402,906,1267,1175,1962,1509,2891,2328,3018,3155,3244,7966,10215,3727,6378,75843,46768,10747,3507,39836,245,9,6,5
2021-04-28T23:59:59+02:00,4,7,1528,1649,3088,4073,4248,5857,5860,8454,9308,10563,12382,13668,13242,16512,4019,6957,380,392,890,1255,1159,1933,1473,2847,2258,2949,3003,3112,7854,10099,3720,6367,71349,46354,10559,3096,39498,231,7,6,5
2021-04-27T23:59:59+02:00,4,7,1488,1604,2979,3955,4044,5714,5553,8195,8688,9892,11343,12362,13013,16157,4008,6935,368,377,881,1234,1144,1898,1446,2775,2212,2888,2964,3069,7827,10069,3714,6363,66544,46144,10371,2924,39013,151,7,6,5
2021-04-26T23:59:59+02:00,4,7,1461,1571,2866,3878,3871,5570,5242,7981,8199,9451,10588,11436,12869,15953,3997,6917,367,372,871,1223,1128,1887,1416,2755,2185,2858,2915,3019,7781,10020,3708,6358,63133,46047,10181,2676,38534,130,7,6,5
2021-04-25T23:59:59+02:00,4,7,1450,1565,2799,3848,3776,5510,5107,7934,8003,9345,10392,11201,12832,15899,3996,6912,366,367,862,1216,1110,1873,1401,2736,2163,2831,2873,2986,7732,9972,3707,6353,62629,45968,9978,2466,37960,104,7,6,5
2021-04-24T23:59:59+02:00,4,7,1449,1565,2799,3847,3776,5509,5105,7932,7999,9341,10386,11198,12832,15899,3996,6912,366,367,862,1216,1110,1871,1399,2735,2162,2831,2873,2986,7732,9972,3707,6353,62606,45964,9978,2465,37959,103,7,6,5
2021-04-23T23:59:59+02:00,4,7,1433,1555,2731,3813,3694,5479,4987,7884,7865,9281,10300,11088,12808,15858,3994,6908,365,367,861,1213,1110,1871,1398,2735,2162,2831,2873,2986,7731,9972,3707,6353,62476,45959,9698,2464,37502,102,7,6,5
2021-04-22T23:59:59+02:00,4,7,1390,1526,2624,3746,3535,5375,4756,7730,7513,9045,9731,10396,12542,15559,3988,6885,358,366,852,1202,1098,1859,1383,2708,2134,2809,2828,2937,7640,9865,3696,6337,60859,45554,9039,2420,36441,88,7,6,5
2021-04-21T23:59:59+02:00,4,7,1356,1488,2542,3668,3417,5272,4539,7549,7104,8718,8845,9365,12131,14980,3975,6844,354,364,847,1185,1089,1838,1365,2678,2104,2781,2770,2880,7526,9701,3679,6309,58137,45076,8170,2296,35484,88,7,6,5
2021-04-20T23:59:59+02:00,4,7,1333,1462,2472,3594,3315,5174,4364,7367,6718,8388,7953,8237,11669,14389,3961,6830,349,359,835,1172,1080,1816,1341,2655,2071,2738,2709,2823,7378,9518,3649,6256,55282,44366,7405,2291,34539,83,6,5,5
2021-04-19T23:59:59+02:00,4,7,1317,1447,2434,3556,3254,5107,4258,7265,6478,8156,7321,7463,11417,14034,3951,6812,347,357,831,1162,1074,1804,1318,2642,2037,2713,2655,2779,7263,9354,3626,6217,53339,43812,7033,2278,33898,80,6,5,5
2021-04-18T23:59:59+02:00,4,6,1308,1435,2402,3530,3215,5086,4205,7208,6344,8027,6967,7074,11323,13930,3948,6800,347,356,829,1158,1073,1797,1316,2629,2031,2708,2649,2766,7237,9322,3624,6214,52824,43691,6573,2276,33404,80,6,5,5
2021-04-17T23:59:59+02:00,4,6,1307,1433,2402,3529,3214,5082,4200,7205,6337,8017,6953,7064,11321,13928,3948,6800,347,356,828,1157,1073,1797,1314,2628,2030,2706,2646,2764,7236,9322,3624,6214,52802,43678,6571,2275,33366,80,6,5,5
2021-04-16T23:59:59+02:00,4,6,1304,1432,2392,3522,3206,5074,4179,7187,6286,7984,6877,6979,11309,13914,3946,6798,347,355,825,1155,1071,1797,1311,2627,2027,2706,2645,2757,7233,9320,3623,6214,52744,43655,6335,2270,33309,79,6,5,5
2021-04-15T23:59:59+02:00,2,4,1267,1411,2337,3473,3110,5015,4019,7059,6029,7752,6333,6421,11061,13625,3932,6766,339,353,807,1134,1032,1738,1266,2555,1953,2611,2567,2688,7145,9233,3613,6197,51657,43066,5947,2084,32001,74,6,5,3
2021-04-14T23:59:59+02:00,2,4,1245,1398,2302,3445,3041,4953,3912,6953,5838,7543,5691,5718,10672,13140,3900,6715,331,350,795,1125,1015,1713,1236,2514,1902,2561,2490,2619,6997,9038,3594,6171,50255,42407,5740,1964,30467,74,5,5,3
2021-04-13T23:59:59+02:00,2,4,1231,1388,2270,3415,2985,4890,3802,6871,5590,7321,5159,5172,10331,12727,3877,6687,310,336,777,1097,992,1693,1211,2479,1866,2520,2424,2553,6879,8902,3558,6110,49239,41723,5536,1907,28937,71,5,5,3
2021-04-12T23:59:59+02:00,2,4,1215,1382,2244,3392,2935,4845,3676,6791,5380,7171,4832,4877,10082,12446,3868,6664,294,332,763,1093,975,1677,1197,2456,1816,2473,2347,2495,6765,8761,3543,6088,48776,41148,5338,1859,27684,64,3,5,3
2021-04-11T23:59:59+02:00,2,4,1208,1369,2225,3373,2902,4825,3614,6720,5235,7062,4601,4678,9897,12248,3863,6653,287,330,758,1085,965,1663,1186,2428,1794,2443,2293,2436,6682,8653,3529,6068,48693,40733,5102,1801,26677,63,2,5,3
2021-04-10T23:59:59+02:00,2,4,1208,1368,2222,3369,2900,4821,3608,6717,5225,7051,4596,4669,9889,12235,3863,6652,284,326,743,1078,952,1658,1163,2408,1724,2391,2210,2350,6626,8606,3528,6064,48638,40568,5102,1480,26652,60,2,5,3
2021-04-09T23:59:59+02:00,2,4,1205,1365,2215,3367,2892,4812,3599,6706,5195,7027,4572,4643,9864,12205,3862,6652,275,323,723,1068,937,1637,1130,2361,1633,2316,1992,2081,6472,8449,3506,6031,48565,39717,5097,1154,26518,60,2,5,3
2021-04-08T23:59:59+02:00,2,4,1180,1345,2160,3311,2808,4722,3459,6576,4959,6794,4184,4235,9323,11634,3844,6599,250,303,671,1007,879,1565,1057,2264,1499,2196,1717,1746,6012,7892,3419,5888,48109,37162,4571,1151,24452,49,2,5,3
2021-04-07T23:59:59+02:00,2,4,1170,1331,2128,3294,2766,4684,3370,6514,4795,6659,3891,3935,8762,11084,3827,6568,216,273,611,953,819,1494,998,2203,1394,2097,1577,1571,5415,7197,3329,5736,47903,34687,4098,1146,22777,48,1,5,3
2021-04-06T23:59:59+02:00,2,4,1149,1314,2085,3269,2727,4652,3305,6467,4668,6567,3640,3681,8273,10574,3811,6538,209,267,583,934,794,1445,954,2146,1311,2010,1433,1384,4840,6408,3219,5531,47708,32283,3562,1138,21450,45,1,5,3
2021-04-05T23:59:59+02:00,2,4,1146,1309,2081,3266,2717,4650,3291,6453,4646,6549,3608,3654,8245,10537,3807,6536,206,254,576,918,775,1421,938,2110,1271,1970,1386,1321,4627,6138,3171,5476,47622,31375,3556,1136,21317,45,1,5,3
2021-04-04T23:59:59+02:00,2,4,1146,1309,2081,3265,2717,4649,3291,6453,4645,6548,3604,3652,8243,10535,3807,6536,206,254,575,918,775,1421,938,2110,1271,1969,1386,1321,4626,6138,3171,5476,47616,31372,3556,1136,21309,45,1,5,3
2021-04-03T23:59:59+02:00,2,4,1146,1309,2080,3265,2717,4649,3291,6453,4645,6548,3603,3650,8243,10533,3807,6536,206,254,575,918,775,1421,938,2110,1271,1969,1386,1321,4626,6138,3171,5476,47614,31372,3555,1136,21306,45,1,5,3
2021-04-02T23:59:59+02:00,2,4,1146,1309,2080,3263,2717,4648,3291,6450,4645,6546,3601,3646,8241,10532,3807,6536,206,254,575,918,775,1419,938,2110,1271,1968,1386,1319,4624,6137,3170,5476,47598,31364,3555,1135,21305,45,1,5,3
2021-04-01T23:59:59+02:00,1,4,1133,1272,2015,3141,2609,4449,3143,6201,4488,6307,3557,3610,8143,10427,3797,6520,201,245,571,910,764,1413,928,2096,1248,1952,1365,1292,4385,5818,3052,5311,47232,30380,3550,1131,20029,38,1,5,3
2021-03-31T23:59:59+02:00,1,4,1115,1240,1976,3040,2533,4306,3053,5988,4359,6078,3476,3529,7992,10229,3778,6486,193,242,564,898,760,1395,916,2076,1207,1918,1309,1229,3900,5224,2925,5078,46633,28666,3423,1131,19121,37,1,5,1
2021-03-30T23:59:59+02:00,1,3,1093,1206,1927,2859,2431,4080,2902,5630,4157,5690,3383,3435,7828,10025,3752,6435,189,237,556,887,749,1373,893,2056,1159,1873,1225,1146,3379,4515,2703,4746,46000,26526,3261,1131,17570,29,1,5,1
2021-03-29T23:59:59+02:00,1,3,1077,1162,1866,2723,2347,3921,2764,5376,3995,5417,3286,3337,7668,9797,3723,6388,188,233,550,876,739,1359,876,2032,1124,1844,1151,1061,2801,3838,2524,4452,45359,24502,3034,1127,16452,19,1,5,1
2021-03-28T23:59:59+02:00,1,3,1058,1129,1794,2558,2263,3715,2643,5076,3843,5140,3221,3272,7603,9732,3719,6382,188,233,548,873,738,1357,874,2026,1121,1842,1142,1049,2746,3770,2511,4425,45252,24305,2823,1124,15071,14,1,5,1
2021-03-27T23:59:59+01:00,1,3,1058,1129,1794,2557,2262,3714,2640,5076,3840,5140,3217,3272,7602,9732,3719,6382,188,233,547,873,738,1357,873,2026,1118,1842,1142,1049,2746,3770,2511,4425,45243,24300,2823,1124,15066,14,1,5,1
2021-03-26T23:59:59+01:00,1,3,1054,1107,1751,2442,2198,3556,2578,4865,3754,4916,3196,3255,7599,9727,3718,6381,188,232,546,873,737,1357,873,2026,1118,1839,1138,1048,2743,3762,2510,4422,45217,24276,2820,1124,14058,12,1,5,1
2021-03-25T23:59:59+01:00,1,3,1028,1075,1700,2339,2114,3388,2472,4637,3643,4719,3095,3165,7472,9596,3711,6367,186,229,541,872,730,1347,867,2009,1103,1815,1092,1004,2517,3416,2313,4130,44962,23035,2488,1124,13070,12,1,4,1
2021-03-24T23:59:59+01:00,1,3,1006,1056,1680,2297,2083,3338,2437,4570,3599,4650,3008,3096,7344,9425,3694,6348,186,225,535,868,723,1337,856,1994,1084,1794,1052,962,2133,2873,1924,3620,44427,21032,2359,1122,12844,12,1,4,1
2021-03-23T23:59:59+01:00,1,3,996,1050,1662,2265,2060,3304,2401,4527,3559,4599,2941,3023,7251,9324,3676,6320,184,222,531,863,716,1325,842,1975,1047,1764,971,872,1772,2384,1582,3157,43915,19107,2349,1088,12694,12,1,3,1
2021-03-22T23:59:59+01:00,1,3,993,1042,1647,2249,2046,3286,2379,4499,3522,4558,2896,2989,7189,9254,3661,6303,181,219,530,852,700,1302,828,1961,1018,1737,925,801,1304,1811,1236,2677,43579,17036,2329,1034,12605,12,1,3,1
2021-03-21T23:59:59+01:00,1,3,993,1042,1646,2246,2046,3285,2375,4495,3511,4551,2883,2980,7141,9198,3655,6297,181,216,529,850,699,1298,826,1957,1007,1732,902,782,1228,1726,1183,2608,43434,16735,2326,977,12584,12,1,3,1
2021-03-20T23:59:59+01:00,1,3,992,1041,1645,2245,2046,3285,2375,4495,3509,4549,2883,2979,7141,9197,3655,6297,181,216,529,850,699,1298,826,1957,995,1719,867,754,1197,1703,1175,2606,43433,16733,2322,827,12579,12,1,3,1
2021-03-19T23:59:59+01:00,1,3,991,1033,1638,2233,2035,3281,2373,4489,3502,4542,2873,2968,7128,9179,3654,6294,181,215,528,850,699,1296,826,1956,988,1714,823,717,1140,1653,1165,2596,43370,16691,2317,644,12526,12,1,3,1
2021-03-18T23:59:59+01:00,1,3,952,1001,1564,2122,1912,3114,2225,4243,3275,4291,2721,2810,6826,8814,3588,6195,180,214,523,845,692,1289,817,1945,966,1698,805,695,1065,1547,1025,2397,41977,16124,2008,567,11668,12,1,3,1
2021-03-17T23:59:59+01:00,1,3,898,968,1493,2065,1849,3048,2160,4181,3180,4195,2586,2677,6401,8323,3524,6081,179,212,520,840,690,1285,813,1940,961,1691,776,676,930,1394,869,2185,40211,15383,2005,566,11413,12,1,3,1
2021-03-16T23:59:59+01:00,1,3,873,945,1460,2026,1810,2999,2107,4126,3086,4097,2452,2518,5931,7677,3436,5931,173,209,515,839,686,1278,808,1931,954,1678,771,663,843,1268,727,2022,38228,14785,1946,566,11300,12,1,3,1
2021-03-15T23:59:59+01:00,1,3,856,938,1442,2004,1772,2944,2069,4054,2986,3988,2320,2348,5449,7135,3364,5818,172,208,515,832,684,1269,804,1921,944,1662,760,653,773,1157,579,1825,36464,14217,1850,528,11174,12,0,3,1
2021-03-14T23:59:59+01:00,1,3,851,924,1417,1975,1748,2915,2038,3994,2924,3922,2142,2154,5263,6909,3332,5787,172,208,514,829,682,1258,803,1914,941,1652,742,644,757,1138,555,1770,35442,14072,1752,503,11102,3,0,3,1
2021-03-13T23:59:59+01:00,1,3,843,917,1396,1964,1732,2902,2013,3966,2852,3874,2073,2080,5216,6856,3330,5786,172,208,514,828,682,1258,803,1914,941,1652,740,644,757,1135,555,1770,35192,14066,1513,503,11096,3,0,3,1
2021-03-12T23:59:59+01:00,1,3,819,902,1352,1907,1670,2803,1916,3814,2696,3707,1876,1843,5032,6634,3300,5743,172,208,513,828,682,1258,802,1914,941,1651,732,641,744,1120,548,1767,33868,14015,1274,502,10873,3,0,3,1
2021-03-11T23:59:59+01:00,1,3,784,843,1283,1824,1587,2656,1832,3613,2533,3535,1613,1534,4666,6165,3167,5561,163,202,507,819,672,1249,787,1879,920,1611,604,580,675,1079,528,1736,31759,13516,1179,492,10259,2,0,3,1
2021-03-10T23:59:59+01:00,1,3,768,792,1260,1766,1554,2597,1781,3542,2452,3445,1542,1445,4198,5627,3049,5311,163,200,498,797,654,1236,779,1859,913,1595,535,565,642,1070,521,1730,29950,13366,1172,388,10008,2,0,3,1
2021-03-09T23:59:59+01:00,1,3,756,769,1240,1735,1526,2551,1741,3491,2379,3393,1450,1348,3638,4879,2865,5006,161,198,493,776,644,1212,765,1827,901,1567,531,563,640,1065,518,1724,27790,13306,1169,276,9809,2,0,3,1
2021-03-08T23:59:59+01:00,0,3,752,741,1227,1716,1509,2531,1715,3455,2340,3350,1358,1248,2970,4051,2629,4636,157,195,479,752,622,1179,746,1777,877,1530,527,561,640,1064,518,1724,25341,13298,1169,49,9718,0,0,3,1
2021-03-07T23:59:59+01:00,0,3,749,737,1219,1707,1501,2517,1705,3447,2329,3342,1345,1232,2868,3931,2606,4586,157,195,479,752,622,1179,746,1777,877,1530,527,561,640,1064,518,1724,24989,13298,1167,49,9665,0,0,3,1
2021-03-06T23:59:59+01:00,0,3,748,737,1218,1704,1498,2514,1701,3444,2325,3341,1342,1232,2868,3931,2606,4586,156,195,479,752,622,1179,746,1777,877,1530,527,561,640,1064,518,1724,24984,13297,1167,49,9644,0,0,3,1
2021-03-05T23:59:59+01:00,0,3,683,711,1192,1690,1477,2505,1676,3429,2296,3332,1337,1229,2860,3923,2603,4581,156,195,479,751,622,1178,746,1777,877,1528,526,561,640,1064,518,1724,24954,13292,1163,49,9407,0,0,3,1
2021-03-04T23:59:59+01:00,0,3,617,662,1125,1621,1420,2423,1635,3350,2222,3255,1287,1181,2644,3559,2420,4294,154,190,476,737,611,1166,735,1749,868,1515,516,550,628,1054,513,1715,23737,13128,1156,48,8822,0,0,3,1
2021-03-03T23:59:59+01:00,0,3,581,623,1057,1557,1323,2341,1535,3264,2097,3171,1243,1136,2277,3039,2067,3851,154,190,474,734,611,1166,734,1747,866,1514,514,549,626,1051,513,1713,21883,13108,1155,47,8126,0,0,1,1
2021-03-02T23:59:59+01:00,0,3,563,590,1019,1511,1267,2298,1478,3212,2001,3110,1160,1036,1911,2559,1679,3328,152,188,469,728,606,1155,724,1737,861,1494,505,540,615,1030,494,1683,19818,12933,1152,47,7754,0,0,1,1
2021-03-01T23:59:59+01:00,0,3,556,542,1001,1472,1221,2237,1432,3147,1946,3037,1116,962,1419,1964,1304,2792,150,188,469,728,606,1154,724,1734,860,1494,503,540,612,1021,490,1672,17555,12897,1149,47,7446,0,0,1,1
2021-02-28T23:59:59+01:00,0,3,549,529,984,1433,1195,2176,1404,3089,1891,2964,1095,940,1305,1823,1231,2703,150,188,468,727,606,1154,723,1732,859,1493,501,540,612,1021,490,1672,17076,12888,1147,47,7090,0,0,1,1
2021-02-27T23:59:59+01:00,0,3,549,527,983,1433,1195,2174,1404,3088,1891,2963,1095,940,1305,1822,1230,2703,150,188,467,726,603,1152,721,1730,857,1492,501,540,612,1021,490,1672,17074,12888,1147,33,7083,0,0,1,1
2021-02-26T23:59:59+01:00,0,3,400,476,852,1389,1111,2131,1337,3047,1832,2921,1090,933,1302,1821,1230,2702,150,188,467,726,603,1152,721,1729,857,1491,501,540,612,1021,490,1672,17064,12887,1147,32,6365,0,0,1,1
2021-02-25T23:59:59+01:00,0,3,308,422,757,1295,1027,2042,1238,2873,1693,2759,1052,901,1221,1697,1117,2514,143,178,455,713,587,1127,714,1704,837,1467,489,526,584,990,476,1653,16476,12620,1147,22,5295,0,0,1,1
2021-02-24T23:59:59+01:00,0,2,259,377,685,1220,953,1954,1184,2755,1628,2641,1025,881,1098,1552,961,2301,141,178,452,710,583,1126,713,1699,836,1463,484,521,576,985,473,1641,15771,12561,1145,19,4559,0,0,1,1
2021-02-23T23:59:59+01:00,0,2,247,356,663,1162,925,1875,1136,2643,1553,2533,1000,853,1021,1424,824,2143,141,177,452,708,583,1126,713,1696,834,1462,483,519,574,984,473,1640,15222,12550,1114,14,4023,0,0,1,1
2021-02-22T23:59:59+01:00,0,0,233,337,640,1132,893,1792,1087,2551,1469,2410,955,824,903,1281,643,1891,141,177,451,707,581,1125,711,1696,828,1460,482,518,573,982,472,1638,14482,12538,1045,3,3513,0,0,1,1
2021-02-21T23:59:59+01:00,0,0,227,326,606,1066,843,1686,1044,2450,1390,2303,938,803,872,1230,591,1827,141,176,448,700,580,1121,711,1691,828,1459,481,518,572,982,471,1637,14276,12512,1005,3,2920,0,0,1,1
2021-02-20T23:59:59+01:00,0,0,227,323,603,1065,841,1681,1041,2445,1377,2286,902,774,841,1207,583,1825,141,176,448,700,580,1121,711,1691,828,1459,481,517,571,982,471,1637,14276,12511,851,3,2893,0,0,1,0
2021-02-19T23:59:59+01:00,0,0,217,315,593,1057,828,1666,1020,2428,1344,2243,659,672,704,1145,558,1808,141,176,448,699,580,1118,710,1689,825,1456,481,517,571,981,470,1637,13800,12496,671,3,2785,0,0,1,0
2021-02-18T23:59:59+01:00,0,0,200,265,554,936,744,1439,889,2169,1096,1868,579,604,666,1105,539,1791,136,176,435,687,565,1101,704,1663,809,1428,478,514,570,979,470,1637,13644,12349,575,3,1224,0,0,1,0
2021-02-17T23:59:59+01:00,0,0,195,227,534,887,708,1342,831,2002,1011,1736,557,584,666,1102,537,1788,129,174,424,677,557,1085,685,1632,796,1406,475,512,568,976,470,1636,13628,12199,575,3,503,0,0,1,0
2021-02-16T23:59:59+01:00,0,0,189,224,527,872,692,1311,812,1963,978,1696,545,579,660,1100,536,1786,124,169,410,671,546,1069,673,1614,787,1392,468,507,561,963,464,1609,13600,12025,575,2,294,0,0,1,0
2021-02-15T23:59:59+01:00,0,0,174,215,521,845,686,1277,798,1928,949,1649,544,576,658,1100,536,1786,121,168,403,661,536,1050,644,1587,773,1374,466,504,561,963,464,1609,13597,11882,536,2,108,0,0,1,0
2021-02-14T23:59:59+01:00,0,0,169,207,518,833,685,1268,795,1919,931,1640,543,575,658,1097,535,1786,114,165,392,650,519,1032,626,1573,766,1362,466,502,559,961,464,1609,13591,11758,534,2,33,0,0,1,0
2021-02-13T23:59:59+01:00,0,0,168,207,517,833,685,1268,795,1919,931,1640,543,575,658,1097,535,1786,114,165,391,649,519,1032,626,1573,766,1362,466,502,559,961,464,1609,13590,11756,534,2,32,0,0,1,0
2021-02-12T23:59:59+01:00,0,0,167,206,513,832,684,1265,791,1918,929,1637,542,575,658,1097,535,1786,110,163,388,643,515,1026,612,1559,762,1345,464,501,548,941,461,1584,13583,11620,533,2,18,0,0,1,0
2021-02-11T23:59:59+01:00,0,0,165,205,509,825,677,1261,789,1915,923,1635,537,569,651,1091,530,1780,90,127,359,572,469,947,561,1441,718,1251,439,456,507,887,420,1491,13532,10734,521,1,8,0,0,1,0
2021-02-10T23:59:59+01:00,0,0,162,203,499,808,661,1246,777,1888,908,1611,529,563,641,1079,525,1770,80,115,331,513,442,840,519,1266,644,1095,391,406,441,775,374,1336,13409,9567,459,1,1,0,0,1,0
2021-02-09T23:59:59+01:00,0,0,161,196,491,769,645,1207,757,1827,897,1569,517,551,635,1065,517,1754,75,99,312,447,407,756,479,1162,579,995,361,352,402,691,344,1223,13300,8684,257,0,0,0,0,1,0
2021-02-08T23:59:59+01:00,0,0,157,192,474,744,622,1172,737,1777,877,1525,511,550,633,1059,513,1741,62,73,267,378,359,620,419,933,506,816,304,297,339,543,289,1032,13233,7237,50,0,0,0,0,1,0
2021-02-07T23:59:59+01:00,0,0,157,191,473,743,620,1171,736,1769,875,1523,510,550,633,1059,513,1740,61,65,249,343,340,576,403,901,487,781,303,289,337,536,287,1029,13212,6987,50,0,0,0,0,1,0
2021-02-06T23:59:59+01:00,0,0,157,191,473,743,620,1171,736,1769,875,1523,510,550,633,1059,513,1740,61,65,249,343,340,576,403,900,485,779,303,288,336,534,286,1029,13212,6977,50,0,0,0,0,1,0
2021-02-05T23:59:59+01:00,0,0,157,191,473,743,620,1171,736,1769,875,1522,510,550,633,1059,513,1740,59,65,247,341,333,572,395,878,476,759,293,283,326,512,271,993,13211,6803,50,0,0,0,0,1,0
2021-02-04T23:59:59+01:00,0,0,151,186,469,735,613,1163,732,1755,869,1513,503,543,612,1034,504,1722,43,50,213,308,292,476,354,737,384,613,229,216,243,352,202,735,13054,5447,49,0,0,0,0,1,0
2021-02-03T23:59:59+01:00,0,0,149,186,463,729,605,1154,728,1743,860,1497,494,535,599,1021,497,1714,35,32,157,217,238,348,265,562,309,465,180,170,171,264,154,554,12925,4121,48,0,0,0,0,1,0
2021-02-02T23:59:59+01:00,0,0,149,183,461,728,605,1154,725,1737,853,1493,493,534,595,1018,496,1710,26,26,138,170,193,279,221,427,258,374,140,131,129,199,119,437,12885,3267,48,0,0,0,0,1,0
2021-02-01T23:59:59+01:00,0,0,147,183,460,727,600,1151,724,1729,851,1488,492,532,590,1015,495,1704,21,19,101,125,137,188,154,299,169,259,89,94,87,126,65,238,12839,2171,48,0,0,0,0,1,0
2021-01-31T23:59:59+01:00,0,0,147,183,460,724,597,1150,724,1725,851,1487,490,531,589,1013,495,1703,15,15,67,84,95,123,117,222,142,203,84,87,83,118,63,224,12821,1742,48,0,0,0,0,0,0
2021-01-30T23:59:59+01:00,0,0,147,183,459,724,595,1148,723,1724,851,1487,490,531,588,1013,495,1703,15,15,67,84,95,121,115,218,139,200,83,86,83,112,57,214,12820,1704,41,0,0,0,0,0,0
2021-01-29T23:59:59+01:00,0,0,147,183,459,722,594,1145,721,1722,849,1486,490,531,588,1013,495,1703,13,15,55,79,78,117,97,207,116,188,78,79,82,108,56,213,12815,1581,33,0,0,0,0,0,0
2021-01-28T23:59:59+01:00,0,0,140,179,446,705,577,1119,715,1695,826,1457,483,525,585,1010,492,1700,8,3,12,19,24,45,30,95,48,89,45,50,54,78,41,158,12629,799,25,0,0,0,0,0,0
2021-01-27T23:59:59+01:00,0,0,133,177,435,695,569,1110,699,1661,819,1434,480,523,581,1005,492,1695,4,1,4,11,10,23,13,40,23,31,12,17,24,31,18,48,12485,310,23,0,0,0,0,0,0
2021-01-26T23:59:59+01:00,0,0,127,173,421,682,556,1096,690,1638,808,1413,474,518,575,988,485,1661,4,1,4,10,7,21,11,37,17,28,12,15,23,30,18,47,12291,285,14,0,0,0,0,0,0
2021-01-25T23:59:59+01:00,0,0,124,171,412,670,545,1077,662,1610,790,1396,472,514,573,987,485,1661,3,1,3,9,7,16,6,28,12,22,9,6,13,19,9,29,12146,192,3,0,0,0,0,0,0
2021-01-24T23:59:59+01:00,0,0,117,168,402,660,531,1059,645,1597,777,1385,471,511,572,987,485,1661,2,0,1,6,7,4,4,7,5,9,1,2,11,12,6,16,12025,93,3,0,0,0,0,0,0
2021-01-23T23:59:59+01:00,0,0,117,168,402,659,531,1059,645,1597,777,1385,471,511,572,987,485,1661,1,0,1,6,7,4,4,7,5,9,1,2,11,12,6,16,12024,92,3,0,0,0,0,0,0
2021-01-22T23:59:59+01:00,0,0,113,166,395,653,528,1053,631,1583,771,1368,471,508,561,966,480,1635,1,0,1,6,7,4,4,7,5,9,1,2,11,12,6,16,11879,92,3,0,0,0,0,0,0
2021-01-21T23:59:59+01:00,0,0,101,158,380,635,505,1020,601,1533,748,1326,455,470,528,922,447,1570,1,0,1,6,7,4,4,7,5,9,1,2,11,12,6,16,11396,92,3,0,0,0,0,0,0
2021-01-20T23:59:59+01:00,0,0,82,116,346,546,461,880,543,1299,660,1139,397,411,445,787,388,1358,1,0,1,5,7,4,4,7,5,9,1,2,11,12,6,16,9855,91,3,0,0,0,0,0,0
2021-01-19T23:59:59+01:00,0,0,77,104,317,470,421,791,503,1185,608,1036,374,374,410,710,359,1268,1,0,1,3,7,4,4,7,5,9,1,0,8,8,5,15,9004,78,3,0,0,0,0,0,0
2021-01-18T23:59:59+01:00,0,0,63,74,272,383,366,641,429,953,515,839,308,307,345,562,306,1080,1,0,1,3,7,4,4,7,5,9,1,0,8,8,5,15,7441,78,2,0,0,0,0,0,0
2021-01-17T23:59:59+01:00,0,0,61,65,253,348,344,589,410,911,492,800,305,298,344,555,304,1072,0,0,0,0,0,0,0,0,0,0,0,0,0,0,0,0,7149,0,2,0,0,0,0,0,0
2021-01-16T23:59:59+01:00,0,0,61,65,253,348,344,589,410,910,490,798,305,297,342,551,303,1072,0,0,0,0,0,0,0,0,0,0,0,0,0,0,0,0,7136,0,2,0,0,0,0,0,0
2021-01-15T23:59:59+01:00,0,0,59,65,252,345,338,583,399,887,479,773,291,291,325,524,282,1034,0,0,0,0,0,0,0,0,0,0,0,0,0,0,0,0,6925,0,2,0,0,0,0,0,0
2021-01-14T23:59:59+01:00,0,0,45,52,238,322,314,508,365,762,392,627,228,219,242,353,206,751,0,0,0,0,0,0,0,0,0,0,0,0,0,0,0,0,5624,0,0,0,0,0,0,0,0
2021-01-13T23:59:59+01:00,0,0,39,42,213,266,273,409,300,612,321,502,177,176,174,269,164,587,0,0,0,0,0,0,0,0,0,0,0,0,0,0,0,0,4524,0,0,0,0,0,0,0,0
2021-01-12T23:59:59+01:00,0,0,35,40,208,251,259,377,277,533,290,456,141,135,135,206,127,458,0,0,0,0,0,0,0,0,0,0,0,0,0,0,0,0,3928,0,0,0,0,0,0,0,0
2021-01-11T23:59:59+01:00,0,0,29,36,197,230,240,325,229,444,240,382,110,106,101,133,75,291,0,0,0,0,0,0,0,0,0,0,0,0,0,0,0,0,3168,0,0,0,0,0,0,0,0
2021-01-10T23:59:59+01:00,0,0,27,31,159,168,197,250,191,348,198,305,98,99,98,128,73,277,0,0,0,0,0,0,0,0,0,0,0,0,0,0,0,0,2647,0,0,0,0,0,0,0,0
2021-01-09T23:59:59+01:00,0,0,27,31,152,164,195,242,187,341,196,300,98,99,98,128,73,277,0,0,0,0,0,0,0,0,0,0,0,0,0,0,0,0,2608,0,0,0,0,0,0,0,0
2021-01-08T23:59:59+01:00,0,0,24,28,121,141,174,229,162,312,168,279,93,89,97,124,72,276,0,0,0,0,0,0,0,0,0,0,0,0,0,0,0,0,2389,0,0,0,0,0,0,0,0
2021-01-07T23:59:59+01:00,0,0,9,3,16,24,32,55,37,104,61,112,48,51,60,84,46,187,0,0,0,0,0,0,0,0,0,0,0,0,0,0,0,0,929,0,0,0,0,0,0,0,0
2021-01-06T23:59:59+01:00,0,0,4,1,5,11,10,22,13,39,20,31,13,14,25,35,20,55,0,0,0,0,0,0,0,0,0,0,0,0,0,0,0,0,318,0,0,0,0,0,0,0,0
2021-01-05T23:59:59+01:00,0,0,3,1,4,9,9,18,10,31,15,26,10,14,22,30,19,49,0,0,0,0,0,0,0,0,0,0,0,0,0,0,0,0,270,0,0,0,0,0,0,0,0
2021-01-04T23:59:59+01:00,0,0,2,1,2,7,9,10,4,15,8,16,5,3,11,16,8,26,0,0,0,0,0,0,0,0,0,0,0,0,0,0,0,0,143,0,0,0,0,0,0,0,0
2021-01-03T23:59:59+01:00,0,0,2,0,1,6,8,4,4,7,5,9,1,2,11,12,7,16,0,0,0,0,0,0,0,0,0,0,0,0,0,0,0,0,95,0,0,0,0,0,0,0,0
2021-01-02T23:59:59+01:00,0,0,2,0,1,6,8,4,4,7,5,9,1,2,11,12,7,16,0,0,0,0,0,0,0,0,0,0,0,0,0,0,0,0,95,0,0,0,0,0,0,0,0
2021-01-01T23:59:59+01:00,0,0,1,0,1,6,8,4,4,7,5,9,1,2,11,12,7,16,0,0,0,0,0,0,0,0,0,0,0,0,0,0,0,0,94,0,0,0,0,0,0,0,0
2020-12-31T23:59:59+01:00,0,0,1,0,1,5,8,4,4,7,5,9,1,2,11,12,7,16,0,0,0,0,0,0,0,0,0,0,0,0,0,0,0,0,93,0,0,0,0,0,0,0,0
2020-12-30T23:59:59+01:00,0,0,1,0,1,5,8,4,4,7,5,9,1,2,11,12,7,16,0,0,0,0,0,0,0,0,0,0,0,0,0,0,0,0,93,0,0,0,0,0,0,0,0
2020-12-29T23:59:59+01:00,0,0,1,0,1,3,8,4,4,7,5,9,1,0,8,8,6,15,0,0,0,0,0,0,0,0,0,0,0,0,0,0,0,0,80,0,0,0,0,0,0,0,0
2020-12-28T23:59:59+01:00,0,0,1,0,1,3,8,4,4,7,5,9,1,0,8,8,6,15,0,0,0,0,0,0,0,0,0,0,0,0,0,0,0,0,80,0,0,0,0,0,0,0,0
2020-12-27T23:59:59+01:00,0,0,1,0,1,3,8,4,4,7,5,9,1,0,8,8,6,15,0,0,0,0,0,0,0,0,0,0,0,0,0,0,0,0,80,0,0,0,0,0,0,0,0
