Datum,<15_1_m,<15_1_w,15-24_1_m,15-24_1_w,25-34_1_m,25-34_1_w,35-44_1_m,35-44_1_w,45-54_1_m,45-54_1_w,55-64_1_m,55-64_1_w,65-74_1_m,65-74_1_w,75-84_1_m,75-84_1_w,>84_1_m,>84_1_w,<15_2_m,<15_2_w,15-24_2_m,15-24_2_w,25-34_2_m,25-34_2_w,35-44_2_m,35-44_2_w,45-54_2_m,45-54_2_w,55-64_2_m,55-64_2_w,65-74_2_m,65-74_2_w,75-84_2_m,75-84_2_w,>84_2_m,>84_2_w,bp_1,bp_2,mo_1,mo_2,az_1,az_2,ja,unb_1,unb_2
2021-12-06T23:59:59+01:00,5458,5146,21382,19621,26718,24797,27639,26961,30586,31101,32765,33753,22377,25679,15847,20048,4617,8139,2683,2578,18334,16949,23801,21751,25167,24422,28454,28833,31115,31902,21666,24718,15420,19345,4432,7747,275858,246562,33449,32259,55129,52277,18164,43,55
2021-12-05T23:59:59+01:00,5358,5049,21360,19583,26694,24755,27610,26933,30563,31074,32750,33729,22370,25665,15841,20037,4616,8130,2655,2555,18244,16866,23703,21673,25095,24360,28394,28774,31066,31851,21637,24687,15411,19332,4428,7742,275342,245721,33448,32256,55129,52277,18164,43,55
2021-12-04T23:59:59+01:00,5224,4963,21343,19569,26685,24742,27601,26925,30551,31066,32745,33723,22368,25663,15839,20036,4615,8130,2649,2550,18204,16838,23660,21649,25072,24347,28373,28767,31054,31837,21635,24684,15409,19330,4428,7740,275014,245475,33448,32256,55129,52277,18163,43,55
2021-12-03T23:59:59+01:00,4982,4776,21308,19540,26655,24710,27586,26906,30532,31044,32735,33703,22363,25657,15839,20029,4613,8129,2627,2525,18117,16765,23582,21592,24994,24282,28321,28721,31021,31813,21626,24676,15404,19324,4425,7740,274343,244828,33438,32233,55129,52276,18163,43,55
2021-12-02T23:59:59+01:00,4720,4523,21269,19503,26604,24647,27542,26860,30505,31017,32708,33673,22351,25642,15822,20015,4605,8122,2574,2451,17990,16670,23472,21496,24900,24200,28229,28647,30959,31761,21603,24649,15395,19307,4421,7731,273373,243744,33429,32217,55129,52276,18163,43,55
2021-12-01T23:59:59+01:00,4521,4323,21228,19448,26567,24574,27495,26810,30468,30956,32673,33632,22335,25613,15812,19994,4602,8112,2528,2402,17830,16510,23322,21352,24773,24088,28122,28560,30882,31677,21577,24626,15379,19289,4421,7725,272414,242380,33423,32190,55129,52275,18163,43,55
2021-11-30T23:59:59+01:00,4337,4143,21189,19407,26519,24506,27462,26761,30437,30925,32642,33592,22323,25598,15799,19973,4600,8103,2497,2378,17749,16429,23242,21254,24701,24015,28056,28501,30825,31630,21557,24594,15368,19275,4421,7722,271572,241537,33418,32185,55129,52274,18163,43,55
2021-11-29T23:59:59+01:00,4113,3967,21128,19362,26470,24427,27411,26708,30394,30874,32607,33543,22292,25554,15790,19947,4597,8092,2466,2351,17633,16320,23096,21120,24600,23945,27973,28422,30759,31569,21527,24555,15360,19247,4420,7713,270541,240432,33410,32152,55128,52274,18163,43,55
2021-11-28T23:59:59+01:00,3948,3815,21088,19332,26428,24372,27380,26667,30367,30847,32588,33508,22282,25533,15783,19931,4594,8085,2450,2333,17573,16260,23020,21074,24535,23898,27933,28376,30724,31530,21507,24533,15351,19241,4418,7711,269823,239824,33400,32151,55128,52274,18163,43,55
2021-11-27T23:59:59+01:00,3921,3795,21068,19319,26415,24359,27362,26653,30358,30836,32580,33502,22280,25527,15782,19929,4594,8085,2449,2333,17560,16256,23009,21065,24522,23888,27925,28371,30716,31522,21506,24533,15349,19239,4418,7711,269642,239731,33400,32151,55128,52274,18161,43,55
2021-11-26T23:59:59+01:00,3817,3706,21025,19293,26380,24317,27331,26624,30336,30812,32556,33484,22273,25514,15779,19925,4594,8083,2436,2311,17501,16225,22957,21035,24482,23842,27884,28350,30695,31508,21501,24527,15346,19235,4418,7711,269132,239334,33394,32141,55128,52273,18161,43,55
2021-11-25T23:59:59+01:00,3669,3564,20968,19215,26335,24228,27283,26557,30286,30759,32520,33431,22264,25488,15774,19909,4592,8078,2399,2276,17423,16164,22846,20967,24423,23788,27827,28297,30656,31471,21491,24509,15337,19224,4414,7709,268219,238621,33378,32112,55128,52272,18161,43,55
2021-11-24T23:59:59+01:00,3581,3471,20892,19149,26265,24135,27210,26479,30241,30697,32477,33380,22244,25456,15767,19888,4583,8065,2369,2249,17348,16075,22732,20871,24343,23725,27745,28236,30600,31411,21470,24485,15325,19215,4411,7706,267283,237747,33374,32085,55128,52268,18161,43,55
2021-11-23T23:59:59+01:00,3492,3386,20818,19084,26194,24066,27147,26416,30179,30639,32431,33329,22223,25427,15748,19855,4577,8039,2350,2231,17264,16021,22643,20792,24279,23656,27695,28189,30561,31385,21459,24462,15308,19197,4408,7694,266367,237036,33363,32077,55128,52268,18158,43,55
2021-11-22T23:59:59+01:00,3408,3304,20730,19009,26073,23951,27067,26313,30114,30555,32360,33261,22198,25391,15740,19826,4568,8028,2330,2213,17210,15956,22566,20738,24221,23599,27645,28133,30515,31344,21435,24436,15295,19183,4404,7690,265223,236375,33356,32061,55128,52267,18155,43,55
2021-11-21T23:59:59+01:00,3369,3254,20660,18954,26002,23873,27009,26249,30055,30491,32308,33203,22178,25363,15733,19807,4564,8021,2324,2206,17186,15942,22537,20720,24197,23581,27628,28123,30499,31329,21427,24430,15290,19176,4404,7684,264426,236154,33352,32054,55128,52267,18153,43,55
2021-11-20T23:59:59+01:00,3357,3242,20630,18920,25958,23843,26969,26226,30031,30467,32293,33185,22168,25356,15730,19803,4564,8019,2319,2203,17171,15937,22528,20711,24180,23570,27621,28112,30495,31326,21425,24429,15290,19174,4404,7684,264097,236052,33350,32053,55128,52267,18152,43,55
2021-11-19T23:59:59+01:00,3278,3167,20546,18838,25869,23764,26905,26172,29972,30415,32255,33144,22156,25332,15728,19797,4563,8016,2308,2195,17134,15904,22475,20679,24130,23543,27581,28083,30474,31315,21413,24424,15286,19170,4402,7683,263266,235686,33337,32043,55128,52263,18152,43,55
2021-11-18T23:59:59+01:00,3164,3070,20456,18716,25758,23635,26815,26059,29897,30328,32209,33075,22119,25287,15717,19778,4563,8007,2288,2161,17060,15827,22411,20613,24081,23485,27531,28051,30424,31278,21401,24409,15277,19152,4399,7668,262009,235039,33330,32012,55128,52258,18152,43,55
2021-11-17T23:59:59+01:00,3101,2998,20331,18593,25642,23489,26713,25950,29811,30264,32152,33005,22097,25247,15706,19757,4560,8000,2267,2133,16974,15770,22312,20542,24013,23407,27452,27997,30380,31241,21385,24391,15268,19136,4397,7663,260784,234274,33320,31994,55128,52255,18150,43,55
2021-11-16T23:59:59+01:00,3055,2941,20209,18500,25511,23356,26628,25853,29739,30180,32089,32933,22075,25215,15695,19738,4558,7988,2246,2117,16930,15745,22265,20501,23968,23375,27413,27949,30348,31208,21369,24377,15255,19126,4397,7660,259639,233803,33314,31990,55128,52253,18148,43,55
2021-11-15T23:59:59+01:00,3004,2900,20010,18348,25331,23199,26498,25726,29647,30072,32005,32854,22044,25182,15679,19716,4555,7980,2230,2108,16881,15724,22220,20468,23924,23345,27388,27921,30325,31189,21352,24358,15248,19112,4395,7656,258147,233424,33296,31967,55128,52253,18145,43,55
2021-11-14T23:59:59+01:00,2976,2864,19885,18249,25216,23075,26409,25652,29579,29995,31944,32789,22018,25152,15669,19701,4552,7974,2219,2094,16851,15683,22194,20437,23896,23327,27372,27900,30306,31172,21345,24355,15242,19101,4395,7654,257104,233129,33290,31964,55128,52252,18143,43,55
2021-11-13T23:59:59+01:00,2963,2847,19819,18201,25155,23035,26341,25615,29544,29970,31921,32770,22013,25147,15669,19699,4550,7973,2216,2093,16843,15678,22188,20430,23885,23323,27365,27897,30301,31169,21344,24354,15242,19100,4395,7654,256640,233070,33290,31960,55128,52252,18140,43,55
2021-11-12T23:59:59+01:00,2923,2807,19624,18067,24994,22908,26199,25492,29471,29889,31861,32730,22001,25124,15661,19693,4548,7973,2203,2082,16783,15651,22143,20395,23846,23294,27339,27879,30269,31155,21337,24343,15235,19095,4395,7652,255406,232710,33261,31947,55128,52248,18136,43,55
2021-11-11T23:59:59+01:00,2861,2741,19489,17947,24864,22770,26078,25379,29382,29794,31793,32681,21977,25100,15653,19683,4546,7967,2186,2062,16742,15599,22101,20342,23812,23267,27311,27845,30250,31119,21319,24333,15230,19084,4393,7646,254187,232280,33229,31932,55127,52246,18128,43,55
2021-11-10T23:59:59+01:00,2807,2676,19238,17743,24635,22572,25918,25226,29223,29681,31705,32581,21947,25070,15636,19663,4544,7957,2171,2038,16680,15523,22023,20285,23760,23218,27261,27808,30203,31081,21299,24312,15221,19067,4388,7640,252365,231650,33186,31917,55126,52245,18111,43,55
2021-11-09T23:59:59+01:00,2763,2634,19096,17598,24475,22452,25807,25111,29149,29605,31640,32512,21925,25039,15620,19646,4541,7942,2152,2023,16647,15487,21985,20260,23737,23190,27236,27778,30177,31039,21280,24294,15214,19050,4386,7635,251112,231253,33175,31913,55126,52241,18108,43,55
2021-11-08T23:59:59+01:00,2715,2593,18839,17377,24243,22232,25628,24970,28999,29476,31533,32422,21890,24985,15598,19622,4540,7934,2129,2002,16596,15439,21939,20220,23708,23149,27198,27750,30154,31013,21256,24280,15205,19036,4382,7631,249205,230805,33139,31897,55126,52238,18092,43,55
2021-11-07T23:59:59+01:00,2687,2561,18730,17268,24114,22117,25518,24877,28927,29402,31483,32362,21868,24963,15590,19618,4538,7931,2114,1988,16572,15423,21916,20193,23686,23134,27183,27732,30141,31001,21252,24274,15200,19028,4382,7629,248166,230568,33137,31897,55126,52237,18091,43,55
2021-11-06T23:59:59+01:00,2687,2558,18728,17265,24110,22117,25514,24874,28925,29399,31482,32360,21868,24963,15590,19618,4537,7931,2114,1987,16568,15421,21916,20191,23685,23134,27180,27729,30139,31001,21252,24273,15200,19028,4382,7629,248138,230551,33137,31895,55126,52237,18091,43,55
2021-11-05T23:59:59+01:00,2658,2519,18628,17183,24020,22020,25443,24806,28860,29345,31442,32328,21867,24956,15587,19611,4537,7930,2109,1981,16556,15404,21907,20178,23674,23126,27173,27715,30131,30993,21247,24268,15200,19027,4381,7628,247388,230431,33103,31890,55126,52233,18089,43,55
2021-11-04T23:59:59+01:00,2612,2482,18547,17091,23909,21923,25374,24749,28788,29298,31403,32289,21856,24944,15579,19601,4535,7925,2080,1957,16496,15355,21857,20132,23639,23096,27149,27685,30108,30971,21242,24259,15195,19017,4379,7627,246581,230025,33093,31874,55126,52219,18071,43,55
2021-11-03T23:59:59+01:00,2576,2456,18397,16960,23739,21782,25260,24651,28706,29236,31355,32232,21835,24931,15573,19595,4535,7923,2052,1934,16422,15286,21800,20065,23599,23055,27104,27649,30082,30941,21224,24235,15184,19006,4377,7621,245451,229441,33067,31859,55126,52217,18064,43,55
2021-11-02T23:59:59+01:00,2548,2433,18261,16876,23588,21675,25165,24585,28629,29180,31306,32197,21826,24911,15566,19586,4534,7914,2037,1914,16364,15249,21762,20018,23561,23015,27075,27624,30059,30918,21216,24222,15176,19003,4376,7618,244506,229029,33061,31853,55126,52217,18053,43,55
2021-11-01T23:59:59+01:00,2527,2413,18174,16803,23500,21615,25102,24541,28579,29139,31278,32170,21813,24901,15563,19585,4534,7913,2023,1900,16327,15194,21725,19979,23534,22982,27045,27586,30041,30899,21208,24217,15175,18993,4376,7616,243886,228659,33056,31841,55126,52217,18048,43,55
2021-10-31T23:59:59+01:00,2527,2413,18174,16803,23499,21613,25101,24541,28579,29139,31278,32170,21813,24901,15563,19585,4534,7913,2022,1899,16327,15194,21725,19979,23534,22981,27045,27586,30041,30898,21208,24217,15175,18993,4376,7616,243882,228655,33056,31841,55126,52217,18048,43,55
2021-10-30T23:59:59+02:00,2527,2413,18174,16803,23498,21613,25101,24541,28579,29139,31278,32170,21813,24901,15563,19585,4534,7913,2022,1899,16327,15194,21725,19979,23534,22981,27045,27586,30041,30898,21208,24217,15175,18993,4376,7616,243881,228655,33056,31841,55126,52217,18048,43,55
2021-10-29T23:59:59+02:00,2514,2399,18107,16758,23421,21573,25025,24497,28514,29100,31252,32149,21809,24892,15556,19580,4533,7912,2017,1894,16312,15182,21710,19964,23524,22966,27034,27573,30033,30895,21206,24215,15175,18991,4376,7616,243375,228528,33010,31837,55126,52217,18046,43,55
2021-10-28T23:59:59+02:00,2489,2375,18023,16690,23336,21507,24974,24441,28474,29062,31217,32121,21803,24885,15552,19572,4533,7909,1986,1875,16252,15131,21673,19919,23493,22934,27007,27551,30010,30868,21196,24206,15171,18988,4376,7611,242785,228118,32980,31822,55126,52214,18038,43,55
2021-10-27T23:59:59+02:00,2455,2338,17904,16607,23181,21404,24864,24352,28377,29002,31169,32089,21794,24861,15545,19563,4533,7908,1961,1846,16181,15083,21624,19858,23459,22895,26972,27512,29983,30843,21185,24193,15164,18978,4375,7607,241816,227627,32940,31797,55126,52210,18030,43,55
2021-10-26T23:59:59+02:00,2430,2314,17846,16560,23135,21355,24817,24313,28330,28960,31142,32070,21792,24851,15542,19561,4533,7905,1943,1822,16141,15037,21592,19826,23427,22864,26961,27491,29970,30832,21177,24191,15162,18976,4375,7607,241340,227315,32939,31797,55126,52210,18017,43,55
2021-10-25T23:59:59+02:00,2429,2310,17845,16554,23133,21353,24815,24310,28328,28955,31141,32070,21792,24851,15542,19561,4533,7905,1943,1821,16141,15036,21592,19825,23425,22863,26961,27491,29970,30832,21177,24191,15162,18976,4375,7607,241316,227310,32935,31797,55126,52210,18016,43,55
2021-10-24T23:59:59+02:00,2420,2301,17828,16527,23116,21333,24789,24294,28319,28949,31134,32065,21790,24849,15540,19560,4533,7905,1933,1804,16120,14998,21569,19802,23411,22834,26950,27480,29960,30824,21174,24186,15160,18970,4375,7607,241157,227095,32921,31783,55126,52210,18014,43,55
2021-10-23T23:59:59+02:00,2420,2301,17827,16527,23115,21333,24789,24294,28318,28949,31134,32065,21790,24849,15540,19560,4533,7905,1933,1804,16120,14998,21568,19802,23411,22834,26950,27480,29960,30824,21174,24186,15160,18970,4375,7607,241154,227094,32921,31783,55126,52210,18014,43,55
2021-10-22T23:59:59+02:00,2399,2283,17763,16487,23064,21287,24739,24238,28286,28920,31100,32042,21783,24840,15535,19558,4532,7903,1926,1797,16101,14986,21557,19793,23395,22817,26942,27476,29951,30818,21172,24184,15160,18970,4375,7607,240684,226979,32912,31782,55126,52208,18003,43,55
2021-10-21T23:59:59+02:00,2384,2256,17720,16442,23007,21238,24701,24204,28240,28892,31082,32020,21776,24834,15532,19554,4531,7895,1881,1759,16038,14908,21512,19733,23358,22769,26903,27438,29937,30797,21165,24172,15151,18951,4373,7602,240274,226461,32886,31735,55126,52208,17988,43,55
2021-10-20T23:59:59+02:00,2353,2215,17639,16378,22914,21171,24624,24160,28201,28845,31047,31993,21764,24825,15528,19545,4529,7893,1826,1714,15951,14836,21464,19666,23297,22723,26858,27382,29909,30769,21144,24160,15144,18933,4367,7599,239621,225795,32866,31710,55126,52205,17977,43,55
2021-10-19T23:59:59+02:00,2332,2201,17604,16352,22893,21156,24610,24143,28188,28833,31039,31971,21757,24814,15526,19537,4528,7892,1796,1675,15892,14786,21422,19619,23276,22699,26838,27363,29889,30750,21133,24146,15139,18927,4367,7596,239378,225372,32866,31709,55125,52204,17973,43,55
2021-10-18T23:59:59+02:00,2319,2191,17583,16331,22878,21130,24591,24125,28176,28823,31026,31959,21751,24812,15524,19530,4526,7889,1772,1652,15850,14739,21403,19594,23253,22670,26817,27337,29869,30735,21127,24141,15135,18921,4366,7595,239167,225037,32866,31708,55125,52204,17972,43,55
2021-10-17T23:59:59+02:00,2310,2185,17557,16297,22850,21100,24572,24111,28156,28814,31015,31951,21743,24808,15523,19527,4526,7887,1754,1623,15807,14692,21371,19551,23232,22644,26798,27316,29855,30731,21121,24132,15135,18916,4364,7593,238946,224721,32860,31687,55124,52204,17968,43,55
2021-10-16T23:59:59+02:00,2310,2185,17556,16297,22850,21100,24572,24111,28156,28814,31015,31951,21743,24808,15523,19527,4526,7887,1754,1623,15807,14692,21371,19550,23232,22644,26798,27316,29855,30731,21121,24132,15135,18916,4364,7593,238945,224720,32860,31687,55124,52204,17968,43,55
2021-10-15T23:59:59+02:00,2300,2175,17531,16281,22831,21085,24546,24093,28140,28799,31009,31947,21737,24801,15523,19527,4526,7886,1746,1608,15794,14675,21359,19539,23223,22637,26795,27309,29850,30726,21118,24130,15134,18916,4364,7593,238766,224604,32847,31687,55124,52204,17966,43,55
2021-10-14T23:59:59+02:00,2290,2157,17487,16246,22795,21051,24522,24068,28121,28779,30998,31933,21731,24798,15520,19524,4525,7883,1725,1582,15732,14623,21330,19494,23188,22598,26777,27273,29828,30703,21107,24122,15129,18906,4362,7591,238464,224198,32846,31673,55124,52185,17959,43,55
2021-10-13T23:59:59+02:00,2260,2137,17400,16169,22733,20987,24477,24025,28083,28733,30969,31903,21716,24788,15514,19519,4524,7879,1687,1551,15630,14530,21278,19442,23145,22561,26735,27233,29799,30675,21099,24104,15127,18891,4362,7587,237935,223650,32822,31646,55124,52185,17900,43,55
2021-10-12T23:59:59+02:00,2250,2118,17357,16125,22710,20959,24450,23997,28067,28713,30956,31882,21712,24783,15510,19511,4523,7877,1663,1531,15578,14469,21259,19408,23119,22540,26710,27208,29775,30654,21091,24095,15125,18888,4360,7586,237622,223290,32821,31634,55123,52181,17899,43,55
2021-10-11T23:59:59+02:00,2239,2106,17328,16094,22695,20938,24435,23976,28048,28694,30941,31872,21706,24775,15508,19506,4520,7872,1645,1520,15535,14434,21221,19354,23096,22500,26684,27168,29746,30638,21080,24085,15119,18881,4356,7583,237379,222880,32821,31634,55123,52181,17895,43,55
2021-10-10T23:59:59+02:00,2235,2097,17311,16074,22677,20924,24429,23968,28039,28679,30936,31865,21699,24771,15508,19504,4520,7869,1629,1509,15478,14389,21157,19295,23057,22461,26639,27142,29724,30616,21070,24074,15113,18874,4356,7583,237239,222429,32817,31611,55123,52180,17891,43,55
2021-10-09T23:59:59+02:00,2233,2097,17311,16073,22675,20923,24429,23968,28039,28679,30936,31865,21699,24771,15508,19504,4520,7869,1628,1506,15477,14387,21157,19294,23057,22461,26639,27141,29724,30616,21070,24074,15113,18874,4356,7583,237233,222420,32817,31611,55123,52180,17891,43,55
2021-10-08T23:59:59+02:00,2228,2089,17300,16048,22653,20912,24411,23959,28024,28663,30921,31856,21697,24766,15508,19504,4520,7869,1621,1502,15470,14374,21144,19280,23046,22453,26629,27124,29719,30609,21068,24068,15111,18873,4356,7583,237096,222316,32807,31611,55122,52180,17868,43,55
2021-10-07T23:59:59+02:00,2204,2069,17246,16003,22627,20865,24386,23931,27992,28638,30900,31829,21692,24763,15506,19495,4519,7863,1586,1470,15400,14296,21084,19210,23003,22405,26599,27087,29691,30585,21057,24053,15106,18863,4352,7582,236714,221777,32797,31562,55119,52172,17863,43,55
2021-10-06T23:59:59+02:00,2180,2046,17186,15956,22580,20812,24360,23890,27960,28608,30884,31803,21681,24751,15499,19489,4518,7859,1549,1443,15341,14223,21034,19149,22965,22368,26568,27046,29667,30555,21046,24039,15095,18856,4350,7580,236294,221277,32778,31534,55119,52172,17836,43,55
2021-10-05T23:59:59+02:00,2160,2029,17141,15917,22531,20784,24325,23849,27938,28583,30871,31786,21676,24743,15499,19484,4517,7858,1537,1426,15313,14192,20978,19124,22935,22339,26540,27020,29642,30530,21038,24020,15092,18848,4347,7580,236025,221010,32778,31532,55119,52172,17732,43,55
2021-10-04T23:59:59+02:00,2133,1994,17087,15878,22479,20754,24301,23823,27922,28548,30851,31768,21672,24734,15497,19480,4516,7855,1531,1414,15275,14167,20952,19095,22921,22314,26522,27001,29630,30516,21031,24010,15088,18843,4347,7572,235681,220797,32778,31530,55119,52170,17677,43,55
2021-10-03T23:59:59+02:00,2128,1982,17057,15837,22449,20721,24263,23799,27908,28528,30834,31758,21669,24727,15496,19475,4516,7853,1511,1392,15243,14128,20927,19065,22895,22294,26507,26978,29616,30506,21021,23997,15086,18840,4347,7572,235466,220575,32772,31517,55115,52168,17610,43,55
2021-10-02T23:59:59+02:00,2128,1982,17057,15837,22449,20721,24262,23799,27908,28528,30834,31758,21669,24727,15496,19475,4516,7853,1511,1392,15243,14128,20927,19065,22895,22294,26507,26978,29616,30505,21021,23997,15086,18840,4347,7572,235465,220574,32772,31517,55115,52168,17610,43,55
2021-10-01T23:59:59+02:00,2123,1977,17044,15820,22446,20709,24248,23778,27903,28521,30830,31753,21666,24725,15496,19473,4515,7853,1509,1389,15239,14126,20924,19063,22893,22294,26505,26976,29616,30501,21020,23995,15086,18840,4347,7572,235349,220547,32771,31517,55115,52168,17608,43,55
2021-09-30T23:59:59+02:00,2102,1961,16987,15768,22402,20652,24207,23743,27873,28488,30807,31729,21654,24719,15491,19466,4513,7847,1472,1358,15170,14061,20886,19027,22859,22253,26482,26942,29597,30480,21016,23986,15083,18832,4343,7567,234960,220158,32757,31497,55115,52164,17540,43,55
2021-09-29T23:59:59+02:00,2034,1916,16894,15691,22331,20582,24150,23692,27810,28436,30769,31699,21638,24705,15484,19452,4510,7845,1450,1326,15100,14004,20843,18973,22823,22200,26444,26912,29562,30452,21007,23974,15072,18824,4342,7564,234318,219752,32740,31475,55114,52161,17429,43,55
2021-09-28T23:59:59+02:00,2017,1899,16812,15626,22259,20529,24085,23650,27772,28393,30752,31682,21628,24691,15479,19442,4510,7842,1436,1314,15034,13958,20784,18932,22778,22174,26413,26877,29541,30431,20994,23958,15066,18814,4340,7560,233886,219422,32739,31475,55114,52160,17292,43,55
2021-09-27T23:59:59+02:00,1954,1830,16745,15565,22223,20493,24060,23623,27743,28357,30732,31665,21621,24684,15477,19439,4509,7840,1425,1299,15005,13927,20762,18895,22763,22149,26394,26865,29523,30415,20990,23948,15062,18806,4339,7557,233388,219152,32738,31475,55114,52159,17283,43,55
2021-09-26T23:59:59+02:00,1933,1809,16674,15501,22170,20432,24021,23572,27714,28331,30717,31656,21611,24677,15476,19436,4509,7838,1409,1285,14934,13858,20709,18840,22713,22091,26352,26828,29504,30388,20983,23938,15054,18803,4339,7554,233018,218745,32721,31448,55113,52146,17188,43,55
2021-09-25T23:59:59+02:00,1933,1809,16672,15501,22168,20431,24018,23571,27714,28331,30717,31656,21611,24677,15476,19436,4509,7838,1409,1285,14933,13858,20707,18840,22712,22090,26351,26825,29504,30388,20982,23938,15054,18803,4339,7554,233012,218740,32721,31447,55113,52145,17185,43,55
2021-09-24T23:59:59+02:00,1932,1806,16646,15481,22124,20402,23985,23550,27694,28309,30700,31641,21609,24673,15474,19435,4509,7838,1402,1278,14906,13831,20657,18808,22672,22064,26323,26804,29482,30368,20977,23932,15052,18801,4338,7553,232948,218612,32721,31447,55113,52145,16989,43,55
2021-09-23T23:59:59+02:00,1902,1768,16570,15395,22064,20327,23936,23481,27649,28255,30674,31601,21597,24662,15466,19420,4506,7836,1375,1250,14827,13767,20595,18765,22642,22018,26289,26761,29456,30341,20973,23921,15046,18793,4338,7552,232390,218208,32682,31414,55113,52145,16887,43,55
2021-09-22T23:59:59+02:00,1868,1737,16467,15316,21972,20250,23859,23427,27581,28194,30632,31565,21581,24639,15464,19407,4504,7833,1320,1199,14701,13660,20505,18687,22577,21947,26227,26700,29407,30305,20952,23911,15040,18785,4335,7543,231775,217527,32661,31371,55113,52138,16710,43,55
2021-09-21T23:59:59+02:00,1838,1693,16387,15239,21913,20190,23807,23377,27538,28159,30592,31525,21570,24619,15461,19397,4498,7825,1311,1183,14645,13612,20445,18648,22534,21903,26192,26674,29382,30280,20939,23897,15033,18774,4332,7539,231295,217237,32661,31371,55112,52138,16522,43,55
2021-09-20T23:59:59+02:00,1811,1678,16313,15174,21855,20143,23759,23336,27501,28116,30558,31507,21561,24606,15456,19392,4497,7823,1299,1173,14588,13560,20399,18604,22497,21875,26145,26642,29356,30255,20931,23885,15031,18768,4329,7536,230885,216920,32659,31370,55112,52137,16391,43,55
2021-09-19T23:59:59+02:00,1784,1655,16250,15124,21806,20082,23724,23302,27470,28088,30537,31482,21552,24595,15453,19381,4497,7820,1291,1163,14531,13517,20354,18551,22445,21852,26120,26610,29339,30241,20924,23872,15027,18765,4328,7532,230519,216639,32637,31337,55112,52137,16294,43,55
2021-09-18T23:59:59+02:00,1784,1655,16248,15122,21804,20081,23721,23300,27470,28087,30537,31482,21552,24595,15453,19381,4497,7820,1291,1163,14530,13516,20353,18551,22444,21851,26120,26608,29339,30241,20924,23872,15027,18765,4328,7532,230511,216638,32637,31336,55112,52137,16289,43,55
2021-09-17T23:59:59+02:00,1778,1648,16225,15104,21782,20061,23701,23288,27456,28072,30528,31476,21548,24592,15450,19378,4496,7820,1283,1154,14509,13501,20343,18545,22434,21846,26113,26604,29329,30235,20921,23869,15026,18764,4328,7532,230340,216533,32636,31336,55112,52137,16275,43,55
2021-09-16T23:59:59+02:00,1739,1617,16124,15004,21701,19962,23631,23204,27390,28012,30489,31438,21535,24575,15445,19368,4491,7820,1250,1125,14424,13427,20298,18491,22399,21794,26082,26560,29308,30204,20910,23859,15019,18756,4325,7528,229532,216074,32614,31258,55112,52125,16247,43,55
2021-09-15T23:59:59+02:00,1708,1600,16055,14925,21645,19907,23587,23159,27358,27978,30465,31414,21522,24553,15433,19358,4490,7818,1221,1097,14346,13341,20230,18431,22360,21742,26042,26516,29277,30180,20897,23844,15007,18748,4324,7526,229001,215514,32595,31213,55112,52120,16227,43,55
2021-09-14T23:59:59+02:00,1694,1584,16021,14879,21598,19869,23557,23124,27326,27942,30440,31390,21506,24542,15430,19346,4487,7817,1203,1082,14308,13303,20205,18408,22338,21716,26022,26501,29265,30169,20886,23836,15004,18741,4323,7524,228592,215230,32591,31212,55112,52120,16217,43,55
2021-09-13T23:59:59+02:00,1673,1571,15979,14825,21571,19837,23526,23091,27309,27905,30426,31374,21505,24532,15425,19344,4486,7814,1197,1074,14280,13288,20178,18392,22318,21696,26007,26489,29256,30146,20877,23825,15003,18734,4321,7522,228244,215007,32588,31212,55112,52120,16209,43,55
2021-09-12T23:59:59+02:00,1663,1558,15955,14801,21555,19815,23509,23066,27294,27890,30415,31366,21498,24524,15425,19339,4486,7814,1183,1069,14247,13259,20153,18354,22297,21670,25994,26465,29245,30138,20870,23816,14998,18727,4319,7517,228050,214765,32569,31181,55112,52118,16202,43,55
2021-09-11T23:59:59+02:00,1662,1558,15943,14796,21547,19807,23508,23065,27292,27889,30412,31364,21497,24523,15425,19339,4486,7814,1183,1069,14242,13256,20151,18351,22295,21670,25994,26464,29245,30138,20869,23816,14998,18727,4319,7517,228013,214754,32569,31181,55109,52118,16196,43,55
2021-09-10T23:59:59+02:00,1662,1558,15920,14791,21534,19796,23490,23062,27274,27879,30399,31359,21496,24521,15421,19337,4486,7813,1181,1069,14219,13249,20136,18341,22281,21666,25979,26451,29227,30135,20868,23812,14995,18724,4318,7516,227982,214715,32569,31181,55109,52118,16098,43,55
2021-09-09T23:59:59+02:00,1617,1519,15840,14712,21474,19730,23436,23012,27214,27829,30371,31330,21487,24504,15407,19323,4484,7811,1153,1044,14137,13173,20066,18272,22213,21611,25929,26411,29192,30103,20852,23784,14978,18710,4316,7514,227453,214247,32538,31098,55108,52098,15961,43,54
2021-09-08T23:59:59+02:00,1579,1471,15713,14618,21404,19654,23383,22936,27163,27786,30331,31282,21470,24486,15398,19312,4483,7811,1136,1019,14048,13082,19983,18221,22148,21558,25882,26372,29156,30053,20833,23763,14974,18702,4315,7513,226907,213844,32467,31009,55108,52093,15758,43,54
2021-09-07T23:59:59+02:00,1566,1451,15661,14567,21349,19627,23347,22913,27136,27754,30314,31266,21459,24464,15392,19304,4481,7811,1119,1005,13978,13033,19919,18181,22104,21527,25846,26340,29127,30025,20822,23749,14970,18695,4314,7513,226666,213557,32460,30979,55108,52089,15588,43,54
2021-09-06T23:59:59+02:00,1553,1441,15610,14521,21326,19595,23324,22885,27110,27735,30298,31244,21449,24461,15388,19297,4481,7809,1107,996,13947,12994,19897,18156,22074,21505,25826,26321,29112,30010,20813,23741,14966,18691,4314,7510,226411,213349,32459,30979,55108,52089,15509,43,54
2021-09-05T23:59:59+02:00,1533,1425,15579,14495,21307,19573,23314,22859,27101,27722,30293,31236,21444,24455,15382,19295,4481,7805,1099,982,13909,12958,19866,18119,22049,21477,25808,26304,29099,29990,20809,23733,14963,18689,4314,7510,226198,213130,32447,30899,55107,52088,15507,43,54
2021-09-04T23:59:59+02:00,1533,1425,15570,14492,21293,19567,23307,22854,27095,27716,30287,31233,21443,24452,15382,19294,4481,7805,1099,982,13900,12955,19852,18111,22042,21472,25801,26298,29093,29986,20808,23730,14963,18688,4314,7510,226197,213129,32447,30896,55107,52088,15437,43,54
2021-09-03T23:59:59+02:00,1530,1422,15553,14478,21261,19542,23276,22834,27072,27703,30272,31218,21436,24444,15382,19288,4481,7804,1099,982,13883,12941,19826,18092,22018,21457,25785,26288,29078,29975,20802,23723,14963,18685,4314,7510,226123,213110,32446,30891,55107,52087,15279,43,54
2021-09-02T23:59:59+02:00,1514,1402,15482,14419,21215,19493,23241,22785,27032,27662,30235,31192,21423,24434,15376,19275,4479,7798,1074,960,13790,12876,19782,18031,21973,21413,25742,26243,29039,29948,20791,23712,14958,18673,4313,7509,225704,212653,32441,30886,55105,52068,15166,43,54
2021-09-01T23:59:59+02:00,1463,1345,15345,14265,21096,19396,23172,22729,26965,27591,30183,31141,21405,24409,15368,19261,4476,7793,1042,920,13644,12753,19653,17934,21889,21344,25684,26173,28989,29885,20766,23682,14946,18660,4309,7504,224931,212068,32417,30689,55104,52056,14910,43,54
2021-08-31T23:59:59+02:00,1439,1330,15283,14194,21032,19344,23127,22687,26914,27548,30149,31109,21392,24396,15362,19252,4476,7792,1028,907,13570,12685,19606,17892,21856,21308,25651,26150,28961,29859,20760,23672,14943,18652,4308,7503,224469,211720,32416,30689,55103,52051,14797,43,54
2021-08-30T23:59:59+02:00,1416,1311,15215,14148,20985,19288,23095,22648,26877,27515,30116,31079,21379,24387,15358,19243,4474,7785,1023,892,13513,12643,19561,17841,21823,21283,25621,26113,28927,29834,20749,23657,14933,18643,4307,7499,224104,211418,32416,30686,55103,52049,14655,43,54
2021-08-29T23:59:59+02:00,1400,1299,15172,14102,20946,19257,23071,22624,26859,27491,30098,31064,21375,24378,15358,19241,4474,7784,1012,884,13460,12597,19538,17819,21796,21263,25600,26093,28914,29817,20741,23649,14930,18639,4305,7498,223815,211148,32415,30686,55103,52048,14619,43,54
2021-08-28T23:59:59+02:00,1400,1299,15166,14099,20935,19250,23065,22620,26856,27482,30095,31063,21374,24378,15358,19241,4474,7784,1012,884,13453,12593,19527,17812,21790,21259,25597,26084,28911,29816,20740,23649,14930,18639,4305,7498,223815,211146,32415,30686,55103,52048,14565,43,54
2021-08-27T23:59:59+02:00,1391,1292,15135,14071,20908,19235,23032,22604,26830,27470,30079,31043,21368,24370,15354,19240,4471,7781,1006,879,13424,12561,19491,17795,21762,21237,25568,26070,28894,29798,20734,23640,14927,18638,4304,7498,223679,211002,32415,30684,55100,52047,14439,43,54
2021-08-26T23:59:59+02:00,1378,1275,15091,14026,20861,19196,23002,22567,26797,27432,30047,31006,21353,24354,15347,19232,4468,7773,994,868,13357,12500,19415,17738,21702,21177,25512,26022,28854,29762,20720,23619,14917,18625,4303,7494,223387,210711,32396,30560,55100,51973,14281,43,54
2021-08-25T23:59:59+02:00,1333,1230,14946,13902,20752,19101,22922,22475,26718,27348,29990,30950,21330,24328,15337,19222,4464,7767,966,838,13235,12414,19334,17661,21635,21106,25442,25968,28809,29718,20692,23598,14909,18611,4302,7491,222531,210135,32380,30513,55100,51964,14064,42,53
2021-08-24T23:59:59+02:00,1309,1206,14883,13851,20709,19049,22867,22428,26682,27312,29960,30918,21312,24313,15331,19212,4463,7766,941,817,13138,12351,19272,17580,21598,21055,25397,25925,28779,29680,20674,23578,14902,18599,4300,7486,222110,209646,32350,30456,55099,51949,13972,42,49
2021-08-23T23:59:59+02:00,1291,1187,14814,13813,20668,19020,22837,22402,26647,27292,29936,30892,21293,24299,15326,19199,4462,7765,915,792,13022,12272,19209,17519,21544,21006,25356,25870,28734,29638,20655,23561,14896,18587,4297,7486,221798,209123,32334,30366,55099,51949,13872,42,49
2021-08-22T23:59:59+02:00,1282,1179,14799,13793,20652,19000,22825,22382,26632,27277,29919,30888,21286,24295,15324,19191,4460,7764,892,775,12963,12201,19156,17485,21515,20970,25335,25844,28708,29617,20648,23548,14895,18583,4297,7486,221623,208796,32315,30256,55099,51946,13871,42,49
2021-08-21T23:59:59+02:00,1282,1179,14790,13783,20641,18992,22815,22376,26628,27272,29908,30882,21286,24293,15324,19191,4460,7764,892,775,12953,12191,19146,17477,21507,20964,25329,25839,28698,29611,20648,23546,14895,18583,4297,7486,221618,208792,32315,30256,55099,51946,13794,42,49
2021-08-20T23:59:59+02:00,1275,1174,14760,13749,20606,18962,22792,22353,26602,27249,29891,30866,21283,24284,15322,19185,4460,7764,891,774,12934,12177,19121,17457,21490,20943,25316,25822,28679,29592,20644,23540,14894,18580,4297,7486,221423,208688,32315,30254,55099,51946,13700,42,49
2021-08-19T23:59:59+02:00,1256,1159,14701,13700,20566,18932,22760,22318,26580,27220,29866,30842,21272,24276,15319,19180,4459,7761,862,761,12800,12059,19031,17380,21403,20885,25246,25756,28620,29543,20623,23527,14888,18571,4295,7483,221115,208052,32283,30118,55099,51884,13630,42,49
2021-08-18T23:59:59+02:00,1233,1140,14619,13611,20450,18871,22684,22256,26513,27163,29808,30784,21247,24255,15313,19168,4457,7758,834,740,12660,11941,18892,17297,21306,20795,25160,25673,28537,29474,20591,23482,14877,18556,4294,7478,220702,207443,32265,29995,55098,51875,13225,42,49
2021-08-17T23:59:59+02:00,1222,1127,14579,13572,20409,18825,22646,22221,26478,27136,29792,30764,21234,24240,15302,19159,4453,7757,813,716,12552,11857,18812,17236,21227,20733,25108,25620,28501,29433,20572,23467,14868,18543,4292,7476,220414,206911,32230,29866,55098,51867,13134,42,48
2021-08-16T23:59:59+02:00,1210,1116,14530,13523,20374,18796,22617,22188,26457,27108,29758,30733,21221,24229,15295,19147,4451,7755,785,702,12455,11757,18721,17163,21157,20648,25041,25561,28435,29369,20549,23445,14858,18525,4291,7473,220146,206285,32228,29741,55098,51866,12996,42,47
2021-08-15T23:59:59+02:00,1200,1103,14491,13497,20345,18767,22588,22169,26444,27092,29748,30719,21216,24217,15290,19145,4450,7753,761,686,12391,11688,18670,17133,21106,20609,25005,25517,28416,29347,20539,23431,14854,18519,4289,7471,219922,205834,32228,29740,55098,51865,12946,42,47
2021-08-14T23:59:59+02:00,1200,1102,14484,13491,20335,18761,22579,22162,26430,27085,29743,30711,21213,24215,15289,19144,4450,7753,761,686,12383,11681,18658,17125,21096,20601,24991,25510,28411,29338,20536,23430,14853,18518,4289,7471,219921,205831,32227,29735,55098,51864,12861,42,47
2021-08-13T23:59:59+02:00,1197,1099,14475,13482,20321,18751,22567,22157,26423,27075,29727,30703,21204,24210,15288,19144,4450,7753,758,685,12368,11670,18647,17116,21083,20592,24985,25494,28397,29334,20530,23423,14851,18518,4289,7470,219864,205766,32226,29735,55098,51864,12798,42,47
2021-08-12T23:59:59+02:00,1177,1077,14418,13426,20278,18711,22543,22122,26395,27045,29696,30682,21192,24191,15284,19137,4450,7748,731,659,12201,11526,18512,17006,20990,20509,24905,25409,28330,29278,20509,23391,14838,18506,4286,7464,219536,204974,32214,29549,55098,51795,12685,41,47
2021-08-11T23:59:59+02:00,1161,1055,14349,13363,20235,18657,22499,22083,26362,27020,29668,30642,21178,24174,15281,19126,4447,7744,707,637,12062,11387,18430,16916,20910,20436,24856,25337,28287,29214,20476,23363,14831,18495,4284,7459,219132,204073,32142,29544,55098,51790,12633,41,47
2021-08-10T23:59:59+02:00,1146,1037,14268,13287,20177,18609,22464,22039,26329,26990,29634,30611,21164,24163,15281,19118,4446,7742,688,615,11945,11267,18330,16844,20844,20370,24804,25279,28243,29160,20449,23334,14817,18477,4283,7453,218710,203320,32110,29522,55098,51765,12548,41,47
2021-08-09T23:59:59+02:00,1129,1018,14182,13225,20096,18553,22415,21991,26278,26946,29596,30578,21145,24146,15275,19109,4441,7740,643,574,11763,11105,18160,16748,20718,20288,24708,25183,28163,29085,20411,23293,14803,18465,4280,7444,218263,202329,32089,29415,55097,51671,12375,41,44
2021-08-08T23:59:59+02:00,1115,1011,14139,13186,20074,18517,22389,21972,26263,26926,29580,30564,21138,24140,15272,19105,4440,7739,617,556,11680,11018,18074,16664,20651,20230,24645,25136,28117,29041,20389,23270,14790,18454,4280,7440,218033,201674,32058,29337,55096,51653,12344,41,44
2021-08-07T23:59:59+02:00,1115,1011,14124,13180,20064,18512,22384,21967,26251,26912,29565,30552,21136,24136,15268,19100,4439,7739,617,555,11665,11012,18058,16659,20646,20224,24632,25121,28100,29029,20387,23266,14786,18449,4279,7440,218030,201658,32057,29336,55095,51653,12234,41,44
2021-08-06T23:59:59+02:00,1115,1011,14114,13168,20051,18493,22370,21952,26229,26903,29552,30541,21133,24132,15265,19098,4439,7738,617,555,11654,10998,18035,16636,20630,20207,24611,25112,28087,29017,20384,23262,14783,18447,4279,7440,218022,201628,32053,29335,55095,51652,12095,41,44
2021-08-05T23:59:59+02:00,1103,992,14043,13126,20000,18459,22327,21909,26193,26846,29524,30517,21119,24117,15258,19089,4437,7735,582,525,11481,10889,17922,16536,20521,20108,24504,25022,28018,28968,20358,23237,14772,18433,4276,7438,217706,200843,32009,29244,55092,51511,11948,41,44
2021-08-04T23:59:59+02:00,1087,975,13979,13058,19895,18374,22262,21850,26152,26803,29473,30469,21096,24099,15248,19076,4437,7732,544,491,11295,10715,17691,16394,20345,19981,24386,24898,27908,28871,20330,23204,14759,18421,4273,7436,217436,199796,31847,29183,55091,51267,11652,41,44
2021-08-03T23:59:59+02:00,1063,957,13907,12994,19855,18323,22227,21808,26115,26761,29438,30438,21079,24074,15237,19062,4434,7722,487,449,11109,10543,17513,16266,20203,19846,24237,24774,27788,28762,20286,23156,14741,18389,4271,7430,217056,198356,31819,29148,55090,51212,11490,41,44
2021-08-02T23:59:59+02:00,1039,937,13822,12926,19796,18265,22175,21767,26059,26699,29386,30388,21050,24043,15227,19042,4431,7721,461,419,10941,10374,17339,16141,20055,19733,24119,24659,27701,28659,20241,23103,14722,18370,4268,7421,216574,197165,31788,29099,55090,51136,11282,41,44
2021-08-01T23:59:59+02:00,1029,922,13761,12879,19761,18248,22154,21745,26034,26678,29367,30372,21041,24031,15223,19035,4431,7720,425,388,10796,10229,17180,16033,19904,19625,23975,24555,27592,28579,20227,23079,14713,18356,4268,7417,216337,196277,31739,29008,55090,50787,11225,41,44
2021-07-31T23:59:59+02:00,1029,922,13736,12870,19743,18240,22138,21733,26020,26666,29359,30361,21038,24026,15222,19034,4430,7720,424,388,10770,10216,17159,16019,19886,19611,23962,24542,27584,28568,20224,23074,14712,18355,4267,7417,216333,196254,31739,29008,55090,50787,11085,41,44
2021-07-30T23:59:59+02:00,1021,912,13675,12823,19697,18218,22107,21714,25990,26644,29332,30343,21031,24018,15216,19032,4428,7719,403,370,10683,10140,17094,15975,19827,19575,23895,24501,27536,28542,20209,23052,14703,18351,4264,7415,216152,195860,31735,29008,55090,50720,10903,41,44
2021-07-29T23:59:59+02:00,997,893,13568,12737,19633,18157,22034,21661,25939,26588,29279,30305,21014,24008,15209,19025,4428,7717,358,330,10415,9879,16791,15733,19532,19356,23591,24270,27284,28378,20154,22997,14691,18330,4264,7414,215707,194103,31662,28896,55090,50031,10693,41,44
2021-07-28T23:59:59+02:00,969,863,13438,12609,19509,18049,21948,21578,25859,26509,29202,30237,20991,23972,15196,19013,4426,7715,323,290,10126,9675,16531,15542,19272,19168,23363,24077,27129,28235,20106,22923,14672,18307,4261,7409,215056,192758,31626,28814,55086,49518,10275,41,44
2021-07-27T23:59:59+02:00,938,842,13319,12516,19444,17988,21881,21525,25793,26452,29162,30192,20976,23952,15191,18993,4425,7709,275,235,9870,9461,16277,15312,19043,18981,23169,23902,26965,28099,20064,22870,14650,18280,4255,7400,214462,191087,31571,28655,55085,49181,10141,40,44
2021-07-26T23:59:59+02:00,914,824,13214,12421,19391,17931,21808,21460,25742,26419,29108,30131,20946,23928,15173,18974,4425,7705,226,206,9636,9210,16036,15104,18795,18781,22939,23735,26815,27971,19993,22809,14621,18244,4251,7394,213852,189325,31501,28554,55083,48803,10040,39,44
2021-07-25T23:59:59+02:00,895,812,13139,12349,19311,17880,21750,21406,25700,26371,29072,30086,20929,23911,15166,18968,4422,7704,203,186,9450,9069,15837,14950,18591,18642,22771,23626,26667,27851,19943,22761,14604,18231,4248,7391,213546,188417,31437,28405,55083,48388,9767,39,44
2021-07-24T23:59:59+02:00,895,812,13129,12339,19300,17873,21739,21402,25686,26364,29067,30080,20925,23910,15165,18967,4422,7704,203,186,9440,9053,15826,14942,18577,18637,22756,23616,26661,27843,19940,22758,14603,18230,4248,7391,213543,188397,31435,28401,55083,48388,9680,39,44
2021-07-23T23:59:59+02:00,887,810,13063,12301,19223,17839,21699,21369,25651,26326,29033,30044,20910,23893,15157,18963,4420,7701,203,185,9387,9024,15742,14899,18523,18596,22706,23576,26617,27804,19923,22741,14596,18224,4246,7388,213414,188234,31434,28395,55083,48387,9320,39,44
2021-07-22T23:59:59+02:00,875,796,12967,12219,19167,17769,21653,21339,25602,26279,29009,30021,20897,23875,15155,18957,4417,7699,149,142,9070,8747,15345,14650,18156,18339,22375,23329,26411,27669,19866,22684,14583,18202,4243,7383,212946,186403,31348,28140,55080,47472,9284,39,44
2021-07-21T23:59:59+02:00,853,768,12767,12051,19020,17645,21520,21240,25496,26175,28933,29949,20855,23840,15138,18934,4413,7694,126,122,8693,8432,14913,14325,17776,18065,22018,22994,26136,27459,19773,22596,14557,18164,4240,7374,212317,184499,31239,27788,55077,46812,8620,39,44
2021-07-20T23:59:59+02:00,823,743,12618,11915,18912,17558,21451,21162,25435,26110,28893,29898,20830,23807,15130,18918,4410,7691,96,95,8362,8126,14449,13990,17393,17789,21713,22764,25889,27272,19692,22487,14528,18129,4238,7368,211631,182342,31129,27625,55074,45938,8432,39,43
2021-07-19T23:59:59+02:00,794,716,12498,11798,18825,17488,21390,21103,25381,26056,28843,29861,20804,23777,15120,18904,4406,7685,75,64,8039,7872,14084,13737,17045,17541,21385,22558,25661,27130,19622,22411,14506,18107,4232,7362,210917,180298,31026,27467,55074,45227,8396,37,43
2021-07-18T23:59:59+02:00,776,698,12383,11689,18727,17410,21322,21050,25325,26002,28806,29807,20782,23756,15108,18893,4404,7683,62,53,7868,7721,13930,13613,16893,17417,21221,22445,25531,27048,19582,22371,14492,18091,4232,7359,210329,179363,30879,27360,55074,44860,8303,37,43
2021-07-17T23:59:59+02:00,776,698,12380,11689,18726,17407,21321,21050,25325,26002,28806,29807,20782,23756,15108,18893,4404,7683,62,53,7861,7720,13926,13608,16892,17416,21220,22444,25530,27046,19579,22370,14492,18091,4232,7359,210324,179341,30879,27359,55074,44858,8300,37,43
2021-07-16T23:59:59+02:00,769,693,12307,11635,18684,17376,21286,21023,25292,25979,28781,29788,20780,23753,15108,18891,4404,7683,58,50,7705,7619,13767,13538,16748,17357,21081,22385,25424,26998,19560,22348,14491,18085,4232,7356,210115,178884,30879,27286,55074,44461,8128,37,43
2021-07-15T23:59:59+02:00,754,673,12235,11563,18622,17317,21229,20975,25243,25938,28753,29760,20765,23736,15103,18882,4403,7680,56,47,7363,7301,13158,13128,16075,16931,20445,22013,24966,26685,19414,22207,14449,18039,4229,7349,209633,176646,30793,26379,55067,42685,8102,37,43
2021-07-14T23:59:59+02:00,725,653,12027,11424,18451,17208,21110,20879,25138,25836,28665,29660,20731,23702,15084,18866,4400,7677,48,36,6946,6943,12494,12675,15385,16442,19812,21555,24500,26342,19196,21982,14417,17991,4221,7338,208818,173815,30632,26040,55064,40739,7686,37,43
2021-07-13T23:59:59+02:00,681,618,11890,11290,18328,17123,20997,20783,25042,25743,28595,29594,20702,23663,15064,18856,4398,7667,38,25,6487,6518,11861,12176,14689,15939,19209,21143,24062,26019,19014,21766,14373,17930,4217,7329,207796,170159,30495,25867,55053,39075,7654,37,40
2021-07-12T23:59:59+02:00,646,587,11765,11153,18212,17034,20903,20675,24942,25644,28514,29527,20676,23629,15056,18844,4393,7660,33,19,6072,6106,11252,11641,14065,15403,18653,20648,23643,25658,18817,21576,14308,17872,4208,7325,206777,166472,30367,25043,55050,38114,7630,37,40
2021-07-11T23:59:59+02:00,610,560,11650,11062,18150,16971,20846,20619,24887,25597,28456,29478,20657,23609,15047,18835,4393,7659,30,18,5882,5938,10996,11435,13833,15203,18407,20459,23435,25471,18744,21494,14281,17846,4207,7319,206139,165081,30250,24573,55048,37689,7615,35,40
2021-07-10T23:59:59+02:00,609,559,11642,11061,18146,16970,20842,20617,24884,25596,28455,29478,20657,23609,15046,18833,4393,7659,30,18,5875,5937,10991,11429,13823,15199,18407,20457,23433,25469,18742,21493,14280,17846,4207,7319,206119,165052,30246,24572,55048,37682,7609,35,40
2021-07-09T23:59:59+02:00,581,536,11532,10934,18071,16887,20772,20555,24809,25520,28405,29432,20634,23589,15043,18823,4393,7658,30,17,5840,5903,10961,11396,13773,15178,18376,20425,23414,25446,18737,21483,14278,17843,4207,7318,205247,164819,30245,24522,55048,37644,7600,35,40
2021-07-08T23:59:59+02:00,546,508,11367,10798,17944,16781,20638,20454,24700,25392,28287,29353,20590,23541,15027,18794,4390,7650,27,14,5494,5646,10447,10998,13153,14727,17711,19865,22806,24977,18418,21085,14181,17760,4202,7308,204472,162500,30217,23714,55020,35548,7017,35,40
2021-07-07T23:59:59+02:00,486,456,11198,10650,17859,16695,20566,20386,24627,25314,28226,29290,20562,23505,15022,18782,4388,7642,22,14,5188,5354,9922,10549,12574,14244,17027,19344,22240,24475,18103,20720,14079,17663,4195,7285,203458,160035,30192,22251,55002,33704,6968,35,40
2021-07-06T23:59:59+02:00,445,422,11072,10498,17744,16600,20472,20283,24549,25221,28135,29211,20536,23465,15013,18765,4386,7639,15,8,4790,4923,9320,10028,11866,13640,16317,18729,21725,23981,17784,20414,13978,17546,4186,7275,202313,155839,30186,21303,54993,32413,6930,35,40
2021-07-05T23:59:59+02:00,423,395,10986,10409,17654,16529,20394,20211,24489,25169,28094,29174,20513,23444,15001,18757,4385,7636,12,7,4506,4604,8826,9579,11307,13085,15608,18084,21101,23374,17390,20016,13844,17388,4178,7267,201572,151946,30183,20623,54984,30677,6890,35,40
2021-07-04T23:59:59+02:00,410,389,10914,10354,17588,16474,20345,20162,24458,25134,28078,29156,20504,23433,14996,18754,4384,7635,12,7,4360,4514,8695,9412,11116,12911,15364,17872,20834,23101,17117,19725,13784,17296,4174,7263,201097,150627,30177,20315,54983,29698,6877,35,40
2021-07-03T23:59:59+02:00,408,388,10906,10342,17576,16468,20343,20159,24457,25133,28075,29155,20504,23432,14996,18754,4384,7635,12,7,4355,4505,8688,9408,11113,12911,15359,17872,20830,23097,17117,19719,13784,17296,4174,7263,201067,150610,30175,20315,54983,29689,6856,35,40
2021-07-02T23:59:59+02:00,365,325,10762,10232,17460,16369,20238,20083,24383,25069,28012,29096,20478,23406,14990,18740,4384,7632,12,7,4269,4426,8526,9271,10975,12799,15237,17764,20718,22993,17075,19688,13777,17281,4174,7260,200186,149621,30175,20314,54983,29631,6646,35,40
2021-07-01T23:59:59+02:00,318,282,10629,10097,17336,16275,20114,19993,24299,24994,27948,29044,20458,23382,14974,18725,4381,7628,12,5,4063,4227,8220,8937,10604,12387,14667,17263,20206,22453,16786,19389,13571,17066,4164,7238,199112,146547,30118,19631,54977,28404,6636,35,40
2021-06-30T23:59:59+02:00,235,221,10376,9858,17161,16126,19980,19861,24183,24870,27869,28955,20436,23350,14955,18707,4380,7627,12,4,3868,4034,7916,8601,10197,11923,14175,16708,19629,21819,16464,19045,13298,16788,4151,7211,197464,142868,30063,19379,54969,26936,6620,35,40
2021-06-29T23:59:59+02:00,191,184,10228,9683,17025,16031,19877,19769,24114,24794,27811,28888,20409,23323,14941,18687,4380,7623,11,4,3666,3776,7519,8152,9721,11387,13520,16036,19012,21117,16145,18717,13048,16498,4144,7197,196315,138590,30058,19081,54965,25372,6587,34,40
2021-06-28T23:59:59+02:00,142,132,10034,9498,16901,15925,19773,19666,24019,24698,27743,28826,20379,23293,14927,18668,4378,7621,10,3,3465,3522,7118,7712,9282,10896,12970,15499,18514,20597,15893,18452,12929,16365,4138,7186,195130,134752,29944,18661,54962,24544,6554,34,40
2021-06-27T23:59:59+02:00,124,115,9894,9387,16844,15864,19712,19616,23960,24648,27716,28801,20367,23277,14924,18664,4377,7618,10,3,3375,3457,6940,7514,9091,10695,12739,15259,18252,20336,15770,18346,12864,16278,4138,7182,194496,133553,29886,18314,54958,23807,6535,34,40
2021-06-26T23:59:59+02:00,124,115,9893,9381,16842,15860,19709,19615,23958,24647,27716,28800,20367,23277,14924,18664,4377,7618,10,3,3373,3456,6937,7513,9088,10693,12736,15256,18250,20334,15767,18345,12864,16275,4138,7182,194478,133532,29885,18314,54958,23801,6533,34,40
2021-06-25T23:59:59+02:00,120,112,9846,9342,16800,15824,19675,19582,23922,24619,27691,28781,20361,23270,14922,18661,4377,7618,10,3,3352,3410,6863,7402,8989,10535,12621,15059,18101,20125,15742,18315,12856,16272,4137,7181,194152,133342,29849,17958,54957,23101,6532,34,40
2021-06-24T23:59:59+02:00,110,101,9718,9218,16616,15698,19541,19457,23800,24530,27632,28720,20347,23254,14915,18652,4376,7616,9,3,3227,3268,6643,7071,8676,10082,12086,14433,17547,19414,15518,18083,12708,16141,4134,7169,193310,130934,29508,17099,54956,21645,6494,34,40
2021-06-23T23:59:59+02:00,104,96,9589,9077,16474,15570,19422,19355,23703,24424,27565,28673,20332,23232,14911,18647,4373,7615,9,3,3024,3031,6286,6588,8172,9511,11382,13608,16782,18429,15221,17740,12557,15999,4124,7144,192383,126371,29344,16120,54945,20624,6456,34,39
2021-06-22T23:59:59+02:00,73,70,9300,8775,16241,15371,19237,19204,23556,24299,27494,28589,20307,23206,14903,18628,4369,7609,9,3,2790,2747,5803,6042,7548,8749,10466,12563,15760,17224,14924,17381,12450,15875,4111,7121,190694,119931,29140,15628,54941,19549,6423,33,35
2021-06-21T23:59:59+02:00,68,62,9173,8620,16066,15218,19047,19051,23424,24176,27433,28511,20283,23177,14898,18618,4369,7605,9,3,2643,2556,5422,5581,7085,8163,9735,11687,15031,16292,14646,17067,12341,15754,4106,7104,189490,115234,28919,15070,54938,18468,6419,33,34
2021-06-20T23:59:59+02:00,65,60,9036,8493,15928,15098,18935,18964,23350,24105,27393,28460,20272,23156,14887,18611,4366,7604,9,3,2583,2488,5252,5399,6870,7897,9427,11349,14664,15887,14510,16932,12301,15717,4101,7098,188595,113522,28804,14835,54937,17682,6414,33,34
2021-06-19T23:59:59+02:00,65,60,9035,8486,15924,15089,18932,18964,23348,24104,27393,28459,20272,23156,14887,18611,4366,7604,9,3,2580,2487,5251,5393,6868,7895,9426,11348,14662,15883,14508,16932,12301,15717,4101,7098,188571,113502,28801,14831,54936,17681,6414,33,34
2021-06-18T23:59:59+02:00,65,56,9003,8474,15911,15080,18916,18956,23341,24095,27387,28454,20272,23153,14886,18611,4366,7604,9,3,2552,2454,5195,5335,6790,7795,9328,11190,14491,15655,14429,16831,12290,15695,4099,7095,188448,112718,28800,14830,54935,17240,6414,33,34
2021-06-17T23:59:59+02:00,58,53,8822,8311,15680,14912,18716,18799,23184,23963,27252,28360,20248,23132,14879,18599,4364,7601,9,3,2412,2305,4871,5034,6400,7390,8783,10587,13661,14781,14191,16536,12217,15572,4095,7084,187109,109834,28795,13879,54928,16116,6068,33,34
2021-06-16T23:59:59+02:00,50,51,8596,8100,15448,14682,18505,18600,22992,23794,27146,28250,20219,23089,14865,18579,4360,7595,9,3,2299,2198,4630,4829,6045,7049,8251,10099,12943,13937,13840,16154,12132,15483,4090,7072,185328,106372,28692,13078,54925,15636,5943,33,34
2021-06-15T23:59:59+02:00,41,38,8253,7766,15072,14324,18184,18311,22741,23582,26986,28118,20189,23055,14852,18564,4358,7584,9,3,2119,2028,4280,4478,5539,6484,7369,9209,11748,12654,13298,15535,12011,15320,4075,7049,182736,100122,28654,12412,54923,14968,5672,33,34
2021-06-14T23:59:59+02:00,35,33,8072,7601,14812,14089,17980,18137,22589,23460,26873,28036,20166,23022,14838,18556,4354,7576,7,3,2006,1905,4023,4227,5151,6013,6710,8486,10821,11596,12980,15185,11940,15223,4065,7030,181148,95270,28628,12050,54920,14517,5500,33,34
2021-06-13T23:59:59+02:00,35,33,7998,7546,14728,13999,17864,18025,22506,23382,26844,28006,20153,23011,14834,18550,4354,7576,5,3,1964,1879,3941,4130,5032,5873,6476,8248,10526,11263,12823,15007,11882,15166,4064,7029,180390,93892,28617,11759,54915,14137,5489,33,34
2021-06-12T23:59:59+02:00,35,33,7997,7544,14728,13996,17864,18025,22504,23381,26843,28003,20152,23010,14834,18550,4354,7576,5,3,1963,1877,3939,4130,5030,5872,6473,8243,10522,11257,12820,15006,11882,15164,4064,7029,180376,93868,28617,11759,54914,14129,5489,33,34
2021-06-11T23:59:59+02:00,35,32,7931,7503,14638,13949,17787,17974,22435,23345,26799,27980,20150,23006,14834,18549,4354,7576,5,3,1945,1863,3904,4072,4986,5805,6412,8160,10422,11151,12780,14970,11871,15158,4064,7029,180036,93649,28539,11751,54913,13810,5356,33,34
2021-06-10T23:59:59+02:00,30,25,7591,7207,14244,13584,17354,17597,22105,23064,26603,27799,20106,22961,14821,18531,4351,7564,3,3,1845,1782,3689,3906,4710,5530,6086,7791,9804,10541,12260,14310,11801,15050,4057,7022,177438,90483,28040,11371,54902,13180,5124,33,32
2021-06-09T23:59:59+02:00,29,22,7226,6859,13782,13153,16837,17132,21715,22694,26386,27585,20032,22891,14803,18496,4348,7556,3,3,1683,1667,3493,3727,4455,5262,5697,7381,9027,9824,11593,13473,11681,14908,4047,7010,174201,86225,27495,10738,54890,13012,4927,33,32
2021-06-08T23:59:59+02:00,24,18,6850,6458,13269,12665,16369,16661,21355,22353,26169,27383,19975,22811,14772,18461,4346,7549,3,3,1592,1593,3275,3495,4132,4909,5186,6892,8143,8902,10707,12394,11537,14749,4043,6994,170790,80562,27000,10440,54881,12732,4784,33,31
2021-06-07T23:59:59+02:00,21,15,6576,6176,12827,12290,15970,16262,21030,22056,26006,27225,19938,22757,14751,18441,4339,7543,3,3,1532,1522,3081,3323,3858,4681,4782,6513,7429,8148,9792,11246,11425,14602,4032,6976,168229,75815,26572,10065,54860,12508,4529,33,31
2021-06-06T23:59:59+02:00,21,15,6435,6044,12684,12135,15808,16106,20864,21893,25919,27138,19918,22720,14740,18431,4338,7539,3,3,1517,1499,3006,3281,3764,4616,4675,6432,7287,8016,9533,10977,11379,14553,4029,6971,167003,75126,26465,9641,54839,12335,4408,33,31
2021-06-05T23:59:59+02:00,21,15,6425,6040,12670,12120,15798,16097,20861,21888,25919,27135,19918,22720,14740,18431,4338,7539,3,3,1515,1497,3003,3279,3763,4615,4672,6432,7282,8010,9525,10972,11379,14553,4029,6971,166943,75094,26452,9639,54839,12331,4408,33,31
2021-06-04T23:59:59+02:00,21,15,6390,6000,12609,12070,15738,16046,20833,21856,25899,27118,19914,22714,14737,18431,4338,7539,3,3,1512,1491,2990,3267,3744,4599,4662,6416,7244,7966,9493,10902,11341,14512,4028,6970,166837,74811,26193,9625,54814,12285,4391,33,31
2021-06-03T23:59:59+02:00,21,14,6157,5776,12310,11820,15415,15735,20500,21517,25642,26906,19867,22640,14717,18410,4337,7535,2,3,1470,1448,2915,3200,3646,4518,4549,6315,7045,7780,9113,10450,11290,14438,4028,6965,164355,73500,25946,9325,54811,12145,4174,33,31
2021-06-02T23:59:59+02:00,21,14,6090,5717,12237,11757,15342,15666,20428,21455,25625,26882,19863,22637,14714,18407,4336,7534,2,3,1457,1437,2895,3183,3629,4503,4513,6297,7010,7741,9032,10339,11281,14413,4027,6964,163997,73128,25765,9316,54810,12134,4120,33,28
2021-06-01T23:59:59+02:00,17,14,5637,5224,11502,11058,14518,14932,19710,20789,25213,26499,19773,22548,14680,18360,4328,7526,2,3,1345,1329,2597,2911,3250,4170,4023,5838,6179,6935,7840,8710,11035,14067,4013,6947,158963,67705,25111,8408,54782,11617,3439,33,25
2021-05-31T23:59:59+02:00,15,14,5389,4925,11061,10633,13990,14439,19231,20289,24907,26161,19681,22462,14642,18314,4319,7510,2,3,1285,1274,2443,2778,3048,3999,3737,5543,5619,6400,6821,7423,10790,13748,4004,6913,155498,63656,24422,7487,54775,11408,3254,33,25
2021-05-30T23:59:59+02:00,15,14,5311,4850,10874,10509,13823,14261,18882,19965,24664,25913,19650,22432,14634,18294,4318,7508,2,3,1266,1260,2414,2743,2999,3953,3669,5487,5515,6309,6645,7191,10752,13673,4001,6903,154001,62908,23917,7424,54747,11209,3219,33,25
2021-05-29T23:59:59+02:00,15,14,5308,4850,10874,10505,13818,14258,18882,19964,24663,25910,19650,22432,14634,18294,4318,7508,2,3,1265,1256,2412,2740,2995,3950,3669,5485,5513,6307,6640,7188,10752,13673,4001,6903,153982,62896,23917,7420,54746,11195,3219,33,24
2021-05-28T23:59:59+02:00,15,14,5292,4836,10853,10468,13791,14238,18865,19946,24654,25900,19648,22429,14632,18291,4318,7507,2,3,1259,1255,2411,2733,2992,3948,3662,5479,5498,6291,6623,7171,10743,13651,4000,6899,153791,62790,23915,7420,54742,11171,3216,33,23
2021-05-27T23:59:59+02:00,12,13,4999,4557,10325,10012,13205,13709,18175,19332,24073,25364,19548,22314,14599,18245,4307,7495,2,3,1096,1115,2125,2538,2690,3659,3365,5123,5169,6011,6322,6754,10515,13367,3995,6883,150524,60933,22928,7383,54634,10228,2165,33,23
2021-05-26T23:59:59+02:00,12,13,4736,4304,9892,9633,12688,13189,17561,18723,23439,24688,19424,22164,14552,18190,4301,7478,2,3,1017,1033,1964,2386,2490,3460,3102,4879,4781,5659,5762,6104,10140,12828,3979,6847,146432,57774,22171,7345,54512,9455,1839,33,23
2021-05-25T23:59:59+02:00,12,12,4522,4077,9480,9161,12231,12681,17024,18145,22919,24049,19292,21992,14520,18111,4292,7464,2,3,970,988,1901,2296,2380,3323,2929,4674,4435,5281,5175,5370,9686,12227,3963,6822,142398,54207,21337,7330,54381,9030,1835,33,23
2021-05-24T23:59:59+02:00,12,12,4410,3920,9269,8957,12027,12421,16722,17826,22589,23646,19216,21913,14505,18091,4290,7463,2,3,953,938,1840,2252,2305,3262,2842,4592,4312,5164,5028,5210,9596,12099,3960,6814,140892,53492,20379,7275,54205,8603,1780,33,22
2021-05-23T23:59:59+02:00,12,12,4398,3920,9263,8954,12014,12411,16711,17819,22573,23625,19211,21908,14504,18089,4290,7463,2,3,951,933,1838,2247,2301,3260,2835,4587,4304,5147,5021,5196,9587,12086,3959,6813,140785,53411,20376,7262,54204,8597,1779,33,21
2021-05-22T23:59:59+02:00,12,12,4394,3917,9259,8951,12006,12405,16706,17815,22570,23623,19211,21908,14504,18089,4290,7463,2,3,951,933,1837,2244,2298,3260,2834,4587,4304,5145,5019,5195,9586,12086,3959,6813,140755,53404,20376,7262,54192,8590,1779,33,21
2021-05-21T23:59:59+02:00,12,12,4362,3881,9188,8875,11932,12318,16616,17740,22505,23555,19192,21889,14500,18082,4290,7461,2,3,905,924,1805,2234,2265,3250,2802,4562,4255,5116,4995,5171,9573,12079,3958,6812,140097,53331,20376,7262,54173,8366,1731,33,21
2021-05-20T23:59:59+02:00,9,11,4108,3702,8736,8515,11451,11902,15947,17236,21922,22975,19007,21721,14468,18043,4285,7450,2,3,759,861,1546,2073,2023,3091,2559,4340,4005,4883,4838,5008,9457,11933,3950,6788,136700,52600,19998,7163,53753,7332,1004,33,20
2021-05-19T23:59:59+02:00,9,11,3866,3463,8237,8050,10874,11356,15274,16527,21244,22250,18807,21490,14427,17993,4279,7432,2,3,712,814,1485,1990,1946,2988,2492,4212,3860,4722,4661,4795,9254,11703,3930,6759,131304,51511,19815,7030,53455,6784,983,32,20
2021-05-18T23:59:59+02:00,8,10,3577,3200,7694,7516,10146,10661,14315,15585,20301,21193,18546,21205,14371,17933,4273,7410,2,3,658,766,1431,1904,1870,2877,2362,4070,3682,4519,4389,4503,9051,11452,3917,6732,124269,50276,19716,6829,53017,6156,910,32,17
2021-05-17T23:59:59+02:00,8,10,3388,2992,7235,7051,9640,10119,13587,14798,19616,20392,18360,20942,14323,17867,4262,7395,2,3,602,710,1350,1841,1795,2796,2249,3994,3545,4405,4142,4272,8907,11238,3904,6703,119032,49468,19476,6615,52551,5464,894,32,17
2021-05-16T23:59:59+02:00,8,9,3260,2919,7031,6877,9437,9904,13333,14563,19387,20161,18283,20862,14309,17848,4261,7389,2,3,589,665,1310,1792,1751,2734,2211,3901,3480,4321,4051,4170,8886,11209,3902,6701,117412,49317,19237,6447,52270,5007,890,32,17
2021-05-15T23:59:59+02:00,8,9,3259,2915,7024,6868,9435,9898,13330,14561,19384,20151,18281,20861,14309,17848,4261,7389,2,3,589,665,1307,1790,1747,2733,2208,3901,3479,4321,4049,4168,8886,11209,3902,6700,117367,49307,19237,6446,52267,5001,888,32,17
2021-05-14T23:59:59+02:00,8,9,3218,2870,6905,6726,9304,9760,13177,14377,19212,20014,18256,20835,14308,17840,4260,7386,2,3,569,652,1285,1768,1717,2711,2174,3874,3433,4284,3997,4109,8878,11202,3902,6699,116950,49263,18487,6290,52181,4874,815,32,17
2021-05-13T23:59:59+02:00,8,9,3102,2712,6579,6402,8866,9362,12627,13895,18610,19417,18127,20691,14275,17803,4255,7384,1,2,536,628,1234,1712,1661,2638,2087,3769,3282,4164,3893,3972,8855,11182,3899,6695,114062,49165,17790,5899,51575,4465,666,31,15
2021-05-12T23:59:59+02:00,8,9,3075,2681,6544,6364,8817,9308,12486,13782,18426,19213,18094,20657,14267,17793,4255,7384,1,2,535,626,1232,1707,1655,2634,2077,3763,3268,4156,3880,3958,8847,11175,3899,6694,113348,49136,17564,5869,51557,4426,663,31,15
2021-05-11T23:59:59+02:00,6,9,2689,2425,5749,5869,7843,8495,11091,12614,16859,17736,17590,20093,14183,17688,4237,7361,0,2,497,567,1103,1600,1489,2478,1891,3585,3047,3893,3771,3844,8779,11082,3894,6689,105943,48894,16940,5672,49486,3492,138,30,15
2021-05-10T23:59:59+02:00,6,7,2504,2259,5273,5489,7150,7869,10060,11699,15560,16363,17210,19641,14120,17574,4229,7337,0,2,473,542,1059,1561,1445,2424,1829,3483,2928,3762,3688,3771,8740,11034,3890,6685,100128,48774,16030,5441,48029,2953,133,30,15
2021-05-09T23:59:59+02:00,6,7,2424,2227,5136,5405,6964,7750,9649,11358,15014,15833,17092,19501,14100,17545,4226,7332,0,2,458,524,1025,1503,1374,2340,1770,3361,2816,3608,3602,3678,8717,11001,3887,6682,98548,48687,15441,5170,47420,2346,130,30,15
2021-05-08T23:59:59+02:00,6,7,2420,2225,5134,5405,6962,7747,9644,11354,15012,15832,17092,19501,14100,17545,4226,7332,0,2,457,523,1024,1502,1374,2339,1770,3361,2815,3607,3600,3678,8716,11001,3887,6682,98528,48680,15438,5170,47418,2343,130,30,15
2021-05-07T23:59:59+02:00,6,7,2250,2162,4863,5310,6598,7594,9194,11141,14569,15511,16915,19299,14088,17516,4226,7330,0,2,447,521,1013,1489,1359,2325,1735,3351,2766,3573,3554,3638,8636,10920,3887,6679,97820,48656,14919,4819,45684,2279,126,30,15
2021-05-06T23:59:59+02:00,6,7,2018,2029,4316,4966,5939,7219,8423,10581,13596,14691,16517,18849,14039,17422,4214,7317,0,2,417,473,972,1389,1272,2161,1627,3127,2543,3291,3376,3438,8457,10727,3878,6665,95233,48214,13685,4211,43145,1318,57,29,15
2021-05-05T23:59:59+02:00,6,7,1895,1920,4035,4742,5509,6848,7730,9988,12477,13634,15839,18013,13935,17320,4205,7293,0,2,409,459,958,1361,1244,2119,1592,3051,2482,3207,3325,3398,8378,10628,3872,6655,90823,48079,12365,4061,42139,944,41,28,15
2021-05-04T23:59:59+02:00,6,7,1810,1835,3770,4506,5099,6492,7064,9412,11259,12390,14921,16885,13826,17183,4201,7279,0,2,404,449,940,1340,1225,2076,1574,3012,2438,3152,3279,3349,8290,10516,3866,6641,85012,47936,11728,3862,41151,712,28,26,15
2021-05-03T23:59:59+02:00,5,7,1760,1781,3618,4381,4867,6280,6681,9080,10530,11654,14194,15904,13738,17068,4192,7262,0,2,398,439,934,1325,1210,2043,1553,2970,2405,3106,3226,3309,8175,10414,3861,6635,80581,47805,11524,3641,40849,523,22,26,14
2021-05-02T23:59:59+02:00,5,7,1750,1763,3543,4354,4782,6227,6610,9019,10411,11539,14007,15710,13706,17041,4191,7257,0,2,396,429,927,1310,1206,2026,1549,2956,2389,3089,3208,3290,8137,10382,3860,6631,80017,47777,11247,3541,40615,438,17,26,14
2021-05-01T23:59:59+02:00,5,7,1747,1763,3541,4353,4781,6225,6607,9017,10406,11535,14004,15710,13705,17040,4191,7254,0,2,395,429,927,1310,1205,2025,1549,2955,2389,3089,3208,3290,8137,10382,3860,6630,79988,47773,11247,3541,40614,438,16,26,14
2021-04-30T23:59:59+02:00,5,7,1744,1755,3535,4344,4774,6213,6586,9002,10367,11496,13953,15636,13679,17009,4190,7253,0,2,395,427,925,1308,1205,2025,1549,2955,2386,3087,3208,3288,8136,10380,3860,6630,79658,47765,11246,3540,40604,432,15,25,14
2021-04-29T23:59:59+02:00,5,7,1624,1714,3295,4229,4498,6058,6267,8751,9950,11102,13370,14931,13575,16852,4184,7245,0,2,386,416,916,1285,1185,1991,1524,2919,2357,3039,3194,3277,8123,10362,3857,6626,76869,47650,10860,3538,39890,243,14,24,14
2021-04-28T23:59:59+02:00,5,7,1499,1666,3119,4128,4265,5879,5910,8477,9362,10610,12490,13749,13419,16642,4175,7231,0,2,377,405,899,1272,1169,1962,1486,2875,2286,2969,3037,3141,8009,10246,3850,6615,72365,47223,10675,3122,39558,229,12,23,14
2021-04-27T23:59:59+02:00,5,7,1461,1621,3010,4010,4062,5737,5604,8219,8739,9940,11452,12437,13189,16285,4164,7209,0,2,365,389,889,1251,1154,1926,1459,2802,2239,2908,2998,3096,7981,10214,3843,6610,67556,47005,10489,2948,39074,147,12,20,14
2021-04-26T23:59:59+02:00,5,7,1436,1586,2899,3932,3890,5594,5291,8005,8247,9498,10694,11509,13044,16080,4153,7191,0,2,364,384,879,1240,1137,1914,1429,2781,2210,2877,2948,3044,7931,10164,3837,6605,64136,46901,10299,2693,38594,126,12,20,14
2021-04-25T23:59:59+02:00,5,7,1425,1579,2829,3899,3792,5534,5153,7958,8051,9389,10496,11272,13007,16026,4152,7186,0,2,363,379,870,1234,1119,1898,1414,2762,2186,2850,2906,3011,7883,10116,3836,6600,63618,46818,10096,2485,38014,100,12,20,14
2021-04-24T23:59:59+02:00,5,7,1424,1579,2829,3896,3791,5533,5151,7956,8047,9385,10489,11268,13007,16026,4152,7186,0,2,363,379,870,1233,1119,1895,1412,2761,2185,2850,2906,3011,7883,10116,3836,6600,63590,46812,10096,2484,38013,99,12,20,14
2021-04-23T23:59:59+02:00,5,7,1407,1568,2760,3862,3708,5503,5033,7908,7910,9325,10402,11154,12983,15985,4150,7182,0,2,362,379,869,1230,1119,1895,1411,2761,2185,2850,2905,3011,7882,10116,3836,6600,63451,46806,9816,2483,37553,98,12,20,14
2021-04-22T23:59:59+02:00,5,7,1364,1538,2652,3798,3547,5396,4800,7753,7557,9087,9827,10457,12716,15686,4144,7158,0,2,356,378,860,1221,1109,1882,1399,2734,2157,2829,2869,2978,7792,10006,3824,6583,61814,46390,9156,2474,36490,89,12,20,14
2021-04-21T23:59:59+02:00,5,7,1332,1501,2571,3716,3428,5294,4581,7573,7145,8760,8934,9424,12300,15107,4131,7116,0,2,351,376,855,1204,1100,1861,1381,2704,2126,2801,2810,2921,7677,9838,3806,6555,59070,45904,8287,2349,35536,89,12,20,14
2021-04-20T23:59:59+02:00,4,7,1309,1474,2500,3642,3328,5197,4407,7390,6760,8426,8040,8294,11835,14517,4117,7102,0,2,345,371,843,1191,1090,1839,1356,2681,2092,2758,2749,2864,7526,9649,3774,6500,56208,45179,7521,2343,34590,83,11,19,14
2021-04-19T23:59:59+02:00,4,7,1292,1457,2465,3605,3267,5130,4297,7287,6521,8190,7403,7518,11582,14161,4106,7084,0,2,343,369,837,1181,1084,1827,1333,2668,2058,2730,2694,2820,7409,9482,3751,6461,54250,44616,7147,2329,33949,79,11,19,14
2021-04-18T23:59:59+02:00,4,6,1282,1445,2432,3579,3227,5108,4244,7231,6385,8059,7049,7130,11488,14057,4103,7072,0,2,343,367,835,1177,1083,1819,1331,2655,2052,2725,2688,2806,7382,9449,3749,6457,53725,44490,6688,2326,33458,79,11,19,14
2021-04-17T23:59:59+02:00,4,6,1281,1443,2432,3577,3226,5104,4239,7228,6378,8049,7034,7120,11486,14055,4103,7072,0,2,343,367,834,1176,1083,1819,1329,2654,2051,2723,2685,2803,7381,9449,3749,6457,53703,44477,6686,2325,33419,79,11,18,13
2021-04-16T23:59:59+02:00,4,6,1278,1441,2421,3568,3218,5096,4220,7209,6327,8016,6957,7035,11473,14041,4101,7070,0,2,343,365,829,1174,1081,1819,1327,2653,2048,2723,2684,2796,7379,9447,3748,6457,53644,44451,6448,2321,33360,79,11,18,13
2021-04-15T23:59:59+02:00,2,4,1242,1421,2366,3519,3123,5037,4059,7081,6069,7783,6415,6478,11223,13753,4086,7038,0,2,336,363,810,1153,1042,1759,1282,2581,1974,2628,2604,2724,7290,9358,3738,6440,52556,43855,6058,2135,32056,73,11,18,10
2021-04-14T23:59:59+02:00,2,4,1221,1407,2330,3491,3053,4974,3951,6977,5879,7574,5771,5775,10830,13261,4054,6988,0,2,328,360,798,1143,1024,1732,1250,2540,1923,2576,2525,2654,7140,9162,3719,6414,51146,43186,5850,2011,30518,73,10,18,10
2021-04-13T23:59:59+02:00,2,4,1206,1396,2297,3460,2996,4910,3840,6897,5630,7353,5232,5223,10489,12848,4031,6960,0,2,307,346,779,1113,1002,1711,1226,2504,1885,2535,2459,2588,7021,9024,3683,6353,50114,42496,5645,1952,28987,70,10,18,10
2021-04-12T23:59:59+02:00,2,4,1191,1389,2270,3437,2945,4865,3711,6815,5421,7203,4903,4930,10237,12567,4022,6936,0,2,291,342,766,1108,985,1695,1212,2481,1834,2489,2381,2527,6906,8882,3669,6330,49643,41916,5445,1903,27735,63,8,17,10
2021-04-11T23:59:59+02:00,2,4,1185,1375,2250,3416,2912,4845,3650,6744,5277,7092,4670,4730,10051,12368,4016,6925,0,2,284,340,761,1100,976,1680,1201,2453,1812,2457,2327,2468,6822,8774,3655,6310,49555,41501,5208,1842,26728,62,7,14,10
2021-04-10T23:59:59+02:00,2,4,1185,1374,2247,3411,2909,4841,3644,6740,5267,7080,4664,4719,10043,12355,4016,6925,0,2,281,336,745,1093,962,1675,1177,2432,1740,2405,2239,2382,6763,8727,3653,6306,49499,41329,5206,1512,26701,61,6,14,10
2021-04-09T23:59:59+02:00,2,4,1181,1371,2240,3409,2900,4831,3635,6729,5238,7056,4639,4691,10016,12324,4015,6925,0,2,272,333,725,1083,946,1654,1143,2385,1648,2329,2019,2113,6608,8567,3631,6273,49421,40474,5200,1180,26565,61,6,14,10
2021-04-08T23:59:59+02:00,2,4,1157,1351,2187,3352,2814,4741,3493,6599,5001,6823,4246,4283,9471,11749,3996,6871,0,2,247,311,675,1024,888,1581,1070,2289,1512,2209,1741,1776,6139,8004,3543,6126,48954,37894,4670,1177,24496,50,6,14,10
2021-04-07T23:59:59+02:00,2,4,1147,1337,2153,3334,2772,4704,3404,6536,4836,6688,3953,3979,8908,11197,3979,6842,0,2,214,282,615,969,827,1508,1010,2229,1406,2110,1600,1600,5539,7301,3454,5969,48739,35399,4194,1173,22824,49,4,14,10
2021-04-06T23:59:59+02:00,2,4,1125,1319,2109,3308,2733,4671,3339,6488,4710,6594,3696,3724,8417,10686,3963,6811,0,2,206,277,586,949,802,1460,964,2171,1323,2023,1453,1411,4949,6507,3339,5763,48540,32962,3658,1165,21484,46,3,14,9
2021-04-05T23:59:59+02:00,2,4,1122,1315,2102,3305,2723,4669,3323,6473,4687,6575,3664,3697,8386,10648,3959,6809,0,2,203,265,579,932,783,1436,948,2134,1283,1984,1406,1348,4734,6238,3291,5706,48447,32051,3652,1163,21347,46,3,14,9
2021-04-04T23:59:59+02:00,2,4,1122,1314,2102,3303,2723,4667,3323,6473,4685,6574,3657,3693,8384,10646,3959,6809,0,2,203,265,578,932,783,1436,948,2134,1283,1983,1406,1348,4733,6238,3291,5706,48436,32048,3650,1163,21337,46,3,14,9
2021-04-03T23:59:59+02:00,2,4,1122,1314,2101,3303,2723,4667,3323,6473,4685,6574,3656,3691,8384,10645,3959,6809,0,2,203,265,578,931,783,1436,948,2134,1283,1983,1406,1348,4733,6238,3291,5706,48435,32047,3649,1163,21334,46,3,14,9
2021-04-02T23:59:59+02:00,2,4,1122,1314,2101,3301,2723,4666,3322,6469,4685,6572,3653,3687,8382,10644,3959,6809,0,2,203,265,578,931,783,1434,948,2133,1283,1982,1406,1346,4730,6236,3290,5706,48416,32036,3649,1162,21333,46,3,14,9
2021-04-01T23:59:59+02:00,1,4,1109,1279,2035,3182,2613,4466,3173,6219,4525,6333,3609,3650,8282,10537,3948,6792,0,2,198,256,574,922,772,1428,938,2119,1260,1967,1385,1319,4490,5916,3170,5539,48040,31046,3643,1158,20057,39,3,14,9
2021-03-31T23:59:59+02:00,1,4,1092,1250,1996,3083,2538,4323,3082,6007,4394,6103,3524,3567,8129,10340,3928,6756,0,2,190,253,567,911,768,1410,926,2099,1219,1934,1329,1256,3995,5310,3042,5303,47430,29308,3514,1158,19156,38,3,14,7
2021-03-30T23:59:59+02:00,1,3,1069,1217,1944,2900,2436,4099,2932,5649,4193,5714,3430,3472,7964,10135,3901,6702,0,2,186,248,558,901,757,1388,904,2079,1170,1889,1242,1171,3466,4589,2818,4966,46789,27137,3348,1158,17607,29,3,14,7
2021-03-29T23:59:59+02:00,1,3,1052,1174,1880,2772,2352,3942,2794,5395,4030,5437,3330,3372,7801,9905,3872,6654,0,2,185,243,552,890,746,1374,886,2055,1133,1861,1165,1083,2881,3905,2641,4671,46141,25093,3112,1152,16497,19,2,14,7
2021-03-28T23:59:59+02:00,1,3,1033,1142,1809,2609,2270,3738,2673,5100,3878,5160,3265,3306,7736,9842,3868,6649,0,2,185,243,550,887,745,1372,884,2049,1130,1858,1156,1071,2826,3838,2628,4644,46034,24896,2903,1150,15129,14,2,14,6
2021-03-27T23:59:59+01:00,1,3,1033,1142,1809,2608,2269,3737,2670,5100,3875,5160,3261,3305,7735,9842,3868,6649,0,2,185,243,549,887,745,1372,883,2049,1127,1858,1156,1071,2826,3838,2628,4644,46025,24891,2903,1150,15124,14,2,13,6
2021-03-26T23:59:59+01:00,1,3,1028,1117,1766,2493,2205,3579,2607,4889,3789,4936,3240,3289,7732,9837,3867,6648,0,2,185,242,549,887,744,1372,883,2049,1127,1855,1152,1070,2823,3832,2627,4641,45997,24870,2900,1150,14114,12,2,13,6
2021-03-25T23:59:59+01:00,1,3,1003,1086,1715,2390,2122,3410,2499,4660,3676,4738,3138,3197,7604,9703,3860,6634,0,2,183,240,544,885,737,1363,877,2031,1110,1831,1106,1026,2594,3484,2428,4348,45737,23620,2562,1150,13128,12,1,11,6
2021-03-24T23:59:59+01:00,1,3,980,1066,1695,2347,2091,3361,2462,4593,3633,4668,3050,3126,7474,9531,3841,6616,0,2,183,235,538,880,729,1352,865,2016,1091,1811,1066,983,2198,2936,2033,3825,45193,21576,2432,1148,12901,12,1,11,6
2021-03-23T23:59:59+01:00,1,3,969,1060,1677,2314,2067,3327,2427,4549,3592,4618,2983,3053,7380,9427,3823,6588,0,2,181,232,534,875,722,1340,851,1997,1054,1779,984,890,1832,2445,1681,3358,44675,19624,2421,1114,12751,12,1,10,6
2021-03-22T23:59:59+01:00,1,3,967,1051,1663,2296,2053,3309,2405,4520,3555,4576,2939,3019,7317,9357,3809,6571,0,2,178,229,532,864,706,1317,837,1983,1025,1752,935,817,1354,1869,1326,2865,44340,17515,2399,1057,12661,12,1,10,6
2021-03-21T23:59:59+01:00,1,3,967,1050,1662,2293,2053,3306,2401,4516,3543,4568,2925,3010,7270,9302,3802,6565,0,2,178,226,530,862,705,1313,835,1979,1014,1747,912,798,1276,1784,1270,2796,44191,17212,2395,996,12640,12,1,10,6
2021-03-20T23:59:59+01:00,1,3,966,1049,1661,2292,2053,3306,2401,4515,3541,4566,2924,3009,7270,9301,3802,6565,0,2,178,226,530,862,705,1313,835,1979,1001,1732,877,770,1244,1761,1261,2794,44187,17209,2391,842,12636,12,1,10,6
2021-03-19T23:59:59+01:00,1,3,965,1041,1654,2278,2042,3302,2398,4509,3534,4559,2914,2998,7258,9284,3801,6562,0,2,178,224,529,862,705,1311,835,1978,994,1727,833,732,1181,1709,1251,2783,44125,17165,2387,650,12580,12,1,10,6
2021-03-18T23:59:59+01:00,1,3,929,1009,1577,2163,1918,3133,2249,4260,3305,4309,2761,2840,6956,8919,3735,6460,0,2,177,223,524,857,698,1303,826,1967,971,1710,815,709,1104,1600,1106,2577,42728,16579,2075,571,11713,12,1,10,6
2021-03-17T23:59:59+01:00,1,3,876,977,1506,2103,1855,3067,2184,4200,3209,4214,2623,2705,6529,8425,3670,6345,0,2,176,221,520,852,696,1299,822,1962,966,1702,786,690,969,1447,951,2361,40950,15833,2070,570,11461,12,1,10,6
2021-03-16T23:59:59+01:00,1,3,851,953,1472,2061,1817,3017,2130,4143,3113,4116,2489,2546,6050,7773,3579,6194,0,0,170,218,516,851,692,1292,817,1953,958,1689,781,677,881,1321,807,2196,38947,15230,2007,570,11344,12,1,9,6
2021-03-15T23:59:59+01:00,1,3,834,947,1454,2036,1779,2961,2092,4072,3012,4007,2355,2375,5562,7228,3506,6077,0,0,169,217,516,843,690,1283,813,1943,948,1673,770,667,811,1210,651,1991,37170,14645,1906,532,11216,12,0,9,6
2021-03-14T23:59:59+01:00,1,3,829,932,1430,2009,1754,2932,2061,4012,2949,3938,2176,2178,5377,7001,3475,6044,0,0,169,217,515,840,688,1272,812,1936,945,1664,752,658,795,1191,627,1936,36145,14500,1805,508,11142,3,0,9,6
2021-03-13T23:59:59+01:00,1,3,821,924,1409,1998,1737,2919,2033,3984,2874,3890,2104,2104,5328,6946,3473,6043,0,0,169,217,515,839,688,1272,811,1936,945,1664,752,658,795,1191,627,1936,35891,14498,1557,508,11134,3,0,9,6
2021-03-12T23:59:59+01:00,1,3,797,908,1363,1939,1673,2821,1934,3833,2716,3723,1907,1865,5141,6722,3441,6000,0,0,169,217,514,839,688,1272,810,1936,945,1663,743,655,782,1175,619,1933,34557,14444,1314,507,10907,3,0,9,6
2021-03-11T23:59:59+01:00,1,3,763,847,1294,1854,1589,2672,1849,3633,2554,3551,1640,1555,4772,6249,3305,5817,0,0,160,210,508,830,677,1263,795,1900,925,1621,612,593,712,1132,599,1901,32438,13937,1214,494,10287,2,0,9,5
2021-03-10T23:59:59+01:00,1,3,748,795,1271,1796,1557,2615,1798,3562,2472,3462,1568,1466,4299,5704,3186,5563,0,0,160,208,499,809,659,1249,785,1880,918,1605,543,577,679,1123,592,1895,30616,13784,1208,390,10033,2,0,9,5
2021-03-09T23:59:59+01:00,1,3,734,774,1249,1766,1530,2569,1758,3511,2398,3410,1473,1368,3736,4949,2993,5253,0,0,157,206,493,788,649,1225,771,1848,906,1577,539,575,677,1118,589,1889,28427,13722,1205,278,9834,2,0,9,5
2021-03-08T23:59:59+01:00,0,3,730,746,1236,1746,1512,2548,1730,3472,2358,3367,1379,1266,3058,4117,2756,4883,0,0,153,203,479,765,627,1193,752,1798,882,1540,536,573,677,1117,589,1889,25957,13714,1205,54,9736,0,0,9,5
2021-03-07T23:59:59+01:00,0,3,727,742,1226,1736,1504,2532,1719,3464,2346,3359,1366,1250,2956,3994,2733,4834,0,0,153,203,479,765,627,1193,752,1798,882,1540,536,573,677,1117,589,1889,25603,13714,1203,54,9676,0,0,9,5
2021-03-06T23:59:59+01:00,0,3,726,742,1224,1731,1501,2529,1715,3461,2341,3358,1363,1250,2956,3994,2733,4834,0,0,152,203,479,765,627,1193,752,1798,882,1540,536,573,677,1117,589,1889,25598,13713,1203,54,9651,0,0,9,5
2021-03-05T23:59:59+01:00,0,3,665,718,1199,1716,1480,2519,1690,3446,2312,3348,1357,1247,2948,3988,2730,4829,0,0,152,203,479,764,627,1192,752,1798,882,1537,535,573,677,1117,589,1889,25571,13707,1198,54,9417,0,0,9,5
2021-03-04T23:59:59+01:00,0,3,599,672,1131,1646,1424,2436,1649,3365,2238,3270,1306,1199,2727,3622,2544,4541,0,0,150,197,476,750,616,1180,741,1770,873,1524,524,562,664,1107,584,1880,24340,13542,1190,52,8833,0,0,9,4
2021-03-03T23:59:59+01:00,0,3,562,632,1064,1583,1328,2355,1548,3279,2112,3184,1263,1152,2352,3099,2188,4089,0,0,150,197,474,747,616,1180,740,1766,870,1523,520,559,662,1104,584,1877,22463,13516,1188,50,8135,0,0,7,3
2021-03-02T23:59:59+01:00,0,3,544,598,1026,1537,1270,2311,1490,3227,2015,3122,1179,1048,1983,2620,1793,3566,0,0,148,195,469,741,611,1169,730,1756,865,1502,511,550,651,1081,564,1844,20381,13334,1185,50,7759,0,0,7,3
2021-03-01T23:59:59+01:00,0,3,537,549,1005,1498,1224,2250,1444,3163,1960,3049,1134,973,1484,2024,1405,3020,0,0,146,195,469,740,611,1168,730,1753,864,1502,509,550,647,1072,560,1833,18085,13296,1182,50,7448,0,0,7,3
2021-02-28T23:59:59+01:00,0,3,529,535,987,1458,1198,2188,1416,3105,1905,2976,1113,951,1369,1884,1331,2932,0,0,146,195,468,739,611,1168,729,1751,863,1501,507,550,647,1072,560,1833,17604,13287,1180,50,7089,0,0,7,3
2021-02-27T23:59:59+01:00,0,3,529,533,986,1455,1198,2187,1416,3104,1905,2975,1113,951,1369,1883,1329,2932,0,0,145,195,467,738,608,1166,727,1749,861,1500,507,550,647,1072,560,1833,17601,13286,1180,36,7080,0,0,7,3
2021-02-26T23:59:59+01:00,0,3,389,483,857,1411,1115,2144,1348,3063,1846,2933,1108,945,1366,1882,1329,2930,0,0,145,195,467,738,608,1166,727,1748,861,1499,507,550,647,1072,560,1833,17589,13285,1180,35,6376,0,0,7,3
2021-02-25T23:59:59+01:00,0,3,301,429,762,1316,1031,2053,1248,2890,1707,2770,1070,913,1284,1757,1209,2738,0,0,138,185,455,725,592,1140,720,1722,841,1475,493,536,619,1040,546,1814,16986,13015,1180,24,5308,0,0,7,2
2021-02-24T23:59:59+01:00,0,2,256,385,689,1240,957,1966,1194,2772,1641,2653,1043,893,1161,1611,1053,2519,0,0,135,185,451,721,588,1139,719,1717,840,1471,488,531,611,1035,543,1802,16274,12954,1178,20,4576,0,0,7,2
2021-02-23T23:59:59+01:00,0,2,244,364,669,1181,928,1887,1147,2660,1565,2542,1017,865,1080,1483,910,2354,0,0,135,183,451,720,588,1139,719,1714,838,1470,487,528,609,1034,543,1801,15711,12942,1143,16,4037,0,0,7,1
2021-02-22T23:59:59+01:00,0,0,230,345,646,1151,896,1804,1097,2568,1479,2419,971,835,961,1340,723,2097,0,0,135,183,450,719,586,1138,718,1714,832,1467,486,527,608,1032,542,1799,14957,12930,1070,5,3528,0,0,7,1
2021-02-21T23:59:59+01:00,0,0,224,334,610,1083,846,1698,1054,2467,1399,2311,954,814,928,1288,670,2031,0,0,135,182,447,711,585,1134,718,1709,832,1465,485,527,607,1032,541,1798,14747,12902,1027,5,2930,0,0,7,1
2021-02-20T23:59:59+01:00,0,0,224,331,607,1082,844,1693,1050,2461,1384,2292,918,785,895,1265,662,2029,0,0,135,182,447,711,585,1134,718,1709,832,1465,485,526,606,1032,541,1798,14745,12901,867,5,2903,0,0,7,0
2021-02-19T23:59:59+01:00,0,0,214,323,598,1074,831,1678,1029,2444,1351,2249,673,683,752,1201,637,2012,0,0,135,182,447,709,585,1131,717,1706,829,1462,485,525,606,1031,540,1798,14267,12884,679,4,2796,0,0,7,0
2021-02-18T23:59:59+01:00,0,0,198,274,559,952,746,1451,899,2186,1100,1874,594,615,711,1159,617,1994,0,0,130,182,434,697,570,1113,711,1680,813,1434,482,522,605,1030,540,1798,14107,12737,579,4,1237,0,0,6,0
2021-02-17T23:59:59+01:00,0,0,192,233,537,902,709,1355,840,2018,1015,1742,572,594,711,1156,615,1991,0,0,124,179,422,686,562,1097,692,1648,800,1411,479,520,603,1027,540,1797,14087,12584,579,3,510,0,0,6,0
2021-02-16T23:59:59+01:00,0,0,185,230,529,886,694,1324,820,1979,982,1702,560,589,705,1154,614,1988,0,0,119,174,408,681,551,1081,679,1630,790,1397,473,514,596,1013,532,1766,14056,12402,579,2,300,0,0,6,0
2021-02-15T23:59:59+01:00,0,0,171,221,524,859,688,1290,805,1945,953,1655,559,586,703,1154,614,1988,0,0,116,173,401,671,540,1062,650,1603,776,1379,471,511,596,1013,532,1766,14053,12258,540,2,116,0,0,6,0
2021-02-14T23:59:59+01:00,0,0,166,213,520,846,687,1281,802,1936,935,1647,558,585,703,1151,613,1988,0,0,109,169,390,660,523,1044,631,1588,769,1366,471,509,594,1011,532,1766,14047,12130,538,2,40,0,0,6,0
2021-02-13T23:59:59+01:00,0,0,165,213,519,846,687,1281,802,1936,935,1647,558,585,703,1151,613,1988,0,0,109,169,389,659,523,1044,631,1588,769,1366,471,509,594,1011,532,1766,14046,12128,538,2,39,0,0,6,0
2021-02-12T23:59:59+01:00,0,0,163,212,514,844,686,1278,798,1935,933,1644,557,585,703,1151,613,1988,0,0,106,167,386,653,518,1037,617,1573,766,1349,469,508,582,991,527,1737,14039,11984,537,2,22,0,0,6,0
2021-02-11T23:59:59+01:00,0,0,160,211,510,836,678,1274,795,1931,927,1642,552,579,695,1145,608,1982,0,0,87,131,357,584,471,957,565,1456,722,1255,445,463,538,937,483,1641,13988,11091,524,1,8,0,0,5,0
2021-02-10T23:59:59+01:00,0,0,157,209,500,819,661,1259,783,1903,912,1618,543,573,684,1132,603,1972,0,0,78,120,329,524,445,849,524,1279,647,1097,396,413,471,820,433,1478,13862,9902,460,1,1,0,0,5,0
2021-02-09T23:59:59+01:00,0,0,156,203,492,781,645,1220,763,1842,900,1577,532,561,678,1116,594,1953,0,0,73,103,310,454,410,763,481,1176,583,998,365,358,428,732,399,1357,13748,8990,261,0,0,0,0,4,0
2021-02-08T23:59:59+01:00,0,0,152,199,475,755,623,1185,743,1792,880,1533,526,560,676,1110,590,1937,0,0,59,77,265,386,360,630,422,946,510,818,307,303,362,578,334,1151,13677,7508,55,0,0,0,0,4,0
2021-02-07T23:59:59+01:00,0,0,152,198,473,754,621,1184,742,1784,878,1531,525,560,676,1110,590,1936,0,0,58,69,246,351,341,586,406,914,490,783,307,296,360,571,332,1147,13655,7257,55,0,0,0,0,4,0
2021-02-06T23:59:59+01:00,0,0,152,198,473,754,621,1184,742,1784,878,1531,525,560,676,1110,590,1936,0,0,58,69,246,350,341,586,406,913,488,781,307,295,359,569,331,1147,13655,7246,55,0,0,0,0,4,0
2021-02-05T23:59:59+01:00,0,0,152,198,473,754,621,1184,742,1784,878,1529,525,560,675,1110,590,1936,0,0,56,69,245,347,334,582,398,890,478,761,297,290,348,545,313,1107,13652,7060,55,0,0,0,0,4,0
2021-02-04T23:59:59+01:00,0,0,146,193,469,746,614,1176,738,1770,872,1520,518,553,654,1085,581,1918,0,0,42,52,212,313,292,486,356,749,384,615,232,219,263,379,232,820,13495,5646,54,0,0,0,0,4,0
2021-02-03T23:59:59+01:00,0,0,144,192,462,739,606,1167,734,1756,864,1504,506,545,639,1072,574,1910,0,0,34,33,157,220,238,354,265,572,309,465,182,172,186,283,179,613,13360,4262,51,0,0,0,0,3,0
2021-02-02T23:59:59+01:00,0,0,144,189,460,738,606,1167,731,1750,857,1500,505,543,635,1069,573,1906,0,0,25,27,138,174,193,283,221,436,257,375,142,132,139,211,142,484,13320,3379,51,0,0,0,0,2,0
2021-02-01T23:59:59+01:00,0,0,142,189,459,737,601,1164,730,1742,855,1495,503,541,630,1066,572,1899,0,0,21,19,102,128,139,192,155,303,168,259,90,94,94,134,76,258,13272,2232,51,0,0,0,0,2,0
2021-01-31T23:59:59+01:00,0,0,141,188,459,734,598,1163,730,1738,855,1494,501,540,629,1064,572,1898,0,0,14,15,69,88,97,127,118,226,141,203,85,87,90,126,74,244,13252,1804,51,0,0,0,0,1,0
2021-01-30T23:59:59+01:00,0,0,141,188,458,734,596,1161,729,1737,855,1494,501,540,628,1064,572,1898,0,0,14,15,69,88,97,125,116,222,138,200,84,86,90,120,68,234,13251,1766,44,0,0,0,0,1,0
2021-01-29T23:59:59+01:00,0,0,141,188,458,731,595,1158,727,1735,853,1493,501,540,628,1064,572,1898,0,0,12,15,57,82,80,121,98,211,115,188,79,79,88,116,67,233,13245,1641,36,0,0,0,0,1,0
2021-01-28T23:59:59+01:00,0,0,134,184,445,714,578,1131,721,1708,830,1464,494,534,625,1061,569,1895,0,0,7,3,14,20,25,47,31,97,47,87,46,50,57,86,49,176,13059,842,27,0,0,0,0,1,0
2021-01-27T23:59:59+01:00,0,0,127,181,433,703,570,1121,705,1673,823,1440,491,532,621,1056,569,1890,0,0,3,1,6,12,11,26,13,41,23,31,13,17,25,35,20,55,12909,332,25,0,0,0,0,1,0
2021-01-26T23:59:59+01:00,0,0,120,177,419,692,557,1107,696,1650,811,1419,486,526,615,1039,561,1855,0,0,3,1,6,11,8,24,11,38,17,28,13,15,24,33,20,54,12713,306,16,0,0,0,0,1,0
2021-01-25T23:59:59+01:00,0,0,117,175,410,680,546,1088,669,1622,793,1401,484,522,613,1038,561,1855,0,0,2,1,5,9,8,19,6,29,12,22,9,6,14,22,10,35,12568,209,5,0,0,0,0,1,0
2021-01-24T23:59:59+01:00,0,0,111,172,400,670,531,1070,652,1609,780,1389,483,519,612,1038,561,1855,0,0,2,0,3,6,8,7,4,8,5,9,1,2,12,15,6,21,12446,109,5,0,0,0,0,1,0
2021-01-23T23:59:59+01:00,0,0,111,172,400,669,531,1070,652,1609,780,1389,483,519,612,1038,561,1855,0,0,1,0,3,6,8,7,4,8,5,9,1,2,12,15,6,21,12445,108,5,0,0,0,0,1,0
2021-01-22T23:59:59+01:00,0,0,108,170,393,663,527,1063,638,1594,774,1371,483,514,601,1017,554,1826,0,0,1,0,3,6,8,7,4,8,5,9,1,2,12,15,6,21,12292,108,4,0,0,0,0,0,0
2021-01-21T23:59:59+01:00,0,0,97,162,378,647,504,1029,608,1544,752,1328,466,476,567,973,518,1758,0,0,1,0,3,6,8,6,4,8,5,9,1,2,12,15,6,21,11803,107,4,0,0,0,0,0,0
2021-01-20T23:59:59+01:00,0,0,79,121,343,557,461,888,551,1310,663,1140,404,417,482,830,454,1534,0,0,1,0,2,5,8,6,4,8,5,9,1,2,12,15,6,21,10230,105,4,0,0,0,0,0,0
2021-01-19T23:59:59+01:00,0,0,74,107,316,478,420,799,508,1198,611,1037,380,379,445,751,424,1438,0,0,1,0,1,3,7,5,4,7,5,9,1,0,9,10,5,18,9361,85,4,0,0,0,0,0,0
2021-01-18T23:59:59+01:00,0,0,60,77,270,391,365,651,431,966,519,840,312,311,375,597,358,1230,0,0,1,0,1,3,7,5,4,7,5,8,1,0,9,10,5,18,7751,84,2,0,0,0,0,0,0
2021-01-17T23:59:59+01:00,0,0,59,68,251,356,344,599,412,923,495,801,309,302,373,590,355,1222,0,0,0,0,0,0,0,1,0,0,0,0,0,0,0,0,0,0,7457,1,2,0,0,0,0,0,0
2021-01-16T23:59:59+01:00,0,0,59,68,251,355,344,599,412,922,493,799,309,301,371,586,354,1222,0,0,0,0,0,0,0,0,0,0,0,0,0,0,0,0,0,0,7443,0,2,0,0,0,0,0,0
2021-01-15T23:59:59+01:00,0,0,57,68,251,351,338,593,401,898,481,774,295,295,352,557,331,1180,0,0,0,0,0,0,0,0,0,0,0,0,0,0,0,0,0,0,7220,0,2,0,0,0,0,0,0
2021-01-14T23:59:59+01:00,0,0,44,55,237,327,313,518,367,773,393,629,232,221,262,381,238,848,0,0,0,0,0,0,0,0,0,0,0,0,0,0,0,0,0,0,5838,0,0,0,0,0,0,0,0
2021-01-13T23:59:59+01:00,0,0,38,44,213,268,272,417,300,619,322,503,177,178,190,290,192,656,0,0,0,0,0,0,0,0,0,0,0,0,0,0,0,0,0,0,4679,0,0,0,0,0,0,0,0
2021-01-12T23:59:59+01:00,0,0,33,41,208,253,257,382,276,538,290,457,140,136,144,222,150,515,0,0,0,0,0,0,0,0,0,0,0,0,0,0,0,0,0,0,4042,0,0,0,0,0,0,0,0
2021-01-11T23:59:59+01:00,0,0,28,37,198,232,239,329,229,450,240,382,109,106,108,145,88,320,0,0,0,0,0,0,0,0,0,0,0,0,0,0,0,0,0,0,3240,0,0,0,0,0,0,0,0
2021-01-10T23:59:59+01:00,0,0,26,31,159,172,196,254,191,354,198,305,98,99,105,140,86,305,0,0,0,0,0,0,0,0,0,0,0,0,0,0,0,0,0,0,2719,0,0,0,0,0,0,0,0
2021-01-09T23:59:59+01:00,0,0,26,31,152,168,194,246,187,346,196,300,98,99,105,140,86,305,0,0,0,0,0,0,0,0,0,0,0,0,0,0,0,0,0,0,2679,0,0,0,0,0,0,0,0
2021-01-08T23:59:59+01:00,0,0,23,28,121,144,173,233,162,317,168,279,93,89,103,136,85,304,0,0,0,0,0,0,0,0,0,0,0,0,0,0,0,0,0,0,2458,0,0,0,0,0,0,0,0
2021-01-07T23:59:59+01:00,0,0,8,3,18,26,32,57,37,108,61,111,48,51,64,94,54,212,0,0,0,0,0,0,0,0,0,0,0,0,0,0,0,0,0,0,984,0,0,0,0,0,0,0,0
2021-01-06T23:59:59+01:00,0,0,3,1,7,13,11,25,14,41,21,32,14,14,28,40,23,65,0,0,0,0,0,0,0,0,0,0,0,0,0,0,0,0,0,0,352,0,0,0,0,0,0,0,0
2021-01-05T23:59:59+01:00,0,0,3,1,6,10,10,21,11,33,15,27,11,14,24,35,21,57,0,0,0,0,0,0,0,0,0,0,0,0,0,0,0,0,0,0,299,0,0,0,0,0,0,0,0
2021-01-04T23:59:59+01:00,0,0,2,1,4,7,9,13,4,17,8,17,5,3,13,21,8,31,0,0,0,0,0,0,0,0,0,0,0,0,0,0,0,0,0,0,163,0,0,0,0,0,0,0,0
2021-01-03T23:59:59+01:00,0,0,2,0,3,6,8,7,4,9,5,10,1,2,13,17,7,21,0,0,0,0,0,0,0,0,0,0,0,0,0,0,0,0,0,0,115,0,0,0,0,0,0,0,0
2021-01-02T23:59:59+01:00,0,0,2,0,3,6,8,7,4,9,5,10,1,2,13,17,7,21,0,0,0,0,0,0,0,0,0,0,0,0,0,0,0,0,0,0,115,0,0,0,0,0,0,0,0
2021-01-01T23:59:59+01:00,0,0,1,0,3,6,8,6,4,9,5,10,1,2,13,16,7,21,0,0,0,0,0,0,0,0,0,0,0,0,0,0,0,0,0,0,112,0,0,0,0,0,0,0,0
2020-12-31T23:59:59+01:00,0,0,1,0,3,5,8,6,4,9,5,10,1,2,13,16,7,21,0,0,0,0,0,0,0,0,0,0,0,0,0,0,0,0,0,0,111,0,0,0,0,0,0,0,0
2020-12-30T23:59:59+01:00,0,0,1,0,2,5,8,6,4,9,5,10,1,2,13,16,7,21,0,0,0,0,0,0,0,0,0,0,0,0,0,0,0,0,0,0,110,0,0,0,0,0,0,0,0
2020-12-29T23:59:59+01:00,0,0,1,0,1,3,8,5,4,8,5,10,1,0,10,11,6,18,0,0,0,0,0,0,0,0,0,0,0,0,0,0,0,0,0,0,91,0,0,0,0,0,0,0,0
2020-12-28T23:59:59+01:00,0,0,1,0,1,3,8,5,4,8,5,9,1,0,10,11,6,18,0,0,0,0,0,0,0,0,0,0,0,0,0,0,0,0,0,0,90,0,0,0,0,0,0,0,0
2020-12-27T23:59:59+01:00,0,0,1,0,1,3,8,4,4,8,5,9,1,0,9,10,6,18,0,0,0,0,0,0,0,0,0,0,0,0,0,0,0,0,0,0,87,0,0,0,0,0,0,0,0
