Datum,<15_m,<15_w,15-24_1_m,15-24_1_w,25-34_1_m,25-34_1_w,35-44_1_m,35-44_1_w,45-54_1_m,45-54_1_w,55-64_1_m,55-64_1_w,65-74_1_m,65-74_1_w,75-84_1_m,75-84_1_w,>84_1_m,>84_1_w,<24_2_m,<24_2_w,25-34_2_m,25-34_2_w,35-44_2_m,35-44_2_w,45-54_2_m,45-54_2_w,55-64_2_m,55-64_2_w,65-74_2_m,65-74_2_w,75-84_2_m,75-84_2_w,>84_2_m,>84_2_w,bp_1,bp_2,mo_1,mo_2,az_1,az_2,ja,unb_1,unb_2
2021-08-31T23:59:59+02:00,1427,1319,15367,14214,20916,19218,23030,22627,26779,27450,30057,31016,21247,24271,15171,19110,4319,7520,13648,12683,19493,17756,21719,21224,25499,26024,28840,29735,20584,23503,14727,18447,4175,7253,223047,210104,32259,30509,55062,51919,14665,25,33
2021-08-30T23:59:59+02:00,1404,1300,15297,14170,20872,19162,22998,22593,26744,27420,30027,30988,21235,24263,15167,19102,4317,7513,13591,12645,19451,17709,21689,21199,25472,25987,28807,29710,20573,23489,14718,18439,4174,7251,222698,209817,32259,30509,55062,51917,14528,25,33
2021-08-29T23:59:59+02:00,1388,1289,15254,14127,20834,19133,22974,22569,26726,27397,30010,30973,21231,24254,15167,19100,4317,7512,13539,12601,19428,17685,21661,21179,25453,25970,28794,29693,20565,23481,14715,18434,4172,7250,222419,209554,32258,30507,55062,51916,14491,25,33
2021-08-28T23:59:59+02:00,1388,1289,15246,14124,20822,19126,22968,22565,26723,27388,30007,30972,21230,24254,15167,19100,4317,7512,13531,12597,19416,17678,21654,21175,25450,25961,28791,29692,20564,23481,14715,18434,4172,7250,222418,209551,32258,30507,55062,51916,14435,25,33
2021-08-27T23:59:59+02:00,1380,1282,15214,14098,20795,19110,22937,22549,26699,27377,29991,30954,21225,24246,15163,19099,4314,7509,13502,12565,19380,17661,21626,21154,25422,25948,28774,29674,20558,23472,14712,18432,4171,7250,222288,209407,32258,30506,55061,51915,14310,25,33
2021-08-26T23:59:59+02:00,1368,1266,15171,14053,20750,19072,22906,22511,26666,27339,29959,30917,21210,24230,15156,19091,4311,7501,13434,12505,19306,17606,21569,21096,25366,25900,28735,29638,20545,23451,14703,18419,4170,7246,222003,209129,32239,30382,55059,51844,14151,25,33
2021-08-25T23:59:59+02:00,1322,1221,15025,13935,20640,18981,22828,22419,26590,27257,29901,30862,21190,24204,15146,19082,4307,7495,13312,12423,19218,17530,21505,21023,25299,25845,28692,29596,20519,23430,14695,18405,4169,7243,221162,208559,32224,30334,55059,51836,13936,24,31
2021-08-24T23:59:59+02:00,1302,1198,14969,13889,20604,18935,22782,22378,26559,27228,29876,30836,21175,24192,15140,19073,4306,7494,13217,12362,19161,17451,21469,20976,25256,25803,28663,29561,20501,23410,14688,18393,4167,7238,220815,208095,32194,30278,55059,51821,13844,24,26
2021-08-23T23:59:59+02:00,1284,1180,14903,13851,20566,18906,22754,22354,26524,27209,29851,30810,21156,24178,15135,19060,4305,7493,13102,12285,19099,17393,21417,20927,25216,25749,28618,29518,20482,23393,14682,18382,4164,7238,220511,207579,32178,30189,55059,51821,13747,24,26
2021-08-22T23:59:59+02:00,1274,1172,14887,13831,20549,18887,22744,22335,26509,27194,29836,30806,21149,24174,15133,19052,4303,7492,13043,12216,19045,17359,21388,20893,25194,25724,28592,29497,20474,23382,14681,18378,4164,7238,220339,207260,32160,30078,55059,51818,13745,24,26
2021-08-21T23:59:59+02:00,1274,1172,14880,13822,20537,18879,22734,22329,26505,27189,29825,30799,21149,24172,15133,19052,4303,7492,13035,12207,19034,17351,21380,20887,25188,25719,28582,29490,20474,23380,14681,18378,4164,7238,220334,207256,32160,30078,55059,51818,13669,24,26
2021-08-20T23:59:59+02:00,1267,1167,14853,13789,20506,18851,22711,22307,26479,27166,29808,30783,21146,24163,15131,19046,4303,7492,13018,12190,19012,17332,21363,20866,25173,25701,28564,29471,20470,23374,14680,18375,4164,7238,220150,207154,32160,30076,55059,51817,13575,24,26
2021-08-19T23:59:59+02:00,1249,1151,14797,13740,20468,18822,22680,22274,26457,27137,29782,30760,21135,24155,15129,19041,4302,7489,12886,12079,18922,17258,21278,20809,25104,25636,28505,29421,20450,23363,14674,18367,4162,7235,219850,206538,32131,29942,55059,51755,13504,24,26
2021-08-18T23:59:59+02:00,1229,1134,14716,13649,20355,18762,22608,22213,26395,27082,29724,30704,21111,24135,15123,19029,4300,7486,12757,11963,18789,17174,21186,20721,25019,25553,28425,29355,20418,23319,14664,18352,4161,7230,219452,205950,32113,29823,55058,51746,13108,24,26
2021-08-17T23:59:59+02:00,1218,1121,14676,13611,20313,18718,22573,22179,26363,27055,29707,30684,21099,24121,15112,19020,4296,7485,12649,11879,18709,17112,21113,20659,24968,25501,28389,29314,20399,23304,14655,18339,4159,7228,219173,205424,32080,29696,55058,51739,13016,24,25
2021-08-16T23:59:59+02:00,1205,1110,14629,13563,20277,18690,22544,22147,26343,27026,29673,30653,21087,24110,15105,19008,4294,7483,12558,11779,18621,17041,21044,20573,24902,25443,28322,29252,20376,23282,14645,18321,4158,7225,218907,204810,32078,29569,55058,51738,12880,24,25
2021-08-15T23:59:59+02:00,1195,1097,14592,13534,20250,18659,22518,22128,26330,27010,29663,30639,21082,24098,15100,19006,4293,7481,12491,11712,18568,17010,20996,20533,24866,25400,28304,29230,20366,23269,14641,18315,4156,7223,218683,204357,32078,29569,55058,51737,12832,24,25
2021-08-14T23:59:59+02:00,1195,1096,14585,13530,20241,18653,22509,22121,26316,27003,29658,30631,21079,24097,15099,19005,4293,7481,12484,11708,18559,17003,20986,20526,24852,25393,28299,29221,20363,23268,14640,18314,4156,7223,218682,204355,32078,29568,55058,51737,12750,24,25
2021-08-13T23:59:59+02:00,1192,1093,14576,13520,20227,18643,22498,22116,26309,26993,29643,30623,21070,24092,15098,19005,4293,7481,12469,11694,18548,16995,20974,20518,24846,25377,28285,29216,20357,23261,14638,18314,4156,7222,218624,204287,32078,29568,55058,51737,12688,24,25
2021-08-12T23:59:59+02:00,1172,1071,14518,13467,20187,18604,22474,22084,26284,26964,29612,30602,21058,24073,15094,18999,4293,7476,12298,11551,18409,16887,20880,20431,24766,25292,28218,29160,20336,23229,14625,18302,4153,7216,218310,203494,32067,29377,55058,51667,12573,24,25
2021-08-11T23:59:59+02:00,1155,1049,14448,13406,20150,18552,22432,22044,26253,26939,29584,30565,21045,24056,15091,18988,4290,7472,12159,11412,18328,16800,20801,20357,24716,25220,28175,29098,20304,23203,14618,18291,4151,7211,217918,202599,31995,29372,55058,51662,12524,24,25
2021-08-10T23:59:59+02:00,1140,1032,14372,13337,20101,18509,22403,22003,26224,26910,29553,30537,21034,24047,15091,18980,4289,7470,12054,11301,18236,16732,20742,20294,24664,25165,28133,29047,20280,23175,14604,18273,4150,7205,217504,201859,31966,29351,55058,51637,12480,24,25
2021-08-09T23:59:59+02:00,1123,1013,14288,13275,20020,18455,22354,21955,26172,26866,29517,30504,21016,24030,15085,18971,4284,7468,11872,11143,18068,16637,20622,20212,24569,25069,28053,28973,20244,23136,14590,18261,4147,7196,217058,200882,31947,29242,55056,51544,12311,24,24
2021-08-08T23:59:59+02:00,1109,1006,14247,13238,20001,18421,22328,21935,26157,26847,29502,30490,21009,24024,15082,18967,4283,7467,11789,11055,17981,16556,20558,20156,24504,25023,28007,28929,20222,23113,14578,18250,4147,7192,216837,200227,31915,29168,55055,51525,12282,24,24
2021-08-07T23:59:59+02:00,1109,1006,14232,13232,19991,18416,22321,21930,26145,26833,29488,30478,21007,24020,15078,18962,4282,7467,11775,11050,17964,16551,20552,20150,24491,25008,27990,28917,20220,23109,14574,18245,4146,7192,216832,200213,31915,29167,55055,51525,12171,24,24
2021-08-06T23:59:59+02:00,1109,1005,14221,13220,19979,18397,22307,21916,26123,26824,29476,30467,21004,24016,15075,18959,4282,7467,11762,11036,17944,16531,20536,20134,24469,24999,27978,28906,20217,23105,14571,18243,4146,7192,216825,200188,31911,29167,55055,51524,12032,24,24
2021-08-05T23:59:59+02:00,1098,986,14151,13180,19932,18364,22264,21876,26088,26770,29448,30443,20991,24001,15067,18951,4280,7464,11592,10923,17833,16434,20424,20039,24362,24907,27909,28857,20193,23080,14560,18232,4144,7190,216518,199400,31873,29075,55053,51395,11886,24,24
2021-08-04T23:59:59+02:00,1084,970,14087,13110,19831,18283,22200,21819,26052,26729,29399,30397,20968,23983,15057,18939,4280,7461,11405,10752,17606,16299,20251,19912,24247,24784,27801,28761,20166,23047,14547,18220,4141,7188,216259,198362,31716,29020,55052,51152,11599,23,24
2021-08-03T23:59:59+02:00,1060,952,14017,13050,19797,18235,22165,21779,26019,26688,29366,30367,20954,23960,15047,18925,4277,7451,11220,10578,17434,16173,20113,19781,24100,24662,27683,28657,20125,23001,14529,18188,4139,7182,215887,196929,31687,28987,55052,51097,11460,23,24
2021-08-02T23:59:59+02:00,1036,932,13930,12982,19740,18176,22114,21738,25965,26628,29314,30317,20923,23930,15037,18905,4274,7449,11052,10410,17266,16048,19970,19670,23985,24546,27597,28556,20078,22948,14510,18169,4136,7172,215406,195741,31656,28950,55052,51021,11253,23,24
2021-08-01T23:59:59+02:00,1026,917,13870,12933,19701,18159,22095,21718,25940,26608,29294,30300,20914,23918,15033,18898,4274,7448,10910,10267,17109,15939,19821,19562,23842,24441,27492,28477,20064,22924,14502,18156,4136,7168,215172,194856,31600,28868,55052,50672,11199,23,24
2021-07-31T23:59:59+02:00,1026,917,13844,12924,19684,18152,22078,21708,25927,26597,29286,30289,20912,23913,15032,18897,4273,7448,10883,10255,17089,15927,19803,19550,23830,24429,27484,28466,20062,22919,14501,18155,4135,7168,215168,194837,31600,28868,55052,50672,11064,23,24
2021-07-30T23:59:59+02:00,1018,908,13785,12880,19639,18131,22049,21689,25897,26575,29258,30271,20905,23905,15026,18895,4271,7447,10796,10183,17024,15885,19744,19515,23763,24388,27435,28441,20047,22897,14492,18151,4132,7166,214991,194447,31599,28868,55052,50606,10884,23,24
2021-07-29T23:59:59+02:00,994,891,13678,12794,19573,18069,21977,21640,25846,26520,29208,30234,20887,23895,15019,18888,4271,7445,10531,9926,16727,15643,19452,19302,23462,24161,27184,28279,19992,22842,14480,18131,4132,7165,214550,192720,31528,28756,55052,49918,10676,23,24
2021-07-28T23:59:59+02:00,967,862,13547,12665,19451,17964,21893,21557,25765,26439,29132,30165,20865,23859,15006,18876,4269,7443,10240,9722,16466,15457,19193,19115,23233,23972,27028,28134,19943,22769,14461,18109,4129,7160,213906,191386,31495,28670,55047,49408,10254,23,24
2021-07-27T23:59:59+02:00,936,841,13427,12571,19388,17904,21828,21504,25701,26382,29092,30120,20850,23839,15001,18856,4268,7437,9984,9510,16216,15234,18967,18930,23041,23800,26864,27995,19901,22716,14439,18082,4123,7151,213314,189728,31441,28513,55046,49074,10122,22,24
2021-07-26T23:59:59+02:00,911,823,13326,12476,19335,17847,21755,21440,25652,26349,29037,30061,20821,23816,14983,18837,4268,7433,9747,9261,15984,15032,18719,18730,22815,23633,26712,27865,19830,22656,14412,18046,4118,7145,212713,187981,31370,28414,55045,48698,10020,22,24
2021-07-25T23:59:59+02:00,892,812,13250,12405,19256,17801,21698,21389,25612,26301,29001,30015,20804,23800,14977,18831,4265,7432,9560,9119,15783,14883,18518,18589,22646,23522,26563,27745,19780,22608,14397,18033,4115,7142,212415,187078,31310,28261,55045,48280,9749,22,24
2021-07-24T23:59:59+02:00,892,812,13240,12396,19246,17795,21689,21384,25597,26294,28996,30009,20800,23799,14976,18830,4265,7432,9550,9106,15774,14875,18507,18583,22629,23513,26557,27737,19777,22605,14396,18032,4115,7141,212411,187060,31310,28258,55045,48280,9664,22,24
2021-07-23T23:59:59+02:00,884,811,13177,12360,19168,17762,21651,21351,25560,26255,28963,29973,20786,23783,14968,18826,4263,7429,9502,9078,15692,14830,18454,18544,22576,23472,26513,27698,19762,22589,14389,18026,4113,7138,212287,186900,31309,28254,55045,48279,9307,22,24
2021-07-22T23:59:59+02:00,872,798,13080,12280,19111,17694,21603,21321,25510,26208,28939,29951,20774,23765,14966,18820,4260,7427,9183,8805,15290,14584,18089,18288,22243,23225,26308,27564,19705,22533,14376,18004,4110,7133,211821,185071,31223,28001,55042,47364,9271,22,24
2021-07-21T23:59:59+02:00,850,771,12879,12113,18963,17569,21471,21221,25403,26105,28862,29881,20732,23730,14949,18797,4256,7422,8799,8484,14854,14255,17712,18016,21887,22896,26036,27355,19612,22445,14350,17967,4107,7124,211200,183165,31113,27650,55038,46706,8601,22,24
2021-07-20T23:59:59+02:00,820,746,12735,11980,18856,17486,21402,21144,25343,26041,28825,29830,20707,23697,14941,18781,4253,7419,8469,8177,14389,13920,17329,17743,21587,22666,25793,27169,19530,22336,14321,17932,4105,7118,210532,181020,31004,27490,55034,45827,8414,22,23
2021-07-19T23:59:59+02:00,791,718,12614,11862,18764,17414,21344,21084,25288,25988,28775,29793,20682,23669,14931,18767,4249,7413,8138,7918,14022,13663,16982,17494,21263,22465,25566,27027,19461,22261,14299,17910,4099,7112,209816,178979,30898,27326,55034,45115,8376,22,23
2021-07-18T23:59:59+02:00,773,699,12503,11754,18661,17339,21281,21032,25232,25937,28738,29739,20660,23649,14920,18756,4247,7411,7968,7765,13867,13544,16830,17371,21102,22352,25437,26947,19421,22221,14285,17894,4099,7109,209242,178044,30748,27223,55034,44752,8285,22,23
2021-07-17T23:59:59+02:00,773,699,12499,11754,18660,17336,21281,21032,25232,25937,28738,29739,20660,23649,14920,18756,4247,7411,7960,7764,13863,13539,16829,17370,21101,22351,25436,26945,19420,22221,14285,17894,4099,7109,209238,178024,30748,27222,55034,44751,8281,22,23
2021-07-16T23:59:59+02:00,766,694,12425,11698,18622,17305,21244,21005,25199,25914,28712,29720,20658,23646,14920,18754,4247,7411,7810,7662,13710,13465,16686,17312,20963,22293,25329,26897,19402,22202,14284,17888,4099,7106,209029,177576,30748,27150,55033,44359,8108,22,23
2021-07-15T23:59:59+02:00,751,674,12354,11627,18559,17247,21189,20955,25151,25873,28683,29692,20643,23628,14915,18745,4246,7408,7467,7344,13103,13062,16018,16888,20328,21924,24875,26585,19256,22061,14241,17842,4096,7099,208547,175349,30662,26252,55026,42585,8083,22,23
2021-07-14T23:59:59+02:00,722,654,12147,11494,18391,17141,21070,20860,25050,25771,28595,29593,20609,23595,14896,18729,4243,7405,7049,6981,12439,12604,15331,16404,19694,21466,24412,26242,19038,21835,14209,17794,4088,7088,207739,172513,30517,25917,55023,40640,7664,22,23
2021-07-13T23:59:59+02:00,678,620,12007,11363,18270,17060,20957,20762,24954,25676,28525,29528,20580,23556,14876,18719,4241,7395,6582,6547,11804,12105,14639,15894,19092,21050,23973,25916,18859,21620,14165,17731,4084,7079,206724,168839,30379,25744,55012,38970,7630,22,19
2021-07-12T23:59:59+02:00,645,589,11884,11225,18154,16970,20866,20654,24851,25578,28443,29462,20553,23522,14868,18707,4236,7388,6165,6131,11205,11571,14020,15353,18539,20558,23557,25553,18665,21429,14101,17673,4075,7075,205709,165161,30248,24920,55009,38015,7607,22,19
2021-07-11T23:59:59+02:00,609,562,11767,11135,18087,16908,20808,20597,24797,25532,28386,29414,20534,23502,14859,18698,4236,7387,5970,5963,10947,11369,13788,15153,18293,20369,23348,25368,18593,21349,14074,17647,4074,7069,205071,163769,30127,24450,55007,37590,7594,19,19
2021-07-10T23:59:59+02:00,608,562,11760,11134,18084,16906,20805,20597,24794,25531,28385,29414,20534,23502,14858,18696,4236,7387,5963,5962,10945,11363,13779,15149,18292,20367,23346,25366,18591,21348,14073,17647,4074,7069,205053,163743,30126,24449,55007,37583,7588,19,19
2021-07-09T23:59:59+02:00,580,539,11650,11012,18009,16822,20736,20535,24720,25455,28336,29369,20511,23482,14855,18687,4236,7386,5930,5931,10916,11330,13729,15128,18261,20334,23327,25343,18586,21338,14071,17644,4074,7068,204188,163509,30126,24399,55007,37550,7580,19,19
2021-07-08T23:59:59+02:00,545,511,11487,10876,17887,16718,20606,20437,24612,25329,28219,29292,20467,23432,14839,18659,4233,7378,5575,5673,10403,10937,13109,14675,17599,19778,22720,24881,18271,20952,13975,17561,4069,7058,203425,161203,30101,23592,54982,35463,7000,19,19
2021-07-07T23:59:59+02:00,485,458,11322,10732,17806,16633,20537,20368,24538,25251,28157,29228,20439,23397,14834,18647,4231,7370,5264,5379,9878,10487,12530,14198,16920,19259,22155,24383,17959,20588,13873,17464,4062,7035,202422,158747,30079,22131,54962,33622,6951,19,19
2021-07-06T23:59:59+02:00,445,424,11198,10583,17692,16539,20446,20264,24460,25160,28067,29149,20413,23359,14825,18630,4229,7367,4864,4948,9269,9970,11818,13597,16213,18643,21638,23887,17640,20284,13773,17349,4053,7025,201291,154546,30073,21188,54954,32328,6913,19,19
2021-07-05T23:59:59+02:00,423,397,11106,10497,17605,16468,20365,20193,24399,25108,28026,29111,20389,23338,14814,18622,4228,7364,4571,4626,8774,9518,11256,13044,15505,18000,21017,23278,17246,19890,13640,17192,4045,7017,200555,150648,30069,20511,54945,30595,6865,19,19
2021-07-04T23:59:59+02:00,410,391,11030,10442,17538,16415,20315,20144,24367,25072,28010,29093,20380,23327,14808,18619,4227,7363,4426,4533,8643,9352,11065,12868,15265,17790,20752,23006,16974,19598,13581,17101,4041,7013,200072,149336,30065,20204,54944,29617,6851,19,19
2021-07-03T23:59:59+02:00,409,390,11023,10433,17528,16407,20313,20141,24365,25071,28007,29092,20380,23326,14808,18619,4227,7362,4422,4527,8636,9350,11062,12868,15261,17790,20749,23003,16974,19595,13581,17101,4041,7013,200040,149324,30064,20204,54944,29611,6834,19,19
2021-07-02T23:59:59+02:00,365,327,10876,10323,17415,16305,20211,20066,24292,25006,27944,29032,20354,23300,14802,18605,4227,7359,4333,4446,8477,9210,10927,12758,15138,17683,20637,22899,16933,19566,13574,17086,4041,7010,199154,148333,30064,20203,54944,29554,6628,19,19
2021-07-01T23:59:59+02:00,318,283,10739,10186,17286,16212,20088,19976,24208,24931,27881,28981,20334,23276,14786,18590,4224,7355,4129,4244,8179,8871,10557,12346,14570,17186,20129,22357,16645,19267,13366,16873,4031,6988,198076,145274,30005,19518,54938,28328,6616,19,19
2021-06-30T23:59:59+02:00,235,221,10485,9946,17118,16062,19956,19844,24093,24809,27800,28892,20311,23244,14767,18572,4223,7354,3933,4047,7876,8530,10145,11881,14081,16627,19555,21723,16323,18929,13093,16597,4018,6962,196433,141591,29948,19262,54930,26862,6602,19,19
2021-06-29T23:59:59+02:00,190,184,10338,9770,16983,15966,19852,19752,24025,24732,27742,28823,20285,23217,14753,18552,4223,7350,3729,3785,7478,8079,9671,11344,13427,15960,18941,21018,16006,18602,12846,16307,4011,6948,195280,137306,29943,18963,54926,25309,6570,18,19
2021-06-28T23:59:59+02:00,140,132,10140,9587,16862,15859,19749,19651,23932,24638,27674,28762,20255,23187,14739,18533,4221,7348,3525,3527,7078,7636,9238,10850,12876,15422,18445,20503,15756,18337,12727,16174,4005,6937,194103,133474,29829,18538,54923,24482,6536,18,19
2021-06-27T23:59:59+02:00,122,115,10002,9475,16806,15800,19689,19600,23874,24588,27647,28738,20242,23171,14736,18529,4220,7345,3432,3459,6902,7442,9049,10649,12646,15182,18183,20243,15636,18233,12662,16088,4005,6933,193475,132283,29771,18189,54917,23748,6518,18,19
2021-06-26T23:59:59+02:00,122,115,10000,9470,16805,15796,19687,19599,23871,24587,27647,28738,20242,23171,14736,18529,4220,7345,3429,3459,6900,7441,9046,10647,12643,15179,18181,20242,15633,18232,12662,16087,4005,6933,193457,132262,29770,18189,54917,23744,6518,18,19
2021-06-25T23:59:59+02:00,118,112,9953,9429,16768,15763,19654,19570,23835,24559,27623,28720,20236,23164,14734,18526,4220,7345,3409,3413,6826,7330,8950,10492,12529,14983,18037,20035,15611,18203,12654,16084,4004,6932,193140,132083,29736,17835,54917,23050,6518,18,19
2021-06-24T23:59:59+02:00,108,101,9826,9303,16580,15638,19522,19447,23712,24468,27566,28660,20222,23148,14727,18517,4219,7343,3283,3266,6613,7000,8639,10036,11998,14362,17482,19330,15386,17972,12509,15954,4001,6920,192302,129688,29391,16976,54916,21600,6480,18,19
2021-06-23T23:59:59+02:00,102,95,9697,9165,16440,15512,19405,19341,23615,24363,27501,28613,20207,23126,14723,18512,4216,7342,3076,3024,6260,6514,8136,9468,11298,13541,16720,18349,15089,17631,12358,15812,3991,6895,191383,125132,29224,16005,54905,20573,6445,18,19
2021-06-22T23:59:59+02:00,71,69,9407,8859,16211,15310,19219,19193,23471,24237,27430,28528,20184,23101,14715,18493,4212,7336,2842,2735,5775,5967,7514,8707,10390,12501,15694,17147,14794,17272,12251,15688,3978,6872,189699,118700,29017,15515,54901,19498,6413,16,13
2021-06-21T23:59:59+02:00,67,62,9279,8696,16038,15164,19031,19039,23340,24114,27369,28449,20160,23073,14710,18483,4212,7332,2697,2542,5393,5499,7048,8121,9659,11622,14963,16212,14516,16959,12144,15567,3973,6856,188501,113986,28792,14956,54898,18417,6411,16,13
2021-06-20T23:59:59+02:00,64,61,9144,8562,15902,15048,18919,18948,23266,24043,27329,28398,20149,23052,14699,18476,4209,7331,2639,2473,5222,5316,6833,7854,9351,11291,14597,15808,14381,16825,12104,15530,3968,6850,187607,112282,28672,14725,54898,17627,6407,16,13
2021-06-19T23:59:59+02:00,64,61,9144,8560,15901,15041,18917,18948,23265,24043,27329,28397,20149,23052,14699,18476,4209,7331,2636,2472,5221,5312,6832,7854,9351,11290,14595,15804,14379,16825,12104,15530,3968,6850,187595,112266,28670,14723,54898,17626,6407,16,13
2021-06-18T23:59:59+02:00,64,57,9116,8548,15887,15032,18902,18940,23258,24034,27322,28392,20149,23049,14698,18476,4209,7331,2607,2438,5166,5253,6754,7754,9252,11134,14423,15575,14300,16724,12094,15509,3966,6847,187475,111480,28669,14722,54897,17186,6407,16,13
2021-06-17T23:59:59+02:00,57,54,8941,8386,15653,14864,18704,18784,23102,23903,27186,28299,20125,23027,14691,18464,4207,7328,2470,2284,4839,4954,6367,7351,8702,10528,13592,14703,14063,16432,12021,15388,3962,6835,186148,108611,28664,13763,54889,16058,6058,16,13
2021-06-16T23:59:59+02:00,49,52,8710,8171,15417,14639,18493,18584,22912,23736,27080,28189,20096,22984,14677,18444,4203,7322,2356,2176,4597,4752,6014,7005,8177,10042,12874,13864,13713,16049,11936,15299,3957,6823,184361,105164,28565,12962,54886,15577,5930,16,13
2021-06-15T23:59:59+02:00,40,39,8361,7832,15037,14281,18172,18293,22663,23523,26921,28055,20066,22950,14664,18428,4201,7311,2172,2009,4245,4397,5506,6440,7296,9155,11681,12587,13173,15433,11814,15136,3942,6800,181752,98921,28529,12298,54885,14911,5655,16,13
2021-06-14T23:59:59+02:00,34,34,8180,7664,14781,14050,17969,18120,22512,23403,26809,27974,20045,22917,14651,18420,4197,7303,2057,1884,3990,4150,5118,5966,6640,8433,10754,11533,12857,15086,11742,15042,3932,6781,180172,94081,28505,11935,54883,14459,5487,16,13
2021-06-13T23:59:59+02:00,34,34,8103,7609,14700,13964,17852,18009,22431,23323,26779,27944,20032,22906,14647,18414,4197,7303,2009,1856,3907,4052,4998,5826,6409,8190,10461,11198,12700,14908,11684,14986,3931,6780,179414,92690,28496,11643,54879,14081,5476,16,13
2021-06-12T23:59:59+02:00,34,34,8102,7608,14699,13964,17852,18009,22429,23322,26778,27941,20032,22905,14647,18414,4197,7303,2008,1854,3906,4052,4996,5825,6406,8187,10458,11192,12697,14907,11684,14984,3931,6780,179403,92671,28496,11643,54879,14072,5476,16,13
2021-06-11T23:59:59+02:00,34,33,8036,7567,14610,13916,17777,17959,22359,23288,26734,27918,20030,22901,14647,18413,4197,7303,1992,1845,3870,3994,4954,5758,6345,8105,10359,11087,12658,14872,11673,14978,3931,6780,179066,92457,28418,11637,54878,13758,5344,16,13
2021-06-10T23:59:59+02:00,29,26,7694,7268,14214,13552,17348,17583,22029,23006,26539,27737,19986,22856,14634,18395,4194,7291,1887,1762,3655,3832,4681,5487,6026,7737,9744,10476,12142,14212,11604,14870,3923,6773,176466,89300,27923,11257,54865,13137,5111,16,12
2021-06-09T23:59:59+02:00,28,23,7323,6918,13748,13110,16831,17115,21637,22637,26325,27523,19913,22785,14616,18360,4191,7283,1717,1648,3455,3654,4426,5219,5641,7332,8971,9762,11477,13382,11485,14730,3913,6761,173208,85060,27374,10621,54852,12970,4916,16,12
2021-06-08T23:59:59+02:00,23,19,6945,6509,13234,12626,16362,16646,21279,22299,26109,27319,19855,22707,14586,18325,4188,7276,1625,1572,3232,3425,4107,4866,5134,6844,8085,8842,10594,12305,11344,14573,3909,6746,169789,79409,26886,10325,54843,12691,4773,16,11
2021-06-07T23:59:59+02:00,20,16,6665,6216,12804,12250,15961,16247,20952,22002,25947,27163,19819,22654,14565,18306,4181,7270,1563,1500,3042,3252,3830,4638,4734,6468,7373,8091,9686,11160,11234,14426,3898,6728,167222,74671,26459,9954,54823,12475,4518,16,11
2021-06-06T23:59:59+02:00,20,16,6523,6083,12661,12099,15799,16088,20787,21839,25861,27076,19799,22617,14554,18296,4180,7266,1548,1477,2969,3211,3734,4574,4627,6387,7231,7962,9429,10892,11188,14376,3895,6723,165992,73989,26355,9529,54802,12301,4399,16,11
2021-06-05T23:59:59+02:00,20,16,6514,6080,12651,12087,15790,16081,20785,21835,25861,27074,19799,22617,14554,18296,4180,7266,1546,1474,2964,3209,3732,4571,4622,6386,7226,7956,9423,10887,11188,14376,3895,6723,165937,73961,26352,9516,54802,12297,4399,16,11
2021-06-04T23:59:59+02:00,20,16,6483,6040,12593,12036,15730,16033,20757,21803,25844,27057,19795,22611,14551,18296,4180,7266,1545,1468,2951,3199,3713,4557,4612,6372,7191,7913,9391,10817,11150,14335,3894,6722,165842,73687,26092,9503,54780,12254,4381,16,11
2021-06-03T23:59:59+02:00,20,15,6249,5815,12294,11787,15408,15721,20424,21464,25588,26844,19749,22537,14531,18276,4179,7262,1503,1423,2879,3134,3616,4480,4500,6273,6990,7732,9014,10371,11098,14262,3894,6717,163357,72389,25845,9207,54778,12117,4167,16,11
2021-06-02T23:59:59+02:00,20,15,6187,5755,12228,11721,15334,15654,20352,21403,25571,26820,19744,22534,14528,18273,4178,7261,1489,1413,2863,3121,3599,4466,4466,6256,6957,7694,8935,10261,11089,14237,3893,6716,163013,72028,25659,9201,54776,12108,4114,16,9
2021-06-01T23:59:59+02:00,16,15,5729,5257,11485,11022,14508,14922,19634,20735,25160,26435,19653,22445,14494,18226,4170,7253,1376,1305,2563,2853,3221,4129,3978,5794,6130,6892,7748,8640,10845,13890,3879,6699,157963,66628,25004,8295,54748,11589,3428,16,7
2021-05-31T23:59:59+02:00,14,15,5480,4956,11039,10597,13979,14426,19154,20237,24854,26095,19559,22360,14455,18180,4161,7237,1316,1251,2410,2721,3019,3959,3698,5503,5574,6360,6744,7374,10603,13569,3870,6665,154484,62594,24310,7410,54744,11386,3244,16,7
2021-05-30T23:59:59+02:00,14,15,5400,4879,10856,10472,13815,14247,18807,19917,24611,25848,19528,22330,14447,18160,4160,7235,1295,1237,2385,2691,2972,3913,3630,5447,5471,6271,6573,7144,10566,13495,3868,6655,152989,61862,23808,7349,54717,11189,3211,16,7
2021-05-29T23:59:59+02:00,14,15,5398,4879,10856,10468,13811,14244,18807,19916,24610,25846,19528,22330,14447,18160,4160,7235,1294,1234,2384,2690,2970,3910,3630,5445,5470,6269,6568,7140,10566,13495,3868,6655,152973,61852,23808,7346,54716,11177,3211,16,7
2021-05-28T23:59:59+02:00,14,15,5382,4866,10834,10432,13785,14225,18790,19899,24602,25837,19527,22329,14445,18157,4160,7234,1289,1234,2384,2684,2969,3908,3624,5439,5456,6253,6552,7123,10557,13473,3867,6651,152788,61748,23806,7346,54714,11158,3209,16,7
2021-05-27T23:59:59+02:00,11,14,5089,4583,10316,9979,13199,13693,18100,19286,24021,25299,19428,22216,14412,18111,4149,7221,1120,1094,2102,2494,2669,3619,3328,5082,5126,5974,6253,6707,10329,13190,3862,6636,149534,59901,22811,7310,54608,10214,2158,16,6
2021-05-26T23:59:59+02:00,11,14,4824,4322,9878,9597,12678,13172,17487,18677,23387,24621,19304,22067,14366,18056,4143,7204,1040,1012,1943,2341,2469,3422,3066,4837,4737,5624,5697,6058,9961,12659,3846,6600,145420,56762,22056,7273,54486,9444,1831,15,6
2021-05-25T23:59:59+02:00,11,13,4609,4092,9463,9121,12216,12666,16950,18098,22865,23981,19172,21894,14335,17977,4134,7190,989,967,1881,2250,2358,3286,2894,4634,4392,5249,5119,5324,9513,12058,3830,6575,141363,53211,21225,7258,54355,9019,1829,15,6
2021-05-24T23:59:59+02:00,11,13,4495,3933,9251,8917,12012,12406,16649,17776,22536,23583,19096,21815,14320,17957,4132,7189,973,919,1821,2208,2285,3225,2808,4553,4271,5133,4974,5165,9422,11931,3828,6567,139860,52505,20264,7205,54177,8596,1775,15,6
2021-05-23T23:59:59+02:00,11,13,4484,3932,9245,8913,12000,12396,16638,17769,22520,23562,19090,21810,14319,17955,4132,7189,972,915,1819,2204,2282,3223,2802,4549,4264,5117,4966,5151,9415,11918,3827,6566,139751,52430,20261,7192,54176,8591,1775,15,6
2021-05-22T23:59:59+02:00,11,13,4479,3929,9242,8910,11992,12390,16635,17765,22518,23560,19090,21810,14319,17955,4132,7189,972,915,1818,2203,2280,3223,2801,4549,4264,5115,4964,5150,9414,11918,3827,6566,139724,52424,20261,7192,54164,8586,1775,15,6
2021-05-21T23:59:59+02:00,11,13,4446,3890,9174,8835,11919,12301,16544,17690,22454,23492,19070,21792,14315,17948,4132,7187,927,905,1785,2191,2249,3214,2770,4524,4216,5087,4939,5127,9402,11911,3826,6565,139067,52359,20261,7192,54145,8360,1725,15,6
2021-05-20T23:59:59+02:00,8,12,4189,3706,8729,8481,11436,11884,15874,17187,21871,22912,18885,21625,14284,17908,4127,7176,780,840,1528,2031,2005,3058,2528,4305,3966,4855,4782,4964,9287,11767,3818,6540,135663,51627,19886,7094,53730,7331,1000,15,6
2021-05-19T23:59:59+02:00,8,12,3942,3461,8231,8013,10855,11335,15201,16483,21192,22187,18684,21394,14243,17858,4121,7159,728,794,1468,1950,1928,2955,2462,4180,3824,4697,4607,4752,9084,11539,3798,6511,130247,50545,19703,6961,53432,6787,982,15,6
2021-05-18T23:59:59+02:00,7,11,3654,3194,7682,7473,10124,10635,14241,15547,20245,21130,18425,21111,14188,17798,4115,7137,674,746,1414,1864,1853,2845,2334,4040,3648,4494,4338,4459,8882,11290,3785,6484,123193,49316,19609,6761,52990,6161,910,15,6
2021-05-17T23:59:59+02:00,7,11,3463,2983,7220,7005,9616,10095,13510,14756,19558,20328,18239,20849,14141,17733,4105,7123,615,691,1333,1801,1779,2763,2225,3966,3511,4381,4090,4228,8739,11078,3772,6455,117941,48517,19368,6547,52524,5467,894,15,6
2021-05-16T23:59:59+02:00,7,10,3334,2909,7012,6827,9412,9880,13256,14521,19330,20099,18161,20770,14127,17714,4104,7117,602,646,1294,1752,1734,2702,2188,3873,3447,4298,3999,4127,8719,11053,3770,6453,116316,48374,19126,6380,52243,5011,890,15,6
2021-05-15T23:59:59+02:00,7,10,3333,2906,7006,6820,9410,9874,13252,14519,19327,20090,18159,20769,14127,17714,4104,7117,602,646,1292,1752,1732,2702,2186,3873,3446,4298,3997,4125,8719,11053,3770,6453,116273,48368,19126,6379,52241,5008,889,15,6
2021-05-14T23:59:59+02:00,7,10,3292,2862,6893,6678,9281,9737,13103,14337,19155,19955,18135,20744,14126,17706,4103,7114,580,634,1270,1733,1704,2681,2152,3847,3402,4260,3947,4071,8712,11046,3770,6452,115869,48329,18378,6229,52159,4883,818,14,6
2021-05-13T23:59:59+02:00,7,10,3168,2697,6567,6358,8843,9339,12557,13856,18550,19358,18005,20600,14093,17670,4098,7112,544,609,1215,1679,1646,2608,2064,3740,3252,4141,3843,3935,8691,11026,3767,6448,112992,48234,17681,5842,51551,4477,651,13,6
2021-05-12T23:59:59+02:00,7,10,3141,2665,6534,6320,8796,9285,12418,13743,18365,19154,17972,20566,14085,17660,4098,7112,543,607,1214,1677,1641,2605,2056,3734,3238,4133,3830,3922,8683,11020,3767,6447,112280,48209,17454,5815,51533,4438,651,13,6
2021-05-11T23:59:59+02:00,5,10,2749,2409,5732,5819,7827,8472,11026,12581,16795,17679,17466,20004,14003,17555,4080,7089,506,549,1086,1570,1477,2448,1869,3555,3017,3872,3723,3809,8614,10928,3763,6442,104877,47979,16833,5619,49456,3503,123,12,6
2021-05-10T23:59:59+02:00,5,8,2561,2240,5257,5438,7130,7846,9992,11664,15500,16307,17088,19554,13940,17441,4073,7065,479,523,1043,1531,1433,2397,1809,3453,2898,3741,3641,3736,8575,10881,3759,6438,99059,47864,15926,5390,47990,2958,122,12,5
2021-05-09T23:59:59+02:00,5,8,2477,2210,5119,5354,6943,7727,9584,11325,14954,15780,16970,19415,13920,17413,4070,7060,463,505,1010,1475,1362,2313,1751,3331,2787,3587,3556,3644,8552,10849,3756,6435,97484,47779,15342,5121,47376,2353,120,12,5
2021-05-08T23:59:59+02:00,5,8,2473,2209,5118,5354,6943,7725,9580,11322,14953,15779,16970,19415,13920,17413,4070,7060,462,504,1010,1475,1362,2312,1751,3331,2786,3586,3554,3644,8552,10849,3756,6435,97470,47775,15341,5121,47374,2350,120,12,5
2021-05-07T23:59:59+02:00,5,8,2301,2147,4845,5260,6581,7571,9131,11107,14510,15459,16793,19213,13908,17384,4070,7058,450,502,999,1464,1347,2297,1716,3321,2736,3551,3509,3604,8474,10768,3756,6432,96763,47752,14821,4775,45639,2280,116,12,5
2021-05-06T23:59:59+02:00,5,8,2064,2013,4293,4910,5928,7195,8364,10549,13533,14637,16397,18763,13859,17290,4058,7045,420,454,958,1364,1260,2135,1610,3097,2514,3268,3331,3404,8296,10577,3747,6419,94189,47312,13581,4170,43083,1322,47,11,5
2021-05-05T23:59:59+02:00,5,8,1939,1900,4006,4686,5495,6824,7673,9962,12415,13579,15721,17928,13756,17188,4049,7021,411,442,945,1337,1230,2091,1575,3021,2454,3184,3281,3364,8218,10480,3741,6409,89775,47181,12256,4024,42081,943,32,11,5
2021-05-04T23:59:59+02:00,5,8,1853,1815,3738,4450,5085,6465,7012,9388,11197,12335,14803,16801,13646,17051,4045,7007,406,433,926,1318,1211,2048,1557,2984,2409,3129,3238,3317,8129,10369,3735,6395,83964,47044,11618,3826,41094,713,18,10,5
2021-05-03T23:59:59+02:00,4,8,1800,1763,3588,4325,4852,6252,6628,9056,10469,11599,14080,15823,13560,16935,4036,6990,400,423,923,1305,1197,2014,1537,2943,2376,3083,3185,3277,8016,10267,3730,6389,79535,46918,11413,3605,40795,523,16,9,5
2021-05-02T23:59:59+02:00,4,8,1790,1744,3514,4300,4769,6199,6558,8995,10353,11485,13893,15629,13528,16908,4035,6985,398,415,917,1290,1194,1997,1534,2930,2360,3066,3170,3260,7980,10235,3729,6385,78978,46899,11136,3508,40562,438,12,9,5
2021-05-01T23:59:59+02:00,4,8,1787,1744,3513,4299,4769,6198,6555,8994,10348,11481,13890,15629,13527,16907,4035,6982,397,415,917,1290,1194,1996,1534,2930,2360,3066,3170,3260,7980,10235,3729,6384,78952,46896,11136,3508,40561,438,12,9,5
2021-04-30T23:59:59+02:00,4,8,1785,1738,3507,4289,4762,6185,6534,8979,10310,11443,13839,15555,13501,16876,4034,6981,397,413,916,1288,1194,1996,1534,2930,2358,3065,3170,3258,7979,10233,3729,6384,78624,46889,11136,3507,40551,434,11,8,5
2021-04-29T23:59:59+02:00,4,7,1657,1696,3265,4174,4485,6035,6220,8727,9896,11053,13260,14852,13397,16722,4028,6973,389,402,907,1267,1174,1962,1509,2893,2328,3017,3155,3246,7966,10215,3727,6380,75847,46772,10750,3506,39838,246,10,6,5
2021-04-28T23:59:59+02:00,4,7,1529,1649,3089,4074,4248,5857,5860,8455,9308,10563,12384,13670,13241,16513,4019,6959,380,392,891,1255,1158,1933,1473,2849,2258,2948,3003,3114,7854,10099,3720,6369,71353,46358,10562,3095,39500,232,8,6,5
2021-04-27T23:59:59+02:00,4,7,1489,1604,2980,3956,4044,5714,5553,8196,8688,9892,11345,12364,13012,16157,4008,6937,368,377,882,1234,1143,1898,1446,2777,2212,2887,2964,3071,7827,10069,3714,6365,66547,46148,10374,2923,39015,152,8,6,5
2021-04-26T23:59:59+02:00,4,7,1462,1571,2867,3879,3871,5570,5242,7982,8199,9451,10590,11438,12868,15953,3997,6919,367,372,872,1223,1127,1887,1416,2757,2185,2857,2915,3021,7781,10020,3708,6360,63136,46051,10184,2675,38536,131,8,6,5
2021-04-25T23:59:59+02:00,4,7,1451,1565,2800,3849,3776,5510,5107,7935,8003,9345,10394,11203,12831,15899,3996,6914,366,367,863,1216,1109,1873,1401,2738,2163,2830,2873,2988,7732,9972,3707,6355,62632,45972,9981,2465,37962,105,8,6,5
2021-04-24T23:59:59+02:00,4,7,1450,1565,2800,3848,3776,5509,5105,7933,7999,9341,10388,11200,12831,15899,3996,6914,366,367,863,1216,1109,1871,1399,2737,2162,2830,2873,2988,7732,9972,3707,6355,62609,45968,9981,2464,37961,104,8,6,5
2021-04-23T23:59:59+02:00,4,7,1434,1555,2732,3814,3694,5479,4987,7885,7865,9281,10302,11090,12807,15858,3994,6910,365,367,862,1213,1109,1871,1398,2737,2162,2830,2873,2988,7731,9972,3707,6355,62479,45963,9701,2463,37504,103,8,6,5
2021-04-22T23:59:59+02:00,4,7,1391,1526,2625,3747,3535,5375,4756,7731,7513,9045,9733,10398,12541,15559,3988,6887,358,366,853,1202,1098,1859,1383,2710,2134,2808,2829,2939,7640,9865,3696,6339,60862,45558,9042,2421,36443,89,8,6,5
2021-04-21T23:59:59+02:00,4,7,1357,1488,2543,3669,3417,5272,4539,7550,7104,8718,8847,9367,12130,14980,3975,6846,354,364,848,1185,1089,1838,1365,2680,2104,2780,2770,2882,7526,9701,3679,6311,58140,45079,8173,2297,35486,89,8,6,5
2021-04-20T23:59:59+02:00,4,7,1334,1462,2473,3594,3315,5174,4364,7368,6718,8388,7955,8239,11668,14389,3961,6832,349,359,836,1172,1080,1816,1341,2657,2071,2737,2709,2825,7378,9518,3649,6258,55284,44369,7408,2292,34541,84,7,5,5
2021-04-19T23:59:59+02:00,4,7,1318,1447,2435,3556,3254,5107,4258,7266,6478,8156,7323,7465,11416,14034,3951,6814,347,357,832,1162,1074,1804,1318,2644,2037,2712,2655,2781,7263,9354,3626,6219,53341,43815,7036,2279,33900,81,7,5,5
2021-04-18T23:59:59+02:00,4,6,1309,1435,2403,3530,3215,5086,4205,7209,6344,8027,6970,7076,11322,13930,3948,6802,347,356,830,1158,1073,1797,1316,2631,2031,2707,2649,2768,7237,9322,3624,6216,52827,43694,6576,2277,33406,81,7,5,5
2021-04-17T23:59:59+02:00,4,6,1308,1433,2403,3529,3214,5082,4200,7206,6337,8017,6956,7066,11320,13928,3948,6802,347,356,829,1157,1073,1797,1314,2630,2030,2705,2646,2766,7236,9322,3624,6216,52805,43681,6574,2276,33368,81,7,5,5
2021-04-16T23:59:59+02:00,4,6,1305,1432,2393,3522,3206,5074,4179,7188,6286,7984,6880,6981,11308,13914,3946,6800,347,355,826,1155,1071,1797,1311,2629,2027,2705,2645,2759,7233,9320,3623,6216,52747,43658,6338,2271,33311,80,7,5,5
2021-04-15T23:59:59+02:00,2,4,1268,1411,2338,3473,3110,5015,4019,7060,6029,7752,6336,6423,11060,13625,3932,6768,339,353,807,1134,1032,1738,1266,2557,1953,2610,2567,2690,7145,9233,3613,6199,51660,43069,5950,2085,32003,74,7,5,3
2021-04-14T23:59:59+02:00,2,4,1246,1398,2303,3445,3041,4953,3912,6954,5838,7543,5693,5720,10671,13140,3900,6717,331,350,795,1125,1015,1713,1236,2516,1902,2560,2490,2621,6997,9038,3594,6173,50257,42410,5743,1965,30469,74,6,5,3
2021-04-13T23:59:59+02:00,2,4,1232,1388,2271,3415,2985,4890,3802,6872,5590,7321,5160,5174,10330,12727,3877,6689,310,336,777,1097,992,1693,1211,2481,1866,2519,2424,2555,6879,8902,3558,6112,49241,41726,5538,1908,28939,71,6,5,3
2021-04-12T23:59:59+02:00,2,4,1216,1382,2245,3392,2935,4845,3676,6792,5380,7171,4833,4879,10081,12446,3868,6666,294,332,763,1093,975,1677,1197,2458,1816,2472,2347,2497,6765,8761,3543,6090,48778,41151,5340,1860,27686,64,4,5,3
2021-04-11T23:59:59+02:00,2,4,1209,1369,2226,3373,2902,4825,3614,6721,5235,7062,4602,4680,9896,12248,3863,6655,287,330,758,1085,965,1663,1186,2430,1794,2442,2293,2438,6682,8653,3529,6070,48695,40736,5104,1802,26679,63,3,5,3
2021-04-10T23:59:59+02:00,2,4,1209,1368,2223,3369,2900,4821,3608,6718,5225,7050,4597,4671,9888,12235,3863,6654,284,326,743,1078,952,1658,1163,2410,1724,2390,2210,2352,6625,8606,3528,6066,48640,40570,5103,1481,26654,60,3,5,3
2021-04-09T23:59:59+02:00,2,4,1206,1365,2216,3367,2892,4812,3599,6707,5195,7026,4573,4645,9863,12205,3862,6654,275,323,723,1068,937,1637,1130,2363,1633,2315,1992,2083,6471,8449,3506,6033,48567,39719,5098,1155,26520,60,3,5,3
2021-04-08T23:59:59+02:00,2,4,1181,1345,2161,3311,2808,4722,3459,6577,4959,6793,4185,4237,9322,11634,3844,6601,250,303,671,1007,879,1565,1057,2266,1499,2195,1717,1748,6011,7892,3419,5890,48111,37164,4572,1152,24454,49,3,5,3
2021-04-07T23:59:59+02:00,2,4,1171,1331,2129,3294,2766,4684,3370,6515,4795,6658,3892,3937,8761,11084,3827,6570,216,273,611,953,819,1494,998,2205,1394,2096,1577,1573,5414,7197,3329,5738,47905,34689,4099,1147,22779,48,2,5,3
2021-04-06T23:59:59+02:00,2,4,1150,1314,2086,3269,2727,4652,3305,6468,4668,6566,3641,3683,8272,10574,3811,6540,209,267,583,934,794,1445,954,2148,1311,2009,1433,1386,4839,6408,3219,5533,47710,32285,3563,1139,21452,45,2,5,3
2021-04-05T23:59:59+02:00,2,4,1147,1309,2082,3266,2717,4650,3291,6454,4646,6548,3609,3656,8244,10537,3807,6538,206,254,576,918,775,1421,938,2112,1271,1969,1386,1323,4626,6138,3171,5478,47624,31377,3557,1137,21319,45,2,5,3
2021-04-04T23:59:59+02:00,2,4,1147,1309,2082,3265,2717,4649,3291,6454,4645,6547,3605,3654,8242,10535,3807,6538,206,254,575,918,775,1421,938,2112,1271,1968,1386,1323,4625,6138,3171,5478,47618,31374,3557,1137,21311,45,2,5,3
2021-04-03T23:59:59+02:00,2,4,1147,1309,2081,3265,2717,4649,3291,6454,4645,6547,3604,3652,8242,10533,3807,6538,206,254,575,918,775,1421,938,2112,1271,1968,1386,1323,4625,6138,3171,5478,47616,31374,3556,1137,21308,45,2,5,3
2021-04-02T23:59:59+02:00,2,4,1147,1309,2081,3263,2717,4648,3291,6451,4645,6545,3602,3648,8240,10532,3807,6538,206,254,575,918,775,1419,938,2112,1271,1967,1386,1321,4623,6137,3170,5478,47600,31366,3556,1136,21307,45,2,5,3
2021-04-01T23:59:59+02:00,1,4,1134,1272,2016,3141,2609,4449,3143,6202,4488,6306,3558,3612,8142,10427,3797,6522,201,245,571,910,764,1413,928,2098,1248,1951,1365,1294,4384,5818,3052,5313,47234,30382,3551,1132,20031,38,2,5,3
2021-03-31T23:59:59+02:00,1,4,1116,1240,1977,3040,2533,4306,3053,5989,4359,6077,3476,3531,7991,10229,3778,6488,193,242,564,898,760,1395,916,2078,1207,1917,1309,1231,3899,5224,2925,5080,46634,28668,3424,1132,19123,37,2,5,1
2021-03-30T23:59:59+02:00,1,3,1094,1206,1928,2859,2431,4080,2902,5631,4157,5689,3383,3437,7827,10025,3752,6437,189,237,556,887,749,1373,893,2058,1159,1872,1225,1148,3378,4515,2703,4748,46001,26528,3262,1132,17572,29,2,5,1
2021-03-29T23:59:59+02:00,1,3,1078,1162,1867,2723,2347,3921,2764,5377,3995,5416,3286,3338,7667,9797,3723,6390,188,233,550,876,739,1359,876,2034,1124,1844,1151,1062,2800,3838,2524,4454,45360,24505,3035,1128,16454,19,1,5,1
2021-03-28T23:59:59+02:00,1,3,1059,1129,1795,2558,2263,3715,2643,5077,3843,5139,3221,3273,7602,9732,3719,6384,188,233,548,873,738,1357,874,2028,1121,1842,1142,1050,2745,3770,2511,4427,45253,24308,2824,1125,15073,14,1,5,1
2021-03-27T23:59:59+01:00,1,3,1059,1129,1795,2557,2262,3714,2640,5077,3840,5139,3217,3273,7601,9732,3719,6384,188,233,547,873,738,1357,873,2028,1118,1842,1142,1050,2745,3770,2511,4427,45244,24303,2824,1125,15068,14,1,5,1
2021-03-26T23:59:59+01:00,1,3,1055,1107,1752,2442,2198,3556,2578,4866,3754,4915,3196,3256,7598,9727,3718,6383,188,232,546,873,737,1357,873,2028,1118,1839,1138,1049,2742,3762,2510,4424,45218,24279,2821,1125,14060,12,1,5,1
2021-03-25T23:59:59+01:00,1,3,1029,1075,1701,2339,2114,3388,2472,4638,3643,4718,3095,3166,7471,9596,3711,6369,186,229,541,872,730,1347,867,2011,1103,1815,1092,1005,2516,3416,2313,4132,44963,23038,2489,1125,13072,12,1,4,1
2021-03-24T23:59:59+01:00,1,3,1007,1056,1681,2297,2083,3338,2437,4571,3599,4649,3008,3097,7343,9425,3694,6350,186,225,535,868,723,1337,856,1996,1084,1794,1052,963,2132,2873,1924,3622,44428,21035,2360,1123,12846,12,1,4,1
2021-03-23T23:59:59+01:00,1,3,997,1050,1663,2265,2060,3304,2401,4528,3559,4598,2941,3024,7250,9324,3676,6322,184,222,531,863,716,1325,842,1977,1047,1764,971,873,1771,2384,1582,3159,43916,19110,2350,1089,12696,12,1,3,1
2021-03-22T23:59:59+01:00,1,3,994,1042,1648,2249,2046,3286,2379,4500,3522,4557,2896,2990,7188,9254,3661,6305,181,219,530,852,700,1302,828,1963,1018,1737,925,802,1304,1811,1236,2679,43580,17040,2330,1035,12607,12,1,3,1
2021-03-21T23:59:59+01:00,1,3,994,1042,1647,2246,2046,3285,2375,4496,3511,4550,2883,2981,7140,9198,3655,6299,181,216,529,850,699,1298,826,1959,1007,1732,902,783,1228,1726,1183,2610,43435,16739,2327,978,12586,12,1,3,1
2021-03-20T23:59:59+01:00,1,3,993,1041,1646,2245,2046,3285,2375,4496,3509,4548,2883,2980,7140,9197,3655,6299,181,216,529,850,699,1298,826,1959,995,1719,867,755,1197,1703,1175,2608,43434,16737,2323,828,12581,12,1,3,1
2021-03-19T23:59:59+01:00,1,3,992,1033,1639,2233,2035,3281,2373,4490,3502,4541,2873,2969,7127,9179,3654,6296,181,215,528,850,699,1296,826,1958,988,1714,823,718,1140,1653,1165,2598,43371,16695,2318,645,12528,12,1,3,1
2021-03-18T23:59:59+01:00,1,3,953,1001,1565,2122,1912,3114,2225,4244,3275,4290,2721,2811,6825,8814,3588,6197,180,214,523,845,692,1289,817,1947,966,1698,805,696,1065,1547,1025,2399,41978,16128,2009,568,11670,12,1,3,1
2021-03-17T23:59:59+01:00,1,3,899,968,1494,2065,1849,3048,2160,4182,3180,4194,2586,2678,6400,8323,3524,6083,179,212,520,840,690,1285,813,1942,961,1691,776,677,930,1394,869,2187,40212,15387,2006,567,11415,12,1,3,1
2021-03-16T23:59:59+01:00,1,3,874,945,1461,2026,1810,2999,2107,4127,3086,4096,2452,2519,5930,7677,3436,5933,173,209,515,839,686,1278,808,1933,954,1678,771,664,843,1268,727,2024,38229,14789,1947,567,11302,12,1,3,1
2021-03-15T23:59:59+01:00,1,3,857,938,1443,2004,1772,2944,2069,4055,2986,3987,2320,2349,5448,7135,3364,5820,172,208,515,832,684,1269,804,1923,944,1662,760,654,773,1157,579,1827,36465,14221,1851,529,11176,12,0,3,1
2021-03-14T23:59:59+01:00,1,3,852,924,1418,1975,1748,2915,2038,3995,2924,3921,2142,2155,5262,6909,3332,5789,172,208,514,829,682,1258,803,1916,941,1652,742,645,757,1138,555,1772,35443,14076,1753,504,11104,3,0,3,1
2021-03-13T23:59:59+01:00,1,3,844,917,1397,1964,1732,2902,2013,3967,2852,3873,2073,2081,5215,6856,3330,5788,172,208,514,828,682,1258,803,1916,941,1652,740,645,757,1135,555,1772,35193,14070,1514,504,11098,3,0,3,1
2021-03-12T23:59:59+01:00,1,3,820,902,1353,1907,1670,2803,1916,3815,2696,3706,1876,1844,5031,6634,3300,5745,172,208,513,828,682,1258,802,1916,941,1651,732,642,744,1120,548,1769,33869,14019,1275,503,10875,3,0,3,1
2021-03-11T23:59:59+01:00,1,3,785,843,1284,1824,1587,2656,1832,3614,2533,3534,1613,1535,4665,6165,3167,5563,163,202,507,819,672,1249,787,1880,920,1611,604,581,675,1079,528,1738,31760,13519,1180,493,10261,2,0,3,1
2021-03-10T23:59:59+01:00,1,3,769,792,1261,1766,1554,2597,1782,3543,2452,3445,1542,1446,4197,5627,3049,5313,163,200,498,797,654,1236,779,1860,913,1595,535,566,642,1070,521,1732,29953,13369,1173,389,10010,2,0,3,1
2021-03-09T23:59:59+01:00,1,3,757,769,1241,1735,1526,2551,1742,3492,2379,3393,1450,1349,3637,4879,2865,5008,161,198,493,776,644,1212,765,1828,901,1567,531,564,640,1065,518,1726,27793,13309,1170,277,9811,2,0,3,1
2021-03-08T23:59:59+01:00,0,3,753,741,1228,1716,1509,2531,1716,3456,2340,3350,1358,1249,2969,4051,2629,4638,157,195,479,752,622,1179,746,1778,877,1530,527,562,640,1064,518,1726,25344,13301,1170,50,9720,0,0,3,1
2021-03-07T23:59:59+01:00,0,3,750,737,1220,1707,1501,2517,1706,3448,2329,3342,1345,1233,2867,3931,2606,4588,157,195,479,752,622,1179,746,1778,877,1530,527,562,640,1064,518,1726,24992,13301,1168,50,9667,0,0,3,1
2021-03-06T23:59:59+01:00,0,3,749,737,1219,1704,1498,2514,1702,3445,2325,3341,1342,1233,2867,3931,2606,4588,156,195,479,752,622,1179,746,1778,877,1530,527,562,640,1064,518,1726,24987,13300,1168,50,9646,0,0,3,1
2021-03-05T23:59:59+01:00,0,3,684,711,1193,1690,1477,2505,1677,3430,2296,3332,1337,1230,2859,3923,2603,4583,156,195,479,751,622,1178,746,1778,877,1528,526,562,640,1064,518,1726,24957,13295,1164,50,9409,0,0,3,1
2021-03-04T23:59:59+01:00,0,3,618,662,1126,1621,1420,2423,1636,3351,2222,3255,1287,1182,2643,3559,2420,4296,154,190,476,737,611,1166,735,1750,868,1515,516,551,628,1054,513,1717,23740,13131,1157,49,8824,0,0,3,1
2021-03-03T23:59:59+01:00,0,3,582,623,1058,1557,1323,2341,1536,3265,2097,3171,1243,1137,2276,3039,2067,3852,154,190,474,734,611,1166,734,1748,866,1514,514,550,626,1051,513,1715,21885,13111,1156,48,8128,0,0,1,1
2021-03-02T23:59:59+01:00,0,3,564,590,1020,1511,1267,2298,1479,3213,2001,3110,1160,1037,1910,2559,1679,3329,152,188,469,728,606,1155,724,1738,861,1494,505,541,615,1030,494,1685,19820,12936,1153,48,7756,0,0,1,1
2021-03-01T23:59:59+01:00,0,3,557,542,1002,1472,1221,2237,1433,3148,1946,3037,1116,963,1419,1964,1304,2793,150,188,469,728,606,1154,724,1735,860,1494,503,541,612,1021,490,1674,17558,12900,1150,48,7448,0,0,1,1
2021-02-28T23:59:59+01:00,0,3,550,529,985,1433,1195,2175,1405,3090,1891,2964,1095,941,1305,1823,1231,2704,150,188,468,727,606,1154,723,1733,859,1493,501,541,612,1021,490,1674,17079,12891,1148,48,7091,0,0,1,1
2021-02-27T23:59:59+01:00,0,3,550,527,984,1433,1195,2174,1405,3089,1891,2963,1095,941,1305,1822,1230,2704,150,188,467,726,603,1152,721,1731,857,1492,501,541,612,1021,490,1674,17077,12891,1148,34,7085,0,0,1,1
2021-02-26T23:59:59+01:00,0,3,400,476,853,1389,1111,2131,1338,3048,1832,2921,1090,934,1302,1821,1230,2703,150,188,467,726,603,1152,721,1730,857,1491,501,541,612,1021,490,1674,17067,12890,1148,33,6366,0,0,1,1
2021-02-25T23:59:59+01:00,0,3,308,422,758,1295,1027,2042,1239,2874,1693,2759,1052,902,1221,1697,1117,2515,143,178,455,713,587,1127,714,1705,837,1467,489,527,584,990,476,1655,16479,12623,1148,23,5296,0,0,1,1
2021-02-24T23:59:59+01:00,0,2,259,377,686,1220,953,1954,1185,2756,1628,2641,1025,882,1098,1552,961,2302,141,178,452,710,583,1126,713,1700,836,1463,484,522,576,985,473,1643,15774,12564,1146,20,4560,0,0,1,1
2021-02-23T23:59:59+01:00,0,2,247,356,664,1162,925,1875,1137,2644,1553,2533,1000,854,1021,1424,824,2144,141,177,452,708,583,1126,713,1697,834,1462,483,520,574,984,473,1642,15225,12553,1115,15,4024,0,0,1,1
2021-02-22T23:59:59+01:00,0,0,233,337,641,1132,893,1792,1087,2552,1469,2410,955,825,903,1281,643,1892,141,177,451,707,581,1125,711,1697,828,1460,482,519,573,982,472,1640,14484,12541,1046,4,3514,0,0,1,1
2021-02-21T23:59:59+01:00,0,0,227,326,606,1066,843,1686,1044,2451,1390,2303,938,804,872,1230,591,1828,141,176,448,700,580,1121,711,1692,828,1459,481,519,572,982,471,1639,14278,12515,1006,4,2920,0,0,1,1
2021-02-20T23:59:59+01:00,0,0,227,323,603,1065,841,1681,1041,2446,1377,2286,902,775,841,1207,583,1826,141,176,448,700,580,1121,711,1692,828,1459,481,518,571,982,471,1639,14278,12514,852,4,2893,0,0,1,0
2021-02-19T23:59:59+01:00,0,0,217,315,593,1057,828,1666,1020,2429,1344,2243,659,673,704,1145,558,1809,141,176,448,699,580,1118,710,1690,825,1456,481,517,571,981,470,1639,13802,12499,672,3,2785,0,0,1,0
2021-02-18T23:59:59+01:00,0,0,200,265,554,936,744,1439,889,2170,1096,1868,579,605,666,1105,539,1792,136,176,435,687,565,1101,704,1664,809,1428,478,514,570,979,470,1639,13646,12352,576,3,1224,0,0,1,0
2021-02-17T23:59:59+01:00,0,0,195,227,534,887,708,1342,831,2003,1011,1736,557,585,666,1102,537,1789,129,174,424,677,557,1085,685,1633,796,1406,475,512,568,976,470,1638,13630,12202,576,3,503,0,0,1,0
2021-02-16T23:59:59+01:00,0,0,189,224,527,872,692,1311,812,1964,978,1696,545,580,660,1100,536,1787,124,169,410,671,546,1069,673,1615,787,1392,468,507,561,963,464,1611,13602,12028,576,2,294,0,0,1,0
2021-02-15T23:59:59+01:00,0,0,174,215,521,845,686,1277,798,1929,949,1649,544,577,658,1100,536,1787,121,168,403,661,536,1050,644,1588,773,1374,466,504,561,963,464,1611,13599,11885,537,2,108,0,0,1,0
2021-02-14T23:59:59+01:00,0,0,169,207,518,833,685,1268,795,1920,931,1640,543,576,658,1097,535,1787,114,165,392,650,519,1032,626,1574,766,1362,466,502,559,961,464,1611,13593,11761,535,2,33,0,0,1,0
2021-02-13T23:59:59+01:00,0,0,168,207,517,833,685,1268,795,1920,931,1640,543,576,658,1097,535,1787,114,165,391,649,519,1032,626,1574,766,1362,466,502,559,961,464,1611,13592,11759,535,2,32,0,0,1,0
2021-02-12T23:59:59+01:00,0,0,167,206,513,832,684,1265,791,1919,929,1637,542,576,658,1097,535,1787,110,163,388,643,515,1026,612,1559,762,1345,464,501,548,941,461,1586,13585,11622,534,2,18,0,0,1,0
2021-02-11T23:59:59+01:00,0,0,165,205,509,825,677,1261,789,1916,923,1635,537,570,651,1091,530,1781,90,127,359,572,469,947,561,1441,718,1251,439,456,507,887,420,1492,13534,10735,522,1,8,0,0,1,0
2021-02-10T23:59:59+01:00,0,0,162,203,499,808,661,1246,777,1889,908,1611,529,564,641,1079,525,1771,80,115,331,513,442,840,519,1266,644,1095,391,406,441,775,374,1337,13411,9568,460,1,1,0,0,1,0
2021-02-09T23:59:59+01:00,0,0,161,196,491,769,645,1207,757,1828,897,1569,517,552,635,1065,517,1755,75,99,312,447,407,756,479,1162,579,995,361,352,402,691,344,1224,13302,8685,258,0,0,0,0,1,0
2021-02-08T23:59:59+01:00,0,0,157,192,474,744,622,1172,737,1778,877,1525,511,551,633,1059,513,1742,62,73,267,378,359,620,419,933,506,816,304,297,339,543,289,1033,13235,7238,51,0,0,0,0,1,0
2021-02-07T23:59:59+01:00,0,0,157,191,473,743,620,1171,736,1770,875,1523,510,551,633,1059,513,1741,61,65,249,343,340,576,403,901,487,781,303,289,337,536,287,1030,13214,6988,51,0,0,0,0,1,0
2021-02-06T23:59:59+01:00,0,0,157,191,473,743,620,1171,736,1770,875,1523,510,551,633,1059,513,1741,61,65,249,343,340,576,403,900,485,779,303,288,336,534,286,1030,13214,6978,51,0,0,0,0,1,0
2021-02-05T23:59:59+01:00,0,0,157,191,473,743,620,1171,736,1770,875,1522,510,551,633,1059,513,1741,59,65,247,341,333,572,395,878,476,759,293,283,326,512,271,994,13213,6804,51,0,0,0,0,1,0
2021-02-04T23:59:59+01:00,0,0,151,186,469,735,613,1163,732,1756,869,1513,503,544,612,1034,504,1723,43,50,213,308,292,476,354,737,384,613,229,216,243,352,202,736,13056,5448,50,0,0,0,0,1,0
2021-02-03T23:59:59+01:00,0,0,149,186,463,729,605,1154,728,1744,860,1497,494,536,599,1021,497,1715,35,32,157,217,238,348,265,562,309,465,180,170,171,264,154,555,12927,4122,49,0,0,0,0,1,0
2021-02-02T23:59:59+01:00,0,0,149,183,461,728,605,1154,725,1738,853,1493,493,535,595,1018,496,1711,26,26,138,170,193,279,221,427,258,374,140,131,129,199,119,437,12887,3267,49,0,0,0,0,1,0
2021-02-01T23:59:59+01:00,0,0,147,183,460,727,600,1151,724,1730,851,1488,492,533,590,1015,495,1705,21,19,101,125,137,188,154,299,169,259,89,94,87,126,65,238,12841,2171,49,0,0,0,0,1,0
2021-01-31T23:59:59+01:00,0,0,147,183,460,724,597,1150,724,1726,851,1487,490,532,589,1013,495,1704,15,15,67,84,95,123,117,222,142,203,84,87,83,118,63,224,12823,1742,49,0,0,0,0,0,0
2021-01-30T23:59:59+01:00,0,0,147,183,459,724,595,1148,723,1725,851,1487,490,532,588,1013,495,1704,15,15,67,84,95,121,115,218,139,200,83,86,83,112,57,214,12822,1704,42,0,0,0,0,0,0
2021-01-29T23:59:59+01:00,0,0,147,183,459,722,594,1145,721,1723,849,1486,490,532,588,1013,495,1704,13,15,55,79,78,117,97,207,116,188,78,79,82,108,56,213,12817,1581,34,0,0,0,0,0,0
2021-01-28T23:59:59+01:00,0,0,140,179,446,705,577,1119,715,1696,826,1457,483,526,585,1010,492,1701,8,3,12,19,24,45,30,95,48,89,45,50,54,78,41,158,12631,799,26,0,0,0,0,0,0
2021-01-27T23:59:59+01:00,0,0,133,177,435,695,569,1110,699,1662,819,1434,480,524,581,1005,492,1696,4,1,4,11,10,23,13,40,23,31,12,17,24,31,18,48,12487,310,24,0,0,0,0,0,0
2021-01-26T23:59:59+01:00,0,0,127,173,421,682,556,1096,690,1639,808,1413,474,519,575,988,485,1662,4,1,4,10,7,21,11,37,17,28,12,15,23,30,18,47,12293,285,15,0,0,0,0,0,0
2021-01-25T23:59:59+01:00,0,0,124,171,412,670,545,1077,662,1611,790,1396,472,515,573,987,485,1662,3,1,3,9,7,16,6,28,12,22,9,6,13,19,9,29,12148,192,4,0,0,0,0,0,0
2021-01-24T23:59:59+01:00,0,0,117,168,402,660,531,1059,645,1598,777,1385,471,512,572,987,485,1662,2,0,1,6,7,4,4,7,5,9,1,2,11,12,6,16,12027,93,4,0,0,0,0,0,0
2021-01-23T23:59:59+01:00,0,0,117,168,402,659,531,1059,645,1598,777,1385,471,512,572,987,485,1662,1,0,1,6,7,4,4,7,5,9,1,2,11,12,6,16,12026,92,4,0,0,0,0,0,0
2021-01-22T23:59:59+01:00,0,0,113,166,395,653,528,1053,631,1583,771,1368,471,508,561,966,480,1636,1,0,1,6,7,4,4,7,5,9,1,2,11,12,6,16,11880,92,3,0,0,0,0,0,0
2021-01-21T23:59:59+01:00,0,0,101,158,380,635,505,1020,601,1533,748,1326,455,470,528,922,447,1571,1,0,1,6,7,4,4,7,5,9,1,2,11,12,6,16,11397,92,3,0,0,0,0,0,0
2021-01-20T23:59:59+01:00,0,0,82,116,346,546,461,880,543,1299,660,1139,397,411,445,787,388,1359,1,0,1,5,7,4,4,7,5,9,1,2,11,12,6,16,9856,91,3,0,0,0,0,0,0
2021-01-19T23:59:59+01:00,0,0,77,104,317,470,421,791,503,1185,608,1036,374,374,410,710,359,1269,1,0,1,3,7,4,4,7,5,9,1,0,8,8,5,15,9005,78,3,0,0,0,0,0,0
2021-01-18T23:59:59+01:00,0,0,63,74,272,383,366,641,429,953,515,839,308,307,345,562,306,1081,1,0,1,3,7,4,4,7,5,9,1,0,8,8,5,15,7442,78,2,0,0,0,0,0,0
2021-01-17T23:59:59+01:00,0,0,61,65,253,348,344,589,410,911,492,800,305,298,344,555,304,1073,0,0,0,0,0,0,0,0,0,0,0,0,0,0,0,0,7150,0,2,0,0,0,0,0,0
2021-01-16T23:59:59+01:00,0,0,61,65,253,348,344,589,410,910,490,798,305,297,342,551,303,1073,0,0,0,0,0,0,0,0,0,0,0,0,0,0,0,0,7137,0,2,0,0,0,0,0,0
2021-01-15T23:59:59+01:00,0,0,59,65,252,345,338,583,399,887,479,773,291,291,325,524,282,1035,0,0,0,0,0,0,0,0,0,0,0,0,0,0,0,0,6926,0,2,0,0,0,0,0,0
2021-01-14T23:59:59+01:00,0,0,45,52,238,322,314,508,365,762,392,627,228,219,242,353,206,752,0,0,0,0,0,0,0,0,0,0,0,0,0,0,0,0,5625,0,0,0,0,0,0,0,0
2021-01-13T23:59:59+01:00,0,0,39,42,213,266,273,409,300,612,321,502,177,176,174,269,164,588,0,0,0,0,0,0,0,0,0,0,0,0,0,0,0,0,4525,0,0,0,0,0,0,0,0
2021-01-12T23:59:59+01:00,0,0,35,40,208,251,259,377,277,533,290,456,141,135,135,206,127,458,0,0,0,0,0,0,0,0,0,0,0,0,0,0,0,0,3928,0,0,0,0,0,0,0,0
2021-01-11T23:59:59+01:00,0,0,29,36,197,230,240,325,229,444,240,382,110,106,101,133,75,291,0,0,0,0,0,0,0,0,0,0,0,0,0,0,0,0,3168,0,0,0,0,0,0,0,0
2021-01-10T23:59:59+01:00,0,0,27,31,159,168,197,250,191,348,198,305,98,99,98,128,73,277,0,0,0,0,0,0,0,0,0,0,0,0,0,0,0,0,2647,0,0,0,0,0,0,0,0
2021-01-09T23:59:59+01:00,0,0,27,31,152,164,195,242,187,341,196,300,98,99,98,128,73,277,0,0,0,0,0,0,0,0,0,0,0,0,0,0,0,0,2608,0,0,0,0,0,0,0,0
2021-01-08T23:59:59+01:00,0,0,24,28,121,141,174,229,162,312,168,279,93,89,97,124,72,276,0,0,0,0,0,0,0,0,0,0,0,0,0,0,0,0,2389,0,0,0,0,0,0,0,0
2021-01-07T23:59:59+01:00,0,0,9,3,16,24,32,55,37,104,61,112,48,51,60,84,46,187,0,0,0,0,0,0,0,0,0,0,0,0,0,0,0,0,929,0,0,0,0,0,0,0,0
2021-01-06T23:59:59+01:00,0,0,4,1,5,11,10,22,13,39,20,31,13,14,25,35,20,55,0,0,0,0,0,0,0,0,0,0,0,0,0,0,0,0,318,0,0,0,0,0,0,0,0
2021-01-05T23:59:59+01:00,0,0,3,1,4,9,9,18,10,31,15,26,10,14,22,30,19,49,0,0,0,0,0,0,0,0,0,0,0,0,0,0,0,0,270,0,0,0,0,0,0,0,0
2021-01-04T23:59:59+01:00,0,0,2,1,2,7,9,10,4,15,8,16,5,3,11,16,8,26,0,0,0,0,0,0,0,0,0,0,0,0,0,0,0,0,143,0,0,0,0,0,0,0,0
2021-01-03T23:59:59+01:00,0,0,2,0,1,6,8,4,4,7,5,9,1,2,11,12,7,16,0,0,0,0,0,0,0,0,0,0,0,0,0,0,0,0,95,0,0,0,0,0,0,0,0
2021-01-02T23:59:59+01:00,0,0,2,0,1,6,8,4,4,7,5,9,1,2,11,12,7,16,0,0,0,0,0,0,0,0,0,0,0,0,0,0,0,0,95,0,0,0,0,0,0,0,0
2021-01-01T23:59:59+01:00,0,0,1,0,1,6,8,4,4,7,5,9,1,2,11,12,7,16,0,0,0,0,0,0,0,0,0,0,0,0,0,0,0,0,94,0,0,0,0,0,0,0,0
2020-12-31T23:59:59+01:00,0,0,1,0,1,5,8,4,4,7,5,9,1,2,11,12,7,16,0,0,0,0,0,0,0,0,0,0,0,0,0,0,0,0,93,0,0,0,0,0,0,0,0
2020-12-30T23:59:59+01:00,0,0,1,0,1,5,8,4,4,7,5,9,1,2,11,12,7,16,0,0,0,0,0,0,0,0,0,0,0,0,0,0,0,0,93,0,0,0,0,0,0,0,0
2020-12-29T23:59:59+01:00,0,0,1,0,1,3,8,4,4,7,5,9,1,0,8,8,6,15,0,0,0,0,0,0,0,0,0,0,0,0,0,0,0,0,80,0,0,0,0,0,0,0,0
2020-12-28T23:59:59+01:00,0,0,1,0,1,3,8,4,4,7,5,9,1,0,8,8,6,15,0,0,0,0,0,0,0,0,0,0,0,0,0,0,0,0,80,0,0,0,0,0,0,0,0
2020-12-27T23:59:59+01:00,0,0,1,0,1,3,8,4,4,7,5,9,1,0,8,8,6,15,0,0,0,0,0,0,0,0,0,0,0,0,0,0,0,0,80,0,0,0,0,0,0,0,0
