Datum,<15_1_m,<15_1_w,15-24_1_m,15-24_1_w,25-34_1_m,25-34_1_w,35-44_1_m,35-44_1_w,45-54_1_m,45-54_1_w,55-64_1_m,55-64_1_w,65-74_1_m,65-74_1_w,75-84_1_m,75-84_1_w,>84_1_m,>84_1_w,<15_2_m,<15_2_w,15-24_2_m,15-24_2_w,25-34_2_m,25-34_2_w,35-44_2_m,35-44_2_w,45-54_2_m,45-54_2_w,55-64_2_m,55-64_2_w,65-74_2_m,65-74_2_w,75-84_2_m,75-84_2_w,>84_2_m,>84_2_w,bp_1,bp_2,mo_1,mo_2,az_1,az_2,ja,unb_1,unb_2
2021-12-03T23:59:59+01:00,4964,4763,21289,19523,26640,24691,27570,26887,30519,31026,32723,33692,22360,25652,15839,20026,4612,8128,2623,2524,18098,16748,23559,21579,24973,24262,28310,28699,31009,31800,21623,24673,15403,19323,4425,7740,274174,244676,33420,32215,55122,52271,18154,43,55
2021-12-02T23:59:59+01:00,4712,4513,21250,19487,26591,24631,27529,26844,30495,31002,32696,33662,22348,25638,15822,20013,4604,8121,2571,2450,17975,16657,23452,21484,24884,24183,28219,28628,30950,31750,21600,24646,15394,19306,4421,7731,273232,243616,33416,32205,55122,52271,18154,43,55
2021-12-01T23:59:59+01:00,4517,4317,21210,19433,26555,24562,27484,26796,30459,30944,32662,33621,22332,25609,15812,19994,4602,8111,2526,2401,17821,16501,23309,21343,24759,24072,28113,28548,30874,31667,21574,24623,15378,19288,4421,7725,272300,242284,33410,32180,55122,52270,18154,43,55
2021-11-30T23:59:59+01:00,4335,4140,21171,19392,26507,24494,27451,26747,30428,30913,32631,33581,22320,25594,15799,19973,4600,8102,2495,2377,17740,16420,23229,21245,24687,23999,28047,28489,30818,31620,21554,24591,15367,19274,4421,7722,271463,241442,33405,32175,55122,52269,18154,43,55
2021-11-29T23:59:59+01:00,4113,3963,21110,19347,26458,24415,27400,26695,30385,30862,32596,33532,22289,25550,15790,19947,4597,8091,2464,2350,17625,16313,23083,21111,24589,23930,27964,28410,30752,31560,21524,24552,15359,19246,4420,7713,270434,240342,33397,32145,55121,52269,18154,43,55
2021-11-28T23:59:59+01:00,3945,3810,21070,19317,26416,24360,27369,26654,30358,30835,32577,33497,22279,25529,15783,19931,4594,8084,2448,2332,17565,16253,23007,21065,24524,23883,27924,28364,30717,31521,21504,24530,15350,19240,4418,7711,269712,239734,33387,32144,55121,52269,18154,43,55
2021-11-27T23:59:59+01:00,3918,3790,21050,19304,26403,24347,27351,26640,30349,30824,32569,33491,22277,25523,15782,19929,4594,8084,2447,2332,17552,16249,22996,21056,24511,23873,27916,28359,30709,31513,21503,24530,15348,19238,4418,7711,269531,239641,33387,32144,55121,52269,18152,43,55
2021-11-26T23:59:59+01:00,3814,3701,21007,19278,26369,24305,27320,26611,30327,30800,32545,33474,22270,25510,15779,19925,4594,8082,2434,2310,17493,16218,22943,21026,24471,23827,27875,28338,30688,31499,21498,24524,15345,19234,4418,7711,269023,239243,33381,32134,55121,52268,18152,43,55
2021-11-25T23:59:59+01:00,3666,3559,20950,19200,26324,24216,27272,26544,30278,30747,32509,33421,22261,25484,15774,19909,4592,8077,2397,2275,17415,16157,22832,20958,24412,23774,27818,28285,30649,31462,21488,24506,15336,19223,4414,7709,268111,238531,33365,32105,55121,52267,18152,43,55
2021-11-24T23:59:59+01:00,3579,3468,20876,19135,26255,24125,27200,26466,30233,30686,32467,33370,22241,25452,15767,19888,4583,8064,2367,2248,17340,16068,22721,20862,24334,23712,27736,28224,30593,31403,21467,24482,15324,19214,4411,7706,267187,237664,33361,32078,55121,52263,18152,43,55
2021-11-23T23:59:59+01:00,3490,3383,20802,19070,26184,24056,27137,26403,30171,30628,32421,33319,22220,25423,15748,19855,4577,8038,2348,2230,17257,16014,22632,20783,24270,23644,27686,28177,30555,31377,21456,24459,15307,19196,4408,7694,266271,236955,33350,32071,55121,52263,18149,43,55
2021-11-22T23:59:59+01:00,3406,3301,20714,18995,26064,23941,27057,26301,30106,30544,32350,33251,22195,25387,15740,19826,4568,8027,2328,2212,17204,15949,22555,20730,24212,23587,27637,28123,30509,31336,21432,24433,15294,19182,4404,7690,265129,236299,33343,32055,55121,52262,18146,43,55
2021-11-21T23:59:59+01:00,3367,3251,20644,18940,25993,23863,26999,26237,30047,30480,32298,33193,22175,25359,15733,19807,4564,8020,2322,2205,17180,15935,22526,20712,24188,23569,27621,28113,30494,31321,21424,24427,15289,19175,4404,7684,264332,236080,33339,32048,55121,52262,18144,43,55
2021-11-20T23:59:59+01:00,3355,3239,20615,18906,25950,23834,26959,26214,30023,30456,32283,33176,22166,25352,15730,19803,4564,8018,2317,2202,17165,15930,22517,20703,24171,23558,27614,28102,30490,31318,21422,24426,15289,19173,4404,7684,264008,235978,33337,32047,55121,52262,18143,43,55
2021-11-19T23:59:59+01:00,3276,3164,20533,18825,25861,23755,26895,26160,29964,30405,32245,33135,22154,25328,15728,19797,4563,8015,2306,2194,17128,15897,22465,20671,24121,23531,27574,28073,30469,31307,21410,24421,15285,19169,4402,7683,263181,235613,33324,32037,55121,52258,18143,43,55
2021-11-18T23:59:59+01:00,3162,3067,20443,18703,25750,23626,26805,26047,29889,30318,32199,33066,22117,25283,15717,19778,4563,8006,2286,2160,17054,15820,22401,20605,24072,23473,27524,28041,30419,31270,21398,24406,15276,19151,4399,7668,261924,234966,33317,32006,55121,52253,18143,43,55
2021-11-17T23:59:59+01:00,3099,2995,20318,18581,25634,23480,26703,25938,29803,30254,32143,32996,22095,25243,15706,19757,4560,7999,2265,2132,16968,15763,22304,20534,24004,23395,27445,27987,30375,31233,21382,24388,15267,19135,4397,7663,260701,234203,33307,31988,55121,52250,18141,43,55
2021-11-16T23:59:59+01:00,3053,2938,20196,18488,25503,23347,26618,25841,29731,30171,32080,32924,22073,25211,15695,19738,4558,7987,2244,2116,16924,15738,22257,20493,23959,23363,27406,27940,30343,31201,21366,24374,15254,19125,4397,7660,259557,233734,33301,31984,55121,52248,18139,43,55
2021-11-15T23:59:59+01:00,3002,2898,19998,18336,25323,23190,26488,25714,29639,30064,31996,32845,22042,25178,15679,19716,4555,7979,2228,2107,16875,15717,22213,20461,23915,23333,27381,27912,30321,31182,21349,24355,15247,19111,4395,7656,258068,233358,33283,31961,55121,52248,18136,43,55
2021-11-14T23:59:59+01:00,2974,2862,19873,18238,25208,23066,26399,25641,29571,29987,31935,32781,22017,25148,15669,19701,4552,7973,2217,2093,16845,15676,22187,20430,23887,23315,27365,27891,30302,31165,21342,24352,15241,19100,4395,7654,257029,233063,33277,31958,55121,52247,18134,43,55
2021-11-13T23:59:59+01:00,2961,2845,19807,18190,25148,23026,26331,25604,29536,29962,31912,32762,22012,25143,15669,19699,4550,7972,2214,2092,16837,15671,22181,20423,23876,23311,27358,27888,30297,31162,21341,24351,15241,19099,4395,7654,256566,233004,33277,31954,55121,52247,18131,43,55
2021-11-12T23:59:59+01:00,2921,2805,19613,18056,24987,22899,26190,25482,29464,29881,31854,32723,22000,25121,15661,19693,4548,7972,2201,2081,16777,15644,22136,20388,23837,23282,27332,27870,30265,31148,21334,24340,15234,19094,4395,7652,255340,232644,33248,31941,55121,52243,18127,43,55
2021-11-11T23:59:59+01:00,2859,2739,19478,17936,24857,22761,26070,25370,29375,29787,31786,32674,21976,25097,15653,19683,4546,7966,2184,2061,16736,15592,22094,20335,23803,23255,27305,27837,30246,31112,21316,24330,15229,19083,4393,7646,254123,232216,33217,31926,55120,52241,18119,43,55
2021-11-10T23:59:59+01:00,2805,2674,19228,17732,24628,22564,25911,25219,29217,29674,31698,32574,21946,25067,15636,19663,4544,7956,2169,2037,16674,15516,22017,20278,23751,23207,27256,27800,30199,31074,21296,24309,15220,19066,4388,7640,252305,231587,33174,31911,55119,52240,18104,43,55
2021-11-09T23:59:59+01:00,2761,2632,19086,17587,24468,22444,25800,25104,29143,29598,31634,32505,21924,25036,15619,19646,4541,7941,2150,2022,16642,15480,21979,20253,23728,23179,27231,27770,30173,31032,21277,24291,15213,19049,4386,7635,251052,231191,33163,31907,55119,52236,18101,43,55
2021-11-08T23:59:59+01:00,2714,2592,18830,17366,24237,22224,25622,24963,28993,29469,31527,32416,21889,24982,15597,19622,4540,7933,2127,2001,16591,15432,21933,20213,23700,23138,27193,27742,30150,31006,21253,24277,15204,19035,4382,7631,249151,230744,33127,31891,55119,52233,18085,43,55
2021-11-07T23:59:59+01:00,2686,2560,18722,17257,24109,22110,25512,24870,28921,29395,31477,32356,21867,24961,15589,19618,4538,7930,2112,1987,16567,15416,21910,20186,23678,23124,27178,27724,30137,30994,21249,24271,15199,19027,4382,7629,248116,230508,33125,31891,55119,52232,18084,43,55
2021-11-06T23:59:59+01:00,2686,2557,18720,17254,24105,22110,25508,24867,28919,29392,31476,32354,21867,24961,15589,19618,4537,7930,2112,1986,16563,15414,21910,20184,23677,23124,27175,27721,30135,30994,21249,24270,15199,19027,4382,7629,248088,230491,33125,31889,55119,52232,18084,43,55
2021-11-05T23:59:59+01:00,2657,2518,18620,17172,24015,22013,25437,24799,28854,29338,31436,32322,21866,24954,15586,19611,4537,7929,2107,1980,16551,15397,21901,20171,23666,23117,27168,27707,30127,30986,21244,24265,15199,19026,4381,7628,247338,230372,33091,31884,55119,52228,18082,43,55
2021-11-04T23:59:59+01:00,2611,2481,18539,17080,23904,21916,25368,24742,28782,29291,31397,32283,21855,24942,15578,19601,4535,7924,2078,1956,16491,15348,21851,20125,23631,23087,27144,27677,30104,30964,21239,24256,15194,19016,4379,7627,246531,229966,33081,31868,55119,52214,18064,43,55
2021-11-03T23:59:59+01:00,2575,2455,18390,16949,23734,21775,25254,24644,28700,29229,31349,32226,21834,24929,15572,19595,4535,7922,2050,1933,16417,15279,21794,20058,23591,23046,27099,27641,30078,30934,21221,24232,15183,19005,4377,7621,245402,229382,33055,31853,55119,52212,18057,43,55
2021-11-02T23:59:59+01:00,2547,2432,18254,16865,23583,21668,25159,24578,28623,29173,31300,32191,21825,24909,15565,19586,4534,7913,2035,1913,16359,15242,21756,20011,23553,23006,27070,27616,30055,30911,21213,24219,15175,19002,4376,7618,244457,228970,33049,31847,55119,52212,18046,43,55
2021-11-01T23:59:59+01:00,2526,2412,18169,16792,23495,21608,25096,24534,28574,29132,31273,32164,21812,24899,15562,19585,4534,7912,2021,1899,16322,15187,21719,19972,23526,22973,27040,27578,30037,30892,21205,24214,15174,18992,4376,7616,243841,228600,33044,31835,55119,52212,18041,43,55
2021-10-31T23:59:59+01:00,2526,2412,18169,16792,23494,21606,25095,24534,28574,29132,31273,32164,21812,24899,15562,19585,4534,7912,2020,1898,16322,15187,21719,19972,23526,22972,27040,27578,30037,30891,21205,24214,15174,18992,4376,7616,243837,228596,33044,31835,55119,52212,18041,43,55
2021-10-30T23:59:59+02:00,2526,2412,18169,16792,23493,21606,25095,24534,28574,29132,31273,32164,21812,24899,15562,19585,4534,7912,2020,1898,16322,15187,21719,19972,23526,22972,27040,27578,30037,30891,21205,24214,15174,18992,4376,7616,243836,228596,33044,31835,55119,52212,18041,43,55
2021-10-29T23:59:59+02:00,2513,2398,18102,16749,23416,21566,25019,24491,28509,29093,31247,32144,21808,24890,15555,19580,4533,7911,2015,1893,16308,15175,21704,19957,23516,22957,27029,27565,30029,30888,21203,24212,15174,18990,4376,7616,243330,228470,33002,31831,55119,52212,18039,43,55
2021-10-28T23:59:59+02:00,2488,2374,18018,16681,23331,21500,24968,24435,28469,29055,31212,32116,21802,24883,15551,19572,4533,7908,1984,1874,16248,15124,21667,19912,23485,22925,27002,27543,30006,30862,21193,24203,15170,18987,4376,7611,242740,228061,32972,31816,55119,52209,18031,43,55
2021-10-27T23:59:59+02:00,2454,2337,17899,16598,23176,21397,24858,24346,28372,28995,31164,32084,21793,24859,15544,19563,4533,7907,1959,1845,16177,15076,21618,19851,23451,22886,26967,27504,29979,30837,21182,24190,15163,18977,4375,7607,241771,227570,32932,31791,55119,52205,18023,43,55
2021-10-26T23:59:59+02:00,2429,2313,17841,16551,23130,21348,24811,24307,28325,28953,31137,32065,21791,24849,15541,19561,4533,7904,1941,1821,16137,15030,21586,19819,23419,22855,26956,27483,29966,30826,21174,24188,15161,18975,4375,7607,241295,227258,32931,31791,55119,52205,18010,43,55
2021-10-25T23:59:59+02:00,2428,2309,17840,16547,23128,21346,24809,24304,28324,28949,31136,32065,21791,24849,15541,19561,4533,7904,1941,1820,16137,15029,21586,19818,23417,22854,26956,27483,29966,30826,21174,24188,15161,18975,4375,7607,241271,227253,32931,31791,55119,52205,18009,43,55
2021-10-24T23:59:59+02:00,2419,2300,17823,16520,23111,21326,24783,24288,28315,28943,31129,32060,21789,24847,15539,19560,4533,7904,1931,1803,16116,14991,21563,19795,23403,22825,26945,27472,29956,30818,21171,24183,15159,18969,4375,7607,241112,227038,32917,31777,55119,52205,18007,43,55
2021-10-23T23:59:59+02:00,2419,2300,17822,16520,23110,21326,24783,24288,28314,28943,31129,32060,21789,24847,15539,19560,4533,7904,1931,1803,16116,14991,21562,19795,23403,22825,26945,27472,29956,30818,21171,24183,15159,18969,4375,7607,241109,227037,32917,31777,55119,52205,18007,43,55
2021-10-22T23:59:59+02:00,2398,2282,17758,16480,23059,21280,24733,24232,28282,28914,31095,32037,21782,24838,15534,19558,4532,7902,1924,1796,16097,14979,21551,19786,23387,22808,26937,27468,29947,30812,21169,24181,15159,18969,4375,7607,240639,226922,32908,31776,55119,52203,17996,43,55
2021-10-21T23:59:59+02:00,2383,2255,17715,16435,23002,21231,24695,24198,28236,28886,31077,32015,21775,24832,15531,19554,4531,7894,1879,1758,16034,14901,21506,19726,23350,22760,26898,27430,29933,30791,21162,24169,15150,18950,4373,7602,240229,226404,32882,31729,55119,52203,17981,43,55
2021-10-20T23:59:59+02:00,2352,2214,17635,16371,22909,21164,24618,24154,28197,28839,31043,31988,21763,24823,15527,19545,4529,7892,1824,1713,15947,14829,21458,19659,23289,22714,26853,27374,29905,30763,21141,24157,15143,18932,4367,7599,239578,225738,32862,31704,55119,52200,17970,43,55
2021-10-19T23:59:59+02:00,2331,2200,17601,16345,22888,21149,24604,24137,28184,28827,31035,31966,21756,24812,15525,19537,4528,7891,1794,1674,15888,14779,21416,19612,23268,22690,26833,27355,29885,30744,21131,24143,15138,18926,4367,7596,239336,225315,32862,31704,55118,52199,17966,43,55
2021-10-18T23:59:59+02:00,2318,2190,17580,16324,22873,21123,24585,24119,28172,28817,31022,31954,21750,24810,15523,19530,4526,7888,1770,1651,15846,14732,21397,19587,23245,22661,26812,27329,29865,30729,21125,24138,15134,18920,4366,7595,239125,224980,32862,31703,55118,52199,17965,43,55
2021-10-17T23:59:59+02:00,2309,2184,17554,16290,22845,21093,24566,24105,28152,28808,31011,31946,21742,24806,15522,19527,4526,7886,1752,1622,15803,14685,21365,19544,23224,22635,26793,27308,29851,30725,21119,24129,15134,18915,4364,7593,238904,224664,32856,31682,55117,52199,17961,43,55
2021-10-16T23:59:59+02:00,2309,2184,17553,16290,22845,21093,24566,24105,28152,28808,31011,31946,21742,24806,15522,19527,4526,7886,1752,1622,15803,14685,21365,19543,23224,22635,26793,27308,29851,30725,21119,24129,15134,18915,4364,7593,238903,224663,32856,31682,55117,52199,17961,43,55
2021-10-15T23:59:59+02:00,2299,2174,17528,16274,22826,21078,24540,24087,28136,28793,31005,31942,21736,24799,15522,19527,4526,7885,1744,1607,15790,14668,21353,19532,23215,22628,26790,27301,29846,30720,21116,24127,15133,18915,4364,7593,238724,224547,32843,31682,55117,52199,17959,43,55
2021-10-14T23:59:59+02:00,2289,2156,17484,16239,22790,21044,24516,24062,28117,28773,30994,31928,21730,24796,15519,19524,4525,7882,1723,1581,15728,14616,21324,19487,23180,22589,26772,27265,29824,30697,21105,24119,15128,18905,4362,7591,238422,224141,32842,31668,55117,52180,17952,43,55
2021-10-13T23:59:59+02:00,2259,2136,17397,16162,22728,20980,24471,24019,28079,28727,30965,31898,21715,24786,15513,19519,4524,7878,1685,1550,15626,14523,21272,19435,23137,22552,26730,27225,29795,30669,21097,24101,15126,18890,4362,7587,237893,223593,32818,31641,55117,52180,17893,43,55
2021-10-12T23:59:59+02:00,2249,2117,17354,16118,22705,20952,24444,23991,28063,28707,30952,31877,21711,24781,15509,19511,4523,7876,1661,1530,15574,14462,21253,19401,23111,22531,26705,27200,29771,30648,21089,24092,15124,18887,4360,7586,237580,223233,32817,31629,55116,52176,17892,43,55
2021-10-11T23:59:59+02:00,2238,2105,17325,16087,22690,20931,24429,23970,28044,28688,30937,31867,21705,24773,15507,19506,4520,7871,1643,1519,15531,14427,21215,19347,23088,22491,26679,27160,29742,30632,21078,24082,15118,18880,4356,7583,237337,222823,32817,31629,55116,52176,17888,43,55
2021-10-10T23:59:59+02:00,2234,2096,17308,16067,22672,20917,24424,23962,28035,28673,30932,31860,21698,24769,15507,19504,4520,7868,1627,1508,15474,14382,21151,19288,23049,22452,26634,27134,29720,30610,21068,24071,15112,18873,4356,7583,237198,222372,32813,31606,55116,52175,17884,43,55
2021-10-09T23:59:59+02:00,2232,2096,17308,16066,22670,20916,24424,23962,28035,28673,30932,31860,21698,24769,15507,19504,4520,7868,1626,1505,15473,14380,21151,19287,23049,22452,26634,27133,29720,30610,21068,24071,15112,18873,4356,7583,237192,222363,32813,31606,55116,52175,17884,43,55
2021-10-08T23:59:59+02:00,2227,2088,17297,16041,22648,20905,24406,23953,28020,28657,30917,31851,21696,24764,15507,19504,4520,7868,1619,1501,15466,14367,21138,19273,23038,22444,26624,27116,29715,30603,21066,24065,15110,18872,4356,7583,237055,222259,32803,31606,55115,52175,17861,43,55
2021-10-07T23:59:59+02:00,2203,2068,17243,15996,22622,20858,24381,23925,27988,28632,30896,31824,21691,24761,15505,19495,4519,7862,1584,1469,15396,14289,21078,19203,22995,22396,26594,27079,29687,30579,21055,24050,15105,18862,4352,7582,236673,221720,32793,31557,55112,52167,17856,43,55
2021-10-06T23:59:59+02:00,2179,2045,17183,15949,22575,20805,24355,23884,27956,28602,30880,31798,21680,24749,15498,19489,4518,7858,1547,1442,15337,14216,21028,19142,22957,22359,26563,27038,29663,30549,21044,24036,15094,18855,4350,7580,236253,221220,32774,31529,55112,52167,17829,43,55
2021-10-05T23:59:59+02:00,2159,2028,17138,15910,22526,20777,24320,23843,27934,28577,30867,31781,21675,24741,15498,19484,4517,7857,1535,1425,15309,14185,20972,19117,22927,22330,26535,27012,29638,30524,21036,24017,15091,18847,4347,7580,235984,220953,32774,31527,55112,52167,17725,43,55
2021-10-04T23:59:59+02:00,2132,1993,17084,15871,22474,20747,24296,23817,27918,28542,30847,31763,21671,24732,15496,19480,4516,7854,1529,1413,15271,14160,20946,19088,22913,22305,26517,26993,29626,30510,21029,24007,15087,18842,4347,7572,235640,220740,32774,31525,55112,52165,17670,43,55
2021-10-03T23:59:59+02:00,2127,1981,17054,15830,22444,20714,24258,23793,27904,28522,30830,31753,21668,24725,15495,19475,4516,7852,1509,1391,15239,14121,20921,19058,22887,22285,26502,26970,29612,30500,21019,23994,15085,18839,4347,7572,235425,220518,32768,31512,55108,52163,17603,43,55
2021-10-02T23:59:59+02:00,2127,1981,17054,15830,22444,20714,24257,23793,27904,28522,30830,31753,21668,24725,15495,19475,4516,7852,1509,1391,15239,14121,20921,19058,22887,22285,26502,26970,29612,30499,21019,23994,15085,18839,4347,7572,235424,220517,32768,31512,55108,52163,17603,43,55
2021-10-01T23:59:59+02:00,2122,1976,17041,15813,22441,20702,24243,23772,27899,28515,30826,31748,21665,24723,15495,19473,4515,7852,1507,1388,15235,14119,20918,19056,22885,22285,26500,26968,29612,30495,21018,23992,15085,18839,4347,7572,235308,220490,32767,31512,55108,52163,17601,43,55
2021-09-30T23:59:59+02:00,2101,1960,16984,15761,22397,20645,24202,23737,27869,28482,30803,31724,21653,24717,15490,19466,4513,7847,1470,1357,15166,14054,20880,19020,22851,22244,26477,26934,29593,30474,21014,23983,15082,18831,4343,7567,234920,220101,32753,31492,55108,52159,17533,43,55
2021-09-29T23:59:59+02:00,2033,1915,16891,15684,22326,20575,24145,23686,27806,28430,30765,31694,21637,24703,15483,19452,4510,7845,1448,1325,15096,13997,20837,18966,22815,22191,26439,26904,29558,30446,21005,23971,15071,18823,4342,7564,234278,219695,32736,31470,55107,52156,17422,43,55
2021-09-28T23:59:59+02:00,2016,1898,16809,15619,22254,20522,24080,23644,27767,28387,30748,31677,21627,24689,15478,19442,4510,7842,1434,1313,15030,13951,20778,18925,22770,22165,26409,26869,29537,30425,20992,23955,15065,18813,4340,7560,233845,219366,32735,31470,55107,52155,17285,43,55
2021-09-27T23:59:59+02:00,1953,1829,16742,15558,22218,20486,24055,23617,27738,28351,30728,31660,21620,24682,15476,19439,4509,7840,1423,1298,15001,13920,20756,18888,22755,22140,26390,26857,29519,30409,20988,23945,15061,18805,4339,7557,233347,219096,32734,31470,55107,52154,17276,43,55
2021-09-26T23:59:59+02:00,1932,1808,16671,15494,22165,20425,24016,23566,27709,28325,30713,31651,21610,24675,15475,19436,4509,7838,1407,1284,14930,13851,20703,18833,22705,22082,26348,26820,29500,30382,20981,23935,15053,18802,4339,7554,232977,218689,32717,31443,55106,52141,17181,43,55
2021-09-25T23:59:59+02:00,1932,1808,16669,15494,22163,20424,24013,23565,27709,28325,30713,31651,21610,24675,15475,19436,4509,7838,1407,1284,14929,13851,20701,18833,22704,22082,26347,26817,29500,30382,20980,23935,15053,18802,4339,7554,232971,218684,32717,31442,55106,52141,17178,43,55
2021-09-24T23:59:59+02:00,1931,1805,16643,15474,22119,20395,23980,23544,27689,28303,30696,31636,21608,24671,15473,19435,4509,7838,1400,1277,14902,13824,20651,18801,22664,22056,26319,26796,29478,30362,20975,23929,15051,18800,4338,7553,232907,218556,32717,31442,55106,52141,16982,43,55
2021-09-23T23:59:59+02:00,1901,1767,16567,15388,22059,20320,23931,23475,27644,28249,30670,31596,21596,24660,15465,19420,4506,7836,1373,1249,14823,13760,20589,18758,22635,22010,26285,26753,29452,30335,20971,23918,15045,18792,4338,7552,232349,218153,32678,31409,55106,52141,16880,43,55
2021-09-22T23:59:59+02:00,1867,1736,16464,15309,21967,20243,23854,23421,27576,28188,30628,31560,21580,24637,15463,19407,4504,7833,1318,1198,14697,13653,20499,18680,22570,21939,26223,26692,29403,30299,20950,23908,15039,18784,4335,7543,231734,217472,32657,31366,55106,52134,16703,43,55
2021-09-21T23:59:59+02:00,1837,1692,16384,15232,21908,20183,23802,23371,27533,28153,30588,31520,21569,24617,15460,19397,4498,7825,1309,1182,14641,13605,20439,18641,22527,21895,26188,26666,29378,30274,20937,23894,15032,18773,4332,7539,231254,217182,32657,31366,55105,52134,16515,43,55
2021-09-20T23:59:59+02:00,1810,1677,16310,15167,21850,20136,23754,23330,27496,28110,30554,31502,21560,24604,15455,19392,4497,7823,1297,1172,14584,13553,20393,18597,22490,21867,26141,26634,29352,30249,20929,23882,15030,18767,4329,7536,230844,216865,32655,31365,55105,52133,16384,43,55
2021-09-19T23:59:59+02:00,1783,1654,16247,15117,21801,20075,23719,23296,27465,28082,30533,31477,21551,24593,15452,19381,4497,7820,1289,1162,14527,13510,20348,18544,22438,21844,26116,26602,29335,30235,20922,23869,15026,18764,4328,7532,230478,216584,32633,31332,55105,52133,16287,43,55
2021-09-18T23:59:59+02:00,1783,1654,16245,15115,21799,20074,23716,23294,27465,28081,30533,31477,21551,24593,15452,19381,4497,7820,1289,1162,14526,13509,20347,18544,22437,21843,26116,26600,29335,30235,20922,23869,15026,18764,4328,7532,230470,216583,32633,31331,55105,52133,16282,43,55
2021-09-17T23:59:59+02:00,1777,1647,16222,15097,21777,20054,23696,23282,27451,28066,30524,31471,21547,24590,15449,19378,4496,7820,1281,1153,14505,13494,20337,18538,22427,21838,26109,26596,29325,30229,20919,23866,15025,18763,4328,7532,230299,216478,32632,31331,55105,52133,16268,43,55
2021-09-16T23:59:59+02:00,1738,1616,16121,14997,21696,19955,23626,23198,27385,28006,30485,31433,21534,24573,15444,19368,4491,7820,1248,1124,14420,13420,20292,18484,22391,21786,26078,26552,29304,30198,20908,23856,15018,18755,4325,7528,229491,216018,32610,31253,55105,52121,16240,43,55
2021-09-15T23:59:59+02:00,1707,1599,16052,14918,21640,19900,23582,23153,27353,27972,30461,31409,21521,24551,15432,19358,4490,7818,1219,1096,14342,13334,20224,18424,22352,21734,26038,26508,29273,30175,20895,23841,15006,18747,4324,7526,228960,215459,32591,31208,55105,52116,16220,43,55
2021-09-14T23:59:59+02:00,1693,1583,16018,14872,21593,19862,23552,23118,27321,27936,30436,31385,21506,24540,15429,19346,4487,7817,1201,1081,14304,13296,20199,18401,22330,21708,26018,26493,29261,30164,20884,23833,15003,18740,4323,7524,228551,215175,32588,31207,55105,52116,16210,43,55
2021-09-13T23:59:59+02:00,1672,1570,15976,14818,21566,19830,23521,23085,27304,27899,30422,31369,21505,24530,15424,19344,4486,7814,1195,1073,14276,13281,20172,18385,22310,21688,26003,26481,29252,30141,20875,23822,15002,18733,4321,7522,228203,214952,32585,31207,55105,52116,16202,43,55
2021-09-12T23:59:59+02:00,1662,1557,15952,14794,21550,19808,23504,23060,27289,27884,30411,31361,21498,24522,15424,19339,4486,7814,1181,1068,14243,13252,20147,18347,22289,21662,25990,26457,29241,30133,20868,23813,14997,18726,4319,7517,228009,214710,32566,31176,55105,52114,16195,43,55
2021-09-11T23:59:59+02:00,1661,1557,15940,14789,21542,19800,23503,23059,27287,27883,30408,31359,21497,24521,15424,19339,4486,7814,1181,1068,14238,13249,20145,18344,22287,21662,25990,26456,29241,30133,20867,23813,14997,18726,4319,7517,227972,214699,32566,31176,55102,52114,16189,43,55
2021-09-10T23:59:59+02:00,1661,1557,15917,14784,21529,19789,23485,23056,27269,27873,30395,31354,21496,24519,15420,19337,4486,7813,1179,1068,14215,13242,20130,18334,22273,21658,25975,26443,29223,30130,20866,23809,14994,18723,4318,7516,227941,214660,32566,31176,55102,52114,16091,43,55
2021-09-09T23:59:59+02:00,1616,1518,15837,14705,21469,19723,23431,23006,27209,27823,30367,31325,21487,24502,15406,19323,4484,7811,1151,1043,14133,13166,20060,18265,22205,21603,25925,26403,29188,30098,20850,23781,14977,18709,4316,7514,227412,214192,32535,31093,55101,52094,15954,43,54
2021-09-08T23:59:59+02:00,1578,1470,15710,14611,21399,19647,23378,22930,27158,27780,30327,31277,21470,24484,15397,19312,4483,7811,1134,1018,14045,13075,19977,18214,22140,21550,25878,26364,29152,30048,20831,23760,14973,18701,4315,7513,226866,213790,32464,31004,55101,52089,15751,43,54
2021-09-07T23:59:59+02:00,1565,1450,15659,14560,21344,19620,23342,22907,27131,27748,30310,31261,21459,24462,15391,19304,4481,7811,1117,1004,13976,13026,19913,18174,22096,21519,25842,26332,29123,30020,20820,23746,14969,18694,4314,7513,226625,213503,32457,30974,55101,52085,15582,43,54
2021-09-06T23:59:59+02:00,1552,1440,15608,14514,21321,19588,23319,22879,27106,27729,30294,31239,21449,24459,15387,19297,4481,7809,1105,995,13945,12987,19891,18149,22066,21497,25822,26313,29108,30005,20811,23738,14965,18690,4314,7510,226371,213295,32456,30974,55101,52085,15503,43,54
2021-09-05T23:59:59+02:00,1532,1424,15577,14488,21302,19566,23309,22853,27097,27716,30289,31231,21444,24453,15381,19295,4481,7805,1097,981,13907,12951,19860,18112,22041,21469,25804,26296,29095,29986,20807,23730,14962,18688,4314,7510,226158,213077,32444,30894,55100,52084,15501,43,54
2021-09-04T23:59:59+02:00,1532,1424,15568,14485,21288,19560,23302,22848,27091,27710,30283,31228,21443,24450,15381,19294,4481,7805,1097,981,13898,12948,19846,18104,22034,21464,25797,26290,29089,29982,20806,23727,14962,18687,4314,7510,226157,213076,32444,30891,55100,52084,15431,43,54
2021-09-03T23:59:59+02:00,1529,1421,15551,14471,21256,19535,23271,22828,27068,27697,30268,31213,21436,24442,15381,19288,4481,7804,1097,981,13881,12934,19820,18085,22010,21449,25781,26280,29074,29971,20800,23720,14962,18684,4314,7510,226083,213057,32443,30886,55100,52083,15273,43,54
2021-09-02T23:59:59+02:00,1513,1401,15480,14412,21210,19486,23236,22779,27028,27656,30231,31187,21423,24432,15375,19275,4479,7798,1072,960,13788,12870,19776,18024,21965,21406,25739,26235,29035,29944,20789,23709,14957,18672,4313,7509,225664,212604,32438,30881,55098,52064,15160,43,54
2021-09-01T23:59:59+02:00,1462,1344,15343,14258,21091,19389,23167,22723,26961,27585,30179,31136,21405,24407,15367,19261,4476,7793,1040,920,13642,12747,19647,17927,21881,21337,25681,26165,28985,29881,20764,23679,14945,18659,4309,7504,224891,212019,32414,30684,55097,52052,14904,43,54
2021-08-31T23:59:59+02:00,1438,1329,15281,14187,21027,19337,23122,22681,26910,27542,30145,31104,21392,24394,15361,19252,4476,7792,1026,907,13568,12679,19600,17885,21848,21301,25648,26142,28957,29855,20758,23669,14942,18651,4308,7503,224429,211671,32413,30684,55096,52047,14791,43,54
2021-08-30T23:59:59+02:00,1415,1310,15213,14141,20980,19281,23090,22642,26873,27509,30112,31074,21379,24385,15357,19243,4474,7785,1021,892,13511,12637,19555,17834,21815,21276,25618,26105,28923,29830,20747,23654,14932,18642,4307,7499,224064,211369,32413,30681,55096,52045,14649,43,54
2021-08-29T23:59:59+02:00,1399,1298,15170,14095,20941,19250,23066,22618,26855,27485,30094,31059,21375,24376,15357,19241,4474,7784,1010,884,13458,12591,19532,17812,21788,21256,25597,26085,28910,29813,20739,23646,14929,18638,4305,7498,223775,211099,32412,30681,55096,52044,14613,43,54
2021-08-28T23:59:59+02:00,1399,1298,15164,14092,20930,19243,23060,22614,26852,27476,30091,31058,21374,24376,15357,19241,4474,7784,1010,884,13451,12587,19521,17805,21782,21252,25594,26076,28907,29812,20738,23646,14929,18638,4305,7498,223775,211097,32412,30681,55096,52044,14559,43,54
2021-08-27T23:59:59+02:00,1390,1291,15133,14064,20903,19228,23027,22598,26826,27464,30075,31038,21368,24368,15353,19240,4471,7781,1004,879,13422,12555,19485,17788,21754,21230,25565,26062,28890,29794,20732,23637,14926,18637,4304,7498,223639,210953,32412,30679,55093,52043,14433,43,54
2021-08-26T23:59:59+02:00,1377,1274,15088,14019,20856,19189,22997,22561,26793,27426,30043,31001,21353,24352,15346,19232,4468,7773,992,868,13354,12494,19409,17731,21694,21170,25509,26014,28850,29758,20718,23616,14916,18624,4303,7494,223347,210662,32393,30555,55093,51969,14274,43,54
2021-08-25T23:59:59+02:00,1332,1229,14943,13895,20747,19094,22917,22469,26714,27342,29986,30945,21330,24326,15336,19222,4464,7767,964,838,13232,12409,19328,17654,21627,21099,25439,25960,28805,29714,20690,23595,14908,18610,4302,7491,222491,210087,32377,30508,55093,51960,14057,42,53
2021-08-24T23:59:59+02:00,1308,1205,14880,13844,20704,19042,22862,22422,26678,27306,29956,30913,21312,24311,15330,19212,4463,7766,939,817,13135,12346,19266,17573,21590,21048,25394,25917,28775,29676,20672,23575,14901,18598,4300,7486,222070,209598,32347,30451,55092,51945,13965,42,49
2021-08-23T23:59:59+02:00,1290,1186,14811,13806,20663,19013,22832,22396,26643,27286,29932,30887,21293,24297,15325,19199,4462,7765,913,792,13019,12267,19203,17512,21536,20999,25353,25862,28730,29634,20653,23558,14895,18586,4297,7486,221758,209075,32331,30361,55092,51945,13865,42,49
2021-08-22T23:59:59+02:00,1281,1178,14796,13786,20647,18993,22820,22376,26628,27271,29915,30883,21286,24293,15323,19191,4460,7764,890,775,12960,12196,19150,17478,21507,20963,25332,25836,28704,29613,20646,23545,14894,18582,4297,7486,221583,208748,32312,30251,55092,51942,13864,42,49
2021-08-21T23:59:59+02:00,1281,1178,14787,13776,20636,18985,22810,22370,26624,27266,29904,30877,21286,24291,15323,19191,4460,7764,890,775,12950,12186,19140,17470,21499,20957,25326,25831,28694,29607,20646,23543,14894,18582,4297,7486,221578,208744,32312,30251,55092,51942,13787,42,49
2021-08-20T23:59:59+02:00,1274,1173,14757,13742,20601,18955,22787,22347,26598,27243,29887,30861,21283,24282,15321,19185,4460,7764,889,774,12931,12172,19115,17450,21482,20936,25313,25814,28675,29588,20642,23537,14893,18579,4297,7486,221383,208640,32312,30249,55092,51942,13693,42,49
2021-08-19T23:59:59+02:00,1255,1158,14698,13693,20561,18925,22755,22312,26576,27214,29862,30837,21272,24274,15318,19180,4459,7761,860,761,12797,12054,19025,17373,21396,20878,25243,25748,28616,29539,20621,23524,14887,18570,4295,7483,221075,208005,32280,30113,55092,51880,13623,42,49
2021-08-18T23:59:59+02:00,1232,1139,14616,13604,20445,18864,22679,22250,26509,27157,29804,30779,21247,24253,15312,19168,4457,7758,832,740,12657,11936,18886,17290,21299,20788,25157,25665,28533,29470,20589,23479,14876,18555,4294,7478,220662,207396,32262,29990,55091,51871,13218,42,49
2021-08-17T23:59:59+02:00,1221,1126,14576,13565,20404,18818,22641,22215,26474,27130,29788,30759,21234,24238,15301,19159,4453,7757,811,716,12549,11852,18806,17229,21220,20726,25105,25612,28497,29429,20570,23464,14867,18542,4292,7476,220374,206864,32227,29861,55091,51863,13127,42,48
2021-08-16T23:59:59+02:00,1209,1115,14527,13516,20369,18789,22612,22182,26453,27102,29754,30728,21221,24227,15294,19147,4451,7755,783,702,12452,11752,18715,17156,21150,20641,25038,25553,28431,29365,20547,23442,14857,18524,4291,7473,220106,206238,32225,29736,55091,51862,12989,42,47
2021-08-15T23:59:59+02:00,1199,1102,14488,13490,20340,18760,22583,22163,26440,27086,29744,30714,21216,24215,15289,19145,4450,7753,759,686,12388,11683,18664,17126,21099,20602,25002,25509,28412,29343,20537,23428,14853,18518,4289,7471,219882,205787,32225,29735,55091,51861,12939,42,47
2021-08-14T23:59:59+02:00,1199,1101,14481,13484,20330,18754,22574,22156,26426,27079,29739,30706,21213,24213,15288,19144,4450,7753,759,686,12380,11676,18652,17118,21089,20594,24988,25502,28407,29334,20534,23427,14852,18517,4289,7471,219881,205784,32224,29730,55091,51860,12854,42,47
2021-08-13T23:59:59+02:00,1196,1098,14472,13475,20316,18744,22562,22151,26419,27069,29723,30698,21204,24208,15287,19144,4450,7753,756,685,12365,11665,18641,17109,21076,20585,24982,25486,28393,29330,20528,23420,14850,18517,4289,7470,219824,205719,32223,29730,55091,51860,12791,42,47
2021-08-12T23:59:59+02:00,1176,1076,14415,13419,20273,18704,22538,22116,26391,27039,29692,30677,21192,24189,15283,19137,4450,7748,729,659,12198,11521,18506,16999,20983,20502,24902,25401,28326,29274,20507,23388,14837,18505,4286,7464,219496,204927,32211,29544,55091,51791,12678,41,47
2021-08-11T23:59:59+02:00,1160,1054,14346,13356,20230,18650,22494,22077,26358,27014,29664,30637,21178,24172,15280,19126,4447,7744,705,637,12059,11382,18424,16909,20903,20429,24853,25329,28283,29210,20474,23360,14830,18494,4284,7459,219092,204026,32139,29539,55091,51786,12626,41,47
2021-08-10T23:59:59+02:00,1145,1036,14266,13281,20172,18602,22459,22033,26325,26984,29630,30606,21164,24161,15280,19118,4446,7742,686,615,11943,11263,18324,16837,20837,20363,24801,25271,28239,29156,20447,23331,14816,18476,4283,7453,218670,203273,32107,29517,55091,51761,12543,41,47
2021-08-09T23:59:59+02:00,1128,1017,14180,13219,20091,18546,22410,21985,26274,26940,29592,30573,21145,24144,15274,19109,4441,7740,641,574,11761,11101,18154,16741,20711,20281,24705,25175,28159,29081,20409,23290,14802,18464,4280,7444,218223,202282,32086,29410,55090,51667,12370,41,44
2021-08-08T23:59:59+02:00,1114,1010,14137,13180,20069,18510,22384,21966,26259,26920,29576,30559,21138,24138,15271,19105,4440,7739,615,556,11678,11014,18068,16657,20644,20223,24642,25128,28113,29037,20387,23267,14789,18453,4280,7440,217993,201627,32055,29332,55089,51649,12339,41,44
2021-08-07T23:59:59+02:00,1114,1010,14122,13174,20059,18505,22379,21961,26247,26906,29561,30547,21136,24134,15267,19100,4439,7739,615,555,11663,11008,18052,16652,20639,20217,24629,25113,28096,29025,20385,23263,14785,18448,4279,7440,217990,201611,32054,29331,55088,51649,12229,41,44
2021-08-06T23:59:59+02:00,1114,1010,14112,13162,20046,18486,22365,21946,26225,26897,29548,30536,21133,24130,15264,19098,4439,7738,615,555,11652,10994,18029,16629,20623,20200,24608,25104,28083,29013,20382,23259,14782,18446,4279,7440,217982,201581,32050,29330,55088,51648,12090,41,44
2021-08-05T23:59:59+02:00,1102,991,14041,13120,19995,18452,22322,21903,26189,26840,29520,30512,21119,24115,15257,19089,4437,7735,580,525,11479,10885,17916,16529,20513,20101,24501,25014,28014,28964,20356,23234,14771,18432,4276,7438,217666,200795,32006,29239,55085,51507,11943,41,44
2021-08-04T23:59:59+02:00,1086,974,13977,13052,19890,18367,22257,21844,26148,26797,29469,30464,21096,24097,15247,19076,4437,7732,542,491,11293,10711,17685,16387,20337,19975,24383,24890,27904,28867,20328,23201,14758,18420,4273,7436,217396,199748,31844,29179,55084,51263,11647,41,44
2021-08-03T23:59:59+02:00,1062,956,13905,12989,19850,18316,22222,21802,26111,26755,29434,30434,21079,24072,15236,19062,4434,7722,485,449,11107,10539,17507,16259,20195,19840,24234,24766,27784,28759,20284,23153,14740,18388,4271,7430,217017,198308,31816,29144,55083,51208,11486,41,44
2021-08-02T23:59:59+02:00,1038,936,13820,12921,19791,18258,22170,21761,26055,26693,29382,30384,21050,24041,15226,19042,4431,7721,459,419,10939,10370,17333,16134,20047,19727,24116,24651,27697,28656,20239,23100,14721,18369,4268,7421,216535,197117,31785,29095,55083,51132,11278,41,44
2021-08-01T23:59:59+02:00,1028,921,13759,12874,19756,18241,22149,21739,26030,26672,29363,30368,21041,24029,15222,19035,4431,7720,423,388,10794,10225,17174,16026,19896,19619,23972,24547,27588,28576,20225,23076,14712,18355,4268,7417,216298,196229,31736,29004,55083,50783,11221,41,44
2021-07-31T23:59:59+02:00,1028,921,13734,12865,19738,18233,22133,21728,26016,26660,29355,30357,21038,24024,15221,19034,4430,7720,422,388,10768,10212,17153,16012,19878,19606,23959,24534,27580,28565,20222,23071,14711,18354,4267,7417,216294,196206,31736,29004,55083,50783,11082,41,44
2021-07-30T23:59:59+02:00,1020,911,13673,12818,19692,18211,22102,21709,25986,26638,29328,30339,21031,24016,15215,19032,4428,7719,401,370,10681,10137,17088,15968,19819,19570,23892,24493,27532,28539,20207,23049,14702,18350,4264,7415,216113,195813,31732,29004,55083,50716,10900,41,44
2021-07-29T23:59:59+02:00,996,892,13566,12732,19628,18150,22029,21656,25935,26582,29275,30301,21014,24006,15208,19025,4428,7717,356,330,10413,9876,16785,15726,19524,19351,23588,24262,27280,28375,20152,22994,14690,18329,4264,7414,215668,194056,31659,28892,55083,50027,10690,41,44
2021-07-28T23:59:59+02:00,968,862,13436,12604,19504,18042,21943,21573,25855,26503,29198,30233,20991,23970,15195,19013,4426,7715,321,290,10124,9672,16525,15535,19264,19163,23360,24069,27125,28232,20104,22920,14671,18306,4261,7409,215017,192711,31623,28810,55079,49514,10272,41,44
2021-07-27T23:59:59+02:00,937,841,13317,12511,19439,17981,21876,21520,25789,26446,29158,30188,20976,23950,15190,18993,4425,7709,273,235,9868,9458,16271,15305,19035,18976,23166,23894,26961,28096,20062,22867,14649,18279,4255,7400,214423,191040,31568,28651,55078,49177,10138,40,44
2021-07-26T23:59:59+02:00,913,823,13212,12416,19386,17924,21803,21455,25738,26413,29104,30127,20946,23926,15172,18974,4425,7705,225,206,9634,9207,16030,15097,18787,18776,22936,23727,26811,27968,19991,22806,14620,18243,4251,7394,213813,189279,31498,28550,55076,48799,10037,39,44
2021-07-25T23:59:59+02:00,894,812,13137,12345,19306,17873,21745,21402,25697,26365,29068,30082,20929,23909,15165,18968,4422,7704,202,186,9448,9066,15831,14943,18583,18637,22768,23618,26663,27848,19941,22758,14603,18230,4248,7391,213511,188371,31434,28401,55076,48384,9764,39,44
2021-07-24T23:59:59+02:00,894,812,13127,12335,19295,17866,21734,21398,25683,26358,29063,30076,20925,23908,15164,18967,4422,7704,202,186,9438,9050,15820,14935,18569,18632,22753,23608,26657,27840,19938,22755,14602,18229,4248,7391,213508,188351,31432,28397,55076,48384,9677,39,44
2021-07-23T23:59:59+02:00,886,810,13061,12297,19218,17832,21694,21365,25648,26320,29029,30040,20910,23891,15156,18963,4420,7701,202,185,9385,9021,15736,14893,18515,18591,22703,23568,26613,27801,19921,22738,14595,18223,4246,7388,213379,188189,31431,28391,55076,48383,9317,39,44
2021-07-22T23:59:59+02:00,874,796,12965,12215,19162,17762,21648,21335,25600,26273,29005,30017,20897,23873,15154,18957,4417,7699,148,142,9068,8744,15339,14644,18148,18334,22372,23321,26407,27666,19864,22681,14582,18201,4243,7383,212912,186358,31345,28136,55073,47468,9281,39,44
2021-07-21T23:59:59+02:00,852,768,12765,12047,19015,17638,21515,21236,25494,26169,28929,29945,20855,23838,15137,18934,4413,7694,125,122,8691,8429,14907,14319,17768,18060,22015,22986,26132,27456,19771,22593,14556,18163,4240,7374,212283,184454,31236,27784,55070,46808,8617,39,44
2021-07-20T23:59:59+02:00,822,743,12616,11911,18907,17551,21446,21158,25433,26104,28889,29894,20830,23805,15129,18918,4410,7691,95,95,8360,8123,14443,13984,17385,17784,21711,22756,25885,27269,19690,22484,14527,18128,4238,7368,211597,182298,31126,27621,55067,45934,8429,39,43
2021-07-19T23:59:59+02:00,793,716,12496,11794,18820,17481,21385,21099,25379,26050,28839,29857,20804,23775,15119,18904,4406,7685,74,64,8037,7869,14078,13731,17037,17536,21383,22550,25657,27127,19620,22408,14505,18106,4232,7362,210883,180254,31023,27463,55067,45223,8393,37,43
2021-07-18T23:59:59+02:00,775,698,12381,11685,18722,17403,21317,21046,25323,25996,28802,29803,20782,23754,15107,18893,4404,7683,61,53,7866,7718,13924,13607,16885,17412,21219,22437,25527,27045,19580,22368,14491,18090,4232,7359,210295,179319,30876,27356,55067,44856,8300,37,43
2021-07-17T23:59:59+02:00,775,698,12378,11685,18721,17400,21316,21046,25323,25996,28802,29803,20782,23754,15107,18893,4404,7683,61,53,7859,7717,13920,13602,16884,17411,21218,22436,25526,27043,19577,22367,14491,18090,4232,7359,210290,179297,30876,27355,55067,44854,8297,37,43
2021-07-16T23:59:59+02:00,768,693,12305,11631,18679,17369,21281,21019,25290,25973,28777,29784,20780,23751,15107,18891,4404,7683,57,50,7703,7616,13761,13532,16740,17352,21079,22377,25420,26995,19558,22346,14490,18084,4232,7356,210081,178841,30876,27282,55067,44457,8125,37,43
2021-07-15T23:59:59+02:00,753,673,12233,11559,18617,17310,21224,20971,25241,25932,28749,29756,20765,23734,15102,18882,4403,7680,55,47,7361,7298,13152,13123,16068,16926,20443,22005,24963,26682,19412,22205,14448,18038,4229,7349,209599,176604,30790,26376,55060,42682,8099,37,43
2021-07-14T23:59:59+02:00,724,653,12025,11420,18446,17201,21105,20875,25136,25830,28661,29656,20731,23700,15083,18866,4400,7677,47,36,6944,6942,12488,12670,15378,16437,19810,21547,24497,26339,19194,21980,14416,17990,4221,7338,208784,173775,30629,26037,55057,40736,7683,37,43
2021-07-13T23:59:59+02:00,680,618,11888,11286,18323,17116,20992,20779,25040,25737,28591,29590,20702,23661,15063,18856,4398,7667,37,25,6485,6517,11855,12171,14682,15934,19207,21135,24059,26016,19012,21764,14372,17929,4217,7329,207762,170119,30492,25864,55046,39072,7651,37,40
2021-07-12T23:59:59+02:00,645,587,11763,11149,18207,17027,20898,20671,24940,25638,28510,29523,20676,23627,15055,18844,4393,7660,33,19,6070,6105,11246,11636,14058,15398,18651,20641,23640,25655,18815,21574,14307,17871,4208,7325,206743,166433,30364,25040,55043,38112,7627,37,40
2021-07-11T23:59:59+02:00,609,560,11648,11058,18145,16964,20841,20615,24885,25591,28452,29474,20657,23607,15046,18835,4393,7659,30,18,5880,5937,10990,11431,13826,15198,18405,20452,23432,25468,18742,21492,14280,17845,4207,7319,206105,165043,30247,24570,55041,37687,7612,35,40
2021-07-10T23:59:59+02:00,608,559,11640,11057,18141,16963,20837,20613,24882,25590,28451,29474,20657,23607,15045,18833,4393,7659,30,18,5873,5936,10985,11425,13816,15194,18405,20450,23430,25466,18740,21491,14279,17845,4207,7319,206085,165014,30243,24569,55041,37680,7606,35,40
2021-07-09T23:59:59+02:00,580,536,11530,10930,18066,16880,20767,20551,24807,25514,28401,29428,20634,23587,15042,18823,4393,7658,30,17,5838,5902,10955,11392,13766,15173,18374,20418,23411,25443,18735,21481,14277,17842,4207,7318,205213,164781,30242,24519,55041,37642,7597,35,40
2021-07-08T23:59:59+02:00,545,508,11365,10794,17939,16774,20633,20450,24698,25386,28283,29349,20590,23539,15026,18794,4390,7650,27,14,5492,5645,10441,10994,13146,14722,17709,19858,22803,24974,18416,21083,14180,17759,4202,7308,204438,162462,30214,23711,55013,35546,7014,35,40
2021-07-07T23:59:59+02:00,485,456,11196,10646,17854,16688,20561,20382,24625,25308,28222,29286,20562,23503,15021,18782,4388,7642,22,14,5186,5353,9916,10545,12567,14239,17025,19337,22237,24472,18101,20718,14078,17662,4195,7285,203424,159997,30189,22248,54995,33702,6965,35,40
2021-07-06T23:59:59+02:00,444,422,11070,10494,17739,16593,20467,20279,24547,25215,28131,29207,20536,23463,15012,18765,4386,7639,15,8,4788,4922,9314,10024,11859,13636,16315,18722,21722,23978,17782,20412,13977,17545,4186,7275,202279,155801,30183,21301,54986,32411,6927,35,40
2021-07-05T23:59:59+02:00,422,395,10984,10405,17649,16522,20389,20207,24487,25163,28090,29170,20513,23442,15000,18757,4385,7636,12,7,4504,4603,8821,9575,11300,13082,15606,18077,21098,23371,17388,20014,13843,17387,4178,7267,201538,151910,30180,20621,54977,30675,6887,35,40
2021-07-04T23:59:59+02:00,409,389,10912,10350,17583,16467,20340,20158,24456,25128,28074,29152,20504,23431,14995,18754,4384,7635,12,7,4358,4513,8690,9408,11109,12908,15362,17865,20831,23098,17115,19723,13783,17295,4174,7263,201063,150591,30174,20313,54976,29696,6874,35,40
2021-07-03T23:59:59+02:00,407,388,10904,10338,17571,16461,20338,20155,24455,25127,28071,29151,20504,23430,14995,18754,4384,7635,12,7,4353,4504,8683,9404,11106,12908,15357,17865,20827,23094,17115,19717,13783,17295,4174,7263,201033,150574,30172,20313,54976,29687,6853,35,40
2021-07-02T23:59:59+02:00,364,325,10760,10228,17455,16362,20233,20079,24381,25063,28008,29092,20478,23404,14989,18740,4384,7632,12,7,4267,4425,8521,9267,10968,12796,15235,17757,20715,22990,17073,19686,13776,17280,4174,7260,200152,149585,30172,20312,54976,29629,6643,35,40
2021-07-01T23:59:59+02:00,317,282,10627,10093,17331,16268,20109,19989,24297,24988,27944,29040,20458,23380,14973,18725,4381,7628,12,5,4061,4226,8215,8933,10597,12384,14665,17256,20204,22450,16784,19387,13570,17065,4164,7238,199078,146512,30115,19629,54970,28402,6633,35,40
2021-06-30T23:59:59+02:00,234,221,10374,9854,17156,16119,19975,19857,24181,24864,27865,28951,20436,23348,14954,18707,4380,7627,12,4,3866,4033,7911,8597,10190,11920,14174,16701,19628,21815,16462,19043,13297,16787,4151,7211,197430,142834,30060,19378,54962,26933,6617,35,40
2021-06-29T23:59:59+02:00,190,184,10226,9679,17020,16024,19872,19765,24112,24788,27807,28884,20409,23321,14940,18687,4380,7623,11,4,3664,3775,7514,8148,9714,11384,13518,16030,19011,21113,16143,18715,13047,16497,4144,7197,196281,138558,30055,19078,54958,25369,6584,34,40
2021-06-28T23:59:59+02:00,141,132,10032,9495,16896,15918,19768,19662,24017,24692,27739,28822,20379,23291,14926,18668,4378,7621,10,3,3463,3521,7113,7708,9275,10893,12969,15493,18513,20593,15891,18450,12928,16364,4138,7186,195097,134721,29941,18658,54955,24541,6551,34,40
2021-06-27T23:59:59+02:00,123,115,9892,9384,16839,15857,19707,19612,23958,24642,27712,28797,20367,23275,14923,18664,4377,7618,10,3,3373,3456,6935,7510,9084,10692,12738,15253,18251,20332,15768,18344,12863,16277,4138,7182,194463,133522,29883,18311,54951,23804,6532,34,40
2021-06-26T23:59:59+02:00,123,115,9891,9378,16837,15853,19704,19611,23956,24641,27712,28796,20367,23275,14923,18664,4377,7618,10,3,3371,3455,6932,7509,9081,10690,12735,15250,18249,20330,15765,18343,12863,16274,4138,7182,194445,133501,29882,18311,54951,23798,6530,34,40
2021-06-25T23:59:59+02:00,119,112,9844,9339,16795,15817,19670,19578,23920,24613,27687,28777,20361,23268,14921,18661,4377,7618,10,3,3350,3409,6858,7398,8982,10532,12620,15053,18100,20121,15740,18313,12855,16271,4137,7181,194119,133311,29846,17955,54950,23098,6529,34,40
2021-06-24T23:59:59+02:00,109,101,9716,9215,16611,15691,19536,19453,23798,24524,27629,28716,20347,23252,14914,18652,4376,7616,9,3,3225,3267,6638,7067,8669,10079,12085,14427,17546,19410,15516,18081,12707,16140,4134,7169,193278,130904,29505,17096,54949,21641,6491,34,40
2021-06-23T23:59:59+02:00,103,96,9587,9076,16469,15563,19418,19351,23701,24418,27562,28669,20332,23230,14910,18647,4373,7615,9,3,3022,3030,6281,6584,8167,9508,11381,13602,16781,18425,15219,17738,12556,15998,4124,7144,192353,126342,29341,16117,54938,20620,6454,34,39
2021-06-22T23:59:59+02:00,72,70,9298,8774,16236,15364,19233,19200,23554,24293,27491,28585,20307,23204,14902,18628,4369,7609,9,3,2788,2746,5799,6039,7543,8746,10465,12557,15759,17220,14922,17379,12449,15874,4111,7121,190664,119903,29137,15626,54934,19545,6421,33,35
2021-06-21T23:59:59+02:00,68,62,9171,8619,16061,15211,19043,19047,23422,24170,27430,28507,20283,23175,14897,18618,4369,7605,9,3,2641,2555,5418,5578,7080,8160,9734,11681,15030,16288,14644,17065,12340,15753,4106,7104,189461,115206,28916,15068,54931,18464,6417,33,34
2021-06-20T23:59:59+02:00,65,60,9034,8492,15923,15091,18931,18960,23348,24099,27390,28456,20272,23154,14886,18611,4366,7604,9,3,2581,2487,5248,5396,6866,7894,9426,11344,14663,15883,14508,16930,12300,15716,4101,7098,188566,113496,28801,14833,54930,17678,6412,33,34
2021-06-19T23:59:59+02:00,65,60,9033,8485,15919,15082,18928,18960,23346,24098,27390,28455,20272,23154,14886,18611,4366,7604,9,3,2578,2486,5247,5390,6864,7892,9425,11343,14661,15879,14506,16930,12300,15716,4101,7098,188542,113476,28798,14829,54929,17677,6412,33,34
2021-06-18T23:59:59+02:00,65,56,9001,8473,15906,15073,18912,18952,23339,24089,27384,28450,20272,23151,14885,18611,4366,7604,9,3,2550,2453,5191,5332,6786,7792,9327,11185,14490,15651,14427,16829,12289,15694,4099,7095,188419,112692,28797,14828,54928,17236,6412,33,34
2021-06-17T23:59:59+02:00,58,53,8820,8310,15675,14905,18712,18795,23182,23957,27249,28356,20248,23130,14878,18599,4364,7601,9,3,2410,2304,4868,5031,6396,7388,8782,10582,13660,14778,14189,16534,12216,15571,4095,7084,187080,109811,28792,13877,54921,16112,6066,33,34
2021-06-16T23:59:59+02:00,50,51,8594,8099,15443,14675,18501,18596,22990,23788,27143,28246,20219,23087,14864,18579,4360,7595,9,3,2297,2197,4627,4826,6041,7047,8250,10094,12942,13934,13838,16152,12131,15482,4090,7072,185299,106349,28689,13076,54918,15632,5941,33,34
2021-06-15T23:59:59+02:00,41,38,8251,7765,15067,14317,18180,18307,22739,23576,26983,28114,20189,23053,14851,18564,4358,7584,9,3,2117,2027,4277,4475,5535,6482,7368,9204,11747,12651,13296,15533,12010,15319,4075,7049,182707,100099,28651,12410,54916,14964,5670,33,34
2021-06-14T23:59:59+02:00,35,33,8070,7600,14807,14082,17976,18134,22587,23454,26870,28032,20166,23020,14837,18556,4354,7576,7,3,2004,1904,4020,4224,5147,6011,6709,8482,10821,11593,12978,15183,11939,15222,4065,7030,181120,95249,28625,12048,54913,14513,5498,33,34
2021-06-13T23:59:59+02:00,35,33,7996,7545,14723,13992,17860,18023,22504,23376,26841,28002,20153,23009,14833,18550,4354,7576,5,3,1962,1878,3938,4127,5028,5871,6475,8244,10526,11260,12821,15005,11881,15165,4064,7029,180362,93871,28614,11757,54909,14133,5487,33,34
2021-06-12T23:59:59+02:00,35,33,7995,7543,14723,13990,17860,18023,22502,23375,26840,27999,20152,23008,14833,18550,4354,7576,5,3,1961,1876,3936,4127,5026,5870,6472,8239,10522,11254,12818,15004,11881,15163,4064,7029,180349,93847,28614,11757,54908,14125,5487,33,34
2021-06-11T23:59:59+02:00,35,32,7930,7502,14633,13943,17783,17972,22433,23339,26796,27976,20150,23004,14833,18549,4354,7576,5,3,1944,1862,3901,4069,4982,5803,6411,8156,10422,11148,12778,14968,11870,15157,4064,7029,180009,93628,28536,11749,54907,13806,5355,33,34
2021-06-10T23:59:59+02:00,30,25,7590,7206,14239,13578,17350,17595,22103,23058,26600,27795,20106,22959,14820,18531,4351,7564,3,3,1844,1781,3686,3903,4706,5528,6085,7787,9804,10538,12258,14308,11800,15049,4057,7022,177411,90462,28037,11369,54896,13176,5123,33,32
2021-06-09T23:59:59+02:00,29,22,7225,6858,13777,13147,16833,17130,21713,22688,26383,27581,20032,22889,14802,18496,4348,7556,3,3,1682,1666,3491,3724,4451,5260,5696,7379,9027,9823,11591,13471,11680,14907,4047,7010,174174,86208,27492,10736,54884,13009,4926,33,32
2021-06-08T23:59:59+02:00,24,18,6849,6457,13264,12659,16365,16659,21353,22347,26166,27379,19975,22809,14771,18461,4346,7549,3,3,1592,1592,3273,3492,4129,4907,5185,6890,8143,8901,10705,12392,11536,14748,4043,6994,170763,80547,26997,10438,54875,12729,4783,33,31
2021-06-07T23:59:59+02:00,21,15,6575,6175,12822,12285,15966,16260,21028,22050,26003,27221,19938,22755,14750,18441,4339,7543,3,3,1532,1521,3079,3320,3855,4679,4781,6512,7429,8147,9790,11244,11424,14601,4032,6976,168203,75800,26569,10063,54854,12506,4528,33,31
2021-06-06T23:59:59+02:00,21,15,6434,6043,12679,12130,15804,16104,20862,21887,25916,27134,19918,22718,14739,18431,4338,7539,3,3,1517,1498,3005,3279,3761,4614,4674,6431,7287,8015,9531,10975,11378,14552,4029,6971,166977,75113,26462,9639,54833,12333,4407,33,31
2021-06-05T23:59:59+02:00,21,15,6424,6039,12665,12115,15794,16095,20859,21882,25916,27131,19918,22718,14739,18431,4338,7539,3,3,1515,1496,3002,3277,3760,4613,4671,6431,7282,8009,9523,10970,11378,14552,4029,6971,166917,75081,26449,9637,54833,12329,4407,33,31
2021-06-04T23:59:59+02:00,21,15,6389,5999,12604,12066,15734,16044,20831,21850,25896,27114,19914,22712,14736,18431,4338,7539,3,3,1512,1490,2989,3265,3741,4597,4661,6415,7244,7965,9491,10900,11340,14511,4028,6970,166811,74798,26191,9623,54808,12283,4390,33,31
2021-06-03T23:59:59+02:00,21,14,6156,5775,12305,11816,15411,15733,20498,21511,25639,26902,19867,22638,14716,18410,4337,7535,2,3,1470,1447,2914,3198,3644,4516,4549,6314,7045,7779,9111,10448,11289,14437,4028,6965,164329,73488,25944,9323,54805,12144,4173,33,31
2021-06-02T23:59:59+02:00,21,14,6089,5716,12233,11753,15338,15664,20426,21449,25622,26878,19863,22635,14713,18407,4336,7534,2,3,1457,1436,2895,3181,3627,4501,4513,6296,7010,7741,9030,10337,11280,14412,4027,6964,163971,73117,25763,9314,54804,12133,4120,33,28
2021-06-01T23:59:59+02:00,17,14,5636,5223,11498,11054,14514,14930,19708,20783,25211,26495,19773,22546,14679,18360,4328,7526,2,3,1345,1328,2597,2909,3248,4168,4023,5837,6179,6935,7838,8708,11034,14066,4013,6947,158937,67694,25110,8406,54776,11616,3439,33,25
2021-05-31T23:59:59+02:00,15,14,5388,4924,11057,10629,13986,14437,19229,20283,24905,26157,19681,22460,14641,18314,4319,7510,2,3,1285,1273,2443,2776,3046,3997,3737,5543,5619,6400,6819,7421,10789,13747,4004,6913,155472,63646,24421,7485,54769,11407,3254,33,25
2021-05-30T23:59:59+02:00,15,14,5310,4849,10870,10505,13819,14259,18880,19959,24662,25909,19650,22430,14633,18294,4318,7508,2,3,1266,1259,2414,2741,2998,3951,3669,5487,5515,6309,6643,7189,10751,13672,4001,6903,153975,62899,23916,7422,54741,11208,3219,33,25
2021-05-29T23:59:59+02:00,15,14,5307,4849,10870,10501,13814,14256,18880,19958,24661,25906,19650,22430,14633,18294,4318,7508,2,3,1265,1255,2412,2738,2994,3948,3669,5485,5513,6307,6638,7186,10751,13672,4001,6903,153956,62887,23916,7418,54740,11194,3219,33,24
2021-05-28T23:59:59+02:00,15,14,5291,4835,10849,10464,13787,14236,18863,19940,24652,25896,19648,22427,14631,18291,4318,7507,2,3,1259,1254,2411,2731,2991,3946,3662,5479,5498,6291,6621,7169,10742,13650,4000,6899,153765,62781,23914,7418,54736,11170,3216,33,23
2021-05-27T23:59:59+02:00,12,13,4998,4556,10321,10008,13201,13707,18173,19326,24071,25360,19548,22312,14598,18245,4307,7495,2,3,1096,1114,2125,2536,2690,3657,3365,5123,5169,6011,6320,6752,10514,13366,3995,6883,150498,60924,22927,7381,54628,10228,2165,33,23
2021-05-26T23:59:59+02:00,12,13,4735,4303,9888,9629,12684,13187,17559,18717,23437,24684,19424,22162,14551,18190,4301,7478,2,3,1017,1032,1964,2384,2490,3458,3102,4879,4781,5659,5761,6102,10139,12828,3979,6847,146406,57767,22170,7343,54506,9455,1839,33,23
2021-05-25T23:59:59+02:00,12,12,4521,4076,9476,9157,12227,12679,17022,18139,22917,24045,19292,21990,14519,18111,4292,7464,2,3,970,987,1901,2294,2380,3321,2929,4674,4435,5281,5174,5368,9685,12227,3963,6822,142372,54200,21336,7328,54375,9030,1835,33,23
2021-05-24T23:59:59+02:00,12,12,4409,3919,9265,8953,12023,12419,16720,17820,22587,23641,19216,21911,14504,18091,4290,7463,2,3,953,937,1840,2250,2305,3260,2842,4592,4312,5164,5028,5208,9595,12099,3960,6814,140865,53486,20378,7273,54199,8603,1780,33,22
2021-05-23T23:59:59+02:00,12,12,4397,3919,9259,8950,12010,12409,16709,17813,22571,23620,19211,21906,14503,18089,4290,7463,2,3,951,932,1838,2245,2301,3258,2835,4587,4304,5147,5021,5194,9586,12086,3959,6813,140758,53405,20375,7260,54198,8597,1779,33,21
2021-05-22T23:59:59+02:00,12,12,4393,3916,9255,8947,12002,12403,16704,17809,22568,23618,19211,21906,14503,18089,4290,7463,2,3,951,932,1837,2242,2298,3258,2834,4587,4304,5145,5019,5193,9585,12086,3959,6813,140728,53398,20375,7260,54186,8590,1779,33,21
2021-05-21T23:59:59+02:00,12,12,4361,3880,9184,8871,11928,12316,16614,17734,22503,23550,19192,21887,14499,18082,4290,7461,2,3,905,923,1805,2232,2265,3248,2802,4562,4255,5116,4995,5169,9572,12079,3958,6812,140070,53325,20375,7260,54167,8366,1731,33,21
2021-05-20T23:59:59+02:00,9,11,4107,3701,8732,8511,11447,11900,15945,17230,21920,22970,19007,21719,14467,18043,4285,7450,2,3,759,860,1546,2071,2023,3089,2559,4340,4005,4883,4838,5006,9456,11933,3950,6788,136673,52594,19997,7161,53747,7332,1004,33,20
2021-05-19T23:59:59+02:00,9,11,3865,3462,8233,8046,10870,11354,15272,16521,21242,22245,18807,21488,14426,17993,4279,7432,2,3,712,813,1485,1988,1946,2986,2492,4212,3860,4722,4661,4793,9253,11703,3930,6759,131277,51505,19814,7028,53449,6784,983,32,20
2021-05-18T23:59:59+02:00,8,10,3576,3199,7690,7512,10142,10659,14313,15580,20299,21188,18546,21203,14370,17933,4273,7410,2,3,658,765,1431,1902,1870,2875,2362,4070,3682,4519,4389,4501,9050,11452,3917,6732,124243,50270,19715,6827,53011,6156,910,32,17
2021-05-17T23:59:59+02:00,8,10,3387,2991,7231,7047,9636,10117,13584,14793,19614,20387,18360,20940,14322,17867,4262,7395,2,3,602,709,1350,1839,1795,2794,2249,3994,3545,4405,4142,4270,8906,11238,3904,6703,119006,49462,19474,6613,52545,5464,894,32,17
2021-05-16T23:59:59+02:00,8,9,3259,2918,7027,6873,9433,9902,13330,14558,19385,20157,18283,20860,14308,17848,4261,7389,2,3,589,664,1310,1790,1751,2732,2211,3901,3480,4321,4051,4168,8885,11209,3902,6701,117387,49311,19235,6445,52264,5007,890,32,17
2021-05-15T23:59:59+02:00,8,9,3258,2914,7020,6864,9431,9896,13327,14556,19382,20147,18281,20859,14308,17848,4261,7389,2,3,589,664,1307,1788,1747,2731,2208,3901,3479,4321,4049,4166,8885,11209,3902,6700,117342,49301,19235,6444,52261,5001,888,32,17
2021-05-14T23:59:59+02:00,8,9,3217,2869,6901,6722,9300,9758,13175,14372,19210,20010,18256,20833,14307,17840,4260,7386,2,3,569,651,1285,1766,1717,2709,2174,3874,3433,4284,3997,4107,8877,11202,3902,6699,116926,49257,18485,6288,52175,4874,815,32,17
2021-05-13T23:59:59+02:00,8,9,3101,2711,6575,6399,8862,9360,12625,13890,18609,19413,18127,20689,14274,17803,4255,7384,1,2,536,627,1234,1710,1661,2636,2087,3769,3282,4164,3893,3970,8854,11182,3899,6695,114039,49159,17789,5897,51569,4465,666,31,15
2021-05-12T23:59:59+02:00,8,9,3074,2680,6541,6361,8813,9306,12484,13777,18425,19209,18094,20655,14266,17793,4255,7384,1,2,535,625,1232,1705,1655,2633,2077,3763,3268,4156,3880,3956,8846,11175,3899,6694,113326,49130,17563,5868,51551,4426,663,31,15
2021-05-11T23:59:59+02:00,6,9,2688,2424,5747,5866,7840,8493,11089,12609,16858,17732,17590,20091,14182,17688,4237,7361,0,2,497,566,1103,1598,1489,2477,1891,3585,3047,3893,3771,3842,8778,11082,3894,6689,105922,48888,16939,5671,49481,3492,138,30,15
2021-05-10T23:59:59+02:00,6,7,2503,2258,5271,5486,7147,7868,10058,11694,15559,16361,17210,19639,14119,17574,4229,7337,0,2,473,541,1059,1559,1445,2423,1829,3483,2928,3762,3688,3769,8739,11034,3890,6685,100110,48768,16029,5440,48024,2953,133,30,15
2021-05-09T23:59:59+02:00,6,7,2423,2226,5134,5402,6962,7749,9647,11354,15013,15831,17092,19499,14099,17545,4226,7332,0,2,458,523,1025,1501,1374,2339,1770,3361,2816,3608,3602,3676,8716,11001,3887,6682,98532,48681,15440,5169,47415,2346,130,30,15
2021-05-08T23:59:59+02:00,6,7,2419,2224,5132,5402,6960,7746,9642,11350,15011,15830,17092,19499,14099,17545,4226,7332,0,2,457,522,1024,1501,1374,2338,1770,3361,2815,3607,3600,3676,8715,11001,3887,6682,98512,48675,15437,5169,47413,2343,130,30,15
2021-05-07T23:59:59+02:00,6,7,2249,2161,4861,5307,6596,7593,9192,11137,14568,15509,16915,19297,14087,17516,4226,7330,0,2,447,520,1013,1488,1359,2324,1735,3351,2766,3573,3554,3636,8635,10920,3887,6679,97804,48651,14918,4818,45679,2279,126,30,15
2021-05-06T23:59:59+02:00,6,7,2017,2028,4314,4963,5937,7218,8421,10577,13595,14689,16517,18847,14038,17422,4214,7317,0,2,417,472,972,1388,1272,2160,1627,3127,2543,3291,3376,3436,8456,10727,3878,6665,95217,48209,13684,4210,43140,1318,57,29,15
2021-05-05T23:59:59+02:00,6,7,1894,1919,4033,4739,5507,6847,7728,9986,12476,13632,15839,18011,13934,17320,4205,7293,0,2,409,458,958,1360,1244,2118,1592,3051,2482,3207,3325,3396,8377,10628,3872,6655,90808,48074,12364,4060,42135,944,41,28,15
2021-05-04T23:59:59+02:00,6,7,1809,1834,3768,4503,5097,6491,7062,9411,11258,12388,14921,16883,13825,17183,4201,7279,0,2,404,448,940,1339,1225,2075,1574,3012,2438,3152,3279,3347,8289,10516,3866,6641,84997,47931,11727,3861,41148,712,28,26,15
2021-05-03T23:59:59+02:00,5,7,1759,1780,3616,4378,4865,6279,6680,9079,10530,11652,14194,15902,13737,17068,4192,7262,0,2,398,438,934,1324,1210,2042,1553,2970,2405,3106,3226,3307,8174,10414,3861,6635,80567,47800,11523,3640,40847,523,22,26,14
2021-05-02T23:59:59+02:00,5,7,1749,1762,3542,4351,4780,6226,6609,9018,10411,11537,14007,15708,13705,17041,4191,7257,0,2,396,428,927,1309,1206,2025,1549,2956,2389,3089,3208,3288,8136,10382,3860,6631,80004,47772,11246,3540,40613,438,17,26,14
2021-05-01T23:59:59+02:00,5,7,1746,1762,3540,4350,4779,6224,6606,9016,10406,11533,14004,15708,13704,17040,4191,7254,0,2,395,428,927,1309,1205,2024,1549,2955,2389,3089,3208,3288,8136,10382,3860,6630,79975,47768,11246,3540,40612,438,16,26,14
2021-04-30T23:59:59+02:00,5,7,1743,1754,3534,4341,4772,6212,6585,9001,10367,11494,13953,15634,13678,17009,4190,7253,0,2,395,426,925,1307,1205,2024,1549,2955,2386,3087,3208,3286,8135,10380,3860,6630,79645,47760,11245,3539,40602,432,15,25,14
2021-04-29T23:59:59+02:00,5,7,1623,1713,3294,4226,4496,6057,6266,8750,9950,11100,13370,14929,13574,16852,4184,7245,0,2,386,415,916,1284,1185,1990,1524,2919,2357,3039,3194,3275,8122,10362,3857,6626,76856,47645,10859,3537,39888,243,14,24,14
2021-04-28T23:59:59+02:00,5,7,1498,1665,3119,4125,4263,5878,5909,8477,9362,10608,12490,13747,13418,16642,4175,7231,0,2,377,404,899,1271,1169,1961,1486,2875,2286,2969,3037,3139,8008,10246,3850,6615,72354,47218,10674,3121,39556,229,12,23,14
2021-04-27T23:59:59+02:00,5,7,1461,1620,3010,4007,4060,5736,5603,8219,8739,9938,11452,12435,13188,16285,4164,7209,0,2,365,388,889,1250,1154,1925,1459,2802,2239,2908,2998,3094,7980,10214,3843,6610,67546,47000,10488,2947,39072,147,12,20,14
2021-04-26T23:59:59+02:00,5,7,1436,1585,2899,3929,3888,5593,5290,8005,8247,9496,10694,11507,13043,16080,4153,7191,0,2,364,383,879,1239,1137,1914,1429,2781,2210,2877,2948,3042,7930,10164,3837,6605,64126,46896,10298,2693,38592,126,12,20,14
2021-04-25T23:59:59+02:00,5,7,1425,1578,2829,3897,3791,5533,5152,7958,8051,9387,10496,11270,13006,16026,4152,7186,0,2,363,378,870,1233,1119,1898,1414,2762,2186,2850,2906,3009,7882,10116,3836,6600,63610,46813,10095,2485,38012,100,12,20,14
2021-04-24T23:59:59+02:00,5,7,1424,1578,2829,3894,3790,5532,5150,7956,8047,9383,10489,11266,13006,16026,4152,7186,0,2,363,378,870,1232,1119,1895,1412,2761,2185,2850,2906,3009,7882,10116,3836,6600,63582,46807,10095,2484,38011,99,12,20,14
2021-04-23T23:59:59+02:00,5,7,1407,1567,2760,3860,3707,5502,5032,7908,7910,9323,10402,11152,12982,15985,4150,7182,0,2,362,378,869,1229,1119,1895,1411,2761,2185,2850,2905,3009,7881,10116,3836,6600,63443,46801,9815,2483,37551,98,12,20,14
2021-04-22T23:59:59+02:00,5,7,1364,1537,2652,3796,3546,5395,4799,7753,7557,9086,9827,10455,12715,15686,4144,7158,0,2,356,377,860,1220,1109,1882,1399,2734,2157,2829,2869,2976,7791,10006,3824,6583,61807,46385,9155,2474,36488,89,12,20,14
2021-04-21T23:59:59+02:00,5,7,1332,1500,2571,3714,3427,5293,4580,7573,7145,8759,8934,9422,12299,15107,4131,7116,0,2,351,375,855,1203,1100,1861,1381,2704,2126,2801,2810,2919,7676,9838,3806,6555,59063,45899,8286,2349,35534,89,12,20,14
2021-04-20T23:59:59+02:00,4,7,1309,1473,2500,3640,3327,5196,4406,7390,6760,8425,8040,8292,11834,14517,4117,7102,0,2,345,370,843,1190,1090,1839,1356,2681,2092,2758,2749,2862,7525,9649,3774,6500,56201,45174,7520,2343,34588,83,11,19,14
2021-04-19T23:59:59+02:00,4,7,1292,1456,2465,3603,3266,5129,4296,7287,6521,8190,7403,7516,11581,14161,4106,7084,0,2,343,368,837,1180,1084,1827,1333,2668,2058,2730,2694,2818,7408,9482,3751,6461,54244,44611,7146,2329,33947,79,11,19,14
2021-04-18T23:59:59+02:00,4,6,1282,1444,2432,3577,3226,5107,4243,7231,6385,8059,7049,7128,11487,14057,4103,7072,0,2,343,366,835,1176,1083,1819,1331,2655,2052,2725,2688,2804,7381,9449,3749,6457,53719,44485,6687,2326,33456,79,11,19,14
2021-04-17T23:59:59+02:00,4,6,1281,1442,2432,3575,3225,5103,4238,7228,6378,8049,7034,7118,11485,14055,4103,7072,0,2,343,366,834,1175,1083,1819,1329,2654,2051,2723,2685,2801,7380,9449,3749,6457,53697,44472,6685,2325,33417,79,11,18,13
2021-04-16T23:59:59+02:00,4,6,1278,1440,2421,3566,3217,5095,4219,7209,6327,8016,6957,7033,11472,14041,4101,7070,0,2,343,365,829,1173,1081,1819,1327,2653,2048,2723,2684,2794,7378,9447,3748,6457,53638,44447,6447,2321,33358,79,11,18,13
2021-04-15T23:59:59+02:00,2,4,1242,1420,2366,3517,3122,5036,4058,7081,6069,7783,6415,6476,11222,13753,4086,7038,0,2,336,363,810,1153,1042,1759,1282,2581,1974,2628,2604,2722,7289,9358,3738,6440,52550,43852,6057,2135,32054,73,11,18,10
2021-04-14T23:59:59+02:00,2,4,1221,1406,2330,3489,3052,4974,3950,6977,5879,7574,5771,5773,10829,13261,4054,6988,0,2,328,360,798,1143,1024,1732,1250,2540,1923,2576,2525,2652,7139,9162,3719,6414,51140,43183,5850,2011,30516,73,10,18,10
2021-04-13T23:59:59+02:00,2,4,1206,1395,2297,3458,2995,4910,3839,6897,5630,7353,5232,5221,10488,12848,4031,6960,0,2,307,346,779,1113,1002,1711,1226,2504,1885,2535,2459,2586,7020,9024,3683,6353,50108,42493,5645,1952,28985,70,10,18,10
2021-04-12T23:59:59+02:00,2,4,1191,1388,2270,3435,2944,4865,3710,6815,5421,7203,4903,4928,10236,12567,4022,6936,0,2,291,342,766,1108,985,1695,1212,2481,1834,2489,2381,2525,6905,8882,3669,6330,49637,41913,5445,1903,27733,63,8,17,10
2021-04-11T23:59:59+02:00,2,4,1185,1374,2250,3414,2911,4845,3649,6744,5277,7092,4670,4728,10050,12368,4016,6925,0,2,284,340,761,1100,976,1680,1201,2453,1812,2457,2327,2466,6821,8774,3655,6310,49549,41498,5208,1842,26726,62,7,14,10
2021-04-10T23:59:59+02:00,2,4,1185,1373,2247,3409,2908,4841,3643,6740,5267,7080,4664,4717,10042,12355,4016,6925,0,2,281,336,745,1093,962,1675,1177,2432,1740,2405,2239,2380,6762,8727,3653,6306,49493,41326,5206,1512,26699,61,6,14,10
2021-04-09T23:59:59+02:00,2,4,1181,1370,2240,3407,2899,4831,3634,6729,5238,7056,4639,4689,10015,12324,4015,6925,0,2,272,333,725,1083,946,1654,1143,2385,1648,2329,2019,2111,6607,8567,3631,6273,49415,40471,5200,1180,26563,61,6,14,10
2021-04-08T23:59:59+02:00,2,4,1157,1350,2187,3351,2813,4741,3492,6599,5001,6823,4246,4281,9470,11749,3996,6871,0,2,247,311,675,1024,888,1581,1070,2289,1512,2209,1741,1774,6139,8004,3543,6126,48949,37892,4670,1177,24494,50,6,14,10
2021-04-07T23:59:59+02:00,2,4,1147,1336,2153,3333,2771,4704,3403,6536,4836,6688,3953,3977,8907,11197,3979,6842,0,2,214,282,615,969,827,1508,1010,2229,1406,2110,1600,1598,5539,7301,3454,5969,48734,35397,4194,1173,22822,49,4,14,10
2021-04-06T23:59:59+02:00,2,4,1125,1318,2109,3307,2732,4671,3338,6488,4710,6594,3696,3722,8416,10686,3963,6811,0,2,206,277,586,949,802,1460,964,2171,1323,2023,1453,1409,4949,6507,3339,5763,48535,32960,3658,1165,21482,46,3,14,9
2021-04-05T23:59:59+02:00,2,4,1122,1314,2102,3304,2722,4669,3322,6473,4687,6575,3664,3695,8385,10648,3959,6809,0,2,203,265,579,932,783,1436,948,2134,1283,1984,1406,1346,4734,6238,3291,5706,48442,32049,3652,1163,21345,46,3,14,9
2021-04-04T23:59:59+02:00,2,4,1122,1313,2102,3302,2722,4667,3322,6473,4685,6574,3657,3691,8383,10646,3959,6809,0,2,203,265,578,932,783,1436,948,2134,1283,1983,1406,1346,4733,6238,3291,5706,48431,32046,3650,1163,21335,46,3,14,9
2021-04-03T23:59:59+02:00,2,4,1122,1313,2101,3302,2722,4667,3322,6473,4685,6574,3656,3689,8383,10645,3959,6809,0,2,203,265,578,931,783,1436,948,2134,1283,1983,1406,1346,4733,6238,3291,5706,48430,32045,3649,1163,21332,46,3,14,9
2021-04-02T23:59:59+02:00,2,4,1122,1313,2101,3300,2722,4666,3321,6469,4685,6572,3653,3685,8381,10644,3959,6809,0,2,203,265,578,931,783,1434,948,2133,1283,1982,1406,1344,4730,6236,3290,5706,48411,32034,3649,1162,21331,46,3,14,9
2021-04-01T23:59:59+02:00,1,4,1109,1278,2035,3181,2613,4466,3172,6219,4525,6333,3609,3648,8281,10537,3948,6792,0,2,198,256,574,922,772,1428,938,2119,1260,1967,1385,1317,4490,5916,3170,5539,48035,31044,3643,1158,20056,39,3,14,9
2021-03-31T23:59:59+02:00,1,4,1092,1249,1996,3082,2538,4323,3081,6007,4394,6103,3524,3565,8128,10340,3928,6756,0,2,190,253,567,911,768,1410,926,2099,1219,1934,1329,1254,3995,5310,3042,5303,47425,29306,3514,1158,19155,38,3,14,7
2021-03-30T23:59:59+02:00,1,3,1069,1216,1944,2899,2436,4099,2931,5649,4193,5714,3430,3470,7963,10135,3901,6702,0,2,186,248,558,901,757,1388,904,2079,1170,1889,1242,1169,3466,4589,2818,4966,46784,27135,3348,1158,17606,29,3,14,7
2021-03-29T23:59:59+02:00,1,3,1052,1173,1880,2771,2352,3942,2793,5395,4030,5437,3330,3370,7800,9905,3872,6654,0,2,185,243,552,890,746,1374,886,2055,1133,1861,1165,1081,2881,3905,2641,4671,46136,25091,3112,1152,16496,19,2,14,7
2021-03-28T23:59:59+02:00,1,3,1033,1141,1809,2608,2270,3738,2672,5100,3878,5160,3265,3304,7735,9842,3868,6649,0,2,185,243,550,887,745,1372,884,2049,1130,1858,1156,1069,2826,3838,2628,4644,46029,24894,2903,1150,15128,14,2,14,6
2021-03-27T23:59:59+01:00,1,3,1033,1141,1809,2607,2269,3737,2669,5100,3875,5160,3261,3303,7734,9842,3868,6649,0,2,185,243,549,887,745,1372,883,2049,1127,1858,1156,1069,2826,3838,2628,4644,46020,24889,2903,1150,15123,14,2,13,6
2021-03-26T23:59:59+01:00,1,3,1028,1117,1766,2492,2205,3579,2606,4889,3789,4936,3240,3287,7731,9837,3867,6648,0,2,185,242,549,887,744,1372,883,2049,1127,1855,1152,1068,2823,3832,2627,4641,45993,24868,2900,1150,14113,12,2,13,6
2021-03-25T23:59:59+01:00,1,3,1003,1086,1715,2389,2122,3410,2498,4660,3676,4738,3138,3195,7603,9703,3860,6634,0,2,183,240,544,885,737,1363,877,2031,1110,1831,1106,1024,2594,3484,2428,4348,45733,23618,2562,1150,13127,12,1,11,6
2021-03-24T23:59:59+01:00,1,3,980,1066,1695,2346,2091,3361,2461,4593,3633,4668,3050,3124,7473,9531,3841,6616,0,2,183,235,538,880,729,1352,865,2016,1091,1811,1066,981,2198,2936,2033,3825,45189,21574,2432,1148,12900,12,1,11,6
2021-03-23T23:59:59+01:00,1,3,969,1060,1677,2313,2067,3327,2426,4549,3592,4618,2983,3051,7379,9427,3823,6588,0,2,181,232,534,875,722,1340,851,1997,1054,1779,984,889,1832,2445,1681,3358,44671,19623,2421,1114,12750,12,1,10,6
2021-03-22T23:59:59+01:00,1,3,967,1051,1663,2295,2053,3309,2404,4520,3555,4576,2939,3017,7316,9357,3809,6571,0,2,178,229,532,864,706,1317,837,1983,1025,1752,935,817,1354,1869,1326,2865,44336,17515,2399,1057,12660,12,1,10,6
2021-03-21T23:59:59+01:00,1,3,967,1050,1662,2292,2053,3306,2400,4516,3543,4568,2925,3008,7269,9302,3802,6565,0,2,178,226,530,862,705,1313,835,1979,1014,1747,912,798,1276,1784,1270,2796,44187,17212,2395,996,12639,12,1,10,6
2021-03-20T23:59:59+01:00,1,3,966,1049,1661,2291,2053,3306,2400,4515,3541,4566,2924,3007,7269,9301,3802,6565,0,2,178,226,530,862,705,1313,835,1979,1001,1732,877,770,1244,1761,1261,2794,44183,17209,2391,842,12635,12,1,10,6
2021-03-19T23:59:59+01:00,1,3,965,1041,1654,2277,2042,3302,2397,4509,3534,4559,2914,2996,7257,9284,3801,6562,0,2,178,224,529,862,705,1311,835,1978,994,1727,833,732,1181,1709,1251,2783,44121,17165,2387,650,12579,12,1,10,6
2021-03-18T23:59:59+01:00,1,3,929,1009,1577,2163,1918,3133,2248,4260,3305,4309,2761,2838,6955,8919,3735,6460,0,2,177,223,524,857,698,1303,826,1967,971,1710,815,709,1104,1600,1106,2577,42725,16579,2075,571,11712,12,1,10,6
2021-03-17T23:59:59+01:00,1,3,876,977,1506,2103,1855,3067,2183,4200,3209,4214,2623,2703,6528,8425,3670,6345,0,2,176,221,520,852,696,1299,822,1962,966,1702,786,690,969,1447,951,2361,40947,15833,2070,570,11460,12,1,10,6
2021-03-16T23:59:59+01:00,1,3,851,953,1472,2061,1817,3017,2129,4143,3113,4116,2489,2544,6050,7773,3579,6194,0,0,170,218,516,851,692,1292,817,1953,958,1689,781,677,881,1321,807,2196,38945,15230,2007,570,11343,12,1,9,6
2021-03-15T23:59:59+01:00,1,3,834,947,1454,2036,1779,2961,2091,4072,3012,4007,2355,2373,5562,7228,3506,6077,0,0,169,217,516,843,690,1283,813,1943,948,1673,770,667,811,1210,651,1991,37168,14645,1906,532,11215,12,0,9,6
2021-03-14T23:59:59+01:00,1,3,829,932,1430,2009,1754,2932,2060,4012,2949,3938,2176,2176,5377,7001,3475,6044,0,0,169,217,515,840,688,1272,812,1936,945,1664,752,658,795,1191,627,1936,36143,14500,1805,508,11141,3,0,9,6
2021-03-13T23:59:59+01:00,1,3,821,924,1409,1998,1737,2919,2032,3984,2874,3890,2104,2102,5328,6946,3473,6043,0,0,169,217,515,839,688,1272,811,1936,945,1664,752,658,795,1191,627,1936,35889,14498,1557,508,11133,3,0,9,6
2021-03-12T23:59:59+01:00,1,3,797,908,1363,1939,1673,2821,1933,3833,2716,3723,1907,1863,5141,6722,3441,6000,0,0,169,217,514,839,688,1272,810,1936,945,1663,743,655,782,1175,619,1933,34555,14444,1314,507,10906,3,0,9,6
2021-03-11T23:59:59+01:00,1,3,763,847,1294,1854,1589,2672,1849,3633,2554,3551,1640,1553,4772,6249,3305,5817,0,0,160,210,508,830,677,1263,795,1900,925,1621,612,593,712,1132,599,1901,32436,13937,1214,494,10287,2,0,9,5
2021-03-10T23:59:59+01:00,1,3,748,795,1271,1796,1557,2615,1798,3562,2472,3462,1568,1464,4299,5704,3186,5563,0,0,160,208,499,809,659,1249,785,1880,918,1605,543,577,679,1123,592,1895,30614,13784,1208,390,10033,2,0,9,5
2021-03-09T23:59:59+01:00,1,3,734,774,1249,1766,1530,2569,1758,3511,2398,3410,1473,1366,3736,4949,2993,5253,0,0,157,206,493,788,649,1225,771,1848,906,1577,539,575,677,1118,589,1889,28425,13722,1205,278,9834,2,0,9,5
2021-03-08T23:59:59+01:00,0,3,730,746,1236,1746,1512,2548,1730,3472,2358,3367,1379,1264,3058,4117,2756,4883,0,0,153,203,479,765,627,1193,752,1798,882,1540,536,573,677,1117,589,1889,25955,13714,1205,54,9736,0,0,9,5
2021-03-07T23:59:59+01:00,0,3,727,742,1226,1736,1504,2532,1719,3464,2346,3359,1366,1248,2956,3994,2733,4834,0,0,153,203,479,765,627,1193,752,1798,882,1540,536,573,677,1117,589,1889,25601,13714,1203,54,9676,0,0,9,5
2021-03-06T23:59:59+01:00,0,3,726,742,1224,1731,1501,2529,1715,3461,2341,3358,1363,1248,2956,3994,2733,4834,0,0,152,203,479,765,627,1193,752,1798,882,1540,536,573,677,1117,589,1889,25596,13713,1203,54,9651,0,0,9,5
2021-03-05T23:59:59+01:00,0,3,665,718,1199,1716,1480,2519,1690,3446,2312,3348,1357,1245,2948,3988,2730,4829,0,0,152,203,479,764,627,1192,752,1798,882,1537,535,573,677,1117,589,1889,25569,13707,1198,54,9417,0,0,9,5
2021-03-04T23:59:59+01:00,0,3,599,672,1131,1646,1424,2436,1649,3365,2238,3270,1306,1197,2727,3622,2544,4541,0,0,150,197,476,750,616,1180,741,1770,873,1524,524,562,664,1107,584,1880,24338,13542,1190,52,8833,0,0,9,4
2021-03-03T23:59:59+01:00,0,3,562,632,1064,1583,1328,2355,1548,3279,2112,3184,1263,1150,2352,3099,2188,4089,0,0,150,197,474,747,616,1180,740,1766,870,1523,520,559,662,1104,584,1877,22461,13516,1188,50,8135,0,0,7,3
2021-03-02T23:59:59+01:00,0,3,544,598,1026,1537,1270,2311,1490,3227,2015,3122,1179,1047,1983,2620,1793,3566,0,0,148,195,469,741,611,1169,730,1756,865,1502,511,550,651,1081,564,1844,20380,13334,1185,50,7759,0,0,7,3
2021-03-01T23:59:59+01:00,0,3,537,549,1005,1498,1224,2250,1444,3163,1960,3049,1134,973,1484,2024,1405,3020,0,0,146,195,469,740,611,1168,730,1753,864,1502,509,550,647,1072,560,1833,18085,13296,1182,50,7448,0,0,7,3
2021-02-28T23:59:59+01:00,0,3,529,535,987,1458,1198,2188,1416,3105,1905,2976,1113,951,1369,1884,1331,2932,0,0,146,195,468,739,611,1168,729,1751,863,1501,507,550,647,1072,560,1833,17604,13287,1180,50,7089,0,0,7,3
2021-02-27T23:59:59+01:00,0,3,529,533,986,1455,1198,2187,1416,3104,1905,2975,1113,951,1369,1883,1329,2932,0,0,145,195,467,738,608,1166,727,1749,861,1500,507,550,647,1072,560,1833,17601,13286,1180,36,7080,0,0,7,3
2021-02-26T23:59:59+01:00,0,3,389,483,857,1411,1115,2144,1348,3063,1846,2933,1108,945,1366,1882,1329,2930,0,0,145,195,467,738,608,1166,727,1748,861,1499,507,550,647,1072,560,1833,17589,13285,1180,35,6376,0,0,7,3
2021-02-25T23:59:59+01:00,0,3,301,429,762,1316,1031,2053,1248,2890,1707,2770,1070,913,1284,1757,1209,2738,0,0,138,185,455,725,592,1140,720,1722,841,1475,493,536,619,1040,546,1814,16986,13015,1180,24,5308,0,0,7,2
2021-02-24T23:59:59+01:00,0,2,256,385,689,1240,957,1966,1194,2772,1641,2653,1043,893,1161,1611,1053,2519,0,0,135,185,451,721,588,1139,719,1717,840,1471,488,531,611,1035,543,1802,16274,12954,1178,20,4576,0,0,7,2
2021-02-23T23:59:59+01:00,0,2,244,364,669,1181,928,1887,1147,2660,1565,2542,1017,865,1080,1483,910,2354,0,0,135,183,451,720,588,1139,719,1714,838,1470,487,528,609,1034,543,1801,15711,12942,1143,16,4037,0,0,7,1
2021-02-22T23:59:59+01:00,0,0,230,345,646,1151,896,1804,1097,2568,1479,2419,971,835,961,1340,723,2097,0,0,135,183,450,719,586,1138,718,1714,832,1467,486,527,608,1032,542,1799,14957,12930,1070,5,3528,0,0,7,1
2021-02-21T23:59:59+01:00,0,0,224,334,610,1083,846,1698,1054,2467,1399,2311,954,814,928,1288,670,2031,0,0,135,182,447,711,585,1134,718,1709,832,1465,485,527,607,1032,541,1798,14747,12902,1027,5,2930,0,0,7,1
2021-02-20T23:59:59+01:00,0,0,224,331,607,1082,844,1693,1050,2461,1384,2292,918,785,895,1265,662,2029,0,0,135,182,447,711,585,1134,718,1709,832,1465,485,526,606,1032,541,1798,14745,12901,867,5,2903,0,0,7,0
2021-02-19T23:59:59+01:00,0,0,214,323,598,1074,831,1678,1029,2444,1351,2249,673,683,752,1201,637,2012,0,0,135,182,447,709,585,1131,717,1706,829,1462,485,525,606,1031,540,1798,14267,12884,679,4,2796,0,0,7,0
2021-02-18T23:59:59+01:00,0,0,198,274,559,952,746,1451,899,2186,1100,1874,594,615,711,1159,617,1994,0,0,130,182,434,697,570,1113,711,1680,813,1434,482,522,605,1030,540,1798,14107,12737,579,4,1237,0,0,6,0
2021-02-17T23:59:59+01:00,0,0,192,233,537,902,709,1355,840,2018,1015,1742,572,594,711,1156,615,1991,0,0,124,179,422,686,562,1097,692,1648,800,1411,479,520,603,1027,540,1797,14087,12584,579,3,510,0,0,6,0
2021-02-16T23:59:59+01:00,0,0,185,230,529,886,694,1324,820,1979,982,1702,560,589,705,1154,614,1988,0,0,119,174,408,681,551,1081,679,1630,790,1397,473,514,596,1013,532,1766,14056,12402,579,2,300,0,0,6,0
2021-02-15T23:59:59+01:00,0,0,171,221,524,859,688,1290,805,1945,953,1655,559,586,703,1154,614,1988,0,0,116,173,401,671,540,1062,650,1603,776,1379,471,511,596,1013,532,1766,14053,12258,540,2,116,0,0,6,0
2021-02-14T23:59:59+01:00,0,0,166,213,520,846,687,1281,802,1936,935,1647,558,585,703,1151,613,1988,0,0,109,169,390,660,523,1044,631,1588,769,1366,471,509,594,1011,532,1766,14047,12130,538,2,40,0,0,6,0
2021-02-13T23:59:59+01:00,0,0,165,213,519,846,687,1281,802,1936,935,1647,558,585,703,1151,613,1988,0,0,109,169,389,659,523,1044,631,1588,769,1366,471,509,594,1011,532,1766,14046,12128,538,2,39,0,0,6,0
2021-02-12T23:59:59+01:00,0,0,163,212,514,844,686,1278,798,1935,933,1644,557,585,703,1151,613,1988,0,0,106,167,386,653,518,1037,617,1573,766,1349,469,508,582,991,527,1737,14039,11984,537,2,22,0,0,6,0
2021-02-11T23:59:59+01:00,0,0,160,211,510,836,678,1274,795,1931,927,1642,552,579,695,1145,608,1982,0,0,87,131,357,584,471,957,565,1456,722,1255,445,463,538,937,483,1641,13988,11091,524,1,8,0,0,5,0
2021-02-10T23:59:59+01:00,0,0,157,209,500,819,661,1259,783,1903,912,1618,543,573,684,1132,603,1972,0,0,78,120,329,524,445,849,524,1279,647,1097,396,413,471,820,433,1478,13862,9902,460,1,1,0,0,5,0
2021-02-09T23:59:59+01:00,0,0,156,203,492,781,645,1220,763,1842,900,1577,532,561,678,1116,594,1953,0,0,73,103,310,454,410,763,481,1176,583,998,365,358,428,732,399,1357,13748,8990,261,0,0,0,0,4,0
2021-02-08T23:59:59+01:00,0,0,152,199,475,755,623,1185,743,1792,880,1533,526,560,676,1110,590,1937,0,0,59,77,265,386,360,630,422,946,510,818,307,303,362,578,334,1151,13677,7508,55,0,0,0,0,4,0
2021-02-07T23:59:59+01:00,0,0,152,198,473,754,621,1184,742,1784,878,1531,525,560,676,1110,590,1936,0,0,58,69,246,351,341,586,406,914,490,783,307,296,360,571,332,1147,13655,7257,55,0,0,0,0,4,0
2021-02-06T23:59:59+01:00,0,0,152,198,473,754,621,1184,742,1784,878,1531,525,560,676,1110,590,1936,0,0,58,69,246,350,341,586,406,913,488,781,307,295,359,569,331,1147,13655,7246,55,0,0,0,0,4,0
2021-02-05T23:59:59+01:00,0,0,152,198,473,754,621,1184,742,1784,878,1529,525,560,675,1110,590,1936,0,0,56,69,245,347,334,582,398,890,478,761,297,290,348,545,313,1107,13652,7060,55,0,0,0,0,4,0
2021-02-04T23:59:59+01:00,0,0,146,193,469,746,614,1176,738,1770,872,1520,518,553,654,1085,581,1918,0,0,42,52,212,313,292,486,356,749,384,615,232,219,263,379,232,820,13495,5646,54,0,0,0,0,4,0
2021-02-03T23:59:59+01:00,0,0,144,192,462,739,606,1167,734,1756,864,1504,506,545,639,1072,574,1910,0,0,34,33,157,220,238,354,265,572,309,466,182,172,186,283,179,613,13360,4263,51,0,0,0,0,3,0
2021-02-02T23:59:59+01:00,0,0,144,189,460,738,606,1167,731,1750,857,1500,505,543,635,1069,573,1906,0,0,25,27,138,174,193,283,221,436,257,375,142,132,139,211,142,484,13320,3379,51,0,0,0,0,2,0
2021-02-01T23:59:59+01:00,0,0,142,189,459,737,601,1164,730,1742,855,1495,503,541,630,1066,572,1899,0,0,21,19,102,128,139,192,155,303,168,259,90,94,94,134,76,258,13272,2232,51,0,0,0,0,2,0
2021-01-31T23:59:59+01:00,0,0,141,188,459,734,598,1163,730,1738,855,1494,501,540,629,1064,572,1898,0,0,14,15,69,88,97,127,118,226,141,203,85,87,90,126,74,244,13252,1804,51,0,0,0,0,1,0
2021-01-30T23:59:59+01:00,0,0,141,188,458,734,596,1161,729,1737,855,1494,501,540,628,1064,572,1898,0,0,14,15,69,88,97,125,116,222,138,200,84,86,90,120,68,234,13251,1766,44,0,0,0,0,1,0
2021-01-29T23:59:59+01:00,0,0,141,188,458,731,595,1158,727,1735,853,1493,501,540,628,1064,572,1898,0,0,12,15,57,82,80,121,98,211,115,188,79,79,88,116,67,233,13245,1641,36,0,0,0,0,1,0
2021-01-28T23:59:59+01:00,0,0,134,184,445,714,578,1131,721,1708,830,1464,494,534,625,1061,569,1895,0,0,7,3,14,20,25,47,31,97,47,87,46,50,57,86,49,176,13059,842,27,0,0,0,0,1,0
2021-01-27T23:59:59+01:00,0,0,127,181,433,703,570,1121,705,1673,823,1440,491,532,621,1056,569,1890,0,0,3,1,6,12,11,26,13,41,23,31,13,17,25,35,20,55,12909,332,25,0,0,0,0,1,0
2021-01-26T23:59:59+01:00,0,0,120,177,419,692,557,1107,696,1650,811,1419,486,526,615,1039,561,1855,0,0,3,1,6,11,8,24,11,38,17,28,13,15,24,33,20,54,12713,306,16,0,0,0,0,1,0
2021-01-25T23:59:59+01:00,0,0,117,175,410,680,546,1088,669,1622,793,1401,484,522,613,1038,561,1855,0,0,2,1,5,9,8,19,6,29,12,22,9,6,14,22,10,35,12568,209,5,0,0,0,0,1,0
2021-01-24T23:59:59+01:00,0,0,111,172,400,670,531,1070,652,1609,780,1389,483,519,612,1038,561,1855,0,0,2,0,3,6,8,7,4,8,5,9,1,2,12,15,6,21,12446,109,5,0,0,0,0,1,0
2021-01-23T23:59:59+01:00,0,0,111,172,400,669,531,1070,652,1609,780,1389,483,519,612,1038,561,1855,0,0,1,0,3,6,8,7,4,8,5,9,1,2,12,15,6,21,12445,108,5,0,0,0,0,1,0
2021-01-22T23:59:59+01:00,0,0,108,170,393,663,527,1063,638,1594,774,1371,483,514,601,1017,554,1826,0,0,1,0,3,6,8,7,4,8,5,9,1,2,12,15,6,21,12292,108,4,0,0,0,0,0,0
2021-01-21T23:59:59+01:00,0,0,97,162,378,647,504,1029,608,1544,752,1328,466,476,567,973,518,1758,0,0,1,0,3,6,8,6,4,8,5,9,1,2,12,15,6,21,11803,107,4,0,0,0,0,0,0
2021-01-20T23:59:59+01:00,0,0,79,121,343,557,461,888,551,1310,663,1140,404,417,482,830,454,1534,0,0,1,0,2,5,8,6,4,8,5,9,1,2,12,15,6,21,10230,105,4,0,0,0,0,0,0
2021-01-19T23:59:59+01:00,0,0,74,107,316,478,420,799,508,1198,611,1037,380,379,445,751,424,1438,0,0,1,0,1,3,7,5,4,7,5,9,1,0,9,10,5,18,9361,85,4,0,0,0,0,0,0
2021-01-18T23:59:59+01:00,0,0,60,77,270,391,365,651,431,966,519,840,312,311,375,597,358,1230,0,0,1,0,1,3,7,5,4,7,5,8,1,0,9,10,5,18,7751,84,2,0,0,0,0,0,0
2021-01-17T23:59:59+01:00,0,0,59,68,251,356,344,599,412,923,495,801,309,302,373,590,355,1222,0,0,0,0,0,0,0,1,0,0,0,0,0,0,0,0,0,0,7457,1,2,0,0,0,0,0,0
2021-01-16T23:59:59+01:00,0,0,59,68,251,355,344,599,412,922,493,799,309,301,371,586,354,1222,0,0,0,0,0,0,0,0,0,0,0,0,0,0,0,0,0,0,7443,0,2,0,0,0,0,0,0
2021-01-15T23:59:59+01:00,0,0,57,68,251,351,338,593,401,898,481,774,295,295,352,557,331,1180,0,0,0,0,0,0,0,0,0,0,0,0,0,0,0,0,0,0,7220,0,2,0,0,0,0,0,0
2021-01-14T23:59:59+01:00,0,0,44,55,237,327,313,518,367,773,393,629,232,221,262,381,238,848,0,0,0,0,0,0,0,0,0,0,0,0,0,0,0,0,0,0,5838,0,0,0,0,0,0,0,0
2021-01-13T23:59:59+01:00,0,0,38,44,213,268,272,417,300,619,322,503,177,178,190,290,192,656,0,0,0,0,0,0,0,0,0,0,0,0,0,0,0,0,0,0,4679,0,0,0,0,0,0,0,0
2021-01-12T23:59:59+01:00,0,0,33,41,208,253,257,382,276,538,290,457,140,136,144,222,150,515,0,0,0,0,0,0,0,0,0,0,0,0,0,0,0,0,0,0,4042,0,0,0,0,0,0,0,0
2021-01-11T23:59:59+01:00,0,0,28,37,198,232,239,329,229,450,240,382,109,106,108,145,88,320,0,0,0,0,0,0,0,0,0,0,0,0,0,0,0,0,0,0,3240,0,0,0,0,0,0,0,0
2021-01-10T23:59:59+01:00,0,0,26,31,159,172,196,254,191,354,198,305,98,99,105,140,86,305,0,0,0,0,0,0,0,0,0,0,0,0,0,0,0,0,0,0,2719,0,0,0,0,0,0,0,0
2021-01-09T23:59:59+01:00,0,0,26,31,152,168,194,246,187,346,196,300,98,99,105,140,86,305,0,0,0,0,0,0,0,0,0,0,0,0,0,0,0,0,0,0,2679,0,0,0,0,0,0,0,0
2021-01-08T23:59:59+01:00,0,0,23,28,121,144,173,233,162,317,168,279,93,89,103,136,85,304,0,0,0,0,0,0,0,0,0,0,0,0,0,0,0,0,0,0,2458,0,0,0,0,0,0,0,0
2021-01-07T23:59:59+01:00,0,0,8,3,18,26,32,57,37,108,61,111,48,51,64,94,54,212,0,0,0,0,0,0,0,0,0,0,0,0,0,0,0,0,0,0,984,0,0,0,0,0,0,0,0
2021-01-06T23:59:59+01:00,0,0,3,1,7,13,11,25,14,41,21,32,14,14,28,40,23,65,0,0,0,0,0,0,0,0,0,0,0,0,0,0,0,0,0,0,352,0,0,0,0,0,0,0,0
2021-01-05T23:59:59+01:00,0,0,3,1,6,10,10,21,11,33,15,27,11,14,24,35,21,57,0,0,0,0,0,0,0,0,0,0,0,0,0,0,0,0,0,0,299,0,0,0,0,0,0,0,0
2021-01-04T23:59:59+01:00,0,0,2,1,4,7,9,13,4,17,8,17,5,3,13,21,8,31,0,0,0,0,0,0,0,0,0,0,0,0,0,0,0,0,0,0,163,0,0,0,0,0,0,0,0
2021-01-03T23:59:59+01:00,0,0,2,0,3,6,8,7,4,9,5,10,1,2,13,17,7,21,0,0,0,0,0,0,0,0,0,0,0,0,0,0,0,0,0,0,115,0,0,0,0,0,0,0,0
2021-01-02T23:59:59+01:00,0,0,2,0,3,6,8,7,4,9,5,10,1,2,13,17,7,21,0,0,0,0,0,0,0,0,0,0,0,0,0,0,0,0,0,0,115,0,0,0,0,0,0,0,0
2021-01-01T23:59:59+01:00,0,0,1,0,3,6,8,6,4,9,5,10,1,2,13,16,7,21,0,0,0,0,0,0,0,0,0,0,0,0,0,0,0,0,0,0,112,0,0,0,0,0,0,0,0
2020-12-31T23:59:59+01:00,0,0,1,0,3,5,8,6,4,9,5,10,1,2,13,16,7,21,0,0,0,0,0,0,0,0,0,0,0,0,0,0,0,0,0,0,111,0,0,0,0,0,0,0,0
2020-12-30T23:59:59+01:00,0,0,1,0,2,5,8,6,4,9,5,10,1,2,13,16,7,21,0,0,0,0,0,0,0,0,0,0,0,0,0,0,0,0,0,0,110,0,0,0,0,0,0,0,0
2020-12-29T23:59:59+01:00,0,0,1,0,1,3,8,5,4,8,5,10,1,0,10,11,6,18,0,0,0,0,0,0,0,0,0,0,0,0,0,0,0,0,0,0,91,0,0,0,0,0,0,0,0
2020-12-28T23:59:59+01:00,0,0,1,0,1,3,8,5,4,8,5,9,1,0,10,11,6,18,0,0,0,0,0,0,0,0,0,0,0,0,0,0,0,0,0,0,90,0,0,0,0,0,0,0,0
2020-12-27T23:59:59+01:00,0,0,1,0,1,3,8,4,4,8,5,9,1,0,9,10,6,18,0,0,0,0,0,0,0,0,0,0,0,0,0,0,0,0,0,0,87,0,0,0,0,0,0,0,0
