Datum,<15_m,<15_w,15-24_1_m,15-24_1_w,25-34_1_m,25-34_1_w,35-44_1_m,35-44_1_w,45-54_1_m,45-54_1_w,55-64_1_m,55-64_1_w,65-74_1_m,65-74_1_w,75-84_1_m,75-84_1_w,>84_1_m,>84_1_w,<24_2_m,<24_2_w,25-34_2_m,25-34_2_w,35-44_2_m,35-44_2_w,45-54_2_m,45-54_2_w,55-64_2_m,55-64_2_w,65-74_2_m,65-74_2_w,75-84_2_m,75-84_2_w,>84_2_m,>84_2_w,bp_1,bp_2,mo_1,mo_2,az_1,az_2,ja,unb_1,unb_2
2021-10-05T23:59:59+02:00,2148,2017,17141,15866,22443,20702,24238,23769,27837,28516,30808,31723,21606,24674,15478,19459,4522,7844,15300,14131,20889,19037,22825,22240,26426,26918,29558,30444,20932,23916,15019,18768,4337,7541,235387,220075,32706,31448,55060,52054,17614,30,38
2021-10-04T23:59:59+02:00,2122,1982,17085,15830,22397,20677,24216,23746,27820,28484,30789,31704,21600,24665,15475,19454,4521,7839,15264,14109,20867,19011,22811,22217,26409,26899,29547,30430,20925,23907,15015,18764,4337,7536,235053,219878,32706,31448,55060,52052,17563,30,38
2021-10-03T23:59:59+02:00,2117,1971,17058,15791,22370,20644,24183,23725,27807,28465,30772,31695,21597,24658,15474,19447,4519,7836,15232,14071,20846,18983,22788,22200,26397,26877,29534,30420,20915,23894,15013,18761,4336,7535,234845,219665,32700,31438,55059,52050,17501,30,38
2021-10-02T23:59:59+02:00,2117,1971,17058,15791,22370,20644,24182,23725,27807,28465,30772,31695,21597,24658,15474,19447,4519,7836,15232,14071,20846,18983,22788,22200,26397,26877,29534,30419,20915,23894,15013,18761,4336,7535,234844,219664,32700,31438,55059,52050,17501,30,38
2021-10-01T23:59:59+02:00,2112,1966,17045,15775,22367,20632,24171,23706,27802,28458,30768,31690,21594,24656,15474,19445,4518,7836,15228,14069,20843,18981,22787,22200,26395,26875,29534,30415,20914,23892,15013,18761,4336,7535,234734,219638,32699,31438,55059,52050,17499,30,38
2021-09-30T23:59:59+02:00,2092,1950,16988,15724,22324,20578,24130,23671,27772,28425,30744,31666,21584,24647,15465,19434,4515,7831,15158,14003,20806,18946,22756,22159,26374,26842,29515,30394,20910,23883,15010,18753,4332,7530,234338,219255,32687,31415,55059,52048,17432,30,38
2021-09-29T23:59:59+02:00,2025,1908,16900,15649,22256,20512,24076,23620,27711,28377,30709,31639,21570,24634,15458,19421,4512,7829,15092,13950,20764,18894,22720,22108,26338,26814,29480,30368,20903,23871,14999,18746,4331,7527,233723,218871,32673,31393,55058,52045,17328,30,38
2021-09-28T23:59:59+02:00,2008,1891,16818,15584,22187,20460,24013,23579,27673,28337,30692,31622,21561,24619,15453,19411,4512,7826,15026,13903,20707,18853,22676,22082,26308,26778,29458,30347,20890,23856,14993,18736,4329,7523,233296,218536,32672,31393,55058,52044,17196,30,38
2021-09-27T23:59:59+02:00,1946,1823,16754,15524,22152,20424,23987,23551,27645,28301,30673,31605,21555,24613,15451,19408,4511,7824,15000,13871,20685,18816,22661,22056,26289,26766,29440,30331,20886,23846,14989,18728,4328,7520,232804,218265,32672,31393,55058,52043,17189,30,38
2021-09-26T23:59:59+02:00,1926,1802,16685,15460,22101,20365,23947,23500,27616,28275,30658,31596,21545,24606,15450,19405,4511,7822,14932,13805,20633,18763,22613,22000,26250,26729,29421,30304,20879,23836,14981,18725,4328,7517,232437,217871,32655,31366,55057,52030,17097,30,38
2021-09-25T23:59:59+02:00,1926,1802,16683,15460,22099,20364,23945,23499,27616,28275,30658,31596,21545,24606,15450,19405,4511,7822,14932,13805,20632,18763,22613,22000,26249,26727,29421,30304,20878,23836,14981,18725,4328,7517,232430,217867,32655,31366,55057,52030,17096,30,38
2021-09-24T23:59:59+02:00,1925,1799,16658,15441,22057,20336,23911,23478,27596,28254,30641,31581,21543,24602,15448,19404,4511,7822,14906,13778,20583,18731,22572,21974,26221,26707,29399,30284,20873,23830,14979,18723,4327,7516,232370,217740,32655,31366,55057,52030,16901,30,38
2021-09-23T23:59:59+02:00,1895,1762,16582,15356,21997,20261,23862,23410,27551,28199,30616,31541,21530,24591,15441,19389,4508,7820,14828,13715,20523,18688,22543,21927,26187,26663,29374,30257,20870,23819,14973,18715,4327,7515,231811,217338,32617,31332,55057,52030,16802,30,38
2021-09-22T23:59:59+02:00,1862,1731,16479,15280,21907,20185,23787,23355,27483,28139,30575,31506,21514,24569,15439,19376,4506,7817,14702,13608,20434,18611,22480,21857,26125,26602,29325,30222,20851,23809,14967,18707,4324,7506,231206,216662,32596,31290,55057,52023,16627,30,38
2021-09-21T23:59:59+02:00,1833,1687,16400,15206,21848,20125,23738,23306,27443,28103,30537,31466,21503,24549,15436,19366,4500,7809,14645,13560,20377,18571,22437,21814,26092,26577,29300,30196,20839,23795,14960,18696,4321,7502,230737,216376,32596,31290,55057,52023,16440,30,38
2021-09-20T23:59:59+02:00,1806,1672,16327,15142,21793,20078,23690,23266,27405,28060,30504,31448,21494,24537,15430,19360,4499,7807,14588,13507,20330,18526,22401,21787,26044,26545,29275,30171,20831,23783,14958,18690,4318,7499,230333,216059,32594,31289,55057,52022,16308,30,38
2021-09-19T23:59:59+02:00,1779,1650,16263,15093,21743,20018,23657,23233,27376,28032,30483,31423,21484,24526,15426,19349,4499,7804,14529,13464,20285,18474,22350,21764,26019,26513,29258,30157,20825,23770,14954,18687,4317,7495,229970,215777,32572,31256,55056,52022,16213,30,38
2021-09-18T23:59:59+02:00,1779,1650,16262,15091,21742,20017,23655,23231,27376,28031,30483,31423,21484,24526,15426,19349,4499,7804,14529,13462,20285,18474,22349,21763,26019,26511,29258,30157,20825,23770,14954,18687,4317,7495,229964,215776,32572,31255,55056,52022,16209,30,38
2021-09-17T23:59:59+02:00,1774,1643,16241,15073,21717,19998,23635,23219,27363,28015,30474,31417,21481,24523,15423,19346,4498,7804,14508,13448,20275,18468,22340,21759,26012,26507,29248,30151,20822,23767,14953,18686,4317,7495,229794,215674,32572,31255,55056,52022,16195,30,38
2021-09-16T23:59:59+02:00,1735,1613,16143,14976,21635,19898,23565,23136,27300,27955,30435,31380,21467,24506,15418,19336,4493,7804,14424,13375,20232,18413,22304,21708,25982,26462,29227,30120,20811,23757,14946,18679,4315,7491,228994,215220,32551,31177,55056,52010,16167,30,38
2021-09-15T23:59:59+02:00,1704,1596,16080,14899,21583,19845,23520,23090,27270,27922,30410,31355,21454,24485,15406,19328,4492,7802,14350,13289,20166,18353,22265,21656,25944,26419,29195,30097,20798,23742,14934,18671,4314,7489,228469,214660,32534,31133,55056,52005,16155,30,38
2021-09-14T23:59:59+02:00,1691,1582,16046,14854,21537,19806,23490,23056,27238,27885,30384,31331,21440,24474,15403,19316,4489,7801,14312,13250,20142,18331,22242,21630,25924,26404,29184,30087,20787,23734,14931,18664,4313,7487,228062,214378,32533,31132,55056,52005,16145,30,38
2021-09-13T23:59:59+02:00,1671,1569,16006,14802,21511,19775,23459,23026,27222,27849,30370,31317,21439,24464,15398,19314,4488,7799,14283,13237,20116,18315,22222,21610,25909,26392,29174,30064,20778,23723,14930,18657,4311,7485,227726,214156,32533,31132,55056,52005,16137,30,38
2021-09-12T23:59:59+02:00,1661,1556,15983,14780,21495,19753,23444,23002,27207,27835,30360,31309,21432,24456,15398,19309,4488,7799,14250,13208,20093,18278,22202,21585,25896,26370,29163,30055,20771,23715,14925,18650,4309,7480,227534,213917,32517,31101,55056,52004,16133,30,38
2021-09-11T23:59:59+02:00,1660,1556,15971,14776,21487,19745,23443,23001,27205,27834,30357,31307,21431,24455,15398,19309,4488,7799,14245,13206,20091,18275,22200,21585,25896,26369,29163,30055,20770,23715,14925,18650,4309,7480,227497,213906,32517,31101,55053,52004,16128,30,38
2021-09-10T23:59:59+02:00,1660,1556,15948,14771,21473,19734,23425,22998,27188,27824,30344,31302,21430,24453,15394,19307,4488,7798,14222,13199,20075,18265,22186,21581,25881,26356,29145,30052,20769,23711,14922,18647,4308,7479,227467,213867,32517,31101,55053,52004,16029,30,38
2021-09-09T23:59:59+02:00,1615,1517,15867,14695,21413,19666,23372,22949,27128,27774,30315,31273,21421,24436,15380,19293,4486,7796,14142,13127,20003,18197,22119,21526,25832,26315,29109,30020,20753,23683,14904,18633,4306,7477,226939,213402,32486,31018,55052,51984,15892,30,38
2021-09-08T23:59:59+02:00,1577,1470,15739,14602,21343,19590,23319,22874,27078,27731,30275,31225,21404,24418,15371,19282,4485,7796,14053,13036,19920,18143,22054,21474,25785,26276,29074,29970,20734,23662,14900,18625,4305,7476,226397,213003,32416,30926,55052,51979,15687,30,38
2021-09-07T23:59:59+02:00,1564,1450,15689,14551,21289,19565,23282,22851,27051,27698,30258,31210,21393,24396,15365,19274,4483,7796,13985,12988,19857,18104,22012,21444,25748,26243,29045,29942,20722,23648,14896,18618,4304,7476,226155,212720,32411,30896,55052,51974,15520,30,38
2021-09-06T23:59:59+02:00,1551,1440,15640,14505,21269,19534,23260,22822,27026,27679,30242,31188,21383,24393,15361,19267,4483,7794,13954,12951,19838,18079,21983,21422,25728,26223,29030,29927,20714,23640,14892,18614,4304,7473,225905,212517,32411,30896,55052,51974,15442,30,38
2021-09-05T23:59:59+02:00,1530,1425,15610,14478,21251,19512,23251,22797,27017,27667,30237,31180,21378,24387,15356,19265,4483,7790,13916,12915,19808,18043,21958,21394,25709,26205,29017,29908,20710,23632,14890,18612,4304,7473,225693,212301,32404,30816,55051,51973,15439,30,38
2021-09-04T23:59:59+02:00,1530,1425,15602,14475,21237,19507,23244,22792,27011,27661,30231,31177,21377,24384,15356,19264,4483,7790,13908,12912,19794,18037,21951,21389,25703,26199,29011,29904,20709,23629,14890,18611,4304,7473,225692,212300,32404,30815,55051,51973,15371,30,38
2021-09-03T23:59:59+02:00,1527,1422,15586,14461,21204,19483,23214,22771,26987,27649,30216,31162,21370,24376,15356,19258,4483,7789,13893,12898,19768,18018,21927,21374,25686,26190,28996,29893,20703,23622,14890,18608,4304,7473,225619,212283,32403,30810,55051,51972,15213,30,38
2021-09-02T23:59:59+02:00,1511,1402,15514,14402,21158,19433,23179,22724,26946,27608,30179,31136,21357,24366,15350,19245,4481,7783,13800,12834,19723,17957,21882,21331,25644,26144,28957,29866,20691,23611,14885,18596,4303,7472,225199,211828,32398,30805,55049,51952,15100,30,38
2021-09-01T23:59:59+02:00,1460,1345,15373,14248,21041,19337,23109,22669,26879,27536,30128,31086,21339,24341,15342,19231,4478,7778,13654,12715,19601,17860,21797,21261,25586,26075,28907,29803,20666,23582,14873,18581,4299,7466,224425,211246,32372,30610,55048,51940,14847,30,38
2021-08-31T23:59:59+02:00,1436,1330,15312,14177,20977,19285,23066,22627,26829,27494,30094,31054,21327,24329,15336,19222,4478,7777,13580,12649,19553,17819,21766,21226,25553,26052,28879,29777,20660,23572,14870,18573,4298,7465,223970,210904,32371,30610,55047,51935,14734,30,38
2021-08-30T23:59:59+02:00,1413,1311,15244,14131,20929,19231,23034,22589,26792,27461,30061,31024,21315,24320,15332,19213,4476,7770,13523,12608,19508,17769,21734,21201,25523,26015,28845,29752,20649,23557,14860,18564,4297,7461,223608,210602,32371,30610,55047,51933,14592,30,38
2021-08-29T23:59:59+02:00,1397,1299,15200,14085,20891,19200,23010,22565,26774,27437,30043,31009,21311,24311,15332,19211,4476,7769,13470,12563,19486,17748,21707,21181,25502,25996,28832,29735,20641,23549,14857,18560,4295,7460,223318,210335,32370,30610,55047,51932,14557,30,38
2021-08-28T23:59:59+02:00,1397,1299,15194,14082,20880,19193,23004,22561,26771,27428,30040,31008,21310,24311,15332,19211,4476,7769,13464,12559,19475,17741,21701,21177,25499,25987,28829,29734,20640,23549,14857,18560,4295,7460,223318,210334,32370,30610,55047,51932,14503,30,38
2021-08-27T23:59:59+02:00,1388,1292,15162,14055,20852,19177,22971,22545,26746,27417,30024,30988,21304,24303,15328,19210,4473,7766,13435,12528,19438,17724,21673,21156,25471,25974,28812,29716,20634,23540,14854,18559,4294,7460,223180,210192,32370,30609,55046,51931,14377,30,38
2021-08-26T23:59:59+02:00,1375,1274,15117,14010,20805,19139,22942,22507,26713,27378,29992,30951,21289,24287,15321,19202,4470,7758,13366,12468,19362,17668,21613,21099,25415,25926,28773,29680,20621,23519,14845,18546,4293,7456,222887,209909,32351,30485,55046,51857,14218,30,38
2021-08-25T23:59:59+02:00,1330,1229,14970,13887,20693,19045,22863,22414,26634,27294,29934,30895,21268,24261,15311,19192,4466,7752,13244,12384,19278,17592,21548,21027,25346,25872,28729,29637,20594,23498,14837,18532,4292,7453,222031,209342,32336,30437,55046,51849,13998,29,36
2021-08-24T23:59:59+02:00,1306,1205,14906,13836,20651,18993,22807,22368,26599,27258,29905,30864,21252,24246,15305,19182,4465,7751,13149,12325,19217,17510,21511,20975,25302,25829,28699,29599,20576,23478,14830,18520,4290,7448,221614,208860,32306,30379,55046,51834,13906,29,32
2021-08-23T23:59:59+02:00,1288,1186,14838,13799,20612,18964,22779,22343,26564,27238,29880,30837,21233,24232,15300,19169,4464,7750,13032,12247,19155,17451,21459,20926,25262,25774,28654,29556,20557,23461,14823,18508,4287,7448,221306,208341,32290,30288,55046,51834,13807,29,32
2021-08-22T23:59:59+02:00,1279,1178,14823,13779,20596,18944,22767,22323,26549,27223,29863,30833,21226,24228,15298,19161,4462,7749,12973,12178,19103,17417,21430,20891,25241,25748,28628,29534,20549,23450,14822,18504,4287,7448,221131,208017,32271,30179,55046,51831,13806,29,32
2021-08-21T23:59:59+02:00,1279,1178,14814,13769,20584,18936,22757,22317,26545,27218,29852,30826,21226,24226,15298,19161,4462,7749,12963,12168,19092,17409,21422,20885,25235,25743,28618,29527,20549,23448,14822,18504,4287,7448,221126,208013,32271,30179,55046,51831,13727,29,32
2021-08-20T23:59:59+02:00,1272,1173,14785,13734,20549,18906,22734,22294,26519,27195,29835,30810,21223,24217,15296,19155,4462,7749,12945,12152,19068,17389,21404,20864,25221,25725,28600,29508,20545,23442,14821,18501,4287,7448,220932,207908,32271,30177,55046,51831,13632,29,32
2021-08-19T23:59:59+02:00,1254,1157,14726,13685,20510,18877,22703,22259,26496,27166,29810,30786,21212,24209,15293,19150,4461,7746,12812,12034,18980,17312,21318,20806,25150,25658,28540,29458,20524,23429,14815,18492,4285,7445,220626,207272,32239,30040,55046,51770,13562,29,32
2021-08-18T23:59:59+02:00,1231,1138,14642,13593,20396,18818,22629,22198,26430,27109,29751,30728,21187,24189,15287,19138,4459,7743,12674,11915,18843,17231,21223,20716,25063,25575,28457,29390,20491,23385,14804,18477,4284,7440,220213,206664,32221,29918,55044,51762,13161,29,32
2021-08-17T23:59:59+02:00,1220,1125,14601,13555,20353,18774,22594,22164,26397,27081,29734,30708,21175,24175,15276,19129,4455,7742,12565,11831,18761,17170,21145,20655,25011,25522,28420,29349,20472,23370,14795,18464,4282,7438,219932,206132,32186,29788,55044,51754,13069,29,31
2021-08-16T23:59:59+02:00,1208,1114,14553,13507,20317,18745,22565,22132,26376,27052,29700,30677,21162,24164,15269,19117,4453,7740,12470,11732,18670,17098,21074,20570,24947,25463,28353,29286,20449,23348,14785,18446,4281,7435,219664,205513,32184,29661,55044,51753,12932,29,30
2021-08-15T23:59:59+02:00,1198,1101,14516,13480,20289,18715,22537,22113,26363,27036,29690,30663,21157,24152,15264,19115,4452,7738,12404,11665,18617,17068,21023,20532,24911,25420,28334,29264,20439,23335,14781,18440,4279,7433,219443,205064,32184,29660,55044,51752,12881,29,30
2021-08-14T23:59:59+02:00,1198,1100,14509,13476,20280,18709,22528,22106,26349,27029,29685,30655,21154,24151,15263,19114,4452,7738,12397,11661,18607,17060,21013,20525,24897,25413,28329,29255,20436,23334,14780,18439,4279,7433,219442,205062,32184,29657,55044,51752,12799,29,30
2021-08-13T23:59:59+02:00,1195,1097,14500,13466,20266,18699,22516,22101,26342,27019,29670,30647,21145,24146,15262,19114,4452,7738,12382,11648,18596,17051,21000,20516,24891,25397,28315,29251,20430,23327,14778,18439,4279,7432,219385,204996,32184,29657,55044,51752,12735,29,30
2021-08-12T23:59:59+02:00,1175,1075,14443,13411,20225,18659,22493,22066,26314,26989,29639,30625,21133,24127,15258,19107,4452,7733,12215,11505,18458,16940,20907,20432,24811,25312,28248,29195,20409,23295,14765,18427,4276,7426,219060,204204,32172,29469,55044,51683,12621,29,30
2021-08-11T23:59:59+02:00,1159,1053,14374,13348,20183,18605,22450,22028,26281,26964,29611,30585,21120,24110,15255,19096,4449,7729,12077,11365,18373,16852,20827,20358,24762,25239,28206,29131,20377,23268,14758,18416,4274,7421,218661,203304,32099,29464,55044,51678,12569,29,30
2021-08-10T23:59:59+02:00,1144,1035,14297,13276,20129,18560,22419,21984,26250,26934,29579,30556,21106,24101,15255,19088,4448,7727,11966,11249,18277,16784,20766,20292,24711,25183,28163,29079,20350,23240,14744,18398,4273,7415,218239,202555,32067,29441,55044,51653,12511,29,30
2021-08-09T23:59:59+02:00,1127,1016,14212,13214,20048,18503,22370,21936,26198,26890,29542,30522,21088,24084,15249,19079,4443,7725,11784,11087,18105,16687,20642,20210,24615,25087,28083,29003,20314,23200,14730,18386,4270,7406,217791,201566,32047,29332,55043,51558,12338,29,29
2021-08-08T23:59:59+02:00,1113,1009,14169,13175,20027,18468,22344,21916,26183,26870,29526,30508,21081,24078,15246,19075,4442,7724,11701,11001,18017,16603,20577,20153,24552,25040,28037,28959,20292,23177,14717,18375,4270,7402,217562,200911,32015,29254,55042,51540,12308,29,29
2021-08-07T23:59:59+02:00,1113,1009,14155,13170,20017,18463,22338,21911,26171,26856,29512,30496,21079,24074,15242,19070,4441,7724,11687,10995,18000,16599,20571,20147,24539,25025,28020,28947,20290,23173,14713,18370,4269,7402,217560,200896,32015,29253,55042,51540,12197,29,29
2021-08-06T23:59:59+02:00,1113,1009,14145,13158,20004,18444,22324,21897,26149,26847,29499,30485,21076,24070,15239,19068,4441,7723,11675,10981,17978,16578,20555,20131,24518,25016,28007,28936,20287,23169,14710,18368,4269,7402,217553,200869,32011,29253,55042,51539,12058,29,29
2021-08-05T23:59:59+02:00,1101,990,14075,13116,19954,18410,22281,21854,26114,26791,29471,30461,21062,24055,15231,19060,4439,7720,11501,10873,17866,16479,20444,20032,24413,24926,27938,28887,20261,23145,14699,18354,4266,7400,217241,200084,31967,29161,55039,51402,11911,29,29
2021-08-04T23:59:59+02:00,1085,973,14010,13046,19852,18326,22214,21795,26075,26749,29422,30414,21039,24037,15221,19047,4439,7717,11315,10698,17636,16339,20269,19905,24295,24802,27830,28790,20233,23112,14686,18342,4263,7398,216975,199039,31805,29101,55038,51159,11617,28,29
2021-08-03T23:59:59+02:00,1061,955,13940,12985,19815,18277,22180,21754,26040,26707,29388,30385,21023,24013,15211,19033,4436,7707,11131,10524,17463,16212,20130,19773,24147,24680,27711,28683,20190,23065,14669,18310,4261,7392,216598,197605,31778,29067,55038,51104,11470,28,29
2021-08-02T23:59:59+02:00,1037,935,13854,12918,19758,18219,22129,21714,25986,26647,29336,30335,20992,23982,15201,19013,4433,7705,10962,10355,17291,16087,19983,19660,24030,24565,27624,28582,20144,23012,14650,18291,4258,7382,216118,196415,31747,29017,55038,51028,11265,28,29
2021-08-01T23:59:59+02:00,1027,920,13793,12871,19722,18202,22110,21693,25961,26626,29317,30318,20983,23970,15197,19006,4433,7704,10817,10209,17130,15978,19833,19551,23886,24459,27516,28502,20130,22988,14642,18277,4258,7378,215882,195524,31697,28925,55038,50678,11209,28,29
2021-07-31T23:59:59+02:00,1027,920,13768,12862,19704,18194,22093,21682,25948,26614,29309,30307,20981,23965,15196,19005,4432,7704,10791,10197,17109,15965,19815,19538,23874,24447,27508,28491,20128,22983,14641,18276,4257,7378,215878,195505,31697,28925,55038,50678,11071,28,29
2021-07-30T23:59:59+02:00,1019,910,13708,12817,19659,18172,22064,21663,25918,26592,29281,30289,20974,23957,15190,19003,4430,7703,10705,10124,17045,15922,19756,19503,23807,24406,27460,28466,20113,22961,14632,18272,4254,7376,215699,195118,31696,28925,55038,50612,10889,28,29
2021-07-29T23:59:59+02:00,995,892,13603,12731,19595,18111,21991,21609,25867,26536,29229,30252,20956,23947,15183,18996,4430,7701,10438,9866,16745,15677,19461,19286,23506,24177,27209,28303,20058,22905,14620,18251,4254,7375,215256,193370,31624,28815,55038,49924,10679,28,29
2021-07-28T23:59:59+02:00,967,862,13472,12603,19469,18002,21905,21526,25787,26457,29154,30184,20933,23911,15170,18984,4428,7699,10148,9664,16484,15488,19200,19097,23278,23986,27054,28159,20010,22832,14601,18228,4251,7370,214606,192035,31589,28731,55034,49409,10257,28,29
2021-07-27T23:59:59+02:00,936,841,13354,12509,19404,17942,21839,21473,25721,26399,29114,30139,20918,23891,15165,18964,4427,7693,9892,9453,16232,15260,18973,18911,23085,23813,26890,28022,19968,22779,14579,18201,4245,7361,214011,190373,31534,28573,55033,49072,10125,27,29
2021-07-26T23:59:59+02:00,911,823,13249,12415,19352,17885,21765,21409,25672,26366,29059,30079,20889,23868,15147,18945,4427,7689,9656,9204,15993,15058,18726,18710,22859,23646,26739,27895,19897,22719,14551,18165,4240,7355,213408,188624,31462,28473,55032,48695,10023,26,29
2021-07-25T23:59:59+02:00,892,812,13174,12343,19273,17836,21708,21357,25632,26318,29022,30033,20872,23852,15140,18939,4424,7688,9471,9062,15792,14909,18523,18569,22690,23535,26590,27775,19847,22671,14535,18152,4237,7352,213107,187717,31400,28321,55032,48280,9751,26,29
2021-07-24T23:59:59+02:00,892,812,13164,12334,19263,17830,21697,21352,25617,26311,29017,30027,20868,23851,15139,18938,4424,7688,9461,9048,15782,14902,18510,18563,22673,23526,26584,27767,19844,22668,14534,18151,4237,7352,213104,187700,31400,28318,55032,48280,9663,26,29
2021-07-23T23:59:59+02:00,884,811,13099,12297,19186,17796,21657,21319,25581,26271,28984,29991,20854,23835,15131,18934,4422,7685,9410,9020,15699,14858,18456,18523,22622,23484,26540,27728,19828,22652,14527,18145,4235,7349,212977,187538,31399,28313,55032,48279,9304,26,29
2021-07-22T23:59:59+02:00,872,797,13004,12215,19127,17729,21612,21289,25532,26224,28960,29969,20841,23817,15129,18928,4419,7683,9092,8746,15297,14611,18093,18268,22291,23237,26334,27593,19771,22596,14514,18123,4232,7344,212510,185712,31314,28060,55029,47362,9269,26,29
2021-07-21T23:59:59+02:00,850,770,12802,12049,18978,17606,21478,21190,25426,26121,28883,29898,20799,23782,15112,18905,4415,7678,8714,8431,14864,14282,17714,17995,21934,22905,26061,27382,19678,22508,14488,18085,4229,7335,211884,183807,31205,27709,55026,46704,8602,26,29
2021-07-20T23:59:59+02:00,820,745,12653,11915,18868,17522,21408,21114,25364,26055,28845,29847,20774,23749,15104,18889,4412,7675,8385,8120,14395,13943,17333,17723,21630,22676,25817,27196,19597,22399,14459,18050,4227,7329,211201,181652,31095,27546,55022,45826,8416,26,28
2021-07-19T23:59:59+02:00,791,718,12532,11796,18777,17449,21346,21055,25310,26001,28795,29810,20749,23720,15094,18875,4408,7669,8059,7866,14029,13688,16986,17474,21303,22474,25590,27054,19528,22323,14437,18028,4221,7323,210480,179611,30989,27387,55022,45116,8379,26,28
2021-07-18T23:59:59+02:00,773,699,12419,11688,18678,17370,21279,21002,25254,25948,28758,29756,20727,23700,15082,18864,4406,7667,7889,7713,13873,13565,16835,17352,21141,22362,25460,26973,19488,22283,14423,18012,4221,7320,209896,178675,30840,27283,55022,44751,8287,26,28
2021-07-17T23:59:59+02:00,773,699,12416,11688,18677,17367,21279,21002,25254,25948,28758,29756,20727,23700,15082,18864,4406,7667,7882,7712,13869,13560,16834,17351,21140,22361,25459,26971,19487,22283,14423,18012,4221,7320,209892,178655,30840,27282,55022,44750,8284,26,28
2021-07-16T23:59:59+02:00,766,694,12344,11634,18636,17335,21244,20975,25221,25925,28732,29737,20725,23697,15082,18862,4406,7667,7730,7611,13716,13489,16690,17292,21002,22302,25352,26923,19469,22264,14422,18006,4221,7317,209684,178207,30840,27209,55022,44358,8111,26,28
2021-07-15T23:59:59+02:00,751,674,12271,11564,18572,17277,21188,20927,25173,25884,28704,29709,20710,23680,15077,18853,4405,7664,7386,7296,13108,13083,16023,16868,20365,21932,24896,26611,19323,22124,14379,17960,4218,7310,209204,175974,30754,26311,55015,42586,8085,26,28
2021-07-14T23:59:59+02:00,722,654,12059,11427,18399,17167,21066,20829,25069,25780,28614,29608,20676,23647,15058,18837,4402,7661,6971,6941,12444,12630,15332,16380,19732,21474,24432,26268,19105,21898,14347,17912,4210,7299,208385,173150,30588,25975,55012,40640,7665,26,28
2021-07-13T23:59:59+02:00,678,619,11921,11295,18278,17084,20955,20734,24972,25684,28544,29542,20647,23608,15038,18827,4400,7651,6509,6518,11810,12131,14638,15875,19127,21062,23991,25941,18928,21683,14303,17850,4206,7290,207367,169486,30450,25804,55002,38976,7633,26,25
2021-07-12T23:59:59+02:00,644,588,11796,11157,18163,16994,20863,20627,24871,25584,28462,29475,20621,23574,15030,18815,4395,7644,6093,6103,11207,11595,14013,15337,18572,20571,23573,25579,18732,21493,14238,17792,4197,7286,206348,165800,30321,24978,54999,38020,7610,26,25
2021-07-11T23:59:59+02:00,608,561,11681,11065,18099,16932,20806,20570,24817,25537,28405,29427,20602,23554,15021,18806,4395,7643,5904,5935,10954,11393,13782,15138,18327,20382,23364,25394,18660,21412,14211,17766,4196,7280,205710,164414,30202,24512,54997,37598,7597,24,25
2021-07-10T23:59:59+02:00,607,560,11674,11064,18095,16930,20802,20569,24814,25536,28404,29427,20602,23554,15020,18804,4395,7643,5897,5934,10949,11386,13772,15134,18326,20380,23362,25392,18658,21411,14210,17766,4196,7280,205690,164384,30200,24511,54997,37591,7590,24,25
2021-07-09T23:59:59+02:00,579,537,11564,10939,18021,16846,20732,20508,24740,25460,28354,29382,20579,23534,15017,18794,4395,7642,5863,5901,10920,11352,13721,15113,18295,20348,23343,25370,18653,21401,14208,17763,4196,7279,204822,164149,30199,24461,54997,37556,7582,24,25
2021-07-08T23:59:59+02:00,544,509,11400,10804,17896,16741,20596,20406,24634,25332,28236,29304,20535,23484,15001,18765,4392,7634,5519,5644,10404,10956,13099,14663,17631,19788,22735,24904,18337,21011,14112,17680,4191,7269,204053,161839,30173,23653,54968,35471,6996,24,25
2021-07-07T23:59:59+02:00,484,456,11231,10659,17813,16654,20526,20338,24561,25254,28175,29240,20507,23448,14996,18753,4390,7626,5212,5351,9876,10504,12520,14182,16950,19267,22169,24405,18023,20647,14010,17583,4184,7246,203039,159377,30149,22187,54951,33627,6949,24,25
2021-07-06T23:59:59+02:00,443,422,11107,10509,17702,16561,20433,20235,24482,25161,28084,29161,20481,23410,14987,18736,4388,7623,4813,4923,9277,9989,11807,13580,16241,18653,21654,23910,17704,20342,13909,17467,4175,7236,201906,155188,30142,21246,54942,32332,6912,24,25
2021-07-05T23:59:59+02:00,421,395,11017,10420,17611,16490,20352,20163,24421,25110,28043,29124,20457,23389,14975,18728,4387,7620,4525,4602,8779,9538,11247,13026,15532,18009,21033,23301,17311,19947,13776,17309,4167,7228,201165,151293,30139,20566,54933,30602,6863,24,25
2021-07-04T23:59:59+02:00,408,389,10941,10365,17546,16436,20302,20113,24390,25074,28027,29106,20448,23378,14970,18725,4386,7619,4379,4511,8651,9372,11055,12851,15290,17799,20767,23029,17038,19656,13716,17217,4163,7224,200685,149978,30133,20261,54932,29623,6850,24,25
2021-07-03T23:59:59+02:00,406,388,10934,10354,17536,16430,20300,20110,24388,25074,28024,29105,20448,23377,14970,18725,4386,7619,4375,4504,8644,9368,11052,12851,15286,17799,20764,23026,17038,19653,13716,17217,4163,7224,200657,149965,30131,20261,54932,29617,6831,24,25
2021-07-02T23:59:59+02:00,363,325,10789,10244,17420,16328,20196,20034,24315,25009,27961,29046,20422,23351,14964,18711,4386,7616,4288,4423,8482,9231,10916,12739,15163,17692,20653,22922,16996,19623,13709,17202,4163,7221,199772,148976,30131,20260,54932,29559,6622,24,25
2021-07-01T23:59:59+02:00,316,282,10655,10109,17293,16234,20073,19945,24231,24934,27897,28994,20402,23327,14948,18696,4383,7612,4084,4222,8182,8893,10547,12328,14594,17192,20144,22384,16708,19324,13501,16988,4153,7199,198698,145918,30073,19576,54926,28330,6611,24,25
2021-06-30T23:59:59+02:00,233,220,10400,9871,17119,16083,19940,19814,24115,24810,27818,28906,20380,23295,14929,18678,4382,7611,3887,4027,7880,8556,10139,11866,14106,16636,19572,21750,16386,18982,13228,16711,4140,7172,197048,142244,30018,19325,54918,26863,6597,24,25
2021-06-29T23:59:59+02:00,189,183,10252,9695,16983,15988,19837,19722,24046,24734,27760,28838,20353,23268,14915,18658,4382,7607,3685,3767,7480,8104,9665,11329,13452,15966,18959,21046,16068,18655,12981,16421,4133,7158,195897,137958,30013,19026,54914,25311,6564,23,25
2021-06-28T23:59:59+02:00,140,131,10059,9513,16856,15882,19732,19618,23952,24640,27692,28776,20323,23238,14901,18640,4380,7605,3485,3512,7079,7660,9230,10836,12903,15428,18461,20528,15817,18389,12862,16288,4127,7147,194714,134122,29900,18603,54911,24484,6531,23,25
2021-06-27T23:59:59+02:00,122,114,9920,9401,16796,15822,19671,19567,23894,24590,27665,28752,20310,23222,14898,18636,4379,7602,3394,3445,6902,7465,9041,10637,12674,15188,18199,20269,15694,18284,12797,16201,4127,7143,194081,132930,29840,18255,54905,23750,6513,23,25
2021-06-26T23:59:59+02:00,122,114,9919,9397,16794,15818,19668,19566,23892,24589,27665,28752,20310,23222,14898,18636,4379,7602,3392,3445,6899,7464,9038,10636,12671,15185,18197,20268,15691,18283,12797,16200,4127,7143,194064,132910,29839,18255,54905,23746,6513,23,25
2021-06-25T23:59:59+02:00,118,111,9872,9357,16756,15785,19634,19536,23856,24561,27641,28734,20304,23215,14896,18633,4379,7602,3371,3399,6825,7354,8941,10481,12556,14989,18052,20060,15668,18254,12789,16197,4126,7142,193745,132728,29805,17902,54905,23049,6513,23,25
2021-06-24T23:59:59+02:00,108,100,9743,9234,16570,15657,19499,19412,23734,24472,27583,28673,20290,23199,14889,18624,4378,7600,3244,3254,6607,7024,8629,10027,12022,14366,17498,19354,15443,18022,12642,16066,4123,7130,192905,130327,29460,17042,54904,21595,6474,23,25
2021-06-23T23:59:59+02:00,102,95,9614,9096,16427,15532,19382,19307,23637,24367,27517,28626,20275,23177,14885,18619,4375,7599,3039,3017,6253,6541,8128,9459,11318,13543,16735,18373,15147,17681,12492,15924,4113,7105,191986,125774,29293,16069,54893,20575,6437,23,25
2021-06-22T23:59:59+02:00,71,69,9325,8791,16194,15330,19196,19156,23493,24242,27445,28542,20251,23152,14877,18600,4371,7593,2805,2734,5768,5992,7504,8696,10405,12501,15715,17171,14851,17323,12385,15800,4100,7082,190299,119343,29085,15577,54889,19500,6404,21,20
2021-06-21T23:59:59+02:00,67,62,9199,8634,16022,15180,19006,19003,23363,24119,27384,28463,20227,23124,14872,18590,4371,7589,2659,2545,5387,5527,7041,8111,9675,11623,14985,16237,14572,17010,12278,15679,4095,7065,189103,114639,28863,15017,54886,18423,6402,21,20
2021-06-20T23:59:59+02:00,64,61,9062,8505,15885,15062,18895,18914,23290,24048,27344,28412,20216,23103,14861,18583,4368,7588,2600,2477,5215,5345,6827,7845,9368,11291,14619,15834,14437,16876,12238,15642,4090,7059,188212,112934,28745,14784,54885,17639,6398,21,20
2021-06-19T23:59:59+02:00,64,61,9061,8500,15882,15053,18893,18914,23288,24047,27344,28411,20216,23103,14861,18583,4368,7588,2597,2476,5214,5340,6826,7844,9368,11290,14617,15830,14435,16876,12238,15642,4090,7059,188191,112916,28743,14782,54884,17638,6398,21,20
2021-06-18T23:59:59+02:00,64,57,9030,8488,15869,15044,18878,18906,23281,24038,27338,28406,20216,23100,14860,18583,4368,7588,2568,2443,5159,5281,6748,7744,9269,11134,14446,15602,14356,16775,12227,15620,4088,7056,188070,112131,28742,14781,54883,17198,6398,21,20
2021-06-17T23:59:59+02:00,57,54,8848,8326,15633,14876,18679,18748,23125,23907,27202,28313,20192,23079,14853,18571,4366,7585,2428,2295,4834,4981,6361,7341,8721,10531,13618,14730,14119,16482,12154,15498,4084,7045,186730,109266,28737,13824,54876,16074,6050,21,20
2021-06-16T23:59:59+02:00,49,52,8622,8110,15402,14649,18468,18548,22934,23738,27096,28203,20163,23036,14839,18551,4362,7579,2313,2186,4593,4778,6008,6998,8193,10046,12900,13891,13769,16099,12069,15409,4079,7033,184946,105815,28637,13024,54873,15593,5924,21,20
2021-06-15T23:59:59+02:00,40,39,8277,7776,15025,14290,18146,18261,22682,23527,26937,28069,20133,23002,14826,18535,4360,7568,2131,2016,4243,4430,5502,6436,7312,9155,11708,12615,13228,15481,11948,15246,4064,7010,182349,99579,28601,12359,54871,14928,5651,21,20
2021-06-14T23:59:59+02:00,34,34,8098,7607,14766,14057,17943,18088,22531,23406,26825,27987,20112,22969,14813,18527,4356,7560,2016,1892,3986,4180,5117,5966,6655,8433,10783,11560,12912,15133,11877,15152,4054,6991,180767,94743,28577,11999,54869,14476,5479,21,20
2021-06-13T23:59:59+02:00,34,34,8024,7551,14682,13968,17827,17977,22450,23327,26796,27957,20099,22958,14809,18521,4356,7560,1972,1865,3904,4083,4999,5826,6422,8193,10488,11226,12755,14955,11819,15096,4053,6990,180009,93362,28567,11707,54865,14097,5468,21,20
2021-06-12T23:59:59+02:00,34,34,8023,7550,14682,13967,17827,17977,22448,23326,26795,27954,20099,22957,14809,18521,4356,7560,1971,1863,3902,4083,4997,5825,6419,8189,10485,11220,12752,14954,11819,15094,4053,6990,179998,93341,28567,11707,54865,14088,5468,21,20
2021-06-11T23:59:59+02:00,34,33,7957,7509,14593,13920,17751,17927,22379,23292,26751,27931,20097,22953,14809,18520,4356,7560,1955,1851,3866,4025,4954,5758,6358,8107,10385,11115,12712,14919,11808,15088,4053,6990,179661,93123,28490,11701,54864,13772,5336,21,20
2021-06-10T23:59:59+02:00,29,26,7618,7214,14198,13556,17318,17552,22048,23010,26555,27750,20053,22908,14796,18502,4353,7548,1854,1769,3650,3860,4679,5484,6034,7739,9767,10504,12193,14259,11739,14980,4045,6983,177064,89961,27997,11321,54851,13143,5101,21,19
2021-06-09T23:59:59+02:00,28,23,7251,6866,13738,13120,16803,17086,21658,22641,26340,27536,19980,22838,14778,18467,4350,7540,1688,1654,3455,3681,4424,5216,5648,7331,8990,9786,11528,13423,11620,14840,4035,6971,173822,85709,27455,10686,54839,12976,4906,21,19
2021-06-08T23:59:59+02:00,23,19,6876,6463,13224,12632,16336,16617,21301,22301,26124,27333,19923,22759,14747,18432,4347,7533,1596,1579,3235,3450,4105,4865,5141,6843,8104,8864,10643,12346,11476,14682,4031,6956,170412,80054,26965,10390,54830,12698,4762,21,18
2021-06-07T23:59:59+02:00,20,16,6600,6178,12790,12258,15938,16218,20974,22004,25962,27177,19886,22706,14726,18412,4340,7527,1535,1508,3043,3278,3830,4636,4739,6466,7390,8110,9731,11199,11365,14536,4020,6939,167848,75310,26545,10018,54810,12477,4508,21,18
2021-06-06T23:59:59+02:00,20,16,6459,6047,12648,12105,15776,16061,20810,21842,25876,27090,19866,22669,14715,18402,4339,7523,1520,1486,2970,3237,3736,4570,4633,6387,7248,7981,9474,10930,11319,14486,4017,6934,166623,74628,26441,9594,54789,12304,4390,21,18
2021-06-05T23:59:59+02:00,20,16,6450,6043,12634,12092,15766,16052,20807,21837,25876,27087,19866,22669,14715,18402,4339,7523,1518,1484,2967,3236,3735,4569,4630,6387,7243,7976,9467,10925,11319,14486,4017,6934,166564,74599,26430,9592,54789,12300,4390,21,18
2021-06-04T23:59:59+02:00,20,16,6418,6003,12575,12043,15706,16003,20779,21806,25857,27070,19862,22663,14712,18402,4339,7523,1517,1478,2955,3224,3716,4555,4620,6373,7206,7933,9435,10855,11281,14445,4016,6933,166466,74323,26172,9579,54765,12255,4373,21,18
2021-06-03T23:59:59+02:00,20,15,6184,5781,12275,11793,15384,15693,20447,21468,25600,26858,19816,22589,14692,18382,4338,7519,1475,1435,2882,3158,3619,4477,4511,6274,7006,7752,9058,10407,11229,14371,4016,6928,163985,73025,25925,9284,54763,12116,4160,21,18
2021-06-02T23:59:59+02:00,20,15,6121,5720,12204,11729,15311,15626,20375,21407,25583,26834,19812,22586,14689,18379,4337,7518,1461,1425,2865,3146,3602,4462,4476,6257,6971,7714,8977,10297,11220,14346,4015,6927,163634,72662,25741,9275,54762,12106,4108,21,15
2021-06-01T23:59:59+02:00,16,15,5667,5225,11469,11030,14485,14894,19656,20742,25173,26452,19722,22496,14655,18332,4329,7510,1347,1317,2567,2876,3223,4128,3988,5797,6143,6911,7787,8672,10976,13999,4001,6910,158598,67255,25091,8368,54734,11587,3424,21,13
2021-05-31T23:59:59+02:00,14,15,5417,4928,11027,10604,13958,14401,19178,20245,24866,26112,19629,22410,14616,18286,4320,7494,1287,1262,2413,2741,3020,3959,3704,5504,5585,6379,6771,7386,10732,13679,3992,6876,155136,63218,24395,7445,54729,11380,3239,21,13
2021-05-30T23:59:59+02:00,14,15,5338,4852,10842,10482,13793,14223,18829,19923,24623,25863,19598,22380,14608,18266,4319,7492,1267,1248,2386,2708,2972,3913,3636,5448,5482,6291,6598,7156,10695,13604,3990,6866,153641,62482,23891,7383,54702,11182,3205,21,13
2021-05-29T23:59:59+02:00,14,15,5335,4852,10842,10478,13788,14220,18829,19922,24622,25861,19598,22380,14608,18266,4319,7492,1266,1244,2385,2705,2970,3910,3636,5446,5481,6289,6593,7153,10695,13604,3990,6866,153623,62472,23891,7380,54701,11168,3205,21,13
2021-05-28T23:59:59+02:00,14,15,5319,4838,10821,10440,13763,14201,18812,19905,24614,25851,19597,22379,14606,18263,4319,7491,1261,1244,2384,2698,2969,3908,3630,5440,5467,6273,6577,7136,10686,13582,3989,6862,153438,62368,23889,7380,54697,11147,3203,21,13
2021-05-27T23:59:59+02:00,11,14,5027,4555,10298,9984,13176,13670,18122,19291,24032,25314,19498,22264,14573,18217,4308,7479,1098,1104,2100,2505,2670,3616,3335,5084,5136,5994,6277,6719,10457,13299,3984,6846,150176,60513,22896,7344,54591,10210,2149,21,12
2021-05-26T23:59:59+02:00,11,14,4764,4299,9860,9603,12658,13150,17508,18681,23398,24637,19373,22115,14526,18162,4302,7462,1019,1024,1941,2352,2470,3419,3073,4840,4748,5642,5720,6070,10084,12765,3968,6810,146073,57367,22136,7306,54469,9440,1824,21,12
2021-05-25T23:59:59+02:00,11,13,4549,4069,9449,9129,12197,12643,16970,18102,22877,23998,19241,21943,14495,18083,4293,7448,970,980,1879,2262,2361,3283,2901,4637,4402,5266,5137,5338,9632,12165,3952,6785,142025,53814,21301,7291,54341,9015,1822,21,12
2021-05-24T23:59:59+02:00,11,13,4437,3912,9239,8924,11993,12383,16668,17780,22548,23595,19165,21864,14480,18063,4291,7447,954,932,1819,2221,2287,3222,2815,4556,4280,5150,4992,5178,9541,12038,3949,6777,140520,53106,20340,7238,54164,8591,1768,21,12
2021-05-23T23:59:59+02:00,11,13,4426,3911,9233,8921,11981,12373,16657,17773,22532,23574,19160,21859,14479,18061,4291,7447,953,927,1817,2216,2282,3220,2808,4552,4273,5133,4984,5164,9534,12025,3948,6776,140413,53026,20337,7225,54163,8585,1768,21,12
2021-05-22T23:59:59+02:00,11,13,4422,3908,9229,8917,11973,12367,16653,17769,22530,23572,19160,21859,14479,18061,4291,7447,953,927,1816,2214,2279,3220,2807,4552,4273,5131,4982,5163,9533,12025,3948,6776,140384,53020,20337,7225,54151,8578,1768,21,12
2021-05-21T23:59:59+02:00,11,13,4391,3869,9157,8841,11900,12280,16562,17694,22467,23504,19140,21841,14475,18054,4291,7445,908,917,1784,2203,2247,3211,2777,4527,4225,5102,4958,5139,9520,12018,3947,6775,139727,52953,20337,7225,54132,8354,1718,21,12
2021-05-20T23:59:59+02:00,8,12,4137,3689,8710,8484,11417,11866,15891,17191,21886,22925,18955,21673,14443,18014,4286,7434,761,853,1528,2043,2004,3054,2535,4308,3974,4869,4801,4976,9405,11874,3939,6751,136329,52225,19963,7126,53715,7323,993,21,12
2021-05-19T23:59:59+02:00,8,12,3894,3448,8217,8022,10837,11321,15219,16484,21210,22202,18754,21442,14402,17964,4280,7416,712,807,1468,1963,1927,2954,2469,4182,3833,4711,4626,4763,9202,11644,3919,6722,130938,51148,19780,6993,53418,6778,975,21,12
2021-05-18T23:59:59+02:00,7,11,3606,3186,7670,7484,10109,10622,14258,15546,20267,21145,18494,21159,14347,17904,4274,7394,657,758,1414,1876,1852,2843,2339,4042,3657,4509,4355,4471,8999,11394,3906,6695,123895,49916,19684,6792,52980,6148,903,21,12
2021-05-17T23:59:59+02:00,7,11,3415,2979,7212,7015,9604,10081,13529,14757,19580,20345,18308,20897,14300,17838,4264,7379,601,703,1333,1813,1777,2762,2229,3967,3521,4396,4109,4240,8855,11181,3893,6666,118654,49114,19444,6579,52515,5458,887,21,12
2021-05-16T23:59:59+02:00,7,10,3286,2906,7005,6838,9401,9866,13275,14522,19351,20116,18231,20818,14286,17819,4263,7373,588,657,1294,1765,1732,2701,2192,3874,3456,4313,4018,4139,8834,11154,3891,6664,117032,48970,19204,6411,52233,5000,883,21,12
2021-05-15T23:59:59+02:00,7,10,3285,2903,6999,6830,9399,9860,13272,14520,19348,20106,18229,20817,14286,17819,4263,7373,588,657,1292,1764,1729,2700,2190,3874,3455,4313,4016,4137,8834,11154,3891,6664,116988,48962,19204,6410,52231,4996,882,21,12
2021-05-14T23:59:59+02:00,7,10,3244,2859,6886,6686,9269,9722,13122,14338,19176,19971,18205,20792,14285,17811,4262,7370,568,644,1271,1743,1700,2678,2156,3848,3411,4275,3966,4083,8827,11147,3891,6663,116582,48923,18455,6259,52147,4871,810,21,12
2021-05-13T23:59:59+02:00,7,10,3125,2697,6558,6367,8833,9324,12575,13857,18573,19374,18077,20648,14252,17775,4257,7368,536,619,1217,1687,1643,2604,2069,3742,3263,4155,3862,3946,8804,11127,3888,6659,113702,48827,17758,5869,51542,4462,655,20,10
2021-05-12T23:59:59+02:00,7,10,3098,2667,6525,6329,8784,9271,12436,13744,18389,19170,18044,20614,14244,17765,4257,7368,535,617,1216,1684,1638,2601,2061,3736,3249,4147,3849,3932,8796,11121,3888,6658,112991,48801,17533,5842,51524,4423,654,20,10
2021-05-11T23:59:59+02:00,5,10,2708,2409,5726,5833,7816,8460,11043,12577,16823,17695,17539,20051,14160,17660,4238,7345,499,557,1089,1579,1475,2445,1874,3557,3028,3885,3742,3818,8727,11028,3884,6653,105590,48570,16910,5646,49450,3487,129,19,10
2021-05-10T23:59:59+02:00,5,8,2521,2242,5253,5454,7124,7837,10016,11661,15529,16323,17160,19600,14097,17546,4230,7321,474,531,1046,1540,1432,2394,1815,3454,2908,3754,3660,3745,8688,10980,3880,6649,99786,48454,16001,5417,47993,2943,128,19,10
2021-05-09T23:59:59+02:00,5,8,2438,2211,5116,5370,6937,7718,9606,11324,14983,15796,17041,19460,14077,17518,4227,7316,458,513,1014,1483,1361,2310,1757,3332,2796,3600,3574,3653,8665,10948,3877,6646,98212,48369,15413,5147,47381,2337,126,19,10
2021-05-08T23:59:59+02:00,5,8,2434,2210,5115,5370,6937,7716,9602,11320,14982,15795,17041,19460,14077,17518,4227,7316,457,512,1013,1483,1361,2309,1757,3332,2795,3599,3572,3653,8665,10948,3877,6646,98197,48364,15412,5147,47379,2334,126,19,10
2021-05-07T23:59:59+02:00,5,8,2262,2148,4844,5275,6573,7563,9153,11106,14539,15475,16864,19258,14065,17489,4227,7314,445,510,1002,1471,1346,2294,1722,3322,2746,3564,3526,3613,8586,10867,3877,6643,97491,48341,14894,4798,45643,2266,121,19,10
2021-05-06T23:59:59+02:00,5,8,2028,2016,4295,4928,5920,7188,8385,10548,13564,14653,16466,18807,14016,17395,4215,7301,416,462,961,1371,1259,2131,1616,3098,2525,3281,3349,3413,8407,10674,3868,6629,94912,47901,13657,4192,43099,1307,52,18,10
2021-05-05T23:59:59+02:00,5,8,1905,1906,4013,4705,5489,6817,7690,9959,12448,13596,15789,17970,13912,17294,4206,7277,408,450,948,1344,1231,2089,1581,3022,2465,3197,3299,3373,8328,10577,3862,6619,90502,47770,12335,4044,42097,934,37,18,10
2021-05-04T23:59:59+02:00,5,8,1818,1820,3746,4469,5082,6461,7028,9384,11228,12353,14870,16842,13803,17157,4202,7263,403,440,929,1324,1213,2047,1563,2984,2421,3142,3255,3326,8239,10466,3856,6605,84692,47632,11697,3844,41109,705,24,17,10
2021-05-03T23:59:59+02:00,4,8,1766,1767,3594,4343,4851,6249,6644,9053,10499,11617,14144,15863,13715,17042,4193,7246,397,430,925,1310,1199,2014,1542,2942,2388,3097,3202,3286,8124,10364,3851,6599,80259,47504,11493,3623,40809,516,20,17,9
2021-05-02T23:59:59+02:00,4,8,1756,1748,3520,4318,4769,6196,6574,8993,10381,11502,13957,15669,13683,17015,4192,7241,395,422,919,1295,1196,1997,1539,2929,2372,3080,3187,3269,8087,10332,3850,6595,79699,47485,11217,3525,40577,431,16,17,9
2021-05-01T23:59:59+02:00,4,8,1753,1748,3519,4317,4768,6195,6571,8992,10376,11498,13954,15669,13682,17014,4192,7238,394,422,919,1295,1195,1996,1539,2929,2372,3080,3187,3269,8087,10332,3850,6594,79673,47482,11217,3525,40576,431,15,17,9
2021-04-30T23:59:59+02:00,4,8,1751,1741,3513,4308,4761,6183,6550,8977,10338,11460,13903,15595,13656,16983,4191,7237,394,420,917,1293,1195,1996,1539,2929,2370,3079,3187,3267,8086,10330,3850,6594,79346,47475,11217,3524,40566,426,14,16,9
2021-04-29T23:59:59+02:00,4,7,1626,1700,3272,4193,4485,6030,6233,8726,9923,11068,13320,14891,13552,16827,4185,7229,385,409,908,1272,1175,1962,1514,2893,2341,3031,3173,3256,8073,10312,3847,6590,76561,47359,10832,3522,39851,240,13,14,9
2021-04-28T23:59:59+02:00,4,7,1501,1653,3099,4093,4250,5850,5876,8452,9335,10576,12443,13708,13395,16618,4176,7215,376,399,891,1259,1159,1933,1477,2849,2271,2962,3020,3123,7960,10196,3840,6579,72063,46941,10646,3109,39517,226,11,14,9
2021-04-27T23:59:59+02:00,4,7,1463,1610,2990,3973,4046,5708,5569,8193,8715,9906,11405,12396,13165,16261,4165,7193,364,384,882,1238,1144,1898,1450,2777,2225,2901,2981,3078,7933,10164,3833,6574,67255,46727,10458,2935,39032,146,11,13,9
2021-04-26T23:59:59+02:00,4,7,1438,1576,2877,3895,3874,5564,5258,7979,8223,9465,10650,11469,13021,16057,4154,7175,363,379,872,1228,1127,1887,1420,2756,2196,2870,2931,3026,7883,10114,3827,6569,63840,46624,10268,2681,38554,125,11,13,9
2021-04-25T23:59:59+02:00,4,7,1427,1570,2810,3864,3777,5505,5122,7932,8028,9360,10454,11235,12984,16003,4153,7170,362,374,863,1222,1109,1873,1405,2737,2173,2843,2889,2993,7835,10066,3826,6564,63337,46544,10067,2473,37977,99,11,13,9
2021-04-24T23:59:59+02:00,4,7,1426,1570,2810,3862,3776,5504,5120,7930,8024,9356,10447,11232,12984,16003,4153,7170,362,374,863,1222,1109,1870,1403,2736,2172,2843,2889,2993,7835,10066,3826,6564,63311,46539,10067,2472,37976,98,11,13,9
2021-04-23T23:59:59+02:00,4,7,1409,1559,2743,3827,3694,5474,5002,7882,7890,9296,10361,11121,12960,15962,4151,7166,361,374,862,1219,1109,1870,1402,2736,2172,2843,2889,2993,7834,10066,3826,6564,63180,46534,9786,2471,37518,97,11,13,9
2021-04-22T23:59:59+02:00,4,7,1367,1528,2635,3761,3534,5369,4770,7728,7537,9061,9788,10427,12693,15663,4145,7142,355,373,854,1210,1099,1858,1391,2710,2145,2822,2853,2961,7744,9957,3814,6548,61554,46125,9127,2463,36454,88,11,13,9
2021-04-21T23:59:59+02:00,4,7,1334,1491,2555,3685,3415,5266,4552,7548,7128,8733,8899,9395,12278,15084,4132,7100,350,371,849,1193,1090,1837,1373,2680,2115,2794,2794,2905,7629,9792,3796,6520,58824,45644,8258,2338,35500,88,11,13,9
2021-04-20T23:59:59+02:00,4,7,1312,1465,2485,3610,3315,5169,4378,7365,6742,8401,8006,8267,11812,14494,4118,7086,344,366,837,1180,1080,1815,1349,2657,2082,2751,2733,2848,7479,9605,3764,6464,55969,44922,7493,2332,34552,83,10,12,9
2021-04-19T23:59:59+02:00,4,7,1295,1449,2449,3573,3254,5102,4271,7263,6503,8168,7372,7492,11559,14137,4107,7068,342,364,833,1170,1074,1803,1326,2644,2048,2725,2678,2804,7363,9439,3741,6425,54018,44364,7120,2318,33913,80,10,12,9
2021-04-18T23:59:59+02:00,4,6,1285,1437,2418,3549,3213,5081,4217,7207,6367,8039,7019,7104,11465,14034,4104,7056,342,363,831,1166,1073,1796,1324,2631,2042,2720,2672,2790,7336,9407,3739,6421,53500,44240,6662,2316,33421,80,10,12,9
2021-04-17T23:59:59+02:00,4,6,1284,1435,2418,3548,3212,5077,4212,7204,6360,8029,7005,7094,11463,14032,4104,7056,342,363,830,1165,1073,1796,1322,2630,2041,2718,2669,2788,7335,9407,3739,6421,53478,44227,6660,2315,33383,80,10,12,9
2021-04-16T23:59:59+02:00,4,6,1281,1434,2407,3540,3204,5069,4193,7186,6309,7996,6929,7009,11451,14018,4102,7054,342,362,826,1163,1071,1796,1320,2629,2038,2718,2668,2781,7333,9405,3738,6421,53422,44203,6423,2311,33325,80,10,12,9
2021-04-15T23:59:59+02:00,2,4,1245,1413,2353,3491,3109,5010,4032,7058,6053,7764,6385,6451,11201,13729,4087,7022,334,360,807,1143,1032,1737,1275,2557,1964,2623,2588,2712,7245,9318,3728,6404,52335,43614,6033,2125,32019,74,10,12,6
2021-04-14T23:59:59+02:00,2,4,1224,1399,2318,3464,3040,4948,3925,6953,5863,7556,5741,5748,10808,13238,4055,6972,327,357,795,1134,1015,1711,1245,2516,1912,2572,2511,2642,7096,9123,3709,6378,50927,42954,5827,2002,30483,74,9,12,6
2021-04-13T23:59:59+02:00,2,4,1210,1390,2286,3433,2984,4885,3814,6872,5615,7335,5206,5202,10467,12824,4032,6944,306,343,776,1105,993,1690,1222,2481,1876,2531,2445,2576,6977,8986,3673,6317,49909,42268,5623,1945,28952,71,9,12,6
2021-04-12T23:59:59+02:00,2,4,1195,1384,2260,3410,2934,4840,3686,6791,5405,7185,4878,4908,10217,12543,4023,6920,290,339,762,1101,976,1674,1208,2459,1826,2484,2367,2515,6863,8845,3659,6295,49444,41692,5424,1896,27699,64,7,11,6
2021-04-11T23:59:59+02:00,2,4,1189,1371,2240,3390,2901,4820,3626,6720,5261,7076,4646,4708,10032,12344,4017,6909,283,337,757,1093,966,1660,1197,2431,1803,2452,2314,2456,6779,8737,3645,6275,49361,41277,5187,1835,26693,63,6,9,6
2021-04-10T23:59:59+02:00,2,4,1189,1370,2237,3386,2899,4816,3620,6717,5251,7064,4640,4699,10024,12331,4017,6908,280,333,741,1086,953,1655,1173,2411,1732,2400,2226,2370,6720,8690,3644,6271,49306,41108,5185,1506,26668,61,6,9,6
2021-04-09T23:59:59+02:00,2,4,1186,1367,2230,3384,2891,4807,3611,6706,5222,7040,4615,4671,9998,12301,4016,6908,271,330,721,1076,937,1634,1139,2364,1640,2324,2006,2101,6565,8529,3622,6238,49232,40253,5180,1173,26532,61,6,9,6
2021-04-08T23:59:59+02:00,2,4,1162,1347,2176,3328,2805,4717,3470,6576,4986,6807,4225,4263,9451,11727,3997,6854,246,309,670,1016,879,1561,1066,2268,1505,2204,1729,1764,6100,7968,3534,6093,48770,37682,4651,1170,24461,50,6,9,6
2021-04-07T23:59:59+02:00,2,4,1152,1333,2142,3310,2763,4680,3381,6514,4823,6673,3934,3963,8889,11176,3980,6826,213,280,611,961,819,1492,1007,2207,1399,2105,1589,1589,5501,7268,3445,5936,48563,35199,4177,1166,22792,49,4,9,6
2021-04-06T23:59:59+02:00,2,4,1130,1316,2097,3285,2724,4648,3316,6467,4697,6581,3680,3708,8398,10667,3964,6795,205,275,582,941,794,1444,962,2150,1316,2018,1443,1400,4917,6475,3331,5730,48368,32772,3640,1158,21459,46,3,9,6
2021-04-05T23:59:59+02:00,2,4,1127,1311,2091,3282,2714,4646,3302,6452,4674,6563,3648,3681,8369,10629,3960,6793,202,262,575,926,775,1420,946,2114,1276,1978,1396,1337,4703,6205,3283,5673,48278,31862,3634,1156,21324,46,3,9,6
2021-04-04T23:59:59+02:00,2,4,1127,1311,2091,3281,2714,4645,3302,6452,4673,6562,3643,3679,8367,10627,3960,6793,202,262,574,926,775,1420,946,2114,1276,1977,1396,1337,4702,6205,3283,5673,48272,31859,3634,1156,21315,46,3,9,6
2021-04-03T23:59:59+02:00,2,4,1127,1311,2090,3281,2714,4645,3302,6452,4673,6562,3642,3677,8367,10625,3960,6793,202,262,574,925,775,1420,946,2114,1276,1977,1396,1337,4702,6205,3283,5673,48270,31858,3633,1156,21312,46,3,9,6
2021-04-02T23:59:59+02:00,2,4,1127,1311,2090,3279,2714,4644,3302,6449,4673,6560,3640,3673,8365,10624,3960,6793,202,262,574,925,775,1418,946,2114,1276,1976,1396,1335,4700,6204,3282,5673,48254,31850,3633,1155,21311,46,3,9,6
2021-04-01T23:59:59+02:00,1,4,1114,1276,2025,3159,2606,4444,3154,6200,4515,6321,3596,3637,8266,10518,3949,6776,197,253,570,916,764,1412,936,2100,1253,1960,1375,1308,4461,5885,3162,5508,47884,30863,3627,1151,20038,39,3,9,6
2021-03-31T23:59:59+02:00,1,4,1097,1246,1987,3060,2531,4301,3064,5987,4385,6091,3513,3555,8113,10321,3929,6741,189,250,563,905,760,1394,924,2080,1211,1927,1319,1245,3971,5285,3034,5272,47279,29135,3500,1151,19135,38,3,9,4
2021-03-30T23:59:59+02:00,1,3,1075,1212,1936,2876,2429,4076,2914,5629,4184,5702,3419,3460,7948,10116,3902,6687,185,245,554,895,749,1372,902,2060,1163,1882,1233,1161,3450,4570,2807,4937,46639,26980,3334,1151,17584,29,3,9,4
2021-03-29T23:59:59+02:00,1,3,1058,1169,1873,2746,2345,3919,2776,5375,4021,5428,3319,3360,7786,9887,3873,6639,184,240,548,884,739,1358,884,2036,1126,1854,1159,1072,2866,3888,2628,4643,45995,24941,3099,1145,16473,19,2,9,4
2021-03-28T23:59:59+02:00,1,3,1039,1137,1802,2584,2263,3715,2655,5080,3869,5151,3254,3294,7721,9823,3869,6633,184,240,546,881,738,1356,882,2030,1123,1851,1150,1060,2811,3820,2615,4616,45887,24744,2890,1142,15105,14,2,9,3
2021-03-27T23:59:59+01:00,1,3,1039,1137,1802,2583,2262,3714,2652,5080,3866,5151,3250,3294,7720,9823,3869,6633,184,240,545,881,738,1356,881,2030,1120,1851,1150,1060,2811,3820,2615,4616,45878,24739,2890,1142,15100,14,2,9,3
2021-03-26T23:59:59+01:00,1,3,1034,1114,1760,2468,2198,3556,2589,4870,3780,4927,3229,3277,7717,9818,3868,6632,184,239,545,881,737,1356,881,2030,1120,1848,1146,1059,2808,3812,2614,4613,45851,24716,2887,1142,14092,12,2,9,3
2021-03-25T23:59:59+01:00,1,3,1009,1083,1709,2365,2115,3387,2481,4641,3668,4730,3127,3185,7589,9684,3861,6618,182,236,540,879,730,1346,875,2012,1103,1824,1100,1015,2579,3464,2414,4320,45593,23463,2550,1142,13105,12,1,7,3
2021-03-24T23:59:59+01:00,1,3,986,1064,1689,2322,2084,3337,2446,4574,3624,4661,3040,3115,7460,9514,3842,6600,182,232,534,874,723,1336,863,1997,1084,1803,1060,973,2186,2918,2021,3801,45056,21433,2420,1140,12878,12,1,7,3
2021-03-23T23:59:59+01:00,1,3,976,1058,1671,2290,2060,3303,2413,4530,3584,4611,2973,3042,7366,9412,3824,6572,180,229,530,869,716,1324,849,1978,1048,1772,979,883,1823,2427,1671,3336,44545,19494,2409,1106,12728,12,1,6,3
2021-03-22T23:59:59+01:00,1,3,974,1049,1656,2273,2046,3285,2391,4502,3547,4569,2929,3008,7303,9342,3810,6555,177,226,529,858,700,1301,835,1964,1019,1745,931,811,1348,1853,1317,2847,44211,17398,2387,1049,12638,12,1,6,3
2021-03-21T23:59:59+01:00,1,3,974,1049,1655,2270,2046,3284,2387,4498,3535,4561,2915,2999,7255,9287,3804,6549,177,223,528,856,699,1297,833,1960,1008,1740,908,792,1270,1768,1261,2778,44065,17096,2384,988,12616,12,1,6,3
2021-03-20T23:59:59+01:00,1,3,973,1048,1654,2269,2046,3284,2387,4498,3533,4559,2914,2998,7255,9286,3804,6549,177,223,528,856,699,1297,833,1960,995,1725,873,764,1238,1745,1252,2776,44063,17093,2380,834,12611,12,1,6,3
2021-03-19T23:59:59+01:00,1,3,972,1040,1647,2255,2035,3280,2385,4492,3526,4552,2904,2987,7243,9268,3803,6546,177,221,527,856,699,1295,833,1959,988,1720,829,725,1175,1693,1242,2766,44000,17050,2376,641,12556,12,1,6,3
2021-03-18T23:59:59+01:00,1,3,934,1008,1572,2141,1911,3113,2236,4245,3296,4300,2751,2829,6941,8903,3737,6445,176,220,522,851,692,1288,824,1948,965,1704,811,703,1099,1585,1097,2561,42605,16469,2064,563,11690,12,1,6,3
2021-03-17T23:59:59+01:00,1,3,881,976,1501,2081,1848,3047,2171,4184,3201,4204,2616,2696,6513,8409,3672,6330,175,218,519,846,690,1284,820,1943,960,1696,782,684,964,1432,941,2346,40830,15724,2060,562,11437,12,1,6,3
2021-03-16T23:59:59+01:00,1,3,856,952,1467,2040,1810,2998,2117,4129,3106,4106,2482,2537,6036,7756,3581,6179,169,215,514,845,687,1277,815,1934,953,1683,777,671,876,1306,797,2180,38829,15121,1999,562,11321,12,1,6,3
2021-03-15T23:59:59+01:00,1,3,839,945,1449,2018,1772,2943,2079,4058,3005,3997,2348,2366,5548,7212,3508,6062,168,214,514,837,685,1268,811,1924,943,1667,766,661,806,1194,644,1978,37056,14541,1898,524,11193,12,0,6,3
2021-03-14T23:59:59+01:00,1,3,834,931,1425,1991,1748,2914,2048,3999,2942,3930,2169,2169,5362,6984,3477,6029,168,214,513,834,683,1257,810,1917,940,1658,748,652,790,1175,620,1923,36031,14396,1797,500,11122,3,0,6,3
2021-03-13T23:59:59+01:00,1,3,826,924,1403,1979,1732,2901,2021,3971,2868,3882,2097,2095,5313,6929,3475,6028,168,214,513,833,683,1257,809,1917,940,1658,748,652,790,1175,620,1923,35776,14394,1550,500,11116,3,0,6,3
2021-03-12T23:59:59+01:00,1,3,802,908,1357,1920,1669,2803,1922,3820,2710,3716,1900,1856,5127,6705,3443,5985,168,214,512,833,683,1257,808,1917,940,1657,740,649,777,1160,612,1920,34445,14342,1307,499,10889,3,0,6,3
2021-03-11T23:59:59+01:00,1,3,768,849,1289,1835,1585,2655,1838,3619,2547,3543,1635,1546,4759,6233,3306,5803,159,207,506,824,673,1248,793,1881,920,1616,610,587,708,1118,591,1888,32331,13836,1207,489,10270,2,0,6,2
2021-03-10T23:59:59+01:00,1,3,753,797,1266,1779,1552,2597,1788,3548,2465,3454,1563,1457,4286,5688,3187,5549,159,205,497,803,655,1235,784,1861,913,1600,541,572,675,1109,584,1883,30509,13685,1201,387,10017,2,0,6,2
2021-03-09T23:59:59+01:00,1,3,739,776,1245,1749,1525,2551,1748,3497,2391,3402,1469,1358,3725,4935,2992,5239,156,203,492,782,645,1211,770,1829,901,1572,537,570,673,1104,581,1877,28322,13624,1198,275,9819,2,0,6,2
2021-03-08T23:59:59+01:00,0,3,735,748,1231,1729,1507,2531,1721,3459,2351,3359,1376,1256,3051,4105,2753,4869,152,200,478,759,623,1178,751,1779,877,1535,533,568,673,1103,581,1877,25857,13616,1198,49,9723,0,0,6,2
2021-03-07T23:59:59+01:00,0,3,732,744,1222,1719,1499,2516,1710,3451,2340,3351,1363,1240,2948,3983,2730,4819,152,200,478,759,623,1178,751,1779,877,1535,533,568,673,1103,581,1877,25502,13616,1196,49,9666,0,0,6,2
2021-03-06T23:59:59+01:00,0,3,731,744,1221,1714,1496,2513,1706,3448,2336,3350,1360,1240,2948,3983,2730,4819,151,200,478,759,623,1178,751,1779,877,1535,533,568,673,1103,581,1877,25497,13615,1196,49,9643,0,0,6,2
2021-03-05T23:59:59+01:00,0,3,669,718,1195,1699,1475,2503,1681,3433,2307,3340,1355,1237,2940,3975,2727,4814,151,200,478,758,623,1177,751,1779,877,1533,532,568,673,1103,581,1877,25468,13610,1192,49,9405,0,0,6,2
2021-03-04T23:59:59+01:00,0,3,603,671,1128,1630,1419,2420,1640,3352,2232,3263,1305,1189,2719,3609,2541,4526,149,194,475,744,612,1165,740,1751,868,1520,522,557,661,1093,576,1868,24238,13445,1184,48,8822,0,0,6,2
2021-03-03T23:59:59+01:00,0,3,566,632,1061,1568,1322,2339,1539,3266,2107,3177,1260,1143,2345,3087,2185,4074,149,194,473,741,612,1165,739,1749,866,1519,519,554,659,1090,576,1866,22361,13422,1182,47,8127,0,0,4,2
2021-03-02T23:59:59+01:00,0,3,548,599,1023,1522,1267,2296,1481,3214,2010,3116,1177,1042,1976,2608,1789,3550,147,192,468,735,607,1154,729,1739,861,1498,510,545,648,1069,556,1833,20285,13242,1179,47,7753,0,0,4,2
2021-03-01T23:59:59+01:00,0,3,541,550,1005,1483,1221,2235,1435,3148,1955,3043,1132,968,1482,2015,1402,3005,145,192,468,735,607,1153,729,1736,860,1498,508,545,645,1060,552,1822,18000,13206,1176,47,7443,0,0,4,2
2021-02-28T23:59:59+01:00,0,3,534,536,988,1443,1195,2173,1407,3090,1900,2970,1111,946,1367,1874,1328,2917,145,192,467,734,607,1153,728,1734,859,1497,506,545,645,1060,552,1822,17520,13197,1173,47,7085,0,0,4,2
2021-02-27T23:59:59+01:00,0,3,534,534,987,1442,1195,2172,1407,3089,1900,2969,1111,946,1367,1873,1326,2917,145,192,466,733,604,1151,726,1732,857,1496,506,545,645,1060,552,1822,17517,13197,1173,33,7078,0,0,4,2
2021-02-26T23:59:59+01:00,0,3,391,483,856,1399,1112,2130,1340,3048,1841,2927,1106,940,1364,1872,1326,2916,145,192,466,733,604,1151,726,1731,857,1495,506,545,645,1060,552,1822,17506,13196,1173,32,6371,0,0,4,2
2021-02-25T23:59:59+01:00,0,3,301,429,760,1305,1028,2040,1241,2875,1702,2765,1068,908,1282,1747,1206,2724,138,182,454,720,588,1126,719,1706,837,1471,492,531,616,1028,538,1803,16905,12925,1173,22,5302,0,0,4,2
2021-02-24T23:59:59+01:00,0,2,255,384,687,1229,954,1952,1187,2757,1636,2647,1041,888,1159,1601,1048,2507,136,182,451,716,584,1125,718,1701,836,1467,487,526,608,1023,535,1791,16192,12865,1171,19,4567,0,0,4,2
2021-02-23T23:59:59+01:00,0,2,243,362,666,1171,925,1873,1140,2645,1561,2537,1015,860,1078,1473,905,2342,136,181,451,714,584,1125,718,1698,834,1466,486,523,606,1022,535,1790,15630,12854,1136,14,4028,0,0,4,1
2021-02-22T23:59:59+01:00,0,0,228,342,643,1141,893,1790,1090,2553,1474,2414,969,830,959,1329,718,2086,136,181,450,713,582,1124,717,1698,828,1464,485,522,605,1020,534,1788,14876,12842,1063,4,3516,0,0,4,1
2021-02-21T23:59:59+01:00,0,0,222,331,608,1074,843,1686,1047,2452,1394,2307,952,809,926,1277,666,2020,136,180,447,706,581,1120,717,1693,828,1463,484,522,604,1020,533,1787,14667,12816,1020,4,2923,0,0,4,1
2021-02-20T23:59:59+01:00,0,0,222,328,605,1073,841,1681,1043,2447,1379,2288,916,780,893,1254,658,2018,136,180,447,706,581,1120,717,1693,828,1463,484,521,603,1020,533,1787,14666,12815,860,4,2896,0,0,4,0
2021-02-19T23:59:59+01:00,0,0,212,320,595,1065,828,1666,1022,2430,1346,2245,671,677,750,1190,633,2001,136,180,447,705,581,1117,716,1691,825,1460,484,520,603,1019,532,1787,14188,12800,671,3,2788,0,0,4,0
2021-02-18T23:59:59+01:00,0,0,195,270,555,944,743,1439,891,2171,1096,1869,592,609,709,1148,613,1984,131,180,434,693,566,1100,710,1665,810,1432,481,517,602,1018,532,1787,14029,12655,571,3,1225,0,0,3,0
2021-02-17T23:59:59+01:00,0,0,189,231,535,895,706,1342,833,2004,1011,1738,570,589,709,1145,611,1981,124,178,423,683,558,1084,691,1634,797,1409,478,515,600,1015,532,1786,14012,12504,571,3,503,0,0,3,0
2021-02-16T23:59:59+01:00,0,0,182,228,527,879,691,1311,814,1965,978,1698,558,584,703,1143,610,1978,119,173,409,678,547,1068,678,1616,788,1395,472,509,593,1001,524,1755,13982,12323,571,2,293,0,0,3,0
2021-02-15T23:59:59+01:00,0,0,168,219,522,852,685,1277,800,1930,949,1652,557,581,701,1143,610,1978,116,172,402,668,536,1049,649,1589,774,1377,470,506,593,1001,524,1755,13979,12179,532,2,110,0,0,3,0
2021-02-14T23:59:59+01:00,0,0,163,211,519,839,684,1268,797,1921,931,1643,556,580,701,1140,609,1978,109,168,391,657,519,1031,631,1574,767,1364,470,504,591,999,524,1755,13973,12052,530,2,34,0,0,3,0
2021-02-13T23:59:59+01:00,0,0,162,211,518,839,684,1268,797,1921,931,1643,556,580,701,1140,609,1978,109,168,390,657,519,1031,631,1574,767,1364,470,504,591,999,524,1755,13972,12051,530,2,33,0,0,3,0
2021-02-12T23:59:59+01:00,0,0,161,210,513,838,683,1265,793,1920,929,1640,555,580,701,1140,609,1978,106,166,387,651,515,1025,617,1559,764,1347,468,503,580,979,519,1728,13965,11912,529,2,18,0,0,3,0
2021-02-11T23:59:59+01:00,0,0,159,209,509,831,676,1261,791,1917,923,1638,550,574,694,1134,604,1972,87,130,358,579,469,945,565,1442,720,1253,444,458,537,925,476,1630,13914,11017,517,1,8,0,0,3,0
2021-02-10T23:59:59+01:00,0,0,156,207,499,814,660,1246,779,1890,908,1614,542,568,683,1122,599,1962,78,118,329,519,442,838,523,1267,647,1096,395,408,470,808,427,1469,13789,9833,456,1,1,0,0,3,0
2021-02-09T23:59:59+01:00,0,0,155,201,491,776,644,1207,759,1829,897,1573,530,556,677,1107,590,1943,73,101,310,452,407,754,481,1164,582,996,364,354,427,721,394,1348,13676,8928,256,0,0,0,0,3,0
2021-02-08T23:59:59+01:00,0,0,151,197,474,751,622,1172,739,1779,877,1529,524,555,675,1101,586,1927,59,75,264,383,357,619,421,935,509,817,306,299,361,567,329,1142,13606,7443,50,0,0,0,0,3,0
2021-02-07T23:59:59+01:00,0,0,151,196,472,750,620,1171,738,1771,875,1527,523,555,675,1101,586,1926,58,67,246,348,338,574,405,903,489,782,306,292,359,560,327,1138,13584,7192,50,0,0,0,0,3,0
2021-02-06T23:59:59+01:00,0,0,151,196,472,750,620,1171,738,1771,875,1527,523,555,675,1101,586,1926,58,67,246,347,338,574,405,902,487,780,306,291,358,558,326,1138,13584,7181,50,0,0,0,0,3,0
2021-02-05T23:59:59+01:00,0,0,151,196,472,750,620,1171,738,1771,875,1526,523,555,674,1101,586,1926,56,67,244,345,331,570,397,880,478,760,296,286,347,535,309,1098,13582,6999,50,0,0,0,0,3,0
2021-02-04T23:59:59+01:00,0,0,145,191,468,742,613,1163,734,1757,869,1517,516,548,652,1076,577,1908,41,51,211,311,289,474,355,739,384,614,233,217,262,370,228,811,13424,5590,49,0,0,0,0,3,0
2021-02-03T23:59:59+01:00,0,0,143,190,462,735,605,1154,730,1745,860,1501,505,540,637,1063,570,1900,33,32,155,220,236,346,265,565,309,464,182,171,185,277,177,605,13289,4222,48,0,0,0,0,3,0
2021-02-02T23:59:59+01:00,0,0,143,187,460,734,605,1154,727,1739,853,1497,504,538,633,1060,569,1896,24,26,136,173,191,278,221,429,257,373,142,131,137,207,140,477,13249,3342,48,0,0,0,0,2,0
2021-02-01T23:59:59+01:00,0,0,141,187,459,733,600,1151,726,1731,851,1492,503,536,628,1057,568,1889,20,19,100,128,137,187,155,299,168,258,90,94,93,132,77,258,13202,2215,48,0,0,0,0,2,0
2021-01-31T23:59:59+01:00,0,0,141,187,459,730,597,1150,726,1727,851,1491,501,535,627,1055,568,1888,14,15,67,88,95,122,118,222,141,202,85,87,89,124,75,244,13184,1788,48,0,0,0,0,1,0
2021-01-30T23:59:59+01:00,0,0,141,187,458,730,595,1148,725,1726,851,1491,501,535,626,1055,568,1888,14,15,67,88,95,120,116,218,138,199,84,86,89,118,69,234,13183,1750,41,0,0,0,0,1,0
2021-01-29T23:59:59+01:00,0,0,141,187,458,728,594,1145,723,1724,849,1490,501,535,626,1055,568,1888,12,15,55,82,78,116,98,207,115,187,79,79,87,114,68,233,13178,1625,33,0,0,0,0,1,0
2021-01-28T23:59:59+01:00,0,0,134,183,445,711,577,1119,717,1697,827,1461,494,529,623,1052,565,1885,7,3,12,20,24,44,31,95,47,87,46,50,56,84,50,176,12993,832,25,0,0,0,0,1,0
2021-01-27T23:59:59+01:00,0,0,127,181,434,701,569,1110,701,1663,820,1437,491,527,619,1047,565,1880,3,1,4,12,10,23,13,40,23,30,13,17,24,34,21,55,12848,323,23,0,0,0,0,1,0
2021-01-26T23:59:59+01:00,0,0,121,177,420,689,556,1096,692,1640,809,1416,486,521,613,1030,557,1845,3,1,4,11,7,21,11,37,17,27,13,15,23,33,21,54,12653,298,14,0,0,0,0,1,0
2021-01-25T23:59:59+01:00,0,0,118,175,411,677,545,1077,665,1612,791,1399,484,517,611,1029,557,1845,2,1,3,9,7,16,6,28,12,21,9,6,13,22,11,35,12508,201,4,0,0,0,0,1,0
2021-01-24T23:59:59+01:00,0,0,111,172,401,667,531,1059,648,1599,778,1387,483,514,610,1029,557,1845,2,0,1,6,7,4,4,7,5,8,1,2,11,15,7,21,12386,101,4,0,0,0,0,1,0
2021-01-23T23:59:59+01:00,0,0,111,172,401,667,531,1059,648,1599,778,1387,483,514,610,1029,557,1845,1,0,1,6,7,4,4,7,5,8,1,2,11,15,7,21,12386,100,4,0,0,0,0,1,0
2021-01-22T23:59:59+01:00,0,0,108,170,394,661,528,1053,634,1584,772,1369,483,509,599,1008,550,1817,1,0,1,6,7,4,4,7,5,8,1,2,11,15,7,21,12236,100,3,0,0,0,0,0,0
2021-01-21T23:59:59+01:00,0,0,97,162,379,642,505,1019,604,1534,750,1326,467,473,566,965,514,1749,1,0,1,6,7,4,4,7,5,8,1,2,11,15,7,21,11749,100,3,0,0,0,0,0,0
2021-01-20T23:59:59+01:00,0,0,79,120,344,553,461,879,546,1300,662,1139,405,414,481,822,451,1526,1,0,1,5,7,4,4,7,5,8,1,2,11,15,7,21,10179,99,3,0,0,0,0,0,0
2021-01-19T23:59:59+01:00,0,0,74,106,316,475,420,791,504,1188,610,1036,381,377,444,743,421,1430,1,0,1,3,7,4,4,7,5,8,1,0,8,10,6,18,9313,83,3,0,0,0,0,0,0
2021-01-18T23:59:59+01:00,0,0,60,76,269,388,365,642,429,956,518,840,313,310,374,590,356,1222,1,0,1,3,7,4,4,7,5,8,1,0,8,10,6,18,7706,83,2,0,0,0,0,0,0
2021-01-17T23:59:59+01:00,0,0,59,67,250,353,343,589,410,913,494,801,310,301,372,583,353,1214,0,0,0,0,0,0,0,0,0,0,0,0,0,0,0,0,7410,0,2,0,0,0,0,0,0
2021-01-16T23:59:59+01:00,0,0,59,67,250,352,343,589,410,912,492,799,310,300,370,579,352,1214,0,0,0,0,0,0,0,0,0,0,0,0,0,0,0,0,7396,0,2,0,0,0,0,0,0
2021-01-15T23:59:59+01:00,0,0,57,67,249,349,337,583,399,889,481,774,296,294,352,551,329,1172,0,0,0,0,0,0,0,0,0,0,0,0,0,0,0,0,7177,0,2,0,0,0,0,0,0
2021-01-14T23:59:59+01:00,0,0,43,54,235,325,312,508,365,764,392,628,235,220,262,375,236,841,0,0,0,0,0,0,0,0,0,0,0,0,0,0,0,0,5795,0,0,0,0,0,0,0,0
2021-01-13T23:59:59+01:00,0,0,37,43,210,269,272,408,299,615,321,501,180,177,189,286,191,649,0,0,0,0,0,0,0,0,0,0,0,0,0,0,0,0,4647,0,0,0,0,0,0,0,0
2021-01-12T23:59:59+01:00,0,0,32,41,205,254,257,376,276,535,289,455,143,135,143,218,149,508,0,0,0,0,0,0,0,0,0,0,0,0,0,0,0,0,4016,0,0,0,0,0,0,0,0
2021-01-11T23:59:59+01:00,0,0,27,37,195,233,239,324,229,446,239,381,111,106,108,143,88,320,0,0,0,0,0,0,0,0,0,0,0,0,0,0,0,0,3226,0,0,0,0,0,0,0,0
2021-01-10T23:59:59+01:00,0,0,26,31,157,172,196,249,191,350,197,304,99,99,105,138,86,305,0,0,0,0,0,0,0,0,0,0,0,0,0,0,0,0,2705,0,0,0,0,0,0,0,0
2021-01-09T23:59:59+01:00,0,0,26,31,150,168,194,241,187,342,195,299,99,99,105,138,86,305,0,0,0,0,0,0,0,0,0,0,0,0,0,0,0,0,2665,0,0,0,0,0,0,0,0
2021-01-08T23:59:59+01:00,0,0,23,28,119,144,173,228,162,313,167,278,94,89,103,134,85,304,0,0,0,0,0,0,0,0,0,0,0,0,0,0,0,0,2444,0,0,0,0,0,0,0,0
2021-01-07T23:59:59+01:00,0,0,8,3,16,26,32,54,37,105,60,111,49,51,64,92,54,212,0,0,0,0,0,0,0,0,0,0,0,0,0,0,0,0,974,0,0,0,0,0,0,0,0
2021-01-06T23:59:59+01:00,0,0,3,1,5,13,10,22,13,39,20,31,14,14,27,38,23,65,0,0,0,0,0,0,0,0,0,0,0,0,0,0,0,0,338,0,0,0,0,0,0,0,0
2021-01-05T23:59:59+01:00,0,0,3,1,4,10,9,18,10,31,15,26,11,14,23,33,21,57,0,0,0,0,0,0,0,0,0,0,0,0,0,0,0,0,286,0,0,0,0,0,0,0,0
2021-01-04T23:59:59+01:00,0,0,2,1,2,7,9,10,4,15,8,16,5,3,12,19,8,31,0,0,0,0,0,0,0,0,0,0,0,0,0,0,0,0,152,0,0,0,0,0,0,0,0
2021-01-03T23:59:59+01:00,0,0,2,0,1,6,8,4,4,7,5,9,1,2,12,15,7,21,0,0,0,0,0,0,0,0,0,0,0,0,0,0,0,0,104,0,0,0,0,0,0,0,0
2021-01-02T23:59:59+01:00,0,0,2,0,1,6,8,4,4,7,5,9,1,2,12,15,7,21,0,0,0,0,0,0,0,0,0,0,0,0,0,0,0,0,104,0,0,0,0,0,0,0,0
2021-01-01T23:59:59+01:00,0,0,1,0,1,6,8,4,4,7,5,9,1,2,12,15,7,21,0,0,0,0,0,0,0,0,0,0,0,0,0,0,0,0,103,0,0,0,0,0,0,0,0
2020-12-31T23:59:59+01:00,0,0,1,0,1,5,8,4,4,7,5,9,1,2,12,15,7,21,0,0,0,0,0,0,0,0,0,0,0,0,0,0,0,0,102,0,0,0,0,0,0,0,0
2020-12-30T23:59:59+01:00,0,0,1,0,1,5,8,4,4,7,5,9,1,2,12,15,7,21,0,0,0,0,0,0,0,0,0,0,0,0,0,0,0,0,102,0,0,0,0,0,0,0,0
2020-12-29T23:59:59+01:00,0,0,1,0,1,3,8,4,4,7,5,9,1,0,9,10,6,18,0,0,0,0,0,0,0,0,0,0,0,0,0,0,0,0,86,0,0,0,0,0,0,0,0
2020-12-28T23:59:59+01:00,0,0,1,0,1,3,8,4,4,7,5,9,1,0,9,10,6,18,0,0,0,0,0,0,0,0,0,0,0,0,0,0,0,0,86,0,0,0,0,0,0,0,0
2020-12-27T23:59:59+01:00,0,0,1,0,1,3,8,4,4,7,5,9,1,0,9,10,6,18,0,0,0,0,0,0,0,0,0,0,0,0,0,0,0,0,86,0,0,0,0,0,0,0,0
