Datum,<15_1_m,<15_1_w,15-24_1_m,15-24_1_w,25-34_1_m,25-34_1_w,35-44_1_m,35-44_1_w,45-54_1_m,45-54_1_w,55-64_1_m,55-64_1_w,65-74_1_m,65-74_1_w,75-84_1_m,75-84_1_w,>84_1_m,>84_1_w,<15_2_m,<15_2_w,15-24_2_m,15-24_2_w,25-34_2_m,25-34_2_w,35-44_2_m,35-44_2_w,45-54_2_m,45-54_2_w,55-64_2_m,55-64_2_w,65-74_2_m,65-74_2_w,75-84_2_m,75-84_2_w,>84_2_m,>84_2_w,bp_1,bp_2,mo_1,mo_2,az_1,az_2,ja,unb_1,unb_2
2021-11-30T23:59:59+01:00,4322,4121,21162,19334,26508,24460,27431,26714,30405,30883,32611,33565,22307,25580,15797,19966,4605,8099,2490,2374,17755,16397,23221,21229,24687,23974,28020,28476,30802,31608,21539,24575,15361,19268,4427,7717,271115,241219,33394,32171,55137,52285,18192,41,53
2021-11-29T23:59:59+01:00,4104,3947,21095,19291,26453,24381,27380,26665,30361,30831,32575,33515,22277,25536,15788,19941,4602,8088,2459,2347,17642,16293,23079,21100,24592,23906,27943,28399,30738,31548,21509,24536,15353,19240,4426,7709,270083,240147,33387,32142,55136,52285,18192,41,53
2021-11-28T23:59:59+01:00,3936,3796,21055,19264,26411,24326,27348,26625,30335,30804,32556,33482,22267,25515,15781,19925,4600,8081,2444,2329,17582,16233,23002,21058,24527,23860,27903,28353,30703,31510,21489,24516,15345,19234,4424,7707,269370,239548,33377,32141,55136,52285,18192,41,53
2021-11-27T23:59:59+01:00,3909,3778,21035,19251,26398,24313,27330,26611,30326,30793,32548,33476,22265,25509,15780,19923,4600,8081,2443,2329,17569,16229,22991,21049,24515,23850,27895,28348,30695,31502,21488,24516,15343,19232,4424,7707,269191,239456,33377,32141,55136,52285,18190,41,53
2021-11-26T23:59:59+01:00,3806,3692,20995,19227,26364,24272,27300,26582,30304,30770,32524,33459,22258,25496,15777,19919,4600,8079,2430,2307,17514,16199,22941,21020,24476,23807,27855,28327,30674,31488,21484,24510,15340,19228,4424,7707,268695,239073,33371,32131,55136,52284,18190,41,53
2021-11-25T23:59:59+01:00,3660,3553,20935,19150,26316,24185,27252,26515,30255,30719,32489,33407,22249,25470,15772,19903,4598,8074,2393,2273,17437,16139,22834,20955,24417,23753,27799,28275,30634,31454,21474,24493,15331,19217,4420,7705,267789,238375,33355,32102,55136,52283,18190,41,53
2021-11-24T23:59:59+01:00,3573,3462,20864,19086,26247,24098,27180,26438,30210,30659,32447,33356,22229,25439,15765,19882,4589,8062,2364,2246,17362,16051,22728,20859,24340,23691,27718,28215,30578,31395,21453,24470,15319,19208,4417,7703,266878,237520,33350,32075,55136,52279,18190,41,53
2021-11-23T23:59:59+01:00,3485,3377,20793,19022,26178,24029,27119,26375,30147,30602,32400,33305,22209,25410,15747,19849,4583,8036,2345,2228,17281,15998,22642,20784,24276,23625,27671,28168,30540,31371,21442,24447,15302,19190,4414,7692,265972,236829,33339,32068,55136,52279,18187,41,53
2021-11-22T23:59:59+01:00,3401,3295,20710,18948,26063,23918,27038,26274,30083,30520,32329,33238,22185,25375,15739,19820,4574,8025,2325,2211,17229,15934,22571,20731,24217,23570,27623,28114,30495,31331,21419,24421,15289,19176,4410,7688,264851,236187,33332,32052,55136,52278,18184,41,53
2021-11-21T23:59:59+01:00,3363,3245,20642,18893,25993,23843,26979,26210,30024,30456,32277,33180,22165,25347,15732,19801,4570,8018,2319,2204,17205,15920,22542,20713,24194,23551,27607,28104,30480,31316,21411,24415,15284,19169,4410,7682,264060,235968,33328,32045,55136,52278,18182,41,53
2021-11-20T23:59:59+01:00,3351,3233,20614,18862,25951,23814,26939,26189,30000,30432,32262,33163,22156,25340,15729,19797,4570,8016,2314,2201,17189,15915,22533,20704,24177,23540,27600,28093,30476,31313,21409,24414,15284,19167,4410,7682,263743,235865,33326,32044,55136,52278,18181,41,53
2021-11-19T23:59:59+01:00,3272,3159,20531,18783,25865,23736,26876,26136,29939,30380,32224,33124,22144,25316,15727,19791,4569,8013,2303,2193,17153,15882,22481,20672,24129,23513,27561,28064,30455,31303,21397,24409,15281,19163,4408,7681,262922,235506,33314,32034,55136,52274,18181,41,53
2021-11-18T23:59:59+01:00,3158,3062,20443,18664,25755,23607,26787,26023,29866,30294,32178,33055,22106,25271,15716,19772,4569,8004,2283,2159,17079,15806,22416,20608,24081,23455,27511,28032,30407,31266,21385,24394,15272,19145,4405,7666,261674,234863,33307,32004,55136,52269,18181,41,53
2021-11-17T23:59:59+01:00,3096,2992,20323,18546,25640,23465,26686,25916,29781,30232,32123,32985,22084,25232,15705,19752,4566,7997,2263,2131,16992,15749,22318,20541,24014,23378,27434,27978,30363,31229,21369,24376,15263,19129,4403,7661,260476,234106,33298,31987,55136,52266,18179,41,53
2021-11-16T23:59:59+01:00,3050,2935,20201,18456,25506,23331,26600,25820,29709,30149,32060,32913,22062,25200,15694,19733,4564,7985,2242,2115,16950,15724,22273,20499,23970,23347,27395,27931,30332,31197,21353,24362,15250,19119,4403,7658,259332,233643,33292,31984,55136,52264,18176,41,53
2021-11-15T23:59:59+01:00,2999,2895,19999,18305,25325,23175,26471,25695,29620,30043,31978,32834,22031,25167,15678,19711,4561,7977,2226,2106,16901,15703,22230,20467,23926,23318,27370,27903,30310,31178,21336,24343,15243,19105,4401,7654,257847,233269,33276,31961,55136,52264,18173,41,53
2021-11-14T23:59:59+01:00,2971,2859,19877,18207,25210,23052,26384,25622,29550,29967,31917,32770,22006,25138,15668,19696,4558,7971,2215,2092,16871,15662,22204,20436,23898,23300,27354,27883,30291,31161,21329,24340,15237,19094,4401,7652,256814,232975,33270,31958,55136,52263,18171,41,53
2021-11-13T23:59:59+01:00,2958,2842,19813,18159,25152,23014,26318,25585,29515,29942,31894,32751,22001,25133,15668,19694,4556,7970,2212,2091,16863,15657,22198,20429,23887,23296,27347,27880,30286,31158,21328,24339,15237,19093,4401,7652,256359,232916,33270,31954,55136,52263,18168,41,53
2021-11-12T23:59:59+01:00,2918,2802,19625,18026,24998,22886,26180,25464,29442,29862,31836,32712,21989,25111,15660,19688,4554,7970,2199,2080,16804,15631,22155,20394,23848,23267,27321,27862,30254,31145,21321,24328,15230,19088,4401,7650,255149,232561,33242,31941,55136,52259,18164,41,53
2021-11-11T23:59:59+01:00,2856,2736,19486,17905,24866,22748,26058,25354,29354,29769,31769,32663,21965,25087,15652,19678,4552,7964,2182,2060,16762,15579,22115,20341,23814,23240,27294,27830,30236,31109,21303,24318,15225,19077,4399,7644,253928,232137,33211,31926,55136,52257,18155,41,53
2021-11-10T23:59:59+01:00,2803,2672,19243,17702,24636,22557,25904,25207,29200,29658,31684,32563,21935,25057,15635,19658,4549,7954,2167,2036,16700,15502,22039,20285,23762,23192,27245,27793,30189,31071,21284,24297,15216,19060,4394,7638,252140,231511,33171,31911,55135,52256,18139,41,53
2021-11-09T23:59:59+01:00,2759,2630,19104,17563,24478,22437,25794,25093,29126,29583,31621,32494,21913,25026,15618,19641,4546,7939,2148,2021,16669,15467,22002,20260,23739,23164,27220,27763,30163,31029,21265,24279,15209,19043,4392,7633,250902,231118,33160,31907,55135,52252,18136,41,53
2021-11-08T23:59:59+01:00,2713,2591,18855,17347,24251,22224,25617,24954,28979,29458,31515,32406,21878,24973,15596,19617,4545,7931,2125,2000,16618,15420,21957,20221,23712,23125,27182,27735,30140,31003,21241,24265,15200,19029,4388,7629,249036,230675,33125,31891,55135,52249,18122,41,53
2021-11-07T23:59:59+01:00,2685,2560,18745,17238,24123,22112,25510,24861,28908,29384,31465,32346,21856,24952,15588,19613,4543,7928,2110,1986,16594,15404,21931,20194,23690,23111,27167,27717,30128,30991,21237,24259,15195,19021,4388,7627,248007,230440,33123,31891,55135,52246,18120,41,53
2021-11-06T23:59:59+01:00,2685,2557,18743,17235,24119,22112,25506,24858,28906,29382,31464,32344,21856,24952,15588,19613,4542,7928,2110,1985,16590,15402,21931,20193,23689,23111,27166,27714,30126,30991,21237,24258,15195,19021,4388,7627,247980,230426,33123,31889,55135,52246,18120,41,53
2021-11-05T23:59:59+01:00,2656,2518,18645,17155,24029,22015,25436,24790,28843,29328,31424,32312,21855,24945,15585,19606,4542,7927,2105,1979,16578,15385,21923,20181,23678,23104,27159,27700,30118,30983,21232,24253,15195,19020,4387,7626,247237,230309,33089,31884,55135,52242,18118,41,53
2021-11-04T23:59:59+01:00,2610,2481,18563,17065,23918,21918,25368,24733,28771,29283,31386,32274,21844,24933,15577,19596,4540,7922,2076,1955,16519,15336,21875,20136,23643,23074,27135,27670,30095,30961,21228,24244,15190,19010,4385,7625,246436,229908,33079,31868,55135,52228,18100,41,53
2021-11-03T23:59:59+01:00,2574,2455,18418,16935,23755,21780,25256,24636,28690,29222,31338,32217,21823,24920,15571,19590,4540,7920,2048,1932,16445,15267,21818,20069,23603,23033,27090,27634,30068,30931,21212,24220,15179,18999,4383,7619,245326,229325,33054,31853,55135,52226,18093,41,53
2021-11-02T23:59:59+01:00,2546,2432,18282,16851,23606,21677,25162,24570,28614,29166,31289,32182,21814,24901,15564,19581,4539,7911,2033,1912,16387,15230,21780,20022,23566,22993,27061,27608,30045,30908,21204,24207,15171,18996,4382,7616,244390,228913,33048,31847,55135,52226,18082,41,53
2021-11-01T23:59:59+01:00,2525,2412,18197,16778,23521,21616,25103,24527,28565,29125,31262,32156,21802,24891,15561,19580,4539,7910,2019,1898,16350,15176,21742,19983,23539,22960,27031,27570,30027,30889,21196,24202,15170,18986,4382,7614,243782,228543,33044,31835,55135,52226,18077,41,53
2021-10-31T23:59:59+01:00,2525,2412,18197,16778,23520,21614,25102,24527,28565,29125,31262,32156,21802,24891,15561,19580,4539,7910,2018,1897,16350,15176,21742,19983,23539,22959,27031,27570,30027,30888,21196,24202,15170,18986,4382,7614,243778,228539,33044,31835,55135,52226,18077,41,53
2021-10-30T23:59:59+02:00,2525,2412,18197,16778,23519,21614,25102,24527,28565,29125,31262,32156,21802,24891,15561,19580,4539,7910,2018,1897,16350,15176,21742,19983,23539,22959,27031,27570,30027,30888,21196,24202,15170,18986,4382,7614,243777,228539,33044,31835,55135,52226,18077,41,53
2021-10-29T23:59:59+02:00,2512,2398,18130,16736,23443,21573,25026,24484,28502,29088,31236,32136,21798,24882,15555,19575,4538,7909,2013,1892,16336,15164,21727,19968,23529,22944,27020,27557,30019,30885,21194,24200,15170,18984,4382,7614,243276,228413,33003,31831,55135,52226,18075,41,53
2021-10-28T23:59:59+02:00,2487,2374,18045,16668,23358,21510,24975,24428,28462,29050,31201,32108,21792,24875,15551,19567,4538,7906,1982,1873,16276,15113,21690,19923,23498,22912,26995,27534,29996,30859,21184,24191,15167,18981,4382,7609,242689,228007,32973,31816,55135,52223,18066,41,53
2021-10-27T23:59:59+02:00,2453,2337,17929,16586,23203,21409,24868,24340,28365,28990,31153,32076,21783,24851,15544,19558,4538,7905,1958,1844,16205,15064,21641,19863,23464,22873,26960,27495,29970,30834,21173,24178,15160,18971,4381,7605,241729,227517,32933,31791,55135,52219,18059,41,53
2021-10-26T23:59:59+02:00,2428,2313,17871,16539,23159,21361,24822,24301,28319,28948,31126,32057,21781,24841,15541,19556,4538,7902,1940,1820,16164,15018,21610,19831,23432,22843,26949,27474,29957,30823,21165,24178,15158,18969,4381,7605,241258,227208,32932,31791,55135,52219,18046,41,53
2021-10-25T23:59:59+02:00,2427,2309,17870,16535,23157,21359,24820,24298,28318,28944,31125,32057,21781,24841,15541,19556,4538,7902,1940,1819,16164,15017,21610,19830,23430,22842,26949,27474,29957,30823,21165,24178,15158,18969,4381,7605,241234,227203,32932,31791,55135,52219,18045,41,53
2021-10-24T23:59:59+02:00,2418,2300,17852,16508,23140,21339,24794,24282,28309,28938,31118,32052,21779,24839,15539,19555,4538,7902,1930,1802,16143,14979,21587,19807,23416,22813,26938,27463,29947,30815,21162,24173,15156,18963,4381,7605,241074,226988,32918,31777,55135,52219,18043,41,53
2021-10-23T23:59:59+02:00,2418,2300,17851,16508,23138,21339,24794,24282,28308,28938,31118,32052,21779,24839,15539,19555,4538,7902,1930,1802,16143,14979,21585,19807,23416,22813,26938,27463,29947,30815,21162,24173,15156,18963,4381,7605,241071,226987,32918,31777,55135,52219,18042,41,53
2021-10-22T23:59:59+02:00,2397,2282,17787,16468,23087,21293,24743,24226,28276,28909,31084,32029,21772,24830,15534,19553,4537,7900,1923,1795,16124,14967,21575,19798,23400,22796,26930,27459,29938,30809,21160,24171,15156,18963,4381,7605,240600,226873,32909,31776,55135,52217,18031,41,53
2021-10-21T23:59:59+02:00,2382,2255,17744,16423,23033,21243,24706,24191,28230,28882,31067,32007,21765,24824,15531,19549,4536,7892,1878,1757,16062,14889,21530,19738,23364,22749,26891,27421,29924,30788,21153,24159,15147,18944,4379,7600,240192,226356,32883,31729,55135,52217,18018,41,53
2021-10-20T23:59:59+02:00,2351,2214,17664,16359,22941,21177,24630,24147,28191,28834,31033,31980,21753,24815,15527,19540,4534,7890,1823,1713,15975,14817,21480,19671,23303,22703,26847,27365,29896,30760,21132,24147,15140,18926,4373,7597,239543,225689,32863,31705,55135,52214,18007,41,53
2021-10-19T23:59:59+02:00,2330,2200,17630,16333,22921,21162,24616,24130,28178,28822,31025,31958,21746,24804,15525,19532,4533,7889,1792,1674,15916,14767,21438,19624,23282,22678,26827,27346,29876,30741,21122,24133,15135,18920,4373,7594,239302,225264,32863,31705,55134,52213,18003,41,53
2021-10-18T23:59:59+02:00,2317,2190,17609,16312,22905,21136,24597,24112,28166,28812,31012,31946,21740,24802,15523,19525,4531,7886,1768,1651,15874,14719,21419,19599,23259,22649,26806,27320,29856,30726,21116,24128,15131,18914,4372,7593,239090,224928,32863,31704,55134,52213,18002,41,53
2021-10-17T23:59:59+02:00,2308,2184,17584,16278,22874,21107,24578,24098,28148,28803,31002,31938,21732,24798,15522,19522,4531,7884,1750,1622,15832,14672,21387,19556,23238,22622,26787,27299,29842,30722,21110,24119,15131,18909,4370,7591,238872,224611,32857,31684,55132,52213,17998,41,53
2021-10-16T23:59:59+02:00,2308,2184,17583,16278,22874,21107,24578,24098,28148,28803,31002,31938,21732,24798,15522,19522,4531,7884,1750,1622,15832,14672,21387,19555,23238,22622,26787,27299,29842,30722,21110,24119,15131,18909,4370,7591,238871,224610,32857,31684,55132,52213,17998,41,53
2021-10-15T23:59:59+02:00,2298,2174,17558,16262,22856,21092,24552,24080,28132,28788,30996,31934,21726,24791,15522,19522,4531,7883,1742,1607,15819,14655,21375,19544,23229,22615,26784,27292,29837,30717,21107,24117,15130,18909,4370,7591,238693,224494,32844,31684,55132,52213,17996,41,53
2021-10-14T23:59:59+02:00,2288,2156,17514,16227,22820,21058,24528,24056,28113,28768,30985,31920,21720,24788,15519,19519,4530,7880,1721,1581,15757,14603,21346,19499,23193,22576,26766,27256,29815,30694,21096,24109,15125,18899,4368,7589,238392,224087,32843,31670,55132,52194,17989,41,53
2021-10-13T23:59:59+02:00,2258,2136,17427,16151,22757,20994,24483,24013,28075,28722,30956,31890,21706,24778,15513,19514,4529,7876,1683,1550,15656,14512,21293,19448,23151,22539,26725,27216,29786,30666,21088,24091,15123,18884,4368,7585,237865,223545,32818,31642,55132,52194,17930,41,53
2021-10-12T23:59:59+02:00,2248,2117,17385,16107,22734,20966,24456,23985,28059,28701,30943,31869,21702,24773,15509,19506,4528,7874,1660,1530,15604,14451,21274,19414,23126,22518,26700,27191,29763,30645,21080,24082,15121,18881,4366,7584,237552,223188,32817,31630,55131,52190,17929,41,53
2021-10-11T23:59:59+02:00,2237,2105,17356,16076,22719,20945,24441,23964,28040,28682,30928,31859,21696,24765,15507,19501,4525,7869,1642,1519,15561,14415,21234,19360,23103,22480,26674,27151,29734,30629,21069,24072,15115,18874,4362,7581,237309,222777,32817,31630,55131,52190,17925,41,53
2021-10-10T23:59:59+02:00,2233,2096,17339,16056,22702,20931,24436,23956,28031,28667,30923,31852,21689,24761,15507,19499,4525,7866,1626,1508,15505,14370,21170,19300,23064,22441,26629,27125,29712,30607,21059,24061,15109,18867,4362,7581,237171,222326,32813,31607,55131,52189,17921,41,53
2021-10-09T23:59:59+02:00,2231,2096,17339,16055,22700,20930,24436,23956,28031,28667,30923,31852,21689,24761,15507,19499,4525,7866,1625,1505,15504,14368,21170,19299,23064,22441,26629,27124,29712,30607,21059,24061,15109,18867,4362,7581,237165,222317,32813,31607,55131,52189,17921,41,53
2021-10-08T23:59:59+02:00,2226,2088,17328,16030,22676,20918,24418,23947,28016,28651,30908,31843,21687,24756,15507,19499,4525,7866,1618,1501,15498,14355,21156,19284,23053,22433,26619,27107,29707,30600,21057,24055,15107,18866,4362,7581,237027,222214,32803,31607,55130,52189,17896,41,53
2021-10-07T23:59:59+02:00,2202,2068,17270,15985,22645,20871,24392,23919,27983,28626,30887,31816,21682,24753,15505,19490,4524,7860,1583,1469,15423,14277,21091,19213,23009,22386,26588,27070,29679,30577,21046,24040,15102,18856,4358,7580,236645,221674,32793,31559,55127,52181,17880,41,53
2021-10-06T23:59:59+02:00,2178,2045,17210,15938,22597,20818,24366,23878,27951,28596,30871,31790,21671,24741,15498,19484,4523,7856,1546,1442,15362,14204,21041,19152,22971,22349,26557,27031,29655,30548,21035,24026,15091,18850,4356,7578,236224,221175,32774,31532,55127,52181,17853,41,53
2021-10-05T23:59:59+02:00,2158,2028,17165,15898,22550,20790,24332,23838,27929,28571,30858,31773,21666,24733,15498,19479,4522,7855,1534,1425,15334,14173,20987,19127,22941,22320,26529,27005,29630,30523,21027,24007,15088,18842,4353,7578,235955,220907,32774,31530,55127,52181,17752,41,53
2021-10-04T23:59:59+02:00,2131,1993,17109,15859,22498,20760,24308,23812,27913,28536,30839,31755,21662,24724,15496,19475,4521,7852,1528,1413,15296,14149,20961,19098,22927,22295,26511,26986,29618,30509,21020,23997,15084,18837,4353,7570,235610,220695,32774,31528,55127,52179,17697,41,53
2021-10-03T23:59:59+02:00,2126,1981,17080,15819,22468,20727,24270,23788,27899,28516,30822,31745,21659,24717,15495,19470,4521,7850,1508,1392,15264,14111,20936,19068,22901,22275,26496,26964,29604,30499,21010,23984,15082,18834,4353,7570,235397,220474,32768,31517,55123,52177,17630,41,53
2021-10-02T23:59:59+02:00,2126,1981,17080,15819,22468,20727,24269,23788,27899,28516,30822,31745,21659,24717,15495,19470,4521,7850,1508,1392,15264,14111,20936,19068,22901,22275,26496,26964,29604,30498,21010,23984,15082,18834,4353,7570,235396,220473,32768,31517,55123,52177,17630,41,53
2021-10-01T23:59:59+02:00,2121,1976,17066,15802,22465,20715,24255,23767,27894,28509,30818,31740,21656,24715,15495,19468,4520,7850,1506,1389,15260,14109,20933,19066,22899,22275,26494,26962,29604,30494,21009,23982,15082,18834,4353,7570,235279,220446,32767,31517,55123,52177,17628,41,53
2021-09-30T23:59:59+02:00,2100,1960,17009,15750,22421,20658,24215,23732,27864,28476,30795,31716,21645,24709,15490,19461,4518,7845,1469,1358,15190,14043,20895,19030,22865,22234,26471,26928,29585,30473,21005,23973,15079,18826,4349,7565,234893,220056,32753,31496,55123,52173,17560,41,53
2021-09-29T23:59:59+02:00,2032,1915,16916,15673,22349,20588,24158,23681,27801,28424,30757,31686,21629,24695,15483,19447,4515,7843,1447,1327,15120,13987,20852,18976,22829,22181,26432,26898,29550,30445,20996,23961,15068,18818,4348,7562,234250,219652,32736,31473,55122,52170,17449,41,53
2021-09-28T23:59:59+02:00,2014,1898,16834,15608,22278,20535,24093,23639,27762,28381,30740,31669,21619,24681,15478,19437,4515,7840,1433,1315,15052,13942,20793,18934,22784,22155,26402,26863,29529,30424,20983,23945,15062,18808,4346,7558,233816,219320,32735,31473,55122,52169,17313,41,53
2021-09-27T23:59:59+02:00,1951,1829,16768,15547,22242,20499,24068,23611,27733,28345,30720,31652,21612,24674,15476,19434,4514,7838,1422,1300,15023,13911,20771,18897,22769,22130,26383,26851,29511,30408,20979,23935,15058,18800,4345,7555,233317,219050,32735,31473,55122,52168,17304,41,53
2021-09-26T23:59:59+02:00,1930,1808,16697,15483,22189,20439,24029,23560,27704,28319,30705,31643,21602,24667,15475,19431,4514,7836,1406,1286,14952,13842,20718,18842,22719,22072,26343,26814,29492,30381,20972,23925,15050,18797,4345,7552,232948,218645,32718,31446,55121,52155,17209,41,53
2021-09-25T23:59:59+02:00,1930,1808,16695,15483,22187,20438,24026,23559,27704,28319,30705,31643,21602,24667,15475,19431,4514,7836,1406,1286,14951,13842,20716,18842,22718,22072,26342,26811,29492,30381,20971,23925,15050,18797,4345,7552,232942,218640,32718,31445,55121,52155,17206,41,53
2021-09-24T23:59:59+02:00,1929,1805,16668,15463,22143,20409,23992,23538,27684,28297,30688,31628,21600,24663,15473,19430,4514,7836,1399,1279,14923,13815,20666,18810,22677,22046,26314,26790,29470,30361,20966,23919,15048,18795,4344,7551,232878,218512,32718,31445,55121,52155,17008,41,53
2021-09-23T23:59:59+02:00,1899,1767,16593,15377,22082,20334,23944,23470,27639,28242,30662,31588,21588,24652,15465,19415,4511,7834,1372,1251,14845,13752,20606,18767,22649,21999,26280,26746,29444,30334,20962,23908,15042,18787,4344,7550,232318,218110,32679,31411,55121,52155,16909,41,53
2021-09-22T23:59:59+02:00,1866,1736,16492,15298,21989,20257,23868,23416,27571,28181,30620,31552,21572,24629,15463,19402,4509,7831,1317,1200,14720,13645,20515,18688,22585,21928,26219,26685,29395,30298,20941,23898,15036,18779,4341,7541,231706,217430,32658,31368,55121,52148,16732,41,53
2021-09-21T23:59:59+02:00,1836,1692,16412,15223,21930,20197,23817,23367,27529,28146,30581,31512,21561,24609,15460,19392,4503,7823,1308,1184,14664,13598,20456,18649,22542,21885,26183,26659,29370,30273,20928,23884,15029,18768,4338,7537,231229,217140,32658,31368,55121,52148,16546,41,53
2021-09-20T23:59:59+02:00,1809,1677,16337,15158,21873,20150,23768,23327,27491,28103,30547,31494,21552,24596,15455,19387,4502,7821,1296,1174,14607,13545,20410,18605,22504,21857,26135,26627,29344,30248,20920,23872,15027,18762,4335,7534,230820,216822,32656,31367,55121,52147,16413,41,53
2021-09-19T23:59:59+02:00,1782,1654,16273,15108,21823,20089,23733,23293,27460,28075,30526,31469,21543,24585,15451,19376,4502,7818,1288,1164,14548,13502,20364,18551,22452,21834,26110,26595,29327,30234,20913,23859,15023,18759,4334,7530,230453,216539,32634,31334,55121,52147,16314,41,53
2021-09-18T23:59:59+02:00,1782,1654,16271,15105,21821,20088,23730,23291,27460,28074,30526,31469,21543,24585,15451,19376,4502,7818,1288,1164,14547,13500,20363,18551,22451,21833,26110,26593,29327,30234,20913,23859,15023,18759,4334,7530,230445,216538,32634,31333,55121,52147,16308,41,53
2021-09-17T23:59:59+02:00,1776,1647,16248,15085,21796,20068,23710,23280,27446,28059,30517,31463,21539,24582,15448,19373,4501,7818,1280,1155,14526,13485,20353,18545,22442,21828,26103,26589,29317,30228,20910,23856,15022,18758,4334,7530,230270,216434,32633,31333,55121,52147,16294,41,53
2021-09-16T23:59:59+02:00,1737,1616,16147,14984,21715,19967,23640,23197,27380,27999,30478,31425,21526,24565,15443,19363,4496,7818,1247,1126,14441,13411,20308,18489,22406,21777,26072,26544,29296,30197,20899,23846,15015,18750,4331,7526,229460,215973,32612,31255,55121,52135,16265,41,53
2021-09-15T23:59:59+02:00,1706,1599,16079,14906,21659,19913,23595,23152,27348,27965,30453,31401,21513,24543,15431,19354,4495,7816,1218,1098,14364,13325,20240,18429,22367,21725,26032,26500,29264,30174,20886,23831,15003,18742,4330,7524,228931,215413,32592,31210,55121,52130,16246,41,53
2021-09-14T23:59:59+02:00,1693,1583,16044,14860,21612,19875,23565,23117,27316,27929,30428,31377,21498,24532,15428,19342,4492,7815,1200,1083,14326,13287,20215,18407,22345,21699,26012,26485,29252,30164,20875,23823,15000,18735,4329,7522,228522,215131,32589,31209,55121,52130,16236,41,53
2021-09-13T23:59:59+02:00,1672,1570,16002,14807,21585,19843,23534,23084,27299,27893,30414,31362,21497,24522,15423,19340,4491,7812,1194,1075,14298,13272,20188,18391,22325,21679,25997,26473,29242,30141,20866,23812,14999,18728,4327,7520,228177,214907,32586,31209,55121,52130,16228,41,53
2021-09-12T23:59:59+02:00,1662,1557,15978,14784,21569,19820,23517,23059,27284,27878,30403,31354,21490,24514,15423,19335,4491,7812,1180,1070,14265,13243,20163,18353,22304,21653,25984,26449,29231,30133,20859,23803,14994,18721,4325,7515,227983,214665,32567,31178,55121,52128,16221,41,53
2021-09-11T23:59:59+02:00,1661,1557,15966,14780,21561,19812,23516,23058,27282,27877,30400,31352,21489,24513,15423,19335,4491,7812,1180,1070,14260,13241,20161,18350,22302,21653,25984,26448,29231,30133,20858,23803,14994,18721,4325,7515,227946,214654,32567,31178,55118,52128,16216,41,53
2021-09-10T23:59:59+02:00,1661,1557,15943,14775,21548,19801,23498,23055,27264,27867,30387,31347,21488,24511,15419,19333,4491,7811,1178,1070,14237,13234,20146,18340,22288,21649,25969,26435,29213,30130,20857,23799,14991,18718,4324,7514,227915,214615,32567,31178,55118,52128,16118,41,53
2021-09-09T23:59:59+02:00,1616,1518,15863,14696,21488,19734,23444,23005,27204,27817,30359,31318,21479,24494,15405,19319,4489,7809,1150,1045,14155,13159,20075,18271,22221,21594,25919,26394,29178,30098,20841,23771,14973,18704,4322,7512,227385,214146,32536,31095,55117,52108,15981,41,52
2021-09-08T23:59:59+02:00,1578,1471,15735,14602,21417,19657,23391,22929,27154,27774,30319,31270,21462,24476,15396,19308,4488,7809,1133,1020,14066,13069,19991,18218,22156,21541,25872,26354,29142,30048,20822,23750,14969,18696,4321,7511,226838,213745,32467,31003,55117,52103,15776,41,52
2021-09-07T23:59:59+02:00,1565,1451,15685,14550,21362,19631,23355,22906,27127,27742,30302,31254,21451,24454,15390,19300,4486,7809,1116,1006,13998,13020,19927,18178,22113,21510,25836,26322,29113,30020,20811,23736,14965,18689,4320,7511,226597,213459,32460,30973,55117,52099,15608,41,52
2021-09-06T23:59:59+02:00,1552,1441,15635,14505,21341,19599,23332,22878,27102,27723,30286,31232,21441,24451,15386,19293,4486,7807,1104,997,13966,12981,19906,18153,22083,21488,25816,26303,29098,30005,20802,23728,14961,18685,4320,7508,226346,213250,32459,30973,55117,52099,15530,41,52
2021-09-05T23:59:59+02:00,1532,1426,15605,14479,21322,19577,23322,22852,27093,27711,30281,31224,21436,24445,15380,19291,4486,7803,1096,983,13928,12945,19875,18117,22058,21460,25798,26286,29085,29986,20798,23720,14959,18683,4320,7508,226133,213034,32450,30893,55116,52098,15528,41,52
2021-09-04T23:59:59+02:00,1532,1426,15596,14476,21308,19571,23315,22847,27087,27705,30275,31221,21435,24442,15380,19290,4486,7803,1096,983,13919,12942,19861,18109,22051,21455,25791,26280,29079,29982,20797,23717,14959,18682,4320,7508,226132,213033,32450,30890,55116,52098,15458,41,52
2021-09-03T23:59:59+02:00,1529,1423,15578,14462,21275,19546,23284,22826,27064,27692,30260,31206,21428,24434,15380,19284,4486,7802,1096,983,13902,12928,19834,18090,22027,21440,25775,26270,29064,29971,20791,23710,14959,18679,4320,7508,226056,213014,32449,30885,55116,52097,15299,41,52
2021-09-02T23:59:59+02:00,1513,1403,15506,14403,21228,19496,23249,22777,27023,27651,30223,31180,21415,24424,15374,19271,4484,7796,1071,962,13809,12864,19789,18028,21982,21397,25733,26224,29025,29944,20779,23699,14954,18667,4319,7507,225633,212558,32444,30880,55114,52077,15186,41,52
2021-09-01T23:59:59+02:00,1462,1346,15368,14250,21108,19399,23180,22721,26956,27580,30171,31130,21397,24399,15366,19257,4481,7791,1039,922,13662,12742,19660,17931,21897,21327,25675,26155,28974,29881,20754,23670,14942,18654,4315,7502,224861,211973,32419,30683,55113,52064,14930,41,52
2021-08-31T23:59:59+02:00,1438,1331,15306,14179,21045,19347,23135,22679,26905,27537,30137,31098,21384,24386,15360,19248,4481,7790,1025,909,13588,12674,19612,17889,21864,21291,25642,26132,28946,29855,20748,23660,14939,18646,4314,7501,224400,211624,32418,30683,55112,52059,14817,41,52
2021-08-30T23:59:59+02:00,1415,1312,15238,14133,20997,19291,23103,22640,26868,27504,30104,31068,21371,24377,15356,19239,4479,7783,1020,894,13531,12632,19566,17838,21831,21266,25612,26095,28912,29830,20737,23645,14929,18637,4313,7497,224035,211322,32418,30680,55112,52057,14674,41,52
2021-08-29T23:59:59+02:00,1399,1300,15194,14089,20958,19260,23079,22616,26850,27480,30086,31053,21367,24368,15356,19237,4479,7782,1009,886,13478,12587,19543,17816,21804,21246,25590,26075,28899,29813,20729,23637,14926,18633,4311,7496,223746,211051,32417,30680,55112,52056,14639,41,52
2021-08-28T23:59:59+02:00,1399,1300,15188,14086,20947,19253,23073,22612,26847,27471,30083,31052,21366,24368,15356,19237,4479,7782,1009,886,13471,12583,19532,17809,21798,21242,25587,26066,28896,29812,20728,23637,14926,18633,4311,7496,223746,211049,32417,30680,55112,52056,14585,41,52
2021-08-27T23:59:59+02:00,1390,1293,15157,14058,20920,19237,23040,22596,26821,27459,30067,31032,21360,24360,15352,19236,4476,7779,1003,881,13442,12551,19496,17792,21770,21220,25558,26052,28879,29794,20722,23628,14923,18632,4310,7496,223609,210905,32417,30678,55109,52055,14459,41,52
2021-08-26T23:59:59+02:00,1377,1276,15112,14013,20873,19198,23010,22558,26788,27420,30035,30995,21345,24344,15345,19228,4473,7771,991,870,13373,12490,19419,17734,21709,21162,25502,26004,28839,29758,20709,23607,14913,18619,4309,7492,223315,210614,32398,30553,55109,51981,14300,41,52
2021-08-25T23:59:59+02:00,1332,1231,14967,13889,20760,19103,22930,22465,26709,27336,29977,30939,21322,24318,15335,19218,4469,7765,963,840,13250,12406,19334,17656,21642,21090,25432,25950,28793,29715,20682,23586,14905,18605,4308,7489,222458,210039,32382,30505,55109,51973,14078,40,51
2021-08-24T23:59:59+02:00,1308,1207,14903,13838,20717,19051,22875,22418,26673,27300,29947,30908,21304,24303,15329,19208,4468,7764,938,819,13154,12344,19273,17575,21605,21038,25387,25907,28763,29677,20664,23566,14898,18593,4306,7484,222037,209553,32352,30447,55108,51958,13986,40,47
2021-08-23T23:59:59+02:00,1290,1188,14835,13800,20676,19022,22846,22392,26638,27280,29922,30881,21285,24289,15324,19195,4467,7763,912,794,13038,12266,19210,17515,21552,20989,25347,25852,28718,29634,20645,23549,14892,18581,4303,7484,221725,209032,32336,30358,55108,51958,13886,40,47
2021-08-22T23:59:59+02:00,1281,1180,14820,13780,20660,19002,22834,22372,26623,27265,29905,30877,21278,24285,15322,19187,4465,7762,889,777,12979,12195,19157,17481,21523,20954,25326,25826,28692,29612,20637,23537,14891,18577,4303,7484,221550,208705,32317,30248,55108,51955,13885,40,47
2021-08-21T23:59:59+02:00,1281,1180,14811,13770,20649,18994,22824,22366,26619,27260,29894,30870,21278,24283,15322,19187,4465,7762,889,777,12969,12185,19147,17473,21515,20948,25320,25821,28682,29605,20637,23535,14891,18577,4303,7484,221545,208701,32317,30248,55108,51955,13807,40,47
2021-08-20T23:59:59+02:00,1274,1175,14781,13736,20614,18964,22801,22343,26593,27237,29877,30854,21275,24274,15320,19181,4465,7762,888,776,12950,12171,19122,17453,21497,20927,25306,25804,28663,29586,20633,23529,14890,18574,4303,7484,221350,208595,32317,30246,55108,51955,13713,40,47
2021-08-19T23:59:59+02:00,1255,1160,14722,13687,20574,18934,22770,22308,26570,27208,29852,30830,21264,24266,15317,19176,4464,7759,859,763,12816,12052,19033,17375,21411,20869,25235,25737,28603,29536,20612,23516,14884,18565,4301,7481,221043,207956,32285,30110,55108,51893,13642,40,47
2021-08-18T23:59:59+02:00,1232,1141,14640,13598,20459,18872,22694,22246,26503,27151,29794,30773,21239,24245,15311,19164,4462,7756,831,742,12675,11933,18895,17292,21313,20779,25148,25654,28520,29468,20580,23471,14873,18550,4300,7476,220630,207345,32267,29986,55107,51884,13238,40,47
2021-08-17T23:59:59+02:00,1221,1128,14600,13559,20417,18826,22658,22211,26468,27123,29778,30753,21227,24231,15300,19155,4458,7755,810,718,12567,11850,18814,17231,21235,20717,25096,25601,28484,29427,20561,23456,14864,18537,4298,7474,220344,206814,32232,29857,55107,51876,13147,40,46
2021-08-16T23:59:59+02:00,1209,1117,14551,13510,20381,18797,22629,22178,26447,27095,29744,30722,21214,24220,15293,19143,4456,7753,782,704,12470,11751,18723,17159,21165,20632,25030,25542,28417,29364,20538,23434,14854,18519,4297,7471,220075,206191,32230,29732,55107,51875,13009,40,45
2021-08-15T23:59:59+02:00,1199,1104,14513,13484,20351,18767,22601,22159,26434,27079,29734,30708,21209,24208,15288,19141,4455,7751,758,688,12407,11683,18672,17129,21114,20593,24994,25498,28398,29342,20528,23421,14850,18513,4295,7469,219850,205742,32230,29731,55107,51874,12960,40,45
2021-08-14T23:59:59+02:00,1199,1103,14506,13480,20342,18761,22592,22152,26420,27072,29729,30700,21206,24206,15287,19140,4455,7751,758,688,12399,11679,18662,17121,21104,20586,24980,25491,28393,29333,20525,23420,14849,18512,4295,7469,219849,205740,32229,29727,55107,51874,12878,40,45
2021-08-13T23:59:59+02:00,1196,1100,14497,13471,20328,18751,22580,22147,26413,27062,29713,30692,21197,24201,15286,19140,4455,7751,755,687,12384,11667,18651,17112,21091,20577,24974,25475,28379,29329,20519,23413,14847,18512,4295,7468,219792,205674,32228,29727,55107,51874,12815,40,45
2021-08-12T23:59:59+02:00,1176,1078,14440,13415,20285,18711,22556,22112,26385,27032,29682,30671,21185,24182,15282,19133,4455,7746,728,661,12218,11523,18514,17001,20998,20494,24893,25390,28312,29273,20498,23381,14834,18500,4292,7462,219465,204879,32216,29542,55107,51805,12701,39,45
2021-08-11T23:59:59+02:00,1160,1056,14370,13351,20242,18657,22512,22073,26352,27007,29654,30631,21171,24165,15279,19122,4452,7742,704,639,12078,11384,18430,16911,20918,20420,24844,25317,28269,29209,20465,23354,14827,18489,4290,7457,219061,203975,32143,29537,55107,51800,12648,39,45
2021-08-10T23:59:59+02:00,1145,1038,14290,13276,20185,18609,22476,22029,26320,26976,29620,30600,21157,24155,15279,19114,4451,7740,685,617,11961,11265,18330,16840,20852,20354,24792,25259,28225,29155,20438,23325,14813,18471,4289,7451,218638,203220,32111,29515,55107,51775,12567,39,45
2021-08-09T23:59:59+02:00,1128,1019,14205,13214,20104,18553,22427,21981,26269,26932,29583,30566,21138,24138,15273,19105,4446,7738,640,576,11779,11103,18160,16744,20726,20272,24697,25163,28146,29079,20400,23284,14799,18459,4286,7442,218191,202231,32090,29407,55106,51680,12395,39,42
2021-08-08T23:59:59+02:00,1114,1012,14162,13175,20082,18517,22401,21961,26254,26912,29567,30552,21131,24132,15270,19101,4445,7737,614,557,11696,11017,18072,16660,20659,20214,24634,25116,28100,29035,20378,23261,14786,18448,4286,7438,217960,201574,32059,29329,55105,51662,12364,39,42
2021-08-07T23:59:59+02:00,1114,1012,14147,13170,20072,18512,22395,21956,26242,26898,29552,30540,21129,24128,15266,19096,4444,7737,614,556,11682,11011,18055,16655,20653,20208,24621,25101,28083,29023,20376,23257,14782,18443,4285,7438,217958,201558,32058,29328,55104,51662,12253,39,42
2021-08-06T23:59:59+02:00,1114,1012,14137,13158,20059,18493,22381,21941,26220,26889,29539,30529,21126,24124,15263,19094,4444,7736,614,556,11671,10997,18032,16633,20637,20191,24600,25092,28071,29011,20373,23253,14779,18441,4285,7438,217950,201529,32054,29328,55104,51661,12114,39,42
2021-08-05T23:59:59+02:00,1102,993,14065,13116,20008,18458,22338,21898,26184,26832,29511,30505,21112,24109,15255,19085,4442,7733,579,526,11496,10888,17918,16533,20526,20093,24494,25002,28001,28962,20347,23228,14768,18427,4282,7436,217632,200741,32010,29237,55101,51520,11966,39,42
2021-08-04T23:59:59+02:00,1086,976,14001,13047,19902,18374,22272,21839,26141,26790,29460,30457,21089,24091,15245,19072,4442,7730,541,492,11310,10713,17688,16391,20351,19967,24375,24878,27891,28864,20319,23195,14755,18415,4279,7434,217363,199695,31847,29177,55100,51277,11667,39,42
2021-08-03T23:59:59+02:00,1062,958,13931,12984,19863,18323,22237,21797,26104,26748,29425,30427,21073,24066,15234,19058,4439,7720,485,450,11125,10540,17512,16262,20210,19833,24225,24754,27771,28756,20276,23147,14737,18383,4277,7428,216984,198255,31819,29142,55099,51222,11510,39,42
2021-08-02T23:59:59+02:00,1038,938,13845,12917,19804,18265,22185,21756,26049,26686,29373,30377,21044,24035,15224,19038,4436,7719,459,420,10958,10370,17339,16138,20062,19720,24107,24639,27684,28653,20231,23094,14718,18364,4274,7419,216502,197065,31788,29093,55099,51146,11303,39,42
2021-08-01T23:59:59+02:00,1028,923,13784,12870,19768,18248,22165,21734,26024,26665,29354,30360,21035,24023,15220,19031,4436,7718,423,389,10813,10223,17180,16030,19912,19612,23963,24534,27576,28573,20217,23070,14709,18350,4274,7415,216263,196176,31739,29002,55099,50796,11247,39,42
2021-07-31T23:59:59+02:00,1028,923,13759,12861,19750,18240,22148,21723,26010,26653,29346,30349,21032,24018,15219,19030,4435,7718,422,389,10787,10210,17159,16016,19894,19599,23950,24522,27568,28562,20214,23065,14708,18349,4273,7415,216259,196155,31739,29002,55099,50796,11107,39,42
2021-07-30T23:59:59+02:00,1020,913,13698,12814,19704,18218,22118,21704,25980,26631,29319,30331,21025,24010,15213,19028,4433,7717,401,371,10700,10135,17094,15973,19835,19564,23883,24481,27521,28536,20199,23043,14699,18345,4270,7413,216079,195764,31735,29002,55099,50730,10925,39,42
2021-07-29T23:59:59+02:00,996,894,13591,12728,19640,18156,22046,21651,25929,26575,29266,30293,21008,24000,15206,19021,4433,7715,356,331,10432,9873,16792,15730,19540,19347,23579,24250,27269,28372,20144,22988,14687,18324,4270,7412,215634,194009,31662,28890,55099,50040,10715,39,42
2021-07-28T23:59:59+02:00,968,864,13460,12600,19514,18047,21960,21568,25847,26496,29189,30225,20985,23964,15193,19009,4431,7713,321,291,10141,9668,16529,15541,19279,19158,23351,24058,27114,28229,20096,22914,14668,18301,4267,7407,214980,192664,31626,28807,55095,49526,10294,39,42
2021-07-27T23:59:59+02:00,937,843,13341,12506,19449,17987,21893,21515,25781,26439,29149,30180,20970,23944,15188,18989,4430,7707,273,236,9885,9454,16276,15314,19050,18973,23157,23883,26951,28093,20054,22861,14646,18274,4261,7398,214385,190999,31571,28648,55094,49189,10161,38,42
2021-07-26T23:59:59+02:00,912,825,13236,12412,19395,17930,21819,21450,25731,26406,29094,30120,20941,23921,15170,18970,4430,7703,225,207,9649,9204,16035,15105,18802,18773,22927,23716,26800,27965,19983,22800,14617,18238,4256,7392,213777,189235,31500,28547,55093,48811,10059,37,42
2021-07-25T23:59:59+02:00,893,814,13161,12341,19315,17880,21761,21398,25690,26358,29057,30074,20924,23904,15163,18964,4427,7702,202,187,9462,9063,15834,14952,18597,18632,22759,23606,26652,27845,19933,22752,14600,18225,4253,7389,213474,188324,31437,28396,55093,48395,9786,37,42
2021-07-24T23:59:59+02:00,893,814,13151,12332,19305,17873,21750,21394,25676,26351,29052,30068,20920,23903,15162,18963,4427,7702,202,187,9452,9049,15823,14945,18583,18627,22744,23596,26646,27837,19930,22749,14599,18224,4253,7389,213471,188305,31435,28393,55093,48394,9701,37,42
2021-07-23T23:59:59+02:00,885,812,13085,12295,19228,17839,21710,21361,25641,26312,29019,30032,20905,23886,15154,18959,4425,7699,202,186,9399,9021,15740,14901,18529,18586,22694,23555,26602,27798,19913,22732,14592,18218,4251,7386,213343,188142,31434,28387,55093,48393,9341,37,42
2021-07-22T23:59:59+02:00,873,798,12989,12213,19172,17770,21664,21331,25593,26265,28995,30009,20892,23868,15152,18953,4422,7697,148,143,9081,8747,15340,14652,18163,18330,22363,23308,26396,27663,19856,22675,14579,18196,4248,7381,212876,186313,31349,28133,55090,47476,9305,37,42
2021-07-21T23:59:59+02:00,851,770,12787,12045,19023,17645,21530,21232,25487,26162,28919,29938,20850,23833,15135,18930,4418,7692,125,123,8703,8433,14906,14326,17784,18057,22005,22975,26122,27452,19763,22587,14553,18158,4245,7372,212245,184408,31239,27783,55087,46816,8640,37,42
2021-07-20T23:59:59+02:00,821,745,12638,11909,18915,17559,21461,21155,25425,26097,28879,29887,20825,23800,15127,18914,4415,7689,95,96,8372,8126,14439,13989,17402,17781,21700,22745,25876,27265,19682,22478,14524,18123,4243,7366,211559,182250,31130,27620,55084,45939,8452,37,41
2021-07-19T23:59:59+02:00,792,718,12517,11792,18826,17488,21399,21096,25370,26043,28829,29850,20799,23770,15117,18900,4411,7683,74,65,8049,7872,14074,13735,17052,17532,21372,22540,25648,27123,19612,22402,14502,18101,4237,7360,210840,180205,31027,27461,55084,45228,8415,35,41
2021-07-18T23:59:59+02:00,774,699,12401,11684,18727,17410,21331,21042,25314,25989,28792,29796,20777,23750,15105,18889,4409,7681,61,54,7878,7719,13920,13612,16900,17408,21208,22428,25518,27041,19572,22362,14488,18085,4237,7357,210251,179269,30879,27355,55084,44861,8322,35,41
2021-07-17T23:59:59+02:00,774,699,12398,11684,18726,17407,21330,21042,25314,25989,28792,29796,20777,23750,15105,18889,4409,7681,61,54,7871,7718,13916,13607,16899,17407,21207,22427,25517,27039,19569,22361,14488,18085,4237,7357,210246,179247,30879,27354,55084,44859,8319,35,41
2021-07-16T23:59:59+02:00,767,694,12326,11630,18684,17376,21295,21015,25281,25966,28767,29777,20775,23747,15105,18887,4409,7681,57,51,7716,7617,13759,13537,16755,17348,21068,22368,25411,26991,19550,22340,14487,18079,4237,7354,210038,178794,30879,27281,55084,44462,8147,35,41
2021-07-15T23:59:59+02:00,752,674,12254,11558,18619,17317,21238,20967,25232,25925,28739,29749,20760,23730,15100,18878,4408,7678,55,48,7374,7300,13148,13130,16084,16924,20432,21997,24953,26678,19404,22199,14445,18033,4234,7347,209553,176558,30793,26378,55077,42687,8121,35,41
2021-07-14T23:59:59+02:00,723,654,12044,11420,18449,17208,21117,20871,25128,25822,28650,29649,20726,23697,15081,18862,4405,7675,47,37,6956,6944,12483,12677,15391,16436,19799,21539,24487,26335,19185,21973,14413,17985,4226,7336,208740,173727,30631,26039,55074,40740,7702,35,41
2021-07-13T23:59:59+02:00,679,619,11906,11286,18326,17123,21005,20775,25031,25727,28580,29583,20697,23658,15061,18852,4403,7665,37,26,6497,6520,11850,12177,14694,15932,19195,21128,24047,26009,19005,21757,14368,17924,4222,7327,207716,170067,30493,25866,55063,39074,7670,35,38
2021-07-12T23:59:59+02:00,645,588,11781,11149,18210,17034,20911,20667,24931,25628,28499,29516,20671,23624,15053,18840,4398,7658,33,20,6083,6107,11240,11641,14071,15394,18639,20635,23628,25648,18808,21567,14303,17866,4213,7323,206698,166381,30365,25040,55060,38114,7646,35,38
2021-07-11T23:59:59+02:00,609,561,11666,11057,18146,16971,20854,20611,24877,25581,28442,29467,20652,23604,15044,18831,4398,7657,30,19,5893,5936,10985,11438,13837,15194,18394,20446,23420,25462,18735,21485,14276,17840,4212,7317,206061,164989,30245,24569,55058,37691,7632,33,38
2021-07-10T23:59:59+02:00,608,560,11658,11056,18142,16969,20850,20610,24874,25580,28441,29467,20652,23604,15043,18829,4398,7657,30,19,5886,5935,10980,11431,13827,15190,18393,20444,23418,25460,18733,21484,14275,17840,4212,7317,206041,164959,30242,24568,55058,37684,7625,33,38
2021-07-09T23:59:59+02:00,580,537,11548,10929,18067,16885,20780,20549,24800,25504,28392,29421,20629,23584,15040,18819,4398,7656,30,18,5851,5901,10952,11397,13777,15169,18362,20413,23399,25438,18728,21474,14273,17837,4212,7316,205171,164727,30241,24518,55058,37648,7616,33,38
2021-07-08T23:59:59+02:00,545,509,11384,10793,17939,16782,20645,20447,24692,25376,28274,29342,20585,23536,15024,18790,4395,7648,27,15,5507,5641,10439,11001,13156,14716,17697,19853,22791,24969,18408,21079,14176,17754,4207,7306,204398,162411,30214,23711,55030,35550,7032,33,38
2021-07-07T23:59:59+02:00,485,457,11215,10646,17855,16695,20574,20379,24619,25298,28213,29279,20557,23500,15019,18778,4393,7640,22,15,5202,5350,9912,10550,12574,14235,17014,19332,22224,24467,18093,20714,14074,17657,4200,7283,203385,159946,30189,22244,55012,33706,6984,33,38
2021-07-06T23:59:59+02:00,444,423,11089,10496,17743,16601,20480,20276,24541,25205,28122,29200,20531,23460,15010,18761,4391,7637,15,9,4803,4922,9310,10033,11863,13633,16305,18717,21709,23974,17773,20408,13973,17540,4191,7273,202245,155753,30183,21301,55003,32412,6947,33,38
2021-07-05T23:59:59+02:00,422,396,11002,10406,17651,16529,20400,20204,24481,25153,28081,29163,20507,23439,14998,18753,4390,7634,12,8,4516,4603,8813,9583,11302,13080,15595,18072,21085,23367,17379,20010,13839,17382,4183,7265,201501,151858,30180,20621,54994,30675,6902,33,38
2021-07-04T23:59:59+02:00,409,390,10929,10351,17585,16474,20350,20154,24450,25117,28065,29145,20498,23428,14993,18750,4389,7633,12,8,4370,4513,8683,9416,11110,12905,15351,17860,20818,23094,17107,19719,13779,17290,4179,7261,201022,150537,30174,20314,54993,29697,6889,33,38
2021-07-03T23:59:59+02:00,407,389,10921,10340,17575,16469,20348,20150,24449,25117,28062,29144,20498,23427,14993,18750,4389,7633,12,8,4365,4504,8676,9413,11107,12905,15347,17860,20815,23090,17107,19714,13779,17290,4179,7261,200995,150522,30172,20314,54993,29689,6869,33,38
2021-07-02T23:59:59+02:00,364,326,10776,10230,17459,16369,20244,20074,24375,25053,27999,29085,20472,23401,14987,18736,4389,7630,12,8,4278,4425,8514,9276,10969,12793,15225,17752,20703,22986,17065,19683,13772,17275,4179,7258,200113,149532,30172,20313,54993,29631,6659,33,38
2021-07-01T23:59:59+02:00,317,283,10643,10095,17333,16276,20120,19984,24291,24978,27935,29033,20452,23377,14971,18721,4386,7626,12,6,4073,4226,8212,8942,10598,12382,14655,17252,20192,22446,16777,19384,13564,17060,4169,7236,199038,146467,30115,19628,54987,28404,6649,33,38
2021-06-30T23:59:59+02:00,234,222,10389,9855,17159,16125,19986,19853,24175,24854,27856,28944,20430,23345,14952,18703,4385,7625,12,5,3878,4033,7909,8606,10190,11918,14164,16696,19616,21812,16454,19040,13291,16782,4156,7209,197387,142787,30060,19378,54979,26934,6634,33,38
2021-06-29T23:59:59+02:00,190,185,10241,9680,17022,16029,19883,19761,24107,24778,27798,28876,20403,23318,14938,18683,4385,7621,11,5,3677,3775,7512,8152,9714,11382,13508,16025,19001,21110,16135,18712,13042,16492,4149,7195,196236,138507,30055,19079,54975,25372,6601,32,38
2021-06-28T23:59:59+02:00,141,133,10047,9496,16896,15924,19779,19658,24012,24683,27730,28814,20373,23288,14924,18664,4383,7619,10,4,3476,3520,7113,7710,9276,10890,12958,15487,18503,20591,15883,18446,12923,16359,4143,7184,195052,134669,29941,18655,54972,24546,6568,32,38
2021-06-27T23:59:59+02:00,123,116,9907,9385,16838,15864,19718,19608,23953,24632,27703,28789,20361,23272,14921,18660,4382,7616,10,4,3386,3455,6935,7513,9085,10691,12728,15247,18241,20331,15760,18340,12858,16272,4143,7180,194418,133474,29882,18308,54968,23810,6549,32,38
2021-06-26T23:59:59+02:00,123,116,9906,9379,16836,15860,19715,19607,23951,24631,27703,28788,20361,23272,14921,18660,4382,7616,10,4,3384,3454,6932,7512,9082,10690,12725,15244,18239,20329,15757,18339,12858,16269,4143,7180,194400,133454,29881,18308,54968,23804,6547,32,38
2021-06-25T23:59:59+02:00,119,113,9859,9339,16795,15826,19681,19575,23915,24603,27679,28769,20355,23265,14919,18657,4382,7616,10,4,3363,3408,6858,7401,8985,10533,12610,15047,18092,20121,15732,18309,12850,16266,4142,7179,194076,133269,29846,17952,54968,23105,6546,32,38
2021-06-24T23:59:59+02:00,109,102,9731,9215,16611,15700,19547,19451,23793,24514,27621,28708,20341,23249,14912,18648,4381,7614,9,4,3237,3266,6636,7068,8672,10079,12076,14422,17538,19410,15508,18077,12702,16134,4139,7167,193237,130858,29505,17094,54967,21647,6507,32,38
2021-06-23T23:59:59+02:00,103,97,9602,9077,16469,15573,19429,19348,23696,24409,27554,28660,20326,23227,14908,18643,4378,7613,9,4,3034,3029,6280,6583,8170,9510,11371,13597,16773,18425,15211,17734,12552,15992,4129,7142,192314,126296,29340,16116,54956,20626,6470,32,37
2021-06-22T23:59:59+02:00,72,71,9313,8773,16236,15374,19243,19197,23550,24284,27483,28576,20301,23201,14900,18624,4374,7607,9,4,2800,2745,5798,6037,7546,8748,10457,12553,15753,17220,14913,17376,12445,15868,4116,7119,190624,119862,29135,15625,54952,19550,6437,31,33
2021-06-21T23:59:59+02:00,68,63,9187,8617,16061,15222,19052,19044,23418,24161,27422,28498,20277,23172,14895,18614,4374,7603,9,4,2653,2553,5417,5575,7082,8162,9727,11677,15023,16288,14634,17062,12336,15747,4111,7102,189421,115163,28913,15067,54949,18466,6434,31,32
2021-06-20T23:59:59+02:00,65,61,9048,8490,15923,15103,18941,18957,23344,24090,27382,28447,20266,23151,14884,18607,4371,7602,9,4,2594,2485,5246,5394,6867,7896,9419,11342,14657,15883,14497,16927,12296,15710,4106,7096,188526,113453,28797,14834,54948,17679,6430,31,32
2021-06-19T23:59:59+02:00,65,61,9047,8484,15919,15094,18938,18957,23342,24089,27382,28446,20266,23151,14884,18607,4371,7602,9,4,2591,2484,5245,5388,6865,7894,9418,11341,14655,15879,14495,16927,12296,15710,4106,7096,188503,113433,28794,14830,54947,17678,6430,31,32
2021-06-18T23:59:59+02:00,65,57,9016,8471,15906,15085,18923,18949,23335,24080,27376,28441,20266,23148,14883,18607,4371,7602,9,4,2563,2451,5190,5329,6787,7794,9319,11183,14484,15650,14416,16826,12285,15688,4104,7093,188381,112647,28793,14829,54946,17237,6430,31,32
2021-06-17T23:59:59+02:00,58,54,8834,8308,15674,14915,18722,18791,23178,23948,27240,28347,20242,23127,14876,18595,4369,7599,9,4,2422,2303,4867,5028,6396,7390,8772,10580,13656,14775,14178,16531,12211,15565,4100,7082,187037,109769,28788,13875,54939,16111,6082,31,32
2021-06-16T23:59:59+02:00,50,52,8607,8094,15441,14687,18511,18590,22986,23779,27134,28237,20213,23084,14862,18575,4365,7593,9,4,2308,2196,4624,4823,6041,7047,8239,10092,12936,13932,13828,16148,12126,15476,4095,7070,185253,106304,28684,13073,54936,15629,5956,31,32
2021-06-15T23:59:59+02:00,41,39,8263,7760,15064,14329,18188,18303,22733,23567,26974,28104,20183,23050,14849,18560,4363,7582,9,4,2128,2024,4276,4470,5534,6482,7356,9201,11742,12650,13286,15529,12005,15313,4080,7047,182659,100054,28646,12407,54934,14961,5682,31,32
2021-06-14T23:59:59+02:00,35,34,8082,7595,14806,14094,17984,18130,22581,23445,26862,28022,20160,23017,14835,18552,4359,7574,7,4,2015,1901,4019,4220,5148,6011,6698,8479,10817,11594,12967,15179,11934,15216,4070,7028,181074,95209,28621,12046,54931,14510,5510,31,32
2021-06-13T23:59:59+02:00,35,34,8008,7540,14722,14004,17868,18019,22498,23367,26833,27992,20147,23006,14831,18546,4359,7574,5,4,1972,1875,3937,4123,5028,5871,6464,8240,10523,11261,12810,15001,11876,15159,4069,7027,180316,93830,28610,11754,54927,14130,5499,31,32
2021-06-12T23:59:59+02:00,35,34,8007,7539,14722,14002,17868,18019,22496,23366,26832,27989,20146,23005,14831,18546,4359,7574,5,4,1971,1873,3935,4123,5026,5870,6461,8235,10519,11255,12807,15000,11876,15157,4069,7027,180304,93806,28610,11754,54926,14122,5499,31,32
2021-06-11T23:59:59+02:00,35,33,7942,7498,14632,13955,17791,17968,22427,23332,26788,27966,20144,23001,14831,18545,4359,7574,5,4,1954,1860,3900,4065,4982,5803,6400,8152,10419,11149,12767,14964,11865,15151,4069,7027,179965,93588,28533,11746,54925,13803,5367,31,32
2021-06-10T23:59:59+02:00,30,26,7602,7202,14237,13591,17357,17593,22097,23052,26592,27785,20100,22956,14818,18527,4356,7562,3,4,1854,1778,3685,3899,4705,5528,6072,7783,9800,10538,12247,14304,11795,15043,4061,7020,177370,90416,28035,11365,54913,13174,5134,31,30
2021-06-09T23:59:59+02:00,29,23,7237,6853,13773,13159,16841,17129,21707,22683,26374,27571,20026,22885,14800,18492,4353,7554,3,4,1691,1663,3489,3718,4450,5260,5684,7374,9022,9822,11581,13467,11675,14902,4051,7008,174129,86159,27492,10731,54900,13007,4937,31,30
2021-06-08T23:59:59+02:00,24,19,6863,6450,13260,12672,16372,16658,21347,22342,26158,27368,19969,22806,14769,18457,4350,7547,3,4,1601,1588,3269,3486,4129,4907,5174,6884,8138,8898,10695,12388,11531,14744,4047,6993,170719,80497,26997,10433,54891,12727,4793,31,29
2021-06-07T23:59:59+02:00,21,16,6588,6168,12824,12296,15974,16259,21021,22045,25995,27211,19932,22752,14748,18437,4343,7541,3,4,1540,1517,3078,3314,3854,4679,4771,6507,7423,8144,9781,11239,11419,14598,4036,6975,168158,75750,26572,10059,54870,12504,4540,31,29
2021-06-06T23:59:59+02:00,21,16,6447,6036,12681,12142,15811,16101,20853,21882,25908,27125,19912,22715,14737,18427,4342,7537,3,4,1525,1494,3004,3273,3760,4614,4663,6426,7281,8012,9522,10970,11373,14549,4033,6970,166930,75063,26466,9636,54849,12331,4417,31,29
2021-06-05T23:59:59+02:00,21,16,6438,6032,12666,12128,15801,16092,20850,21877,25908,27122,19912,22715,14737,18427,4342,7537,3,4,1523,1492,3001,3272,3759,4613,4660,6426,7276,8006,9514,10965,11373,14549,4033,6970,166870,75032,26454,9634,54849,12327,4417,31,29
2021-06-04T23:59:59+02:00,21,16,6405,5992,12605,12079,15741,16042,20822,21845,25888,27105,19908,22709,14734,18427,4342,7537,3,4,1520,1486,2988,3260,3740,4597,4650,6411,7238,7962,9482,10895,11335,14508,4032,6969,166767,74749,26196,9621,54824,12281,4400,31,29
2021-06-03T23:59:59+02:00,21,15,6172,5769,12305,11829,15417,15731,20490,21506,25631,26893,19861,22635,14714,18406,4341,7533,2,4,1478,1443,2913,3194,3643,4516,4539,6310,7038,7777,9102,10444,11284,14434,4032,6964,164285,73443,25949,9320,54821,12142,4183,31,29
2021-06-02T23:59:59+02:00,21,15,6106,5711,12234,11764,15344,15664,20418,21444,25614,26869,19857,22632,14711,18403,4340,7532,2,4,1464,1432,2895,3178,3626,4501,4503,6292,7003,7739,9021,10333,11275,14409,4031,6963,163931,73071,25766,9311,54820,12132,4131,31,26
2021-06-01T23:59:59+02:00,17,15,5653,5218,11501,11065,14519,14930,19699,20778,25203,26486,19767,22542,14677,18356,4332,7524,2,4,1350,1326,2599,2905,3247,4167,4014,5833,6173,6932,7830,8705,11030,14062,4017,6946,158896,67651,25114,8403,54792,11615,3449,31,24
2021-05-31T23:59:59+02:00,15,15,5405,4921,11057,10637,13991,14435,19220,20279,24896,26147,19675,22456,14639,18310,4323,7508,2,4,1290,1271,2444,2770,3045,3996,3729,5540,5615,6399,6812,7419,10785,13743,4008,6912,155431,63610,24419,7482,54785,11405,3263,31,24
2021-05-30T23:59:59+02:00,15,15,5327,4845,10868,10514,13824,14257,18871,19955,24653,25899,19644,22426,14631,18290,4322,7506,2,4,1270,1257,2416,2736,2997,3950,3661,5484,5511,6308,6638,7188,10748,13668,4005,6902,153934,62867,23911,7419,54757,11206,3229,31,24
2021-05-29T23:59:59+02:00,15,15,5324,4845,10868,10510,13819,14254,18871,19954,24652,25897,19644,22426,14631,18290,4322,7506,2,4,1269,1253,2414,2733,2994,3947,3661,5482,5509,6306,6633,7185,10748,13668,4005,6902,153916,62855,23911,7415,54756,11192,3229,31,24
2021-05-28T23:59:59+02:00,15,15,5308,4831,10847,10472,13792,14234,18854,19937,24643,25887,19642,22423,14629,18287,4322,7505,2,4,1264,1252,2413,2726,2991,3945,3654,5476,5494,6290,6616,7168,10739,13646,4004,6898,153725,62750,23909,7415,54752,11168,3226,31,23
2021-05-27T23:59:59+02:00,12,14,5015,4552,10320,10017,13204,13704,18164,19323,24062,25350,19542,22308,14596,18241,4311,7493,2,3,1100,1112,2127,2533,2689,3654,3356,5120,5165,6010,6316,6751,10511,13362,3999,6882,150464,60893,22918,7378,54644,10228,2171,31,22
2021-05-26T23:59:59+02:00,12,14,4754,4299,9888,9639,12686,13183,17550,18712,23428,24674,19417,22158,14549,18186,4305,7476,2,3,1021,1030,1966,2380,2489,3454,3094,4875,4777,5657,5758,6100,10136,12826,3983,6846,146373,57736,22160,7340,54522,9455,1844,31,22
2021-05-25T23:59:59+02:00,12,13,4539,4072,9474,9165,12229,12676,17013,18134,22908,24035,19285,21986,14517,18107,4296,7462,2,3,974,984,1903,2290,2379,3317,2921,4669,4431,5280,5172,5367,9682,12226,3967,6821,142334,54173,21327,7325,54391,9028,1840,31,22
2021-05-24T23:59:59+02:00,12,13,4426,3915,9265,8961,12024,12417,16711,17814,22579,23632,19209,21906,14502,18087,4294,7461,2,3,957,934,1842,2248,2304,3256,2834,4587,4308,5164,5026,5207,9592,12098,3964,6813,140828,53460,20370,7271,54214,8602,1785,31,21
2021-05-23T23:59:59+02:00,12,13,4414,3915,9259,8958,12011,12407,16700,17807,22563,23611,19204,21901,14501,18085,4294,7461,2,3,955,929,1840,2243,2300,3254,2827,4582,4300,5147,5019,5193,9584,12085,3963,6812,140721,53380,20367,7258,54213,8596,1784,31,20
2021-05-22T23:59:59+02:00,12,13,4410,3912,9255,8954,12003,12401,16696,17803,22561,23609,19204,21901,14501,18085,4294,7461,2,3,955,929,1839,2241,2297,3254,2826,4582,4300,5145,5017,5192,9583,12085,3963,6812,140692,53374,20367,7258,54201,8589,1784,31,20
2021-05-21T23:59:59+02:00,12,13,4378,3875,9183,8877,11929,12314,16605,17728,22497,23541,19185,21882,14497,18078,4294,7459,2,3,909,919,1807,2230,2264,3244,2794,4557,4251,5116,4993,5168,9570,12078,3962,6811,140033,53301,20367,7258,54182,8365,1734,31,20
2021-05-20T23:59:59+02:00,9,12,4123,3696,8734,8519,11447,11900,15933,17224,21915,22961,19000,21714,14465,18038,4289,7448,2,3,762,856,1549,2069,2022,3085,2552,4336,4001,4883,4836,5005,9454,11931,3954,6787,136634,52569,19991,7159,53762,7331,1009,31,19
2021-05-19T23:59:59+02:00,9,12,3881,3456,8238,8053,10867,11355,15261,16514,21237,22236,18799,21483,14424,17988,4283,7430,2,3,714,809,1488,1987,1945,2982,2485,4209,3856,4723,4660,4792,9251,11701,3934,6758,131236,51484,19809,7026,53463,6782,988,30,19
2021-05-18T23:59:59+02:00,8,11,3592,3193,7696,7518,10140,10658,14301,15574,20294,21179,18537,21198,14369,17928,4277,7408,2,3,659,761,1432,1899,1869,2871,2355,4068,3679,4520,4388,4500,9049,11451,3921,6731,124199,50251,19712,6825,53025,6151,915,30,16
2021-05-17T23:59:59+02:00,8,11,3402,2985,7238,7050,9635,10117,13572,14786,19607,20380,18351,20935,14321,17862,4266,7393,2,3,603,706,1351,1836,1794,2790,2243,3992,3542,4406,4142,4269,8904,11238,3908,6702,118959,49444,19473,6612,52558,5460,899,30,16
2021-05-16T23:59:59+02:00,8,10,3272,2912,7032,6875,9430,9902,13318,14551,19378,20150,18274,20855,14307,17843,4265,7387,2,3,590,661,1311,1787,1750,2728,2205,3899,3477,4323,4051,4167,8883,11209,3906,6700,117335,49294,19234,6444,52275,5003,895,30,16
2021-05-15T23:59:59+02:00,8,10,3271,2909,7025,6866,9428,9896,13315,14549,19375,20140,18272,20854,14307,17843,4265,7387,2,3,590,661,1308,1785,1746,2727,2202,3899,3476,4323,4049,4165,8883,11209,3906,6699,117290,49284,19234,6443,52273,4997,893,30,16
2021-05-14T23:59:59+02:00,8,10,3230,2864,6908,6721,9296,9758,13163,14365,19202,20003,18247,20828,14306,17835,4264,7384,2,3,570,648,1287,1762,1715,2705,2168,3872,3430,4285,3997,4107,8875,11202,3906,6698,116873,49240,18483,6288,52187,4869,819,30,16
2021-05-13T23:59:59+02:00,8,10,3113,2705,6582,6401,8859,9361,12614,13883,18601,19405,18119,20684,14273,17798,4259,7382,1,2,536,624,1235,1706,1659,2632,2081,3766,3279,4165,3893,3970,8852,11182,3903,6694,113993,49143,17788,5897,51581,4460,666,29,14
2021-05-12T23:59:59+02:00,8,10,3086,2674,6548,6363,8811,9308,12473,13770,18417,19201,18086,20650,14265,17788,4259,7382,1,2,535,622,1233,1701,1653,2629,2071,3760,3265,4157,3880,3956,8844,11176,3903,6693,113281,49114,17563,5869,51563,4421,663,29,14
2021-05-11T23:59:59+02:00,6,10,2698,2416,5753,5866,7840,8497,11078,12603,16852,17726,17582,20087,14181,17683,4241,7359,0,2,497,562,1104,1594,1488,2473,1885,3582,3044,3894,3771,3842,8775,11083,3898,6688,105882,48872,16939,5671,49491,3487,138,28,14
2021-05-10T23:59:59+02:00,6,8,2513,2250,5275,5486,7147,7871,10049,11688,15555,16356,17202,19635,14118,17569,4233,7335,0,2,473,537,1059,1555,1445,2420,1824,3479,2925,3763,3688,3769,8736,11035,3894,6684,100074,48753,16028,5440,48033,2948,133,28,14
2021-05-09T23:59:59+02:00,6,8,2433,2218,5137,5402,6961,7752,9638,11349,15010,15827,17083,19495,14098,17540,4230,7330,0,2,458,519,1025,1498,1374,2336,1765,3357,2813,3609,3602,3676,8713,11002,3891,6681,98496,48666,15439,5169,47424,2342,130,28,14
2021-05-08T23:59:59+02:00,6,8,2429,2217,5135,5402,6959,7749,9633,11345,15008,15826,17083,19495,14098,17540,4230,7330,0,2,457,518,1024,1498,1374,2335,1765,3357,2812,3608,3600,3676,8712,11002,3891,6681,98477,48660,15436,5169,47422,2339,130,28,14
2021-05-07T23:59:59+02:00,6,8,2258,2155,4864,5307,6595,7596,9184,11132,14565,15506,16906,19293,14086,17511,4230,7328,0,2,447,516,1013,1485,1359,2321,1730,3347,2763,3574,3554,3636,8632,10921,3891,6678,97770,48636,14916,4818,45690,2275,126,28,14
2021-05-06T23:59:59+02:00,6,8,2023,2023,4315,4960,5938,7221,8413,10573,13591,14681,16508,18843,14037,17417,4218,7315,0,2,417,468,972,1385,1272,2157,1623,3123,2540,3291,3376,3436,8453,10728,3882,6664,95182,48194,13680,4210,43144,1315,56,28,14
2021-05-05T23:59:59+02:00,6,8,1900,1914,4032,4735,5506,6850,7718,9983,12472,13625,15830,18006,13933,17315,4209,7291,0,2,409,455,959,1357,1244,2116,1588,3047,2479,3207,3325,3396,8374,10629,3876,6654,90768,48060,12359,4060,42139,943,40,27,14
2021-05-04T23:59:59+02:00,6,8,1814,1828,3766,4498,5098,6494,7055,9408,11253,12381,14912,16878,13824,17178,4205,7277,0,2,404,445,940,1337,1225,2073,1570,3008,2435,3152,3279,3348,8286,10517,3870,6640,84958,47919,11721,3860,41151,711,27,26,14
2021-05-03T23:59:59+02:00,5,8,1763,1774,3616,4373,4866,6282,6672,9077,10524,11645,14184,15896,13736,17063,4196,7260,0,2,398,435,935,1323,1210,2040,1549,2966,2402,3107,3226,3308,8171,10415,3865,6634,80525,47790,11516,3639,40851,522,22,26,13
2021-05-02T23:59:59+02:00,5,8,1753,1756,3542,4347,4781,6229,6601,9016,10405,11530,13998,15702,13704,17036,4195,7255,0,2,396,426,928,1308,1206,2023,1545,2953,2386,3090,3208,3289,8134,10383,3864,6630,79962,47763,11241,3541,40617,437,17,26,13
2021-05-01T23:59:59+02:00,5,8,1750,1756,3540,4346,4780,6227,6598,9014,10400,11526,13995,15702,13703,17035,4195,7252,0,2,395,426,928,1308,1205,2022,1545,2952,2386,3090,3208,3289,8134,10383,3864,6629,79933,47759,11241,3541,40616,437,16,26,13
2021-04-30T23:59:59+02:00,5,8,1747,1749,3534,4337,4773,6215,6577,8999,10361,11488,13944,15628,13677,17004,4194,7251,0,2,395,424,926,1306,1205,2022,1545,2952,2383,3088,3208,3287,8133,10381,3864,6629,79605,47751,11240,3540,40606,431,15,25,13
2021-04-29T23:59:59+02:00,5,7,1626,1708,3294,4222,4497,6060,6257,8748,9943,11093,13361,14923,13573,16847,4188,7243,0,2,386,413,917,1283,1185,1988,1521,2916,2354,3040,3194,3276,8120,10363,3861,6625,76814,47636,10854,3538,39890,243,14,23,13
2021-04-28T23:59:59+02:00,5,7,1501,1660,3119,4121,4262,5881,5901,8474,9355,10600,12483,13741,13417,16638,4179,7229,0,2,377,402,900,1270,1169,1959,1483,2872,2284,2970,3037,3140,8006,10247,3854,6614,72314,47210,10668,3122,39557,229,12,22,13
2021-04-27T23:59:59+02:00,5,7,1463,1616,3011,4001,4059,5737,5594,8217,8733,9929,11445,12429,13187,16281,4168,7207,0,2,365,386,890,1249,1154,1923,1456,2799,2237,2909,2998,3095,7978,10215,3847,6609,67503,46992,10481,2948,39074,147,12,19,13
2021-04-26T23:59:59+02:00,5,7,1439,1581,2900,3923,3887,5593,5282,8003,8241,9488,10689,11502,13043,16077,4157,7189,0,2,364,381,880,1238,1137,1912,1426,2778,2208,2878,2948,3043,7928,10165,3841,6604,64088,46888,10292,2694,38595,126,12,19,13
2021-04-25T23:59:59+02:00,5,7,1428,1575,2830,3891,3790,5533,5144,7956,8045,9380,10491,11266,13006,16023,4156,7184,0,2,363,376,871,1232,1119,1897,1411,2759,2184,2851,2906,3010,7880,10117,3840,6599,63575,46806,10089,2486,38015,100,12,19,13
2021-04-24T23:59:59+02:00,5,7,1427,1575,2830,3889,3789,5532,5142,7954,8041,9376,10484,11262,13006,16023,4156,7184,0,2,363,376,871,1231,1119,1894,1409,2758,2183,2851,2906,3010,7880,10117,3840,6599,63548,46800,10089,2485,38014,99,12,19,13
2021-04-23T23:59:59+02:00,5,7,1410,1564,2762,3855,3706,5502,5024,7906,7904,9316,10397,11148,12982,15982,4154,7180,0,2,362,376,870,1228,1119,1894,1408,2758,2183,2851,2905,3010,7879,10117,3840,6599,63409,46794,9809,2484,37555,98,12,19,13
2021-04-22T23:59:59+02:00,5,7,1367,1534,2654,3790,3545,5395,4790,7751,7551,9080,9822,10452,12715,15683,4148,7156,0,2,356,375,861,1219,1109,1881,1396,2731,2155,2830,2869,2977,7789,10007,3828,6582,61775,46378,9148,2475,36491,89,12,19,13
2021-04-21T23:59:59+02:00,5,7,1334,1497,2574,3709,3426,5293,4571,7571,7139,8752,8929,9419,12299,15105,4135,7114,0,2,351,373,856,1202,1100,1860,1378,2701,2124,2802,2810,2920,7673,9839,3810,6554,59032,45891,8279,2350,35537,89,12,19,13
2021-04-20T23:59:59+02:00,4,7,1311,1471,2502,3635,3326,5196,4397,7388,6754,8419,8037,8289,11833,14515,4121,7100,0,2,345,368,844,1189,1090,1838,1354,2678,2090,2759,2749,2863,7522,9650,3778,6499,56171,45167,7515,2344,34590,83,11,18,13
2021-04-19T23:59:59+02:00,4,7,1294,1454,2466,3598,3265,5129,4288,7285,6515,8185,7400,7513,11580,14159,4110,7082,0,2,343,366,839,1179,1084,1826,1331,2665,2056,2731,2694,2819,7405,9483,3755,6460,54215,44605,7141,2330,33949,79,11,18,13
2021-04-18T23:59:59+02:00,4,6,1284,1442,2433,3572,3225,5107,4235,7229,6379,8054,7046,7125,11486,14055,4107,7070,0,2,343,364,837,1175,1083,1818,1329,2652,2050,2726,2688,2805,7378,9450,3753,6456,53690,44479,6682,2327,33458,79,11,18,13
2021-04-17T23:59:59+02:00,4,6,1283,1440,2433,3570,3224,5103,4230,7226,6372,8044,7031,7115,11484,14053,4107,7070,0,2,343,364,836,1174,1083,1818,1327,2651,2049,2724,2685,2802,7377,9450,3753,6456,53668,44466,6680,2326,33419,79,11,17,12
2021-04-16T23:59:59+02:00,4,6,1280,1438,2422,3561,3216,5095,4211,7207,6321,8011,6954,7030,11471,14039,4105,7068,0,2,343,363,831,1172,1081,1818,1325,2650,2046,2724,2684,2795,7375,9448,3752,6456,53609,44441,6442,2322,33360,79,11,17,12
2021-04-15T23:59:59+02:00,2,4,1244,1418,2369,3512,3121,5036,4050,7079,6063,7778,6411,6472,11221,13750,4090,7036,0,2,336,361,812,1152,1042,1758,1280,2578,1972,2629,2604,2723,7286,9359,3742,6439,52521,43846,6052,2136,32055,73,11,17,9
2021-04-14T23:59:59+02:00,2,4,1223,1404,2333,3484,3052,4974,3942,6974,5873,7570,5767,5769,10827,13259,4058,6986,0,2,328,358,800,1143,1024,1731,1249,2537,1921,2577,2527,2653,7136,9164,3723,6413,51112,43181,5845,2013,30517,73,10,17,9
2021-04-13T23:59:59+02:00,2,4,1209,1393,2301,3453,2995,4910,3831,6893,5625,7349,5229,5221,10487,12845,4035,6958,0,2,307,344,781,1113,1002,1710,1225,2502,1883,2536,2461,2587,7017,9026,3687,6352,50087,42491,5641,1955,28985,70,10,17,9
2021-04-12T23:59:59+02:00,2,4,1194,1386,2274,3430,2944,4865,3703,6812,5416,7199,4901,4928,10235,12564,4026,6934,0,2,291,340,768,1109,985,1694,1211,2479,1833,2489,2383,2526,6902,8884,3673,6329,49619,41912,5441,1906,27733,63,8,16,9
2021-04-11T23:59:59+02:00,2,4,1188,1372,2253,3409,2911,4845,3642,6741,5272,7089,4669,4728,10049,12365,4020,6923,0,2,284,338,763,1101,976,1679,1200,2451,1810,2457,2329,2467,6818,8776,3659,6309,49531,41497,5204,1844,26727,62,7,13,9
2021-04-10T23:59:59+02:00,2,4,1188,1371,2250,3405,2908,4841,3636,6737,5262,7077,4663,4718,10041,12352,4020,6923,0,2,281,334,747,1094,962,1674,1176,2431,1738,2405,2241,2381,6759,8729,3657,6305,49476,41326,5202,1514,26701,61,6,13,9
2021-04-09T23:59:59+02:00,2,4,1184,1368,2243,3403,2899,4831,3627,6726,5233,7053,4638,4690,10015,12322,4019,6923,0,2,272,331,727,1084,946,1653,1142,2384,1645,2329,2021,2112,6604,8568,3635,6272,49399,40471,5197,1180,26565,61,6,13,9
2021-04-08T23:59:59+02:00,2,4,1160,1348,2190,3347,2813,4741,3485,6596,4996,6820,4245,4282,9468,11747,4000,6869,0,2,247,310,675,1024,888,1580,1069,2288,1510,2209,1743,1775,6137,8005,3547,6126,48933,37893,4667,1177,24494,50,6,13,9
2021-04-07T23:59:59+02:00,2,4,1150,1334,2156,3329,2771,4703,3396,6533,4832,6685,3952,3978,8905,11195,3983,6840,0,2,214,281,615,969,827,1507,1009,2228,1404,2110,1602,1599,5537,7302,3458,5969,48719,35398,4191,1173,22821,49,4,13,9
2021-04-06T23:59:59+02:00,2,4,1128,1316,2111,3303,2732,4670,3331,6486,4706,6591,3695,3723,8414,10685,3967,6809,0,2,206,276,586,949,802,1459,963,2170,1321,2023,1455,1410,4947,6507,3343,5763,48522,32960,3654,1165,21481,46,3,13,8
2021-04-05T23:59:59+02:00,2,4,1125,1311,2105,3300,2722,4668,3315,6471,4683,6572,3663,3696,8383,10647,3963,6807,0,2,203,264,579,933,783,1435,947,2133,1281,1984,1408,1347,4732,6238,3295,5706,48429,32050,3648,1163,21344,46,3,13,8
2021-04-04T23:59:59+02:00,2,4,1125,1311,2105,3299,2722,4667,3315,6471,4681,6571,3656,3692,8381,10645,3963,6807,0,2,203,264,578,933,783,1435,947,2133,1281,1983,1408,1347,4731,6238,3295,5706,48419,32047,3647,1163,21335,46,3,13,8
2021-04-03T23:59:59+02:00,2,4,1125,1311,2104,3299,2722,4667,3315,6471,4681,6571,3655,3690,8381,10644,3963,6807,0,2,203,264,578,932,783,1435,947,2133,1281,1983,1408,1347,4731,6238,3295,5706,48418,32046,3646,1163,21332,46,3,13,8
2021-04-02T23:59:59+02:00,2,4,1125,1311,2104,3297,2722,4666,3314,6467,4681,6569,3652,3686,8379,10643,3963,6807,0,2,203,264,578,932,783,1433,947,2132,1281,1982,1408,1345,4729,6236,3294,5706,48399,32036,3646,1162,21331,46,3,13,8
2021-04-01T23:59:59+02:00,1,4,1112,1276,2038,3177,2613,4466,3165,6217,4522,6330,3608,3649,8279,10536,3952,6790,0,2,198,255,574,923,772,1427,937,2118,1258,1966,1387,1318,4489,5917,3174,5539,48023,31046,3640,1158,20056,39,3,13,8
2021-03-31T23:59:59+02:00,1,4,1095,1247,1999,3079,2538,4323,3074,6005,4391,6100,3523,3566,8126,10340,3932,6754,0,2,190,252,567,912,768,1409,925,2098,1217,1933,1331,1255,3994,5312,3046,5303,47415,29309,3512,1158,19154,38,3,13,6
2021-03-30T23:59:59+02:00,1,3,1072,1214,1947,2896,2436,4099,2924,5647,4190,5712,3429,3471,7961,10135,3905,6700,0,2,186,247,557,902,757,1387,903,2078,1169,1888,1244,1170,3466,4590,2820,4965,46774,27135,3346,1158,17606,29,3,13,6
2021-03-29T23:59:59+02:00,1,3,1055,1171,1884,2766,2352,3942,2786,5393,4027,5437,3329,3371,7799,9905,3876,6652,0,2,185,242,551,891,746,1373,885,2054,1132,1860,1167,1082,2881,3907,2642,4670,46128,25091,3111,1152,16495,19,2,13,6
2021-03-28T23:59:59+02:00,1,3,1036,1138,1813,2603,2270,3738,2665,5098,3875,5160,3264,3305,7734,9842,3872,6647,0,2,185,242,549,888,745,1371,883,2048,1129,1857,1158,1070,2826,3840,2629,4643,46021,24894,2902,1150,15126,14,2,13,5
2021-03-27T23:59:59+01:00,1,3,1036,1138,1813,2602,2269,3737,2662,5098,3872,5160,3260,3304,7733,9842,3872,6647,0,2,185,242,548,888,745,1371,882,2048,1126,1857,1158,1070,2826,3840,2629,4643,46012,24889,2902,1150,15121,14,2,12,5
2021-03-26T23:59:59+01:00,1,3,1031,1114,1770,2487,2205,3579,2599,4887,3786,4936,3239,3288,7730,9837,3871,6646,0,2,185,241,548,888,744,1371,882,2048,1126,1854,1154,1069,2823,3833,2628,4640,45985,24867,2899,1150,14111,12,2,12,5
2021-03-25T23:59:59+01:00,1,3,1006,1083,1719,2385,2122,3410,2490,4658,3674,4738,3137,3196,7602,9703,3864,6632,0,2,183,239,543,886,737,1362,876,2030,1109,1830,1108,1025,2594,3485,2428,4347,45726,23616,2561,1150,13125,12,1,10,5
2021-03-24T23:59:59+01:00,1,3,983,1063,1698,2342,2091,3360,2454,4591,3631,4668,3050,3125,7472,9531,3845,6614,0,2,183,234,537,881,729,1351,864,2015,1090,1809,1068,982,2198,2936,2033,3824,45184,21570,2431,1148,12896,12,1,10,5
2021-03-23T23:59:59+01:00,1,3,972,1057,1680,2309,2067,3326,2420,4547,3590,4618,2983,3052,7378,9428,3827,6586,0,2,181,231,533,876,722,1339,850,1996,1053,1777,986,890,1832,2445,1681,3357,44668,19619,2420,1114,12746,12,1,9,5
2021-03-22T23:59:59+01:00,1,3,970,1048,1666,2292,2053,3308,2398,4518,3553,4576,2939,3018,7315,9358,3813,6569,0,2,178,228,531,865,706,1316,836,1982,1024,1750,937,818,1354,1869,1326,2864,44334,17511,2398,1057,12656,12,1,9,5
2021-03-21T23:59:59+01:00,1,3,970,1047,1665,2289,2053,3305,2394,4514,3541,4568,2925,3009,7268,9303,3806,6563,0,2,178,225,529,863,705,1312,834,1978,1013,1745,914,799,1276,1784,1270,2795,44185,17208,2394,996,12635,12,1,9,5
2021-03-20T23:59:59+01:00,1,3,969,1046,1664,2288,2053,3305,2394,4514,3539,4566,2924,3008,7268,9302,3806,6563,0,2,178,225,529,863,705,1312,834,1978,1000,1730,879,771,1244,1761,1261,2793,44182,17205,2390,842,12631,12,1,9,5
2021-03-19T23:59:59+01:00,1,3,968,1038,1657,2274,2042,3301,2391,4508,3532,4559,2914,2997,7256,9285,3805,6560,0,2,178,223,528,863,705,1310,834,1977,993,1725,835,732,1181,1709,1251,2782,44120,17161,2386,649,12575,12,1,9,5
2021-03-18T23:59:59+01:00,1,3,932,1006,1579,2160,1918,3132,2242,4259,3302,4309,2761,2839,6954,8920,3739,6459,0,2,177,222,523,858,698,1302,825,1966,970,1708,817,709,1104,1600,1106,2576,42724,16575,2074,570,11707,12,1,9,5
2021-03-17T23:59:59+01:00,1,3,879,974,1508,2100,1855,3066,2177,4199,3207,4214,2624,2704,6528,8426,3674,6344,0,2,176,220,519,853,696,1298,821,1961,965,1700,788,690,969,1447,950,2360,40947,15828,2071,569,11455,12,1,9,5
2021-03-16T23:59:59+01:00,1,3,854,950,1474,2058,1817,3016,2123,4144,3111,4116,2490,2545,6050,7774,3583,6193,0,0,170,217,515,852,692,1291,816,1952,957,1687,783,677,881,1321,806,2195,38945,15225,2009,569,11339,12,1,8,5
2021-03-15T23:59:59+01:00,1,3,837,944,1456,2034,1779,2960,2085,4073,3010,4007,2356,2374,5562,7229,3511,6076,0,0,169,216,515,844,690,1282,812,1942,947,1671,772,667,811,1209,650,1990,37170,14639,1908,531,11211,12,0,8,5
2021-03-14T23:59:59+01:00,1,3,832,929,1432,2007,1754,2931,2054,4014,2947,3938,2177,2177,5377,7002,3480,6043,0,0,169,216,514,841,688,1271,811,1935,944,1662,754,658,795,1190,626,1935,36145,14494,1807,507,11138,3,0,8,5
2021-03-13T23:59:59+01:00,1,3,824,921,1410,1995,1737,2918,2026,3986,2872,3890,2105,2103,5328,6947,3478,6042,0,0,169,216,514,840,688,1271,810,1935,944,1662,754,658,795,1190,626,1935,35889,14492,1559,507,11130,3,0,8,5
2021-03-12T23:59:59+01:00,1,3,800,905,1364,1937,1673,2820,1927,3834,2714,3723,1908,1864,5142,6722,3446,5999,0,0,169,216,513,840,688,1271,809,1935,944,1661,745,655,782,1175,618,1932,34556,14439,1315,506,10903,3,0,8,5
2021-03-11T23:59:59+01:00,1,3,766,846,1295,1852,1589,2671,1843,3633,2552,3550,1641,1554,4773,6250,3309,5816,0,0,160,209,507,831,677,1262,794,1899,924,1619,614,593,712,1132,598,1900,32438,13932,1214,493,10284,2,0,8,4
2021-03-10T23:59:59+01:00,1,3,751,794,1272,1796,1557,2613,1793,3562,2471,3461,1569,1465,4300,5705,3190,5562,0,0,160,207,498,810,659,1248,784,1879,917,1603,545,577,679,1123,591,1894,30617,13779,1208,389,10032,2,0,8,4
2021-03-09T23:59:59+01:00,1,3,737,773,1250,1766,1530,2567,1753,3511,2397,3409,1475,1367,3737,4949,2996,5252,0,0,157,205,492,789,649,1224,770,1847,905,1575,541,575,677,1118,588,1888,28426,13717,1205,277,9834,2,0,8,4
2021-03-08T23:59:59+01:00,0,3,733,745,1236,1745,1512,2546,1725,3472,2357,3366,1381,1265,3059,4117,2757,4881,0,0,153,202,478,766,627,1192,751,1797,881,1538,537,573,677,1117,588,1888,25953,13709,1205,52,9734,0,0,8,4
2021-03-07T23:59:59+01:00,0,3,730,741,1226,1735,1504,2530,1714,3464,2345,3358,1368,1249,2957,3995,2734,4832,0,0,153,202,478,766,627,1192,751,1797,881,1538,537,573,677,1117,588,1888,25600,13709,1203,52,9674,0,0,8,4
2021-03-06T23:59:59+01:00,0,3,729,741,1224,1730,1501,2527,1710,3461,2340,3357,1365,1249,2957,3995,2734,4832,0,0,152,202,478,766,627,1192,751,1797,881,1538,537,573,677,1117,588,1888,25595,13708,1203,52,9649,0,0,8,4
2021-03-05T23:59:59+01:00,0,3,668,717,1199,1715,1480,2517,1685,3446,2311,3347,1359,1246,2949,3988,2731,4827,0,0,152,202,478,765,627,1191,751,1797,881,1535,536,573,677,1117,588,1888,25567,13702,1198,52,9415,0,0,8,4
2021-03-04T23:59:59+01:00,0,3,602,670,1131,1645,1424,2434,1644,3365,2237,3269,1308,1198,2728,3622,2545,4539,0,0,150,196,475,751,616,1179,740,1769,872,1522,525,562,664,1107,583,1879,24336,13537,1190,50,8830,0,0,8,3
2021-03-03T23:59:59+01:00,0,3,565,630,1064,1582,1328,2353,1543,3279,2111,3182,1265,1151,2353,3099,2189,4087,0,0,150,196,473,748,616,1179,739,1765,869,1521,521,559,662,1104,583,1876,22458,13511,1188,48,8132,0,0,6,2
2021-03-02T23:59:59+01:00,0,3,547,596,1026,1536,1270,2309,1485,3227,2014,3120,1181,1048,1983,2621,1793,3563,0,0,148,194,468,742,611,1168,729,1755,864,1500,512,550,651,1081,563,1843,20375,13329,1185,48,7756,0,0,6,2
2021-03-01T23:59:59+01:00,0,3,540,547,1006,1497,1224,2248,1439,3163,1959,3047,1136,974,1484,2025,1405,3017,0,0,146,194,468,741,611,1167,729,1752,863,1500,510,550,647,1072,559,1832,18080,13291,1182,48,7446,0,0,6,2
2021-02-28T23:59:59+01:00,0,3,532,533,988,1457,1198,2186,1411,3105,1904,2974,1115,952,1369,1885,1331,2929,0,0,146,194,467,740,611,1167,728,1750,862,1499,508,550,647,1072,559,1832,17599,13282,1180,48,7087,0,0,6,2
2021-02-27T23:59:59+01:00,0,3,532,531,987,1454,1198,2185,1411,3104,1904,2973,1115,952,1369,1884,1329,2929,0,0,145,194,466,739,608,1165,726,1748,860,1498,508,550,647,1072,559,1832,17596,13281,1180,34,7078,0,0,6,2
2021-02-26T23:59:59+01:00,0,3,390,481,857,1410,1115,2142,1343,3063,1845,2930,1110,946,1366,1883,1329,2927,0,0,145,194,466,739,608,1165,726,1747,860,1497,508,550,647,1072,559,1832,17584,13280,1180,33,6370,0,0,6,2
2021-02-25T23:59:59+01:00,0,3,301,428,761,1315,1031,2051,1245,2890,1706,2767,1072,914,1284,1758,1209,2735,0,0,138,184,454,726,592,1139,719,1722,840,1473,494,536,619,1040,545,1813,16981,13010,1180,22,5303,0,0,6,2
2021-02-24T23:59:59+01:00,0,2,256,384,688,1239,957,1964,1191,2772,1640,2650,1045,894,1161,1612,1052,2516,0,0,136,184,451,722,588,1138,718,1717,839,1469,489,531,611,1035,542,1801,16268,12950,1178,19,4571,0,0,6,2
2021-02-23T23:59:59+01:00,0,2,244,362,667,1180,928,1885,1144,2660,1564,2539,1019,866,1080,1484,909,2352,0,0,136,182,451,721,588,1138,718,1714,837,1468,488,528,609,1034,542,1800,15706,12938,1143,15,4030,0,0,6,1
2021-02-22T23:59:59+01:00,0,0,230,343,644,1150,896,1802,1094,2568,1478,2416,973,836,961,1340,722,2095,0,0,136,182,450,720,586,1137,717,1714,831,1466,487,527,608,1032,541,1798,14951,12926,1070,5,3521,0,0,6,1
2021-02-21T23:59:59+01:00,0,0,224,332,608,1083,846,1696,1051,2467,1398,2309,956,815,928,1288,669,2029,0,0,136,181,447,712,585,1133,717,1709,831,1464,486,527,607,1032,540,1797,14741,12898,1027,5,2925,0,0,6,1
2021-02-20T23:59:59+01:00,0,0,224,329,605,1082,844,1691,1047,2461,1383,2290,920,786,895,1265,661,2027,0,0,136,181,447,712,585,1133,717,1709,831,1464,486,526,606,1032,540,1797,14739,12897,867,5,2898,0,0,6,0
2021-02-19T23:59:59+01:00,0,0,214,321,596,1074,831,1676,1026,2444,1350,2247,675,683,752,1201,636,2010,0,0,136,181,447,710,585,1130,716,1706,828,1461,486,525,606,1031,539,1797,14261,12880,678,4,2791,0,0,6,0
2021-02-18T23:59:59+01:00,0,0,198,272,557,952,746,1450,896,2186,1099,1872,596,615,711,1159,616,1993,0,0,131,181,434,698,570,1112,710,1680,812,1433,483,522,605,1030,539,1797,14102,12733,578,4,1233,0,0,5,0
2021-02-17T23:59:59+01:00,0,0,192,232,536,902,709,1354,837,2018,1014,1740,574,594,711,1156,614,1990,0,0,124,178,422,687,562,1096,691,1648,799,1410,480,520,603,1027,539,1796,14082,12579,578,3,508,0,0,5,0
2021-02-16T23:59:59+01:00,0,0,185,229,528,886,694,1323,818,1979,981,1700,562,589,705,1154,613,1987,0,0,119,173,408,682,551,1080,678,1630,789,1396,474,514,596,1013,531,1765,14051,12397,578,2,299,0,0,5,0
2021-02-15T23:59:59+01:00,0,0,171,220,523,859,688,1289,804,1944,952,1653,561,586,703,1154,613,1987,0,0,116,172,401,672,540,1061,649,1603,775,1378,472,511,596,1013,531,1765,14048,12253,539,2,115,0,0,5,0
2021-02-14T23:59:59+01:00,0,0,166,212,519,846,687,1280,801,1935,934,1645,560,585,703,1151,612,1987,0,0,109,168,390,661,523,1043,630,1588,768,1365,472,509,594,1011,531,1765,14042,12125,537,2,39,0,0,5,0
2021-02-13T23:59:59+01:00,0,0,165,212,518,846,687,1280,801,1935,934,1645,560,585,703,1151,612,1987,0,0,109,168,389,660,523,1043,630,1588,768,1365,472,509,594,1011,531,1765,14041,12123,537,2,38,0,0,5,0
2021-02-12T23:59:59+01:00,0,0,163,211,513,844,686,1277,797,1934,932,1642,559,585,703,1151,612,1987,0,0,106,166,386,654,518,1036,616,1573,765,1348,470,508,582,991,526,1736,14034,11979,536,2,21,0,0,5,0
2021-02-11T23:59:59+01:00,0,0,160,210,509,837,678,1273,794,1930,926,1640,554,579,695,1145,607,1981,0,0,87,130,357,584,471,956,564,1456,721,1254,446,463,538,937,482,1640,13983,11085,523,1,8,0,0,4,0
2021-02-10T23:59:59+01:00,0,0,157,208,499,820,661,1258,782,1902,911,1616,545,573,684,1132,602,1971,0,0,78,119,329,524,444,848,523,1279,647,1097,397,413,471,820,433,1478,13857,9899,459,1,1,0,0,4,0
2021-02-09T23:59:59+01:00,0,0,156,202,491,782,645,1219,762,1841,899,1575,533,561,678,1116,593,1952,0,0,73,102,310,456,409,763,480,1176,583,998,366,358,428,732,399,1357,13743,8990,259,0,0,0,0,3,0
2021-02-08T23:59:59+01:00,0,0,152,198,474,756,623,1184,742,1791,879,1531,527,560,676,1110,589,1936,0,0,59,76,265,388,359,630,422,946,510,818,308,303,362,578,334,1151,13672,7509,53,0,0,0,0,3,0
2021-02-07T23:59:59+01:00,0,0,152,197,472,755,621,1183,741,1783,877,1529,526,560,676,1110,589,1935,0,0,58,68,247,353,340,585,406,914,490,783,308,296,360,571,332,1147,13650,7258,53,0,0,0,0,3,0
2021-02-06T23:59:59+01:00,0,0,152,197,472,755,621,1183,741,1783,877,1529,526,560,676,1110,589,1935,0,0,58,68,247,352,340,585,406,913,488,781,308,295,359,569,331,1147,13650,7247,53,0,0,0,0,3,0
2021-02-05T23:59:59+01:00,0,0,152,197,472,755,621,1183,741,1783,877,1527,526,560,675,1110,589,1935,0,0,56,68,246,349,333,581,398,890,478,761,298,290,348,545,313,1107,13647,7061,53,0,0,0,0,3,0
2021-02-04T23:59:59+01:00,0,0,146,192,468,747,614,1175,737,1769,871,1518,519,553,654,1085,580,1917,0,0,42,51,213,314,291,485,356,749,384,615,233,219,263,379,232,819,13490,5645,52,0,0,0,0,3,0
2021-02-03T23:59:59+01:00,0,0,144,191,462,740,606,1166,733,1756,863,1502,507,545,639,1072,573,1909,0,0,34,32,157,221,238,353,265,571,309,466,182,172,186,283,179,612,13356,4260,49,0,0,0,0,3,0
2021-02-02T23:59:59+01:00,0,0,144,188,460,739,606,1166,730,1750,856,1498,506,543,635,1069,572,1905,0,0,25,26,138,174,193,282,221,435,257,375,142,132,139,211,142,483,13316,3375,49,0,0,0,0,2,0
2021-02-01T23:59:59+01:00,0,0,142,188,459,738,601,1163,729,1742,854,1493,504,541,630,1066,571,1898,0,0,21,19,102,128,139,191,155,302,168,259,90,94,94,134,76,258,13268,2230,49,0,0,0,0,2,0
2021-01-31T23:59:59+01:00,0,0,141,187,459,735,598,1162,729,1738,854,1492,502,540,629,1064,571,1897,0,0,14,15,69,88,97,126,118,225,141,203,85,87,90,126,74,244,13248,1802,49,0,0,0,0,1,0
2021-01-30T23:59:59+01:00,0,0,141,187,458,735,596,1160,728,1737,854,1492,502,540,628,1064,571,1897,0,0,14,15,69,88,97,124,116,221,138,200,84,86,90,120,68,234,13247,1764,42,0,0,0,0,1,0
2021-01-29T23:59:59+01:00,0,0,141,187,458,732,595,1157,726,1735,852,1491,502,540,628,1064,571,1897,0,0,12,15,57,82,80,120,98,210,115,188,79,79,88,116,67,233,13241,1639,34,0,0,0,0,1,0
2021-01-28T23:59:59+01:00,0,0,134,183,445,715,578,1130,720,1708,829,1462,495,534,625,1061,568,1894,0,0,7,3,14,20,25,47,31,97,47,87,46,50,57,86,49,176,13055,842,25,0,0,0,0,1,0
2021-01-27T23:59:59+01:00,0,0,127,180,433,704,570,1120,704,1673,822,1438,492,532,621,1056,568,1889,0,0,3,1,6,12,11,26,13,41,23,31,13,17,25,35,20,55,12905,332,23,0,0,0,0,1,0
2021-01-26T23:59:59+01:00,0,0,121,176,419,693,557,1106,695,1650,810,1417,487,526,615,1039,560,1854,0,0,3,1,6,11,8,24,11,38,17,28,13,15,24,33,20,54,12709,306,15,0,0,0,0,1,0
2021-01-25T23:59:59+01:00,0,0,118,174,410,681,546,1087,668,1622,792,1400,485,522,613,1038,560,1854,0,0,2,1,5,9,8,19,6,29,12,22,9,6,14,22,10,35,12564,209,5,0,0,0,0,1,0
2021-01-24T23:59:59+01:00,0,0,111,171,400,671,531,1069,651,1609,779,1388,484,519,612,1038,560,1854,0,0,2,0,3,6,8,7,4,8,5,9,1,2,12,15,6,21,12441,109,5,0,0,0,0,1,0
2021-01-23T23:59:59+01:00,0,0,111,171,400,670,531,1069,651,1609,779,1388,484,519,612,1038,560,1854,0,0,1,0,3,6,8,7,4,8,5,9,1,2,12,15,6,21,12440,108,5,0,0,0,0,1,0
2021-01-22T23:59:59+01:00,0,0,108,169,393,664,527,1062,637,1594,773,1370,484,514,601,1017,553,1825,0,0,1,0,3,6,8,7,4,8,5,9,1,2,12,15,6,21,12287,108,4,0,0,0,0,0,0
2021-01-21T23:59:59+01:00,0,0,97,161,378,647,504,1028,607,1544,751,1327,467,476,567,973,517,1757,0,0,1,0,3,6,8,6,4,8,5,9,1,2,12,15,6,21,11797,107,4,0,0,0,0,0,0
2021-01-20T23:59:59+01:00,0,0,79,120,343,558,460,887,550,1310,663,1140,405,417,482,830,454,1534,0,0,1,0,2,5,8,6,4,8,5,9,1,2,12,15,6,21,10228,105,4,0,0,0,0,0,0
2021-01-19T23:59:59+01:00,0,0,74,106,316,480,419,798,507,1198,611,1037,381,379,445,751,424,1438,0,0,1,0,1,3,7,5,4,7,5,9,1,0,9,10,5,18,9360,85,4,0,0,0,0,0,0
2021-01-18T23:59:59+01:00,0,0,60,76,270,393,364,650,431,966,519,840,313,311,375,597,358,1230,0,0,1,0,1,3,7,5,4,7,5,8,1,0,9,10,5,18,7751,84,2,0,0,0,0,0,0
2021-01-17T23:59:59+01:00,0,0,59,67,251,358,343,597,412,923,495,801,310,302,373,590,355,1222,0,0,0,0,0,0,0,1,0,0,0,0,0,0,0,0,0,0,7456,1,2,0,0,0,0,0,0
2021-01-16T23:59:59+01:00,0,0,59,67,251,357,343,597,412,922,493,799,310,301,371,586,354,1222,0,0,0,0,0,0,0,0,0,0,0,0,0,0,0,0,0,0,7442,0,2,0,0,0,0,0,0
2021-01-15T23:59:59+01:00,0,0,57,67,251,353,337,591,401,898,481,774,296,295,352,557,331,1180,0,0,0,0,0,0,0,0,0,0,0,0,0,0,0,0,0,0,7219,0,2,0,0,0,0,0,0
2021-01-14T23:59:59+01:00,0,0,44,54,237,328,312,516,367,773,393,629,233,221,262,381,238,847,0,0,0,0,0,0,0,0,0,0,0,0,0,0,0,0,0,0,5835,0,0,0,0,0,0,0,0
2021-01-13T23:59:59+01:00,0,0,38,43,212,269,272,415,300,618,322,503,178,178,190,290,192,655,0,0,0,0,0,0,0,0,0,0,0,0,0,0,0,0,0,0,4675,0,0,0,0,0,0,0,0
2021-01-12T23:59:59+01:00,0,0,33,41,207,254,257,381,276,537,290,457,141,136,144,222,150,514,0,0,0,0,0,0,0,0,0,0,0,0,0,0,0,0,0,0,4040,0,0,0,0,0,0,0,0
2021-01-11T23:59:59+01:00,0,0,28,37,197,233,239,328,229,449,240,382,110,106,108,145,88,320,0,0,0,0,0,0,0,0,0,0,0,0,0,0,0,0,0,0,3239,0,0,0,0,0,0,0,0
2021-01-10T23:59:59+01:00,0,0,26,31,159,172,196,253,191,353,198,305,98,99,105,140,86,305,0,0,0,0,0,0,0,0,0,0,0,0,0,0,0,0,0,0,2717,0,0,0,0,0,0,0,0
2021-01-09T23:59:59+01:00,0,0,26,31,152,168,194,245,187,345,196,300,98,99,105,140,86,305,0,0,0,0,0,0,0,0,0,0,0,0,0,0,0,0,0,0,2677,0,0,0,0,0,0,0,0
2021-01-08T23:59:59+01:00,0,0,23,28,121,144,173,232,162,316,168,279,93,89,103,136,85,304,0,0,0,0,0,0,0,0,0,0,0,0,0,0,0,0,0,0,2456,0,0,0,0,0,0,0,0
2021-01-07T23:59:59+01:00,0,0,8,3,18,26,32,57,37,108,61,111,48,51,64,94,54,212,0,0,0,0,0,0,0,0,0,0,0,0,0,0,0,0,0,0,984,0,0,0,0,0,0,0,0
2021-01-06T23:59:59+01:00,0,0,3,1,7,13,11,25,14,41,21,32,14,14,28,40,23,65,0,0,0,0,0,0,0,0,0,0,0,0,0,0,0,0,0,0,352,0,0,0,0,0,0,0,0
2021-01-05T23:59:59+01:00,0,0,3,1,6,10,10,21,11,33,15,27,11,14,24,35,21,57,0,0,0,0,0,0,0,0,0,0,0,0,0,0,0,0,0,0,299,0,0,0,0,0,0,0,0
2021-01-04T23:59:59+01:00,0,0,2,1,4,7,9,13,4,17,8,17,5,3,13,21,8,31,0,0,0,0,0,0,0,0,0,0,0,0,0,0,0,0,0,0,163,0,0,0,0,0,0,0,0
2021-01-03T23:59:59+01:00,0,0,2,0,3,6,8,7,4,9,5,10,1,2,13,17,7,21,0,0,0,0,0,0,0,0,0,0,0,0,0,0,0,0,0,0,115,0,0,0,0,0,0,0,0
2021-01-02T23:59:59+01:00,0,0,2,0,3,6,8,7,4,9,5,10,1,2,13,17,7,21,0,0,0,0,0,0,0,0,0,0,0,0,0,0,0,0,0,0,115,0,0,0,0,0,0,0,0
2021-01-01T23:59:59+01:00,0,0,1,0,3,6,8,6,4,9,5,10,1,2,13,16,7,21,0,0,0,0,0,0,0,0,0,0,0,0,0,0,0,0,0,0,112,0,0,0,0,0,0,0,0
2020-12-31T23:59:59+01:00,0,0,1,0,3,5,8,6,4,9,5,10,1,2,13,16,7,21,0,0,0,0,0,0,0,0,0,0,0,0,0,0,0,0,0,0,111,0,0,0,0,0,0,0,0
2020-12-30T23:59:59+01:00,0,0,1,0,2,5,8,6,4,9,5,10,1,2,13,16,7,21,0,0,0,0,0,0,0,0,0,0,0,0,0,0,0,0,0,0,110,0,0,0,0,0,0,0,0
2020-12-29T23:59:59+01:00,0,0,1,0,1,3,8,5,4,8,5,10,1,0,10,11,6,18,0,0,0,0,0,0,0,0,0,0,0,0,0,0,0,0,0,0,91,0,0,0,0,0,0,0,0
2020-12-28T23:59:59+01:00,0,0,1,0,1,3,8,5,4,8,5,9,1,0,10,11,6,18,0,0,0,0,0,0,0,0,0,0,0,0,0,0,0,0,0,0,90,0,0,0,0,0,0,0,0
2020-12-27T23:59:59+01:00,0,0,1,0,1,3,8,4,4,8,5,9,1,0,9,10,6,18,0,0,0,0,0,0,0,0,0,0,0,0,0,0,0,0,0,0,87,0,0,0,0,0,0,0,0
