Datum,<15_m,<15_w,15-24_1_m,15-24_1_w,25-34_1_m,25-34_1_w,35-44_1_m,35-44_1_w,45-54_1_m,45-54_1_w,55-64_1_m,55-64_1_w,65-74_1_m,65-74_1_w,75-84_1_m,75-84_1_w,>84_1_m,>84_1_w,<24_2_m,<24_2_w,25-34_2_m,25-34_2_w,35-44_2_m,35-44_2_w,45-54_2_m,45-54_2_w,55-64_2_m,55-64_2_w,65-74_2_m,65-74_2_w,75-84_2_m,75-84_2_w,>84_2_m,>84_2_w,bp_1,bp_2,mo_1,mo_2,az_1,az_2,ja,unb_1,unb_2
2021-07-17T23:59:59+02:00,753,675,12394,11637,18528,17227,21177,20944,25126,25844,28647,29656,20622,23598,14905,18735,4242,7403,7837,7661,13689,13414,16679,17239,20923,22191,25279,26800,19328,22126,14243,17856,4088,7088,208403,177026,30609,27029,54856,44199,8214,31,85
2021-07-16T23:59:59+02:00,746,670,12323,11581,18492,17196,21140,20917,25093,25821,28622,29638,20620,23595,14905,18733,4242,7403,7695,7560,13539,13342,16538,17181,20786,22133,25176,26753,19311,22107,14242,17851,4088,7085,208197,176591,30609,26958,54855,43813,8045,31,85
2021-07-15T23:59:59+02:00,731,652,12258,11516,18431,17147,21087,20868,25048,25784,28594,29611,20606,23579,14900,18727,4241,7400,7367,7255,12972,12952,15896,16776,20195,21788,24749,26455,19165,21969,14200,17805,4085,7078,207757,174383,30523,26075,54849,42244,8020,31,85
2021-07-14T23:59:59+02:00,702,632,12051,11384,18267,17043,20970,20776,24949,25684,28507,29513,20573,23546,14881,18712,4238,7397,6956,6898,12317,12505,15226,16301,19573,21345,24289,26120,18952,21743,14168,17757,4078,7067,206967,171608,30376,25746,54848,40333,7603,31,85
2021-07-13T23:59:59+02:00,660,598,11919,11262,18153,16966,20862,20681,24858,25595,28439,29450,20544,23507,14862,18702,4236,7387,6501,6468,11686,12011,14542,15801,18976,20938,23857,25800,18774,21530,14125,17694,4074,7059,206005,168051,30237,25562,54838,38683,7579,22,20
2021-07-12T23:59:59+02:00,627,570,11799,11128,18040,16878,20774,20577,24760,25498,28358,29385,20516,23475,14855,18691,4231,7380,6096,6058,11099,11484,13932,15270,18428,20455,23443,25443,18579,21343,14061,17636,4065,7055,205018,164447,30111,24739,54835,37734,7556,22,20
2021-07-11T23:59:59+02:00,594,545,11686,11041,17974,16817,20720,20522,24707,25455,28303,29340,20497,23456,14846,18684,4231,7379,5903,5891,10843,11282,13708,15073,18188,20275,23241,25258,18508,21263,14036,17610,4064,7049,204416,163089,29990,24273,54833,37315,7543,15,17
2021-07-10T23:59:59+02:00,593,545,11679,11040,17970,16815,20717,20522,24704,25454,28302,29340,20497,23456,14845,18682,4231,7379,5897,5890,10842,11276,13700,15069,18187,20273,23240,25256,18506,21262,14035,17610,4064,7049,204397,163064,29989,24272,54833,37311,7537,15,17
2021-07-09T23:59:59+02:00,565,522,11571,10920,17895,16732,20649,20460,24631,25379,28253,29295,20474,23436,14842,18674,4231,7378,5863,5860,10813,11243,13650,15047,18156,20240,23221,25233,18501,21252,14033,17607,4064,7048,203541,162829,29989,24222,54833,37278,7529,15,17
2021-07-08T23:59:59+02:00,534,498,11416,10793,17780,16633,20525,20366,24528,25259,28139,29220,20430,23387,14826,18646,4228,7370,5516,5606,10309,10855,13037,14594,17505,19689,22625,24787,18199,20879,13936,17526,4059,7038,202835,160533,29965,23419,54812,35278,6951,15,17
2021-07-07T23:59:59+02:00,475,447,11256,10659,17700,16550,20455,20297,24454,25182,28078,29160,20403,23352,14821,18634,4226,7364,5208,5316,9795,10408,12468,14124,16828,19172,22067,24295,17892,20530,13839,17433,4056,7027,201858,158101,29942,21970,54796,33502,6902,15,17
2021-07-06T23:59:59+02:00,439,416,11138,10514,17587,16461,20365,20199,24378,25092,27990,29086,20377,23313,14812,18618,4224,7361,4837,4906,9204,9908,11771,13531,16143,18568,21567,23803,17577,20228,13740,17320,4047,7018,200768,154043,29936,21034,54787,32232,6864,15,17
2021-07-05T23:59:59+02:00,417,390,11047,10429,17501,16393,20285,20129,24317,25040,27949,29048,20353,23292,14801,18610,4223,7358,4548,4591,8714,9458,11211,12983,15437,17929,20952,23198,17184,19835,13609,17165,4039,7010,200040,150172,29932,20361,54779,30515,6816,15,17
2021-07-04T23:59:59+02:00,404,384,10971,10375,17435,16339,20236,20080,24286,25004,27933,29030,20344,23280,14795,18607,4222,7357,4403,4498,8583,9293,11021,12807,15199,17719,20689,22928,16913,19546,13550,17074,4035,7006,199560,148869,29928,20055,54777,29539,6802,15,17
2021-07-03T23:59:59+02:00,403,383,10964,10366,17425,16332,20234,20077,24284,25003,27930,29029,20344,23279,14795,18607,4222,7356,4399,4493,8577,9292,11018,12807,15195,17719,20686,22925,16913,19543,13550,17074,4035,7006,199529,148859,29927,20055,54777,29534,6785,15,17
2021-07-02T23:59:59+02:00,359,320,10818,10256,17315,16230,20133,20004,24213,24938,27871,28969,20318,23253,14789,18593,4222,7354,4310,4414,8421,9152,10883,12697,15072,17612,20574,22821,16872,19514,13543,17059,4035,7003,198657,147872,29927,20055,54777,29477,6579,15,17
2021-07-01T23:59:59+02:00,313,276,10687,10121,17188,16139,20012,19917,24132,24862,27810,28919,20298,23228,14773,18578,4219,7350,4112,4213,8127,8820,10517,12291,14513,17120,20072,22284,16585,19217,13338,16847,4025,6981,197594,144831,29870,19389,54770,28268,6573,15,17
2021-06-30T23:59:59+02:00,231,215,10436,9885,17020,15993,19881,19785,24018,24740,27730,28832,20277,23197,14754,18560,4218,7349,3917,4017,7825,8482,10107,11833,14026,16568,19503,21654,16264,18880,13067,16571,4013,6955,195971,141173,29815,19134,54761,26814,6559,15,17
2021-06-29T23:59:59+02:00,186,178,10290,9711,16887,15897,19777,19697,23950,24665,27673,28764,20251,23172,14740,18541,4218,7346,3713,3756,7430,8035,9635,11298,13374,15904,18891,20955,15947,18554,12822,16281,4006,6941,194833,136901,29811,18840,54757,25271,6527,15,17
2021-06-28T23:59:59+02:00,137,127,10093,9530,16771,15790,19677,19598,23858,24571,27606,28705,20221,23143,14726,18522,4216,7344,3510,3499,7032,7598,9204,10807,12825,15368,18397,20441,15698,18291,12704,16149,4000,6930,193675,133088,29698,18416,54754,24452,6493,15,17
2021-06-27T23:59:59+02:00,119,110,9957,9419,16716,15732,19617,19548,23800,24522,27579,28681,20208,23127,14723,18518,4215,7341,3418,3433,6857,7405,9018,10606,12596,15128,18136,20182,15578,18188,12639,16065,4000,6926,193048,131899,29644,18072,54749,23724,6476,15,17
2021-06-26T23:59:59+02:00,119,110,9955,9415,16715,15728,19615,19547,23797,24521,27579,28681,20208,23127,14723,18518,4215,7341,3415,3433,6855,7404,9015,10604,12595,15125,18134,20181,15575,18187,12639,16064,4000,6926,193031,131880,29643,18072,54749,23720,6476,15,17
2021-06-25T23:59:59+02:00,115,107,9909,9374,16678,15696,19582,19519,23761,24493,27555,28662,20202,23120,14721,18515,4215,7341,3396,3388,6781,7295,8919,10450,12481,14929,17991,19974,15553,18158,12631,16061,3999,6925,192717,131704,29608,17721,54749,23026,6476,15,17
2021-06-24T23:59:59+02:00,105,96,9786,9250,16498,15575,19452,19398,23641,24406,27499,28603,20189,23104,14714,18506,4214,7339,3274,3243,6577,6967,8613,9998,11952,14309,17437,19276,15330,17930,12486,15933,3996,6913,191890,129317,29266,16868,54748,21588,6456,15,17
2021-06-23T23:59:59+02:00,100,90,9658,9113,16361,15452,19338,19294,23544,24303,27435,28556,20174,23082,14710,18501,4211,7338,3071,3002,6229,6485,8116,9435,11258,13493,16679,18300,15040,17595,12337,15792,3986,6888,190986,124822,29102,15899,54738,20560,6419,15,17
2021-06-22T23:59:59+02:00,70,64,9369,8808,16135,15253,19153,19145,23400,24181,27364,28474,20153,23059,14702,18482,4207,7332,2837,2713,5747,5938,7494,8671,10348,12456,15651,17093,14737,17230,12228,15666,3973,6865,189320,118370,28897,15411,54734,19481,6387,13,9
2021-06-21T23:59:59+02:00,66,57,9243,8645,15962,15108,18966,18991,23269,24058,27304,28395,20129,23032,14696,18473,4207,7328,2692,2521,5364,5472,7030,8085,9619,11583,14922,16161,14459,16918,12122,15545,3968,6849,188130,113671,28673,14853,54728,18403,6385,13,9
2021-06-20T23:59:59+02:00,63,56,9109,8516,15827,14995,18857,18903,23197,23987,27264,28345,20118,23012,14686,18466,4205,7327,2635,2452,5200,5291,6816,7819,9315,11253,14559,15761,14326,16786,12082,15508,3963,6844,187252,111984,28559,14630,54728,17617,6381,13,9
2021-06-19T23:59:59+02:00,63,56,9109,8515,15826,14991,18856,18903,23196,23987,27264,28344,20118,23012,14686,18466,4205,7327,2632,2451,5199,5287,6815,7819,9315,11252,14557,15757,14324,16786,12082,15508,3963,6844,187244,111968,28558,14628,54728,17616,6381,13,9
2021-06-18T23:59:59+02:00,63,52,9081,8504,15813,14983,18841,18895,23189,23978,27257,28339,20118,23009,14685,18466,4205,7327,2603,2417,5144,5228,6737,7719,9216,11096,14385,15530,14246,16685,12072,15487,3961,6841,187127,111184,28557,14627,54727,17177,6381,13,9
2021-06-17T23:59:59+02:00,56,50,8907,8343,15579,14816,18643,18740,23033,23848,27123,28248,20094,22987,14679,18454,4203,7324,2468,2268,4818,4930,6353,7318,8670,10493,13556,14662,14009,16396,12000,15366,3957,6829,185811,108329,28552,13674,54719,16060,6032,13,9
2021-06-16T23:59:59+02:00,48,48,8679,8129,15349,14593,18433,18543,22845,23681,27017,28138,20065,22944,14665,18434,4199,7318,2354,2160,4576,4728,6002,6974,8145,10006,12842,13826,13659,16013,11915,15277,3952,6817,184040,104885,28455,12876,54716,15583,5904,13,9
2021-06-15T23:59:59+02:00,39,35,8330,7795,14972,14238,18114,18254,22596,23468,26859,28004,20036,22911,14652,18418,4198,7308,2170,1993,4225,4374,5495,6415,7269,9120,11650,12554,13123,15398,11793,15114,3937,6794,181452,98662,28419,12215,54714,14920,5629,13,9
2021-06-14T23:59:59+02:00,33,30,8149,7628,14720,14009,17913,18084,22445,23348,26750,27925,20015,22878,14639,18410,4194,7300,2057,1868,3972,4129,5108,5945,6614,8401,10726,11504,12808,15051,11721,15020,3927,6775,179886,93840,28398,11854,54712,14471,5461,13,9
2021-06-13T23:59:59+02:00,33,30,8072,7573,14641,13924,17799,17973,22365,23268,26720,27897,20002,22868,14635,18404,4194,7300,2009,1840,3891,4031,4989,5806,6384,8160,10433,11170,12651,14873,11663,14964,3926,6774,179140,92458,28386,11562,54709,14093,5450,13,8
2021-06-12T23:59:59+02:00,33,30,8071,7572,14640,13924,17799,17973,22363,23267,26719,27894,20002,22867,14635,18404,4194,7300,2008,1838,3890,4031,4987,5805,6381,8158,10430,11164,12648,14872,11663,14962,3926,6774,179129,92440,28386,11562,54709,14084,5450,13,8
2021-06-11T23:59:59+02:00,33,29,8005,7531,14552,13876,17724,17923,22293,23233,26676,27872,20000,22863,14635,18403,4194,7300,1992,1829,3854,3974,4945,5738,6320,8075,10331,11061,12609,14837,11652,14956,3926,6774,178795,92227,28308,11556,54708,13771,5318,13,8
2021-06-10T23:59:59+02:00,28,22,7664,7237,14162,13511,17297,17547,21964,22952,26484,27693,19956,22818,14622,18386,4191,7288,1887,1746,3640,3812,4672,5469,6003,7710,9723,10449,12095,14181,11584,14848,3918,6767,176207,89082,27819,11183,54698,13151,5085,13,8
2021-06-09T23:59:59+02:00,27,19,7295,6887,13697,13070,16781,17082,21575,22584,26270,27481,19883,22748,14604,18351,4188,7280,1718,1632,3441,3637,4419,5202,5622,7307,8954,9737,11431,13351,11467,14708,3908,6755,172960,84861,27274,10549,54685,12986,4890,13,8
2021-06-08T23:59:59+02:00,22,15,6918,6479,13183,12588,16312,16616,21218,22247,26055,27279,19825,22670,14574,18316,4185,7273,1626,1556,3219,3408,4102,4850,5115,6820,8070,8821,10548,12275,11325,14551,3904,6740,169550,79219,26789,10252,54676,12710,4747,13,7
2021-06-07T23:59:59+02:00,19,12,6640,6188,12756,12215,15914,16217,20892,21952,25893,27124,19789,22617,14554,18297,4178,7267,1563,1485,3031,3236,3825,4622,4716,6443,7358,8074,9643,11131,11215,14405,3893,6722,166996,74484,26365,9889,54657,12494,4493,13,7
2021-06-06T23:59:59+02:00,19,12,6498,6055,12613,12064,15751,16057,20727,21789,25807,27037,19769,22581,14543,18287,4177,7263,1548,1462,2958,3195,3730,4558,4610,6363,7217,7945,9386,10863,11169,14355,3890,6717,165764,73805,26262,9464,54636,12321,4374,13,7
2021-06-05T23:59:59+02:00,19,12,6489,6052,12604,12052,15743,16050,20725,21787,25807,27035,19769,22581,14543,18287,4177,7263,1546,1461,2955,3194,3729,4557,4607,6363,7213,7940,9380,10859,11169,14355,3890,6717,165710,73779,26262,9463,54636,12317,4374,13,7
2021-06-04T23:59:59+02:00,19,12,6459,6012,12546,12001,15683,16002,20697,21755,25790,27019,19765,22575,14540,18287,4177,7263,1545,1456,2942,3184,3710,4543,4597,6349,7179,7897,9348,10789,11131,14314,3889,6716,165615,73506,26004,9451,54614,12274,4356,13,7
2021-06-03T23:59:59+02:00,19,11,6226,5788,12247,11753,15361,15692,20368,21416,25535,26808,19719,22502,14520,18268,4176,7259,1502,1411,2870,3119,3613,4466,4484,6250,6978,7716,8974,10343,11079,14241,3889,6711,163140,72209,25760,9155,54613,12137,4142,13,7
2021-06-02T23:59:59+02:00,19,11,6165,5728,12181,11688,15288,15626,20296,21355,25518,26784,19714,22499,14517,18265,4175,7258,1488,1402,2854,3107,3597,4452,4450,6233,6945,7678,8895,10233,11070,14216,3888,6710,162799,71849,25574,9149,54612,12128,4089,13,7
2021-06-01T23:59:59+02:00,15,11,5709,5232,11440,10990,14463,14896,19583,20687,25108,26400,19624,22408,14483,18218,4167,7250,1376,1294,2555,2840,3219,4117,3963,5774,6119,6877,7711,8615,10826,13870,3874,6693,157760,66457,24920,8249,54585,11609,3406,13,6
2021-05-31T23:59:59+02:00,14,11,5460,4933,10996,10565,13937,14403,19104,20191,24803,26060,19531,22324,14444,18172,4158,7234,1317,1240,2403,2708,3018,3948,3693,5485,5570,6351,6716,7359,10585,13551,3865,6659,154291,62434,24231,7401,54581,11407,3224,13,6
2021-05-30T23:59:59+02:00,14,11,5380,4857,10813,10440,13773,14224,18757,19872,24561,25815,19500,22294,14436,18152,4157,7232,1296,1227,2378,2678,2971,3902,3625,5430,5467,6262,6545,7129,10548,13477,3863,6649,152798,61704,23731,7340,54555,11210,3191,13,6
2021-05-29T23:59:59+02:00,14,11,5378,4857,10813,10436,13769,14221,18757,19871,24560,25813,19500,22294,14436,18152,4157,7232,1295,1225,2377,2677,2969,3899,3625,5428,5466,6260,6541,7125,10548,13477,3863,6649,152782,61694,23731,7339,54554,11198,3191,13,6
2021-05-28T23:59:59+02:00,14,11,5361,4845,10791,10400,13743,14202,18741,19854,24552,25804,19499,22293,14434,18149,4157,7231,1290,1225,2377,2671,2968,3897,3620,5422,5452,6244,6525,7107,10539,13455,3862,6645,152597,61590,23729,7339,54553,11179,3189,13,6
2021-05-27T23:59:59+02:00,11,11,5067,4563,10276,9948,13158,13671,18053,19241,23973,25268,19402,22180,14401,18103,4146,7218,1122,1085,2096,2481,2669,3610,3329,5069,5123,5966,6228,6692,10311,13174,3857,6630,149344,59753,22743,7303,54447,10241,2143,13,6
2021-05-26T23:59:59+02:00,11,11,4804,4303,9839,9568,12639,13153,17441,18633,23339,24590,19277,22031,14355,18048,4140,7201,1042,1003,1940,2327,2470,3413,3067,4824,4734,5619,5675,6045,9943,12643,3841,6594,145239,56619,21991,7267,54326,9475,1817,10,6
2021-05-25T23:59:59+02:00,11,11,4589,4073,9424,9093,12177,12648,16906,18055,22817,23952,19145,21859,14324,17969,4131,7187,991,958,1878,2239,2359,3279,2895,4623,4388,5246,5100,5312,9495,12043,3825,6569,141187,53076,21163,7252,54196,9055,1815,10,6
2021-05-24T23:59:59+02:00,11,11,4475,3914,9213,8891,11975,12390,16607,17734,22491,23554,19070,21780,14309,17949,4129,7186,975,910,1819,2197,2286,3218,2809,4542,4268,5130,4957,5153,9405,11916,3823,6561,139685,52373,20214,7200,54019,8633,1761,10,6
2021-05-23T23:59:59+02:00,11,11,4465,3913,9207,8887,11963,12380,16596,17727,22475,23533,19064,21775,14308,17947,4129,7186,975,907,1817,2193,2283,3216,2803,4539,4261,5114,4950,5139,9398,11903,3822,6560,139576,52302,20212,7187,54018,8628,1761,10,6
2021-05-22T23:59:59+02:00,11,11,4460,3910,9204,8884,11955,12374,16594,17723,22473,23531,19064,21775,14308,17947,4129,7186,975,907,1817,2192,2281,3216,2802,4539,4261,5112,4948,5138,9397,11903,3822,6560,139550,52297,20212,7187,54006,8623,1761,10,6
2021-05-21T23:59:59+02:00,11,11,4427,3871,9136,8809,11883,12285,16503,17648,22409,23463,19044,21757,14304,17940,4129,7184,930,897,1784,2180,2250,3207,2771,4514,4213,5084,4923,5115,9385,11896,3821,6559,138894,52232,20212,7187,53987,8397,1711,10,6
2021-05-20T23:59:59+02:00,8,10,4169,3687,8691,8453,11401,11868,15833,17145,21826,22885,18858,21590,14272,17899,4124,7173,784,832,1528,2021,2007,3051,2528,4296,3966,4853,4767,4956,9272,11753,3814,6534,135489,51501,19838,7092,53568,7380,987,10,6
2021-05-19T23:59:59+02:00,8,10,3922,3442,8193,7986,10822,11321,15161,16444,21150,22161,18658,21360,14231,17849,4118,7156,732,786,1468,1942,1930,2948,2461,4172,3825,4695,4593,4745,9069,11525,3794,6505,130090,50420,19655,6960,53268,6839,969,10,6
2021-05-18T23:59:59+02:00,7,9,3635,3176,7644,7446,10090,10620,14198,15509,20202,21103,18399,21077,14176,17789,4112,7134,676,738,1412,1857,1856,2838,2332,4029,3650,4494,4325,4454,8867,11277,3781,6478,123032,49188,19560,6763,52827,6214,897,10,6
2021-05-17T23:59:59+02:00,7,9,3445,2965,7182,6979,9583,10079,13466,14718,19518,20301,18213,20816,14129,17724,4102,7120,617,684,1331,1794,1782,2756,2223,3954,3513,4382,4078,4224,8724,11065,3769,6449,117783,48392,19321,6550,52361,5520,881,10,6
2021-05-16T23:59:59+02:00,7,8,3317,2892,6975,6801,9380,9865,13213,14483,19292,20073,18135,20736,14115,17705,4101,7114,605,639,1292,1745,1739,2695,2186,3861,3449,4299,3987,4126,8704,11040,3767,6447,116164,48250,19080,6385,52081,5067,877,10,6
2021-05-15T23:59:59+02:00,7,8,3316,2889,6969,6794,9378,9859,13210,14481,19289,20064,18133,20735,14115,17705,4101,7114,605,639,1290,1745,1737,2695,2184,3861,3448,4299,3985,4124,8704,11040,3767,6447,116122,48244,19080,6384,52079,5064,876,10,6
2021-05-14T23:59:59+02:00,7,8,3276,2846,6857,6652,9249,9723,13061,14298,19118,19929,18109,20710,14114,17697,4100,7111,583,627,1269,1726,1709,2675,2150,3835,3404,4263,3935,4070,8697,11033,3767,6446,115719,48206,18333,6237,51999,4939,805,9,6
2021-05-13T23:59:59+02:00,7,8,3153,2682,6534,6333,8813,9325,12518,13818,18514,19333,17978,20566,14081,17661,4095,7109,547,602,1216,1672,1651,2602,2062,3729,3255,4145,3832,3934,8677,11013,3764,6442,112847,48115,17636,5850,51398,4535,639,8,6
2021-05-12T23:59:59+02:00,7,8,3126,2650,6501,6295,8766,9272,12381,13705,18329,19128,17945,20532,14073,17651,4095,7109,546,600,1215,1670,1646,2599,2054,3723,3241,4137,3819,3921,8669,11007,3764,6441,112136,48090,17409,5823,51381,4496,639,8,6
2021-05-11T23:59:59+02:00,5,8,2735,2396,5701,5794,7803,8458,10993,12547,16762,17653,17439,19970,13991,17546,4077,7086,509,540,1084,1562,1483,2443,1865,3543,3017,3872,3712,3807,8600,10915,3760,6436,104742,47861,16788,5629,49311,3538,116,7,6
2021-05-10T23:59:59+02:00,5,7,2549,2227,5229,5414,7106,7832,9960,11633,15471,16283,17061,19520,13928,17432,4070,7062,482,514,1041,1524,1439,2392,1805,3441,2898,3741,3631,3734,8561,10868,3756,6432,98929,47746,15889,5401,47849,2994,115,7,5
2021-05-09T23:59:59+02:00,5,7,2465,2197,5092,5331,6920,7713,9554,11295,14926,15756,16943,19382,13908,17404,4067,7057,466,496,1007,1467,1367,2308,1747,3318,2786,3585,3547,3640,8536,10836,3753,6429,97358,47662,15308,5119,47236,2391,113,7,5
2021-05-08T23:59:59+02:00,5,7,2461,2196,5091,5331,6920,7711,9550,11292,14925,15755,16943,19382,13908,17404,4067,7057,465,495,1007,1467,1367,2307,1747,3318,2785,3584,3545,3640,8536,10836,3753,6429,97344,47658,15307,5119,47234,2388,113,7,5
2021-05-07T23:59:59+02:00,5,7,2289,2134,4820,5237,6558,7557,9102,11077,14484,15435,16767,19181,13896,17375,4067,7055,453,493,996,1456,1352,2293,1711,3309,2736,3549,3501,3600,8460,10755,3753,6426,96640,47635,14794,4781,45496,2315,109,7,5
2021-05-06T23:59:59+02:00,5,7,2055,2002,4272,4886,5913,7181,8341,10519,13514,14614,16371,18731,13847,17281,4055,7042,422,445,954,1356,1266,2132,1605,3086,2516,3266,3323,3401,8284,10566,3744,6413,94066,47199,13554,4182,42969,1354,41,6,5
2021-05-05T23:59:59+02:00,5,7,1930,1889,3987,4663,5482,6811,7651,9935,12398,13559,15695,17896,13744,17179,4046,7018,411,434,941,1329,1236,2089,1569,3010,2456,3183,3273,3361,8206,10472,3738,6403,89656,47068,12231,4040,41976,974,26,6,5
2021-05-04T23:59:59+02:00,5,7,1844,1804,3720,4428,5074,6453,6991,9361,11182,12319,14777,16769,13634,17042,4042,7004,405,426,922,1309,1210,2045,1551,2975,2411,3129,3228,3314,8117,10361,3732,6389,83849,46935,11593,3842,40996,732,12,6,5
2021-05-03T23:59:59+02:00,4,7,1791,1752,3570,4306,4843,6242,6609,9030,10455,11583,14055,15792,13548,16926,4033,6987,400,417,919,1296,1196,2011,1532,2935,2378,3083,3176,3274,8004,10259,3727,6383,79429,46811,11389,3624,40700,542,10,5,5
2021-05-02T23:59:59+02:00,4,7,1781,1734,3496,4282,4762,6189,6539,8972,10341,11469,13869,15598,13516,16899,4032,6982,398,409,913,1281,1193,1994,1529,2922,2362,3066,3161,3257,7968,10227,3726,6379,78875,46792,11113,3527,40473,457,6,5,5
2021-05-01T23:59:59+02:00,4,7,1779,1734,3495,4281,4762,6188,6536,8971,10336,11465,13866,15598,13515,16898,4032,6979,397,409,913,1281,1193,1993,1529,2922,2362,3066,3161,3257,7968,10227,3726,6378,78849,46789,11113,3527,40473,457,6,5,5
2021-04-30T23:59:59+02:00,4,7,1777,1728,3489,4272,4756,6175,6515,8956,10298,11427,13814,15524,13489,16867,4031,6978,397,407,912,1279,1193,1993,1529,2922,2360,3065,3161,3255,7967,10225,3726,6378,78520,46782,11113,3526,40464,453,5,5,5
2021-04-29T23:59:59+02:00,4,7,1650,1686,3249,4157,4481,6026,6203,8706,9885,11038,13235,14821,13386,16713,4025,6970,389,396,903,1258,1172,1957,1505,2885,2330,3017,3146,3243,7954,10207,3724,6374,75744,46661,10727,3525,39761,266,5,5,5
2021-04-28T23:59:59+02:00,4,7,1522,1639,3073,4057,4244,5848,5846,8435,9299,10549,12362,13640,13231,16504,4016,6956,380,386,887,1246,1156,1928,1471,2841,2260,2948,2993,3111,7842,10091,3717,6363,71257,46248,10540,3114,39426,251,4,5,5
2021-04-27T23:59:59+02:00,4,7,1482,1594,2964,3940,4042,5706,5539,8176,8678,9878,11323,12335,13002,16149,4005,6934,368,372,878,1225,1141,1893,1445,2769,2214,2887,2954,3067,7816,10061,3711,6359,66455,46040,10352,2942,38942,171,4,5,5
2021-04-26T23:59:59+02:00,4,7,1455,1560,2853,3863,3869,5562,5228,7964,8190,9437,10567,11410,12858,15945,3994,6916,367,367,868,1215,1125,1882,1415,2749,2187,2857,2905,3017,7772,10012,3705,6354,63045,45944,10163,2696,38465,150,4,5,5
2021-04-25T23:59:59+02:00,4,7,1444,1554,2786,3833,3774,5502,5093,7917,7995,9330,10371,11175,12821,15891,3993,6911,366,362,859,1208,1107,1868,1400,2730,2165,2830,2864,2984,7723,9964,3704,6349,62542,45865,9960,2487,37890,124,4,5,5
2021-04-24T23:59:59+02:00,4,7,1443,1554,2786,3832,3774,5501,5091,7915,7991,9326,10365,11173,12821,15891,3993,6911,366,362,859,1208,1107,1867,1399,2729,2164,2830,2864,2984,7723,9964,3704,6349,62520,45861,9960,2487,37889,124,4,5,5
2021-04-23T23:59:59+02:00,4,7,1427,1545,2719,3798,3692,5471,4973,7867,7860,9267,10280,11064,12797,15850,3991,6907,366,362,858,1206,1107,1867,1398,2729,2164,2830,2864,2984,7722,9964,3704,6349,62390,45857,9684,2487,37436,123,4,5,5
2021-04-22T23:59:59+02:00,4,7,1384,1516,2613,3731,3534,5367,4742,7715,7509,9031,9714,10372,12531,15552,3985,6884,358,361,849,1195,1095,1855,1378,2702,2130,2804,2814,2931,7630,9858,3693,6333,60780,45453,9027,2418,36375,108,4,5,5
2021-04-21T23:59:59+02:00,4,7,1350,1480,2533,3653,3417,5265,4525,7534,7101,8706,8830,9341,12119,14973,3972,6843,354,359,844,1179,1086,1835,1360,2673,2101,2776,2756,2874,7518,9694,3676,6305,58060,44981,8159,2294,35425,108,4,5,5
2021-04-20T23:59:59+02:00,4,7,1327,1454,2464,3579,3315,5169,4351,7353,6715,8376,7939,8216,11657,14382,3958,6829,349,355,833,1166,1077,1813,1336,2650,2068,2733,2696,2817,7370,9511,3646,6252,55210,44274,7394,2289,34483,103,3,5,5
2021-04-19T23:59:59+02:00,4,7,1311,1439,2426,3541,3254,5102,4246,7251,6475,8144,7308,7444,11405,14027,3948,6811,347,353,829,1157,1071,1801,1313,2637,2035,2708,2644,2774,7255,9347,3623,6213,53267,43725,7024,2276,33844,100,3,5,5
2021-04-18T23:59:59+02:00,4,6,1302,1427,2393,3514,3214,5081,4192,7193,6339,8016,6954,7057,11311,13922,3945,6799,347,352,827,1153,1070,1794,1311,2624,2029,2703,2638,2761,7229,9315,3621,6210,52753,43604,6558,2274,33350,100,3,5,5
2021-04-17T23:59:59+02:00,4,6,1301,1425,2393,3513,3213,5077,4187,7190,6332,8006,6940,7047,11309,13920,3945,6799,347,352,826,1152,1070,1794,1310,2623,2028,2701,2635,2759,7228,9315,3621,6210,52731,43592,6556,2273,33312,100,3,5,5
2021-04-16T23:59:59+02:00,4,6,1298,1424,2383,3507,3205,5070,4167,7172,6281,7973,6864,6962,11298,13906,3943,6797,346,351,822,1149,1068,1794,1307,2622,2025,2701,2634,2752,7225,9313,3620,6210,52674,43569,6320,2268,33258,96,3,5,5
2021-04-15T23:59:59+02:00,2,4,1261,1402,2328,3460,3108,5010,4007,7045,6023,7741,6321,6406,11051,13619,3929,6766,338,349,804,1128,1029,1735,1262,2550,1951,2606,2557,2682,7137,9226,3610,6193,51589,42980,5933,2082,31953,91,3,5,3
2021-04-14T23:59:59+02:00,2,4,1239,1389,2293,3432,3038,4948,3900,6939,5832,7533,5681,5704,10663,13134,3897,6715,330,346,792,1119,1012,1710,1232,2509,1900,2556,2480,2613,6989,9031,3591,6167,50189,42321,5726,1962,30421,91,2,5,3
2021-04-13T23:59:59+02:00,2,4,1225,1380,2261,3402,2983,4885,3790,6857,5584,7312,5149,5158,10322,12721,3874,6687,309,332,774,1091,989,1690,1207,2474,1864,2515,2415,2548,6872,8895,3555,6106,49175,41640,5522,1905,28892,88,2,5,3
2021-04-12T23:59:59+02:00,2,4,1210,1374,2237,3378,2933,4840,3664,6776,5374,7162,4822,4864,10073,12440,3865,6664,293,328,763,1087,973,1673,1193,2451,1815,2467,2339,2488,6758,8754,3540,6084,48710,41069,5324,1857,27641,77,2,5,3
2021-04-11T23:59:59+02:00,2,4,1205,1362,2218,3359,2900,4820,3602,6705,5229,7053,4591,4666,9888,12242,3860,6653,287,326,758,1079,963,1659,1182,2423,1793,2437,2285,2429,6675,8646,3526,6064,48629,40654,5089,1799,26634,76,2,5,3
2021-04-10T23:59:59+02:00,2,4,1205,1361,2216,3355,2898,4816,3597,6702,5219,7042,4586,4657,9880,12229,3860,6652,284,322,743,1072,950,1654,1159,2403,1723,2385,2202,2343,6619,8599,3525,6060,48576,40489,5089,1478,26609,73,2,5,3
2021-04-09T23:59:59+02:00,2,4,1202,1358,2209,3353,2890,4807,3588,6691,5189,7018,4562,4631,9855,12199,3859,6652,275,319,723,1062,936,1633,1127,2356,1632,2310,1984,2075,6466,8442,3504,6027,48503,39643,5084,1152,26475,73,2,5,3
2021-04-08T23:59:59+02:00,2,4,1178,1338,2154,3297,2806,4717,3447,6565,4953,6785,4175,4224,9315,11628,3841,6599,250,299,669,1000,878,1559,1053,2258,1498,2190,1709,1741,6006,7887,3417,5884,48048,37093,4562,1147,24411,55,2,5,3
2021-04-07T23:59:59+02:00,2,4,1168,1324,2123,3281,2764,4679,3358,6503,4792,6651,3883,3924,8754,11078,3824,6568,216,269,609,946,818,1490,994,2198,1393,2091,1569,1567,5412,7194,3327,5732,47842,34625,4090,1144,22742,54,1,5,3
2021-04-06T23:59:59+02:00,2,4,1147,1307,2080,3257,2725,4647,3293,6456,4665,6559,3633,3671,8264,10568,3808,6538,209,264,581,927,794,1442,950,2141,1310,2005,1427,1381,4838,6405,3217,5529,47647,32230,3554,1137,21417,51,1,5,3
2021-04-05T23:59:59+02:00,2,4,1145,1303,2076,3254,2715,4645,3279,6442,4643,6541,3601,3645,8237,10531,3804,6536,206,251,574,911,775,1418,934,2105,1270,1965,1380,1318,4625,6135,3169,5474,47561,31322,3550,1135,21286,51,1,5,3
2021-04-04T23:59:59+02:00,2,4,1145,1303,2076,3253,2715,4644,3279,6442,4642,6540,3597,3643,8235,10529,3804,6536,206,251,573,911,775,1418,934,2105,1270,1964,1380,1318,4624,6135,3169,5474,47555,31319,3550,1135,21278,51,1,5,3
2021-04-03T23:59:59+02:00,2,4,1145,1303,2075,3253,2715,4644,3279,6442,4642,6540,3596,3641,8235,10527,3804,6536,206,251,573,911,775,1418,934,2105,1270,1964,1380,1318,4624,6135,3169,5474,47553,31319,3549,1135,21275,51,1,5,3
2021-04-02T23:59:59+02:00,2,4,1145,1303,2075,3251,2715,4643,3279,6439,4642,6538,3594,3637,8233,10526,3804,6536,206,251,573,911,775,1416,934,2105,1270,1963,1380,1316,4622,6134,3168,5474,47537,31311,3549,1134,21274,51,1,5,3
2021-04-01T23:59:59+02:00,1,4,1132,1266,2010,3129,2608,4446,3132,6192,4485,6301,3550,3601,8136,10421,3794,6520,201,242,569,903,764,1410,924,2091,1247,1947,1359,1289,4384,5816,3050,5309,47176,30329,3544,1130,20002,44,1,5,3
2021-03-31T23:59:59+02:00,1,4,1114,1234,1971,3028,2532,4303,3042,5979,4357,6071,3469,3520,7986,10223,3775,6486,193,239,562,891,760,1392,912,2071,1206,1913,1304,1226,3899,5222,2923,5076,46579,28616,3417,1130,19093,43,1,5,1
2021-03-30T23:59:59+02:00,1,3,1092,1200,1922,2847,2430,4077,2891,5621,4155,5684,3376,3426,7822,10019,3749,6435,189,234,554,879,749,1371,890,2051,1158,1868,1221,1143,3377,4514,2701,4744,45946,26479,3255,1130,17543,34,1,5,1
2021-03-29T23:59:59+02:00,1,3,1076,1156,1861,2712,2345,3916,2752,5367,3993,5410,3280,3328,7662,9791,3720,6388,188,231,548,868,739,1357,873,2027,1123,1839,1147,1058,2800,3837,2522,4450,45307,24457,3028,1126,16420,24,1,5,1
2021-03-28T23:59:59+02:00,1,3,1056,1123,1789,2547,2262,3710,2631,5068,3841,5133,3215,3263,7597,9726,3716,6382,188,231,545,865,738,1354,871,2021,1120,1836,1138,1046,2745,3770,2509,4423,45200,24261,2817,1123,15040,16,1,5,1
2021-03-27T23:59:59+01:00,1,3,1056,1123,1789,2546,2261,3709,2628,5068,3838,5133,3211,3263,7596,9726,3716,6382,188,231,544,865,738,1354,870,2021,1118,1836,1138,1046,2745,3770,2509,4423,45191,24257,2817,1123,15035,16,1,5,1
2021-03-26T23:59:59+01:00,1,3,1053,1101,1746,2431,2197,3551,2568,4857,3752,4910,3190,3246,7593,9721,3715,6381,188,230,543,865,737,1354,870,2021,1118,1833,1134,1045,2742,3762,2508,4420,45165,24233,2816,1123,14029,14,1,5,1
2021-03-25T23:59:59+01:00,1,3,1027,1070,1695,2328,2114,3383,2462,4630,3641,4713,3089,3156,7466,9590,3708,6367,186,227,538,864,730,1344,864,2004,1103,1809,1089,1001,2517,3416,2311,4129,44906,22995,2484,1123,13048,14,1,4,1
2021-03-24T23:59:59+01:00,1,3,1005,1052,1675,2286,2083,3332,2428,4563,3597,4644,3002,3087,7338,9419,3691,6348,186,223,532,861,723,1334,853,1989,1084,1788,1049,959,2133,2874,1923,3620,44372,20996,2355,1121,12822,14,1,4,1
2021-03-23T23:59:59+01:00,1,3,995,1046,1656,2254,2060,3298,2392,4520,3557,4593,2935,3014,7246,9320,3673,6320,184,220,528,856,716,1323,839,1970,1048,1758,968,869,1772,2385,1581,3157,43861,19074,2345,1087,12673,13,1,3,1
2021-03-22T23:59:59+01:00,1,3,992,1039,1641,2239,2046,3280,2370,4492,3520,4552,2890,2980,7184,9250,3658,6303,181,217,527,846,700,1300,825,1956,1019,1731,922,798,1303,1812,1236,2677,43526,17004,2325,1033,12585,13,1,3,1
2021-03-21T23:59:59+01:00,1,3,992,1039,1640,2236,2046,3279,2367,4488,3509,4545,2877,2972,7136,9194,3652,6297,181,214,526,844,699,1296,823,1952,1008,1726,899,779,1227,1727,1183,2608,43381,16703,2322,976,12566,13,1,3,1
2021-03-20T23:59:59+01:00,1,3,991,1038,1639,2236,2046,3279,2367,4488,3507,4543,2877,2971,7136,9193,3652,6297,181,214,526,844,699,1296,823,1952,996,1713,864,751,1196,1704,1175,2606,43381,16701,2318,826,12561,13,1,3,1
2021-03-19T23:59:59+01:00,1,3,990,1030,1632,2224,2035,3275,2365,4481,3500,4535,2867,2960,7123,9176,3651,6294,181,213,525,844,699,1294,823,1951,989,1708,820,714,1139,1654,1165,2596,43318,16659,2313,643,12507,13,1,3,1
2021-03-18T23:59:59+01:00,1,3,951,998,1558,2113,1911,3108,2217,4235,3272,4284,2715,2802,6821,8811,3585,6195,180,212,520,839,692,1287,814,1940,967,1692,802,692,1064,1548,1025,2397,41923,16092,2004,566,11649,13,1,3,1
2021-03-17T23:59:59+01:00,1,3,897,965,1488,2056,1848,3042,2152,4173,3177,4188,2580,2670,6396,8321,3521,6081,179,210,517,834,690,1283,810,1935,962,1685,773,673,930,1395,869,2185,40158,15352,2001,565,11396,13,1,3,1
2021-03-16T23:59:59+01:00,1,3,872,942,1455,2017,1809,2993,2099,4118,3083,4090,2446,2511,5926,7676,3433,5931,173,207,512,833,686,1276,805,1926,954,1672,768,660,843,1269,727,2022,38176,14753,1942,565,11283,13,1,3,1
2021-03-15T23:59:59+01:00,1,3,855,935,1437,1995,1771,2938,2061,4046,2983,3981,2314,2341,5444,7134,3361,5818,172,206,512,826,684,1267,801,1916,944,1656,757,650,773,1158,579,1825,36412,14185,1846,527,11157,13,0,3,1
2021-03-14T23:59:59+01:00,1,3,850,921,1412,1966,1747,2909,2031,3986,2922,3915,2137,2148,5259,6908,3329,5787,172,206,511,823,682,1256,800,1909,941,1646,740,641,757,1139,555,1770,35394,14041,1749,502,11085,4,0,3,1
2021-03-13T23:59:59+01:00,1,3,842,914,1391,1955,1731,2896,2006,3958,2850,3867,2068,2074,5212,6855,3327,5786,172,206,511,823,682,1256,800,1909,941,1646,738,640,757,1136,554,1770,35144,14034,1510,502,11079,4,0,3,1
2021-03-12T23:59:59+01:00,1,3,818,899,1347,1898,1669,2797,1909,3806,2693,3701,1871,1837,5029,6633,3297,5743,172,206,510,823,682,1256,799,1909,941,1645,731,637,744,1121,547,1767,33821,13984,1270,501,10857,4,0,3,1
2021-03-11T23:59:59+01:00,1,3,783,840,1278,1816,1586,2650,1826,3604,2530,3529,1608,1529,4663,6164,3164,5561,163,200,504,814,672,1247,785,1874,920,1605,604,576,676,1080,527,1736,31714,13488,1175,491,10243,3,0,3,1
2021-03-10T23:59:59+01:00,1,3,767,789,1255,1759,1553,2592,1776,3535,2449,3439,1540,1440,4195,5626,3046,5311,163,198,495,792,654,1234,777,1854,913,1589,535,562,643,1071,520,1730,29910,13338,1170,388,9993,3,0,3,1
2021-03-09T23:59:59+01:00,1,3,755,767,1235,1729,1525,2546,1736,3484,2376,3387,1449,1344,3635,4878,2862,5006,161,197,490,771,644,1210,763,1822,901,1561,531,560,641,1066,517,1724,27751,13279,1168,276,9796,3,0,3,1
2021-03-08T23:59:59+01:00,0,3,751,740,1222,1710,1509,2526,1710,3448,2338,3344,1357,1244,2967,4051,2626,4636,157,194,476,747,622,1177,744,1772,877,1524,527,558,641,1065,517,1724,25306,13271,1168,49,9705,1,0,3,1
2021-03-07T23:59:59+01:00,0,3,748,736,1214,1701,1501,2512,1702,3440,2327,3336,1344,1228,2867,3931,2604,4586,157,194,476,747,622,1177,744,1772,877,1524,527,558,640,1065,517,1724,24957,13271,1166,49,9654,0,0,3,1
2021-03-06T23:59:59+01:00,0,3,747,736,1213,1698,1498,2509,1698,3437,2324,3335,1341,1228,2867,3931,2604,4586,156,194,476,747,622,1177,744,1772,877,1524,527,558,640,1065,517,1724,24953,13270,1166,49,9633,0,0,3,1
2021-03-05T23:59:59+01:00,0,3,683,710,1187,1684,1477,2500,1673,3422,2295,3326,1336,1226,2859,3923,2601,4581,156,194,476,746,622,1176,744,1772,877,1522,526,558,640,1065,517,1724,24923,13265,1162,49,9398,0,0,3,1
2021-03-04T23:59:59+01:00,0,3,617,661,1120,1615,1420,2418,1633,3343,2221,3249,1286,1178,2643,3559,2418,4294,154,189,473,732,610,1164,733,1744,868,1509,516,547,628,1055,512,1715,23706,13100,1155,48,8814,0,0,3,1
2021-03-03T23:59:59+01:00,0,3,581,622,1052,1551,1323,2336,1533,3257,2096,3165,1242,1133,2276,3039,2065,3850,154,189,471,729,610,1164,732,1742,866,1507,514,546,626,1052,512,1713,21851,13079,1154,47,8118,0,0,1,1
2021-03-02T23:59:59+01:00,0,3,563,589,1015,1505,1267,2294,1476,3205,2000,3104,1159,1033,1910,2560,1677,3328,152,187,466,723,605,1153,722,1732,861,1487,505,537,615,1031,493,1683,19789,12904,1151,47,7747,0,0,1,1
2021-03-01T23:59:59+01:00,0,3,556,541,997,1466,1221,2234,1430,3140,1945,3030,1115,959,1418,1965,1302,2792,150,187,466,723,605,1152,722,1729,860,1487,503,537,612,1022,489,1672,17526,12868,1148,47,7439,0,0,1,1
2021-02-28T23:59:59+01:00,0,3,549,528,980,1427,1195,2173,1402,3082,1890,2957,1094,937,1304,1824,1230,2703,150,187,465,722,605,1152,721,1727,859,1486,501,537,612,1022,489,1672,17048,12859,1146,47,7083,0,0,1,1
2021-02-27T23:59:59+01:00,0,3,549,526,979,1427,1195,2171,1402,3081,1890,2956,1094,937,1304,1823,1229,2703,150,187,464,721,602,1150,719,1725,857,1485,501,537,612,1022,489,1672,17046,12859,1146,33,7076,0,0,1,1
2021-02-26T23:59:59+01:00,0,3,400,475,849,1383,1111,2128,1335,3040,1831,2914,1089,930,1301,1822,1229,2702,150,187,464,721,602,1150,719,1724,857,1484,501,537,612,1022,489,1672,17036,12858,1146,32,6359,0,0,1,1
2021-02-25T23:59:59+01:00,0,3,308,420,754,1290,1027,2039,1236,2866,1693,2752,1051,898,1220,1698,1116,2514,143,177,452,708,586,1125,712,1699,837,1460,489,523,584,991,475,1653,16448,12591,1146,22,5290,0,0,1,1
2021-02-24T23:59:59+01:00,0,2,259,375,682,1215,953,1951,1182,2749,1628,2635,1024,878,1097,1553,960,2301,141,177,449,705,582,1124,711,1693,836,1456,484,518,576,986,472,1641,15744,12531,1144,19,4555,0,0,1,1
2021-02-23T23:59:59+01:00,0,2,247,354,660,1157,925,1872,1134,2637,1553,2527,1000,850,1020,1425,823,2143,141,176,449,703,582,1124,711,1690,834,1455,483,516,574,985,472,1640,15195,12520,1113,14,4020,0,0,1,1
2021-02-22T23:59:59+01:00,0,0,233,335,637,1127,893,1789,1084,2545,1469,2404,955,821,902,1282,642,1891,141,176,448,702,580,1123,709,1690,828,1453,482,515,573,983,471,1638,14455,12508,1044,3,3509,0,0,1,1
2021-02-21T23:59:59+01:00,0,0,227,324,603,1062,843,1683,1041,2444,1390,2297,938,800,871,1231,590,1827,141,175,445,695,579,1119,709,1685,828,1452,481,515,572,983,470,1637,14249,12482,1004,3,2917,0,0,1,1
2021-02-20T23:59:59+01:00,0,0,227,321,600,1061,841,1679,1038,2439,1377,2280,902,771,840,1208,582,1825,141,175,445,695,579,1119,709,1685,828,1452,481,514,571,983,470,1637,14249,12481,850,3,2891,0,0,1,0
2021-02-19T23:59:59+01:00,0,0,217,313,590,1053,828,1664,1017,2422,1344,2237,659,669,703,1146,557,1808,141,175,445,694,579,1116,708,1683,825,1449,481,514,571,982,469,1637,13773,12466,670,3,2783,0,0,1,0
2021-02-18T23:59:59+01:00,0,0,200,263,551,932,744,1437,887,2163,1096,1862,579,601,665,1106,538,1791,136,175,432,682,564,1099,702,1657,809,1421,478,511,570,980,469,1637,13617,12319,574,3,1223,0,0,1,0
2021-02-17T23:59:59+01:00,0,0,195,225,531,884,708,1340,829,1996,1011,1730,557,581,665,1103,536,1788,129,173,421,672,556,1083,683,1626,796,1399,475,509,568,977,469,1636,13601,12169,574,3,503,0,0,1,0
2021-02-16T23:59:59+01:00,0,0,189,222,524,869,692,1309,810,1957,978,1690,545,576,659,1101,535,1786,124,168,407,666,545,1067,671,1608,787,1385,468,504,561,964,463,1609,13573,11995,574,2,294,0,0,1,0
2021-02-15T23:59:59+01:00,0,0,174,213,518,842,686,1275,796,1922,949,1643,544,573,658,1101,535,1786,121,167,400,657,535,1048,642,1581,773,1367,466,502,561,964,463,1609,13571,11854,535,2,108,0,0,1,0
2021-02-14T23:59:59+01:00,0,0,169,205,515,830,685,1266,793,1913,931,1634,543,572,658,1098,534,1786,114,164,389,646,518,1030,624,1567,766,1355,466,500,559,962,463,1609,13565,11730,533,2,33,0,0,1,0
2021-02-13T23:59:59+01:00,0,0,168,205,514,830,685,1266,793,1913,931,1634,543,572,658,1098,534,1786,114,164,388,645,518,1030,624,1567,766,1355,466,500,559,962,463,1609,13564,11728,533,2,32,0,0,1,0
2021-02-12T23:59:59+01:00,0,0,167,204,510,829,684,1263,789,1912,929,1631,542,572,658,1098,534,1786,110,162,386,639,514,1024,610,1553,762,1338,464,499,548,942,460,1584,13557,11593,532,2,18,0,0,1,0
2021-02-11T23:59:59+01:00,0,0,165,203,506,822,677,1259,787,1908,923,1629,537,566,651,1092,529,1780,90,126,357,568,468,945,559,1436,718,1244,439,454,507,888,419,1491,13505,10708,520,1,8,0,0,1,0
2021-02-10T23:59:59+01:00,0,0,162,201,496,805,661,1244,775,1881,908,1605,529,560,641,1080,524,1770,80,115,329,509,441,838,517,1261,644,1089,391,404,441,776,373,1336,13382,9543,458,1,1,0,0,1,0
2021-02-09T23:59:59+01:00,0,0,161,195,488,766,645,1205,755,1820,897,1563,517,549,635,1066,516,1754,75,99,310,443,406,754,477,1157,579,989,361,351,402,691,343,1223,13274,8660,257,0,0,0,0,1,0
2021-02-08T23:59:59+01:00,0,0,157,191,471,741,622,1170,735,1770,877,1519,511,548,633,1060,512,1741,62,73,265,374,358,618,417,928,506,811,304,296,339,543,288,1032,13207,7214,50,0,0,0,0,1,0
2021-02-07T23:59:59+01:00,0,0,157,190,470,740,620,1169,734,1762,875,1517,510,548,633,1060,512,1740,61,65,247,339,339,574,401,896,487,778,303,288,337,536,286,1029,13186,6966,50,0,0,0,0,1,0
2021-02-06T23:59:59+01:00,0,0,157,190,470,740,620,1169,734,1762,875,1517,510,548,633,1060,512,1740,61,65,247,339,339,574,401,895,485,776,303,287,336,534,285,1029,13186,6956,50,0,0,0,0,1,0
2021-02-05T23:59:59+01:00,0,0,157,190,470,740,620,1169,734,1762,875,1516,510,548,633,1060,512,1740,59,65,245,337,333,570,393,873,476,756,293,282,326,512,270,993,13185,6783,50,0,0,0,0,1,0
2021-02-04T23:59:59+01:00,0,0,151,185,466,731,613,1161,730,1748,869,1507,503,541,612,1035,503,1722,43,50,211,306,292,474,352,732,384,610,229,215,243,352,201,735,13027,5429,49,0,0,0,0,1,0
2021-02-03T23:59:59+01:00,0,0,149,185,460,725,605,1152,726,1737,860,1491,494,533,599,1022,495,1714,35,32,155,216,238,348,264,559,309,462,180,169,171,264,153,555,12898,4110,48,0,0,0,0,1,0
2021-02-02T23:59:59+01:00,0,0,149,183,458,724,605,1152,723,1731,853,1487,493,532,595,1019,494,1710,26,26,136,169,193,279,220,426,258,373,140,130,129,199,119,437,12859,3260,48,0,0,0,0,1,0
2021-02-01T23:59:59+01:00,0,0,147,183,457,723,600,1149,722,1722,851,1482,492,530,590,1016,493,1705,21,19,99,125,137,188,153,300,169,259,89,93,87,126,65,238,12813,2168,48,0,0,0,0,1,0
2021-01-31T23:59:59+01:00,0,0,147,183,457,720,597,1148,722,1718,851,1481,490,529,589,1014,493,1704,15,15,66,84,95,123,116,223,142,203,84,87,83,118,63,224,12795,1741,48,0,0,0,0,0,0
2021-01-30T23:59:59+01:00,0,0,147,183,456,720,595,1146,721,1717,851,1481,490,529,588,1014,493,1704,15,15,66,84,95,121,114,219,139,200,83,86,83,112,57,214,12794,1703,41,0,0,0,0,0,0
2021-01-29T23:59:59+01:00,0,0,147,183,456,718,594,1143,719,1715,849,1480,490,529,588,1014,493,1704,13,15,55,79,78,117,97,208,116,188,78,79,82,108,56,213,12789,1582,33,0,0,0,0,0,0
2021-01-28T23:59:59+01:00,0,0,140,179,443,701,577,1118,713,1688,826,1451,483,523,585,1011,490,1701,8,3,12,19,24,45,30,96,48,89,45,50,54,78,41,158,12604,800,25,0,0,0,0,0,0
2021-01-27T23:59:59+01:00,0,0,133,177,432,691,569,1109,697,1654,819,1428,480,521,581,1006,490,1696,4,1,4,11,10,23,13,40,23,31,12,17,24,31,18,48,12460,310,23,0,0,0,0,0,0
2021-01-26T23:59:59+01:00,0,0,127,173,418,678,556,1095,688,1631,808,1407,474,516,575,989,484,1662,4,1,4,10,7,21,11,37,17,28,12,15,23,30,18,47,12267,285,14,0,0,0,0,0,0
2021-01-25T23:59:59+01:00,0,0,124,171,409,666,545,1075,660,1603,790,1390,472,513,573,988,484,1662,3,1,3,9,7,16,6,28,12,22,9,6,13,19,9,29,12122,192,3,0,0,0,0,0,0
2021-01-24T23:59:59+01:00,0,0,117,168,399,656,531,1057,643,1590,777,1379,471,510,572,988,484,1662,2,0,1,6,7,4,4,7,5,9,1,2,11,12,6,16,12001,93,3,0,0,0,0,0,0
2021-01-23T23:59:59+01:00,0,0,117,168,399,655,531,1057,643,1590,777,1379,471,510,572,988,484,1662,1,0,1,6,7,4,4,7,5,9,1,2,11,12,6,16,12000,92,3,0,0,0,0,0,0
2021-01-22T23:59:59+01:00,0,0,113,166,393,649,528,1051,629,1576,771,1362,471,507,561,967,479,1636,1,0,1,6,7,4,4,7,5,9,1,2,11,12,6,16,11856,92,3,0,0,0,0,0,0
2021-01-21T23:59:59+01:00,0,0,101,158,378,631,505,1018,599,1527,748,1320,455,469,528,923,446,1571,1,0,1,6,7,4,4,7,5,9,1,2,11,12,6,16,11374,92,3,0,0,0,0,0,0
2021-01-20T23:59:59+01:00,0,0,82,116,344,542,461,878,541,1293,660,1134,397,410,445,788,387,1359,1,0,1,5,7,4,4,7,5,9,1,2,11,12,6,16,9834,91,3,0,0,0,0,0,0
2021-01-19T23:59:59+01:00,0,0,77,104,315,466,421,789,501,1179,608,1031,374,373,410,710,358,1269,1,0,1,3,7,4,4,7,5,9,1,0,8,8,5,15,8982,78,3,0,0,0,0,0,0
2021-01-18T23:59:59+01:00,0,0,63,74,270,379,366,639,427,947,515,834,308,306,345,562,305,1081,1,0,1,3,7,4,4,7,5,9,1,0,8,8,5,15,7419,78,2,0,0,0,0,0,0
2021-01-17T23:59:59+01:00,0,0,61,65,251,344,344,587,408,905,492,796,305,297,344,555,303,1073,0,0,0,0,0,0,0,0,0,0,0,0,0,0,0,0,7128,0,2,0,0,0,0,0,0
2021-01-16T23:59:59+01:00,0,0,61,65,251,344,344,587,408,904,490,794,305,296,342,551,302,1073,0,0,0,0,0,0,0,0,0,0,0,0,0,0,0,0,7115,0,2,0,0,0,0,0,0
2021-01-15T23:59:59+01:00,0,0,59,65,250,341,338,581,397,881,479,769,291,290,325,524,281,1035,0,0,0,0,0,0,0,0,0,0,0,0,0,0,0,0,6904,0,2,0,0,0,0,0,0
2021-01-14T23:59:59+01:00,0,0,45,52,236,320,314,506,363,756,392,624,228,218,242,353,205,752,0,0,0,0,0,0,0,0,0,0,0,0,0,0,0,0,5606,0,0,0,0,0,0,0,0
2021-01-13T23:59:59+01:00,0,0,39,42,211,264,272,408,299,608,321,500,177,175,174,269,163,588,0,0,0,0,0,0,0,0,0,0,0,0,0,0,0,0,4510,0,0,0,0,0,0,0,0
2021-01-12T23:59:59+01:00,0,0,35,40,206,249,258,376,276,531,290,456,141,134,135,206,127,458,0,0,0,0,0,0,0,0,0,0,0,0,0,0,0,0,3918,0,0,0,0,0,0,0,0
2021-01-11T23:59:59+01:00,0,0,29,36,195,229,239,324,228,444,240,382,110,105,101,133,75,291,0,0,0,0,0,0,0,0,0,0,0,0,0,0,0,0,3161,0,0,0,0,0,0,0,0
2021-01-10T23:59:59+01:00,0,0,27,31,157,167,196,250,190,348,198,305,98,99,98,128,73,277,0,0,0,0,0,0,0,0,0,0,0,0,0,0,0,0,2642,0,0,0,0,0,0,0,0
2021-01-09T23:59:59+01:00,0,0,27,31,150,163,194,242,186,341,196,300,98,99,98,128,73,277,0,0,0,0,0,0,0,0,0,0,0,0,0,0,0,0,2603,0,0,0,0,0,0,0,0
2021-01-08T23:59:59+01:00,0,0,24,28,121,140,173,229,162,312,168,279,93,89,97,124,72,276,0,0,0,0,0,0,0,0,0,0,0,0,0,0,0,0,2387,0,0,0,0,0,0,0,0
2021-01-07T23:59:59+01:00,0,0,9,3,16,24,31,55,37,104,61,112,48,51,60,84,46,187,0,0,0,0,0,0,0,0,0,0,0,0,0,0,0,0,928,0,0,0,0,0,0,0,0
2021-01-06T23:59:59+01:00,0,0,4,1,5,11,9,22,13,39,20,31,13,14,25,35,20,55,0,0,0,0,0,0,0,0,0,0,0,0,0,0,0,0,317,0,0,0,0,0,0,0,0
2021-01-05T23:59:59+01:00,0,0,3,1,4,9,8,18,10,31,15,26,10,14,22,30,19,49,0,0,0,0,0,0,0,0,0,0,0,0,0,0,0,0,269,0,0,0,0,0,0,0,0
2021-01-04T23:59:59+01:00,0,0,2,1,2,7,8,10,4,15,8,16,5,3,11,16,8,26,0,0,0,0,0,0,0,0,0,0,0,0,0,0,0,0,142,0,0,0,0,0,0,0,0
2021-01-03T23:59:59+01:00,0,0,2,0,1,6,8,4,4,7,5,9,1,2,11,12,7,16,0,0,0,0,0,0,0,0,0,0,0,0,0,0,0,0,95,0,0,0,0,0,0,0,0
2021-01-02T23:59:59+01:00,0,0,2,0,1,6,8,4,4,7,5,9,1,2,11,12,7,16,0,0,0,0,0,0,0,0,0,0,0,0,0,0,0,0,95,0,0,0,0,0,0,0,0
2021-01-01T23:59:59+01:00,0,0,1,0,1,6,8,4,4,7,5,9,1,2,11,12,7,16,0,0,0,0,0,0,0,0,0,0,0,0,0,0,0,0,94,0,0,0,0,0,0,0,0
2020-12-31T23:59:59+01:00,0,0,1,0,1,5,8,4,4,7,5,9,1,2,11,12,7,16,0,0,0,0,0,0,0,0,0,0,0,0,0,0,0,0,93,0,0,0,0,0,0,0,0
2020-12-30T23:59:59+01:00,0,0,1,0,1,5,8,4,4,7,5,9,1,2,11,12,7,16,0,0,0,0,0,0,0,0,0,0,0,0,0,0,0,0,93,0,0,0,0,0,0,0,0
2020-12-29T23:59:59+01:00,0,0,1,0,1,3,8,4,4,7,5,9,1,0,8,8,6,15,0,0,0,0,0,0,0,0,0,0,0,0,0,0,0,0,80,0,0,0,0,0,0,0,0
2020-12-28T23:59:59+01:00,0,0,1,0,1,3,8,4,4,7,5,9,1,0,8,8,6,15,0,0,0,0,0,0,0,0,0,0,0,0,0,0,0,0,80,0,0,0,0,0,0,0,0
2020-12-27T23:59:59+01:00,0,0,1,0,1,3,8,4,4,7,5,9,1,0,8,8,6,15,0,0,0,0,0,0,0,0,0,0,0,0,0,0,0,0,80,0,0,0,0,0,0,0,0
