Datum,<15_1_m,<15_1_w,15-24_1_m,15-24_1_w,25-34_1_m,25-34_1_w,35-44_1_m,35-44_1_w,45-54_1_m,45-54_1_w,55-64_1_m,55-64_1_w,65-74_1_m,65-74_1_w,75-84_1_m,75-84_1_w,>84_1_m,>84_1_w,<15_2_m,<15_2_w,15-24_2_m,15-24_2_w,25-34_2_m,25-34_2_w,35-44_2_m,35-44_2_w,45-54_2_m,45-54_2_w,55-64_2_m,55-64_2_w,65-74_2_m,65-74_2_w,75-84_2_m,75-84_2_w,>84_2_m,>84_2_w,bp_1,bp_2,mo_1,mo_2,az_1,az_2,ja,unb_1,unb_2
2021-11-05T23:59:59+01:00,2643,2510,18550,17057,23863,21888,25331,24701,28757,29263,31367,32250,21816,24899,15576,19597,4544,7925,2101,1975,16524,15322,21823,20086,23601,23022,27092,27621,30056,30915,21170,24188,15158,18982,4379,7621,246392,229608,33027,31816,55069,52144,18025,33,43
2021-11-04T23:59:59+01:00,2602,2474,18483,16986,23773,21807,25270,24649,28695,29221,31331,32214,21801,24884,15567,19588,4542,7923,2072,1953,16470,15280,21783,20053,23569,22995,27069,27598,30036,30896,21166,24179,15153,18972,4378,7619,245683,229250,33019,31803,55069,52130,18015,33,43
2021-11-03T23:59:59+01:00,2568,2449,18350,16869,23627,21685,25174,24561,28621,29164,31285,32162,21781,24872,15561,19582,4542,7921,2045,1930,16399,15214,21729,19987,23529,22957,27027,27564,30011,30869,21150,24156,15142,18961,4376,7612,244674,228690,32997,31787,55069,52128,18010,33,43
2021-11-02T23:59:59+01:00,2540,2426,18220,16787,23486,21587,25088,24495,28549,29109,31238,32128,21772,24854,15555,19573,4541,7912,2030,1910,16341,15178,21692,19940,23493,22919,26999,27538,29989,30848,21143,24145,15134,18958,4375,7609,243775,228290,32993,31781,55069,52128,17999,33,43
2021-11-01T23:59:59+01:00,2519,2408,18139,16716,23404,21533,25034,24452,28502,29071,31212,32103,21758,24846,15552,19572,4541,7912,2016,1896,16306,15125,21654,19902,23469,22888,26969,27502,29972,30829,21135,24140,15133,18948,4375,7607,243198,227931,32989,31770,55069,52128,17994,33,43
2021-10-31T23:59:59+01:00,2519,2408,18139,16716,23403,21531,25033,24452,28502,29071,31212,32103,21758,24846,15552,19572,4541,7912,2015,1895,16306,15125,21654,19902,23469,22888,26969,27502,29972,30829,21135,24140,15133,18948,4375,7607,243194,227929,32989,31770,55069,52128,17994,33,43
2021-10-30T23:59:59+02:00,2519,2408,18139,16716,23402,21531,25033,24452,28502,29071,31212,32103,21758,24846,15552,19572,4541,7912,2015,1895,16306,15125,21654,19902,23469,22888,26969,27502,29972,30829,21135,24140,15133,18948,4375,7607,243193,227929,32989,31770,55069,52128,17994,33,43
2021-10-29T23:59:59+02:00,2507,2394,18075,16675,23333,21493,24957,24409,28440,29034,31187,32084,21754,24837,15546,19567,4540,7911,2010,1890,16292,15113,21640,19888,23459,22874,26958,27489,29964,30826,21133,24138,15133,18947,4375,7607,242710,227807,32948,31766,55069,52128,17992,33,43
2021-10-28T23:59:59+02:00,2484,2370,17997,16612,23256,21437,24911,24359,28403,28996,31155,32055,21747,24829,15540,19558,4539,7908,1980,1871,16236,15064,21606,19843,23429,22842,26933,27467,29942,30801,21123,24130,15131,18944,4375,7602,242161,227416,32918,31751,55069,52125,17984,33,43
2021-10-27T23:59:59+02:00,2450,2334,17884,16531,23104,21339,24806,24274,28305,28938,31109,32023,21738,24807,15533,19549,4539,7907,1957,1842,16166,15016,21559,19783,23397,22804,26900,27430,29917,30777,21112,24117,15124,18934,4374,7598,241222,226939,32878,31727,55069,52121,17977,33,43
2021-10-26T23:59:59+02:00,2425,2310,17826,16485,23061,21292,24762,24237,28260,28895,31082,32006,21736,24797,15530,19547,4539,7904,1939,1819,16126,14971,21528,19752,23365,22774,26889,27410,29904,30766,21105,24117,15122,18932,4374,7598,240760,226636,32877,31727,55069,52121,17964,33,43
2021-10-25T23:59:59+02:00,2424,2306,17825,16481,23059,21290,24760,24234,28259,28893,31081,32006,21736,24797,15530,19547,4539,7904,1939,1818,16126,14970,21528,19751,23363,22773,26889,27410,29904,30766,21105,24117,15122,18932,4374,7598,240738,226631,32877,31727,55069,52121,17963,33,43
2021-10-24T23:59:59+02:00,2415,2297,17807,16456,23042,21271,24734,24218,28250,28887,31074,32001,21734,24795,15528,19546,4539,7904,1929,1801,16107,14934,21505,19728,23349,22745,26878,27399,29894,30759,21102,24112,15120,18926,4374,7598,240581,226422,32863,31713,55069,52121,17961,33,43
2021-10-23T23:59:59+02:00,2415,2297,17806,16456,23040,21271,24734,24218,28249,28887,31074,32001,21734,24795,15528,19546,4539,7904,1929,1801,16107,14934,21503,19728,23349,22745,26878,27399,29894,30759,21102,24112,15120,18926,4374,7598,240578,226421,32863,31713,55069,52121,17960,33,43
2021-10-22T23:59:59+02:00,2394,2280,17745,16416,22992,21226,24684,24166,28217,28858,31041,31981,21728,24786,15523,19544,4538,7902,1922,1794,16089,14923,21493,19720,23333,22728,26871,27395,29885,30753,21100,24110,15120,18926,4374,7598,240124,226314,32855,31711,55069,52117,17949,33,43
2021-10-21T23:59:59+02:00,2379,2254,17701,16371,22940,21177,24648,24131,28171,28831,31024,31959,21721,24781,15520,19540,4537,7894,1876,1756,16027,14845,21448,19660,23296,22681,26832,27357,29871,30732,21093,24098,15111,18908,4372,7593,239721,225796,32829,31664,55069,52117,17936,33,43
2021-10-20T23:59:59+02:00,2348,2212,17623,16309,22849,21112,24572,24089,28132,28783,30990,31932,21709,24772,15516,19531,4535,7892,1821,1713,15942,14774,21398,19593,23236,22635,26790,27302,29842,30703,21072,24086,15104,18890,4366,7590,239079,225135,32809,31640,55069,52114,17925,33,43
2021-10-19T23:59:59+02:00,2327,2198,17589,16283,22830,21097,24559,24073,28119,28771,30982,31912,21702,24761,15514,19523,4534,7891,1790,1674,15883,14725,21356,19546,23215,22610,26769,27283,29822,30684,21063,24072,15099,18884,4366,7587,238842,224711,32809,31640,55069,52113,17921,33,43
2021-10-18T23:59:59+02:00,2314,2188,17569,16262,22814,21072,24540,24055,28107,28761,30969,31900,21696,24759,15512,19516,4532,7888,1766,1651,15841,14677,21337,19522,23192,22581,26748,27257,29802,30669,21057,24067,15095,18878,4365,7586,238632,224375,32809,31640,55069,52113,17920,33,43
2021-10-17T23:59:59+02:00,2305,2182,17544,16228,22785,21043,24521,24041,28090,28752,30959,31892,21688,24755,15511,19513,4532,7886,1748,1622,15799,14630,21308,19479,23171,22554,26729,27236,29788,30665,21051,24058,15095,18873,4363,7584,238415,224061,32803,31620,55069,52113,17916,33,43
2021-10-16T23:59:59+02:00,2305,2182,17543,16228,22785,21043,24521,24041,28090,28752,30959,31892,21688,24755,15511,19513,4532,7886,1748,1622,15799,14630,21308,19478,23171,22554,26729,27236,29788,30665,21051,24058,15095,18873,4363,7584,238414,224060,32803,31620,55069,52113,17916,33,43
2021-10-15T23:59:59+02:00,2295,2172,17518,16212,22767,21028,24496,24023,28074,28737,30953,31888,21682,24748,15511,19513,4532,7885,1740,1607,15786,14613,21296,19467,23162,22547,26726,27229,29783,30660,21048,24056,15094,18873,4363,7584,238237,223944,32790,31620,55069,52113,17914,33,43
2021-10-14T23:59:59+02:00,2285,2154,17476,16177,22733,20995,24473,24001,28056,28718,30942,31875,21676,24745,15508,19510,4531,7882,1719,1581,15724,14561,21267,19422,23126,22509,26708,27193,29761,30637,21037,24048,15089,18863,4361,7582,237946,223537,32789,31606,55069,52094,17908,33,43
2021-10-13T23:59:59+02:00,2255,2134,17395,16103,22671,20932,24428,23958,28019,28673,30913,31845,21663,24735,15502,19505,4530,7878,1681,1550,15624,14470,21215,19371,23084,22472,26667,27153,29732,30609,21030,24030,15087,18848,4361,7578,237432,222997,32764,31579,55069,52094,17849,33,43
2021-10-12T23:59:59+02:00,2245,2115,17354,16059,22648,20904,24402,23930,28003,28652,30900,31825,21659,24730,15498,19497,4529,7876,1658,1530,15572,14409,21197,19337,23059,22451,26643,27128,29709,30588,21022,24021,15085,18845,4359,7577,237122,222641,32763,31568,55068,52090,17848,33,43
2021-10-11T23:59:59+02:00,2234,2103,17325,16028,22633,20883,24387,23909,27984,28633,30886,31815,21654,24722,15496,19492,4526,7871,1640,1519,15529,14373,21158,19283,23036,22413,26617,27088,29680,30572,21011,24011,15079,18838,4355,7574,236881,222231,32763,31568,55068,52090,17844,33,43
2021-10-10T23:59:59+02:00,2230,2095,17309,16010,22616,20869,24383,23901,27976,28620,30881,31808,21647,24718,15496,19490,4526,7868,1624,1508,15473,14328,21094,19223,22997,22374,26572,27062,29658,30550,21001,24000,15073,18831,4355,7574,236751,221780,32759,31545,55068,52089,17840,33,43
2021-10-09T23:59:59+02:00,2228,2095,17309,16009,22614,20868,24383,23901,27976,28620,30881,31808,21647,24718,15496,19490,4526,7868,1623,1505,15472,14326,21094,19222,22997,22374,26572,27061,29658,30550,21001,24000,15073,18831,4355,7574,236745,221771,32759,31545,55068,52089,17840,33,43
2021-10-08T23:59:59+02:00,2223,2087,17298,15986,22590,20856,24365,23892,27961,28604,30866,31799,21645,24713,15496,19490,4526,7868,1616,1501,15466,14313,21080,19207,22986,22366,26562,27044,29654,30543,20999,23994,15071,18830,4355,7574,236609,221669,32749,31545,55067,52089,17815,33,43
2021-10-07T23:59:59+02:00,2199,2067,17240,15943,22560,20809,24339,23864,27928,28579,30845,31775,21640,24710,15494,19481,4525,7863,1581,1469,15391,14235,21015,19137,22942,22319,26531,27007,29626,30520,20988,23979,15066,18820,4351,7573,236234,221129,32739,31498,55064,52081,17799,33,43
2021-10-06T23:59:59+02:00,2175,2044,17180,15896,22513,20756,24313,23823,27897,28549,30829,31749,21629,24698,15487,19475,4524,7859,1544,1442,15330,14162,20966,19076,22904,22283,26500,26968,29602,30491,20977,23965,15055,18814,4349,7571,235815,220632,32720,31471,55064,52081,17772,33,43
2021-10-05T23:59:59+02:00,2155,2027,17135,15857,22468,20728,24279,23783,27875,28524,30816,31732,21624,24690,15487,19470,4523,7858,1532,1425,15302,14131,20913,19051,22874,22254,26472,26942,29577,30466,20969,23946,15052,18806,4346,7571,235548,220364,32720,31469,55064,52081,17672,33,43
2021-10-04T23:59:59+02:00,2128,1992,17079,15818,22416,20699,24256,23758,27859,28490,30797,31714,21620,24681,15485,19466,4522,7855,1526,1413,15265,14108,20887,19023,22860,22229,26454,26923,29565,30452,20962,23936,15048,18801,4346,7563,235207,220153,32720,31469,55064,52079,17617,33,43
2021-10-03T23:59:59+02:00,2123,1981,17050,15778,22386,20666,24220,23735,27845,28470,30780,31704,21617,24674,15484,19461,4522,7853,1506,1392,15233,14070,20862,18993,22835,22209,26440,26901,29551,30442,20952,23923,15046,18798,4346,7563,234994,219933,32714,31458,55063,52077,17551,33,43
2021-10-02T23:59:59+02:00,2123,1981,17050,15778,22386,20666,24219,23735,27845,28470,30780,31704,21617,24674,15484,19461,4522,7853,1506,1392,15233,14070,20862,18993,22835,22209,26440,26901,29551,30441,20952,23923,15046,18798,4346,7563,234993,219932,32714,31458,55063,52077,17551,33,43
2021-10-01T23:59:59+02:00,2118,1976,17036,15761,22383,20654,24205,23714,27840,28463,30776,31699,21614,24672,15484,19459,4521,7853,1504,1389,15229,14068,20859,18991,22833,22209,26438,26899,29551,30437,20951,23921,15046,18798,4346,7563,234876,219905,32713,31458,55063,52077,17549,33,43
2021-09-30T23:59:59+02:00,2097,1960,16979,15709,22340,20597,24165,23679,27810,28430,30753,31676,21604,24666,15479,19452,4519,7848,1467,1358,15159,14002,20821,18955,22800,22168,26415,26865,29532,30416,20947,23912,15043,18790,4342,7558,234492,219516,32700,31437,55063,52073,17481,33,43
2021-09-29T23:59:59+02:00,2029,1915,16887,15633,22268,20527,24110,23628,27749,28379,30716,31647,21588,24652,15472,19438,4516,7846,1445,1327,15089,13946,20779,18902,22764,22115,26377,26835,29497,30388,20938,23900,15032,18782,4341,7555,233857,219114,32683,31414,55062,52070,17371,33,43
2021-09-28T23:59:59+02:00,2011,1898,16806,15568,22197,20474,24046,23586,27710,28336,30699,31630,21579,24638,15467,19428,4516,7843,1431,1315,15021,13901,20721,18860,22721,22089,26347,26800,29476,30367,20925,23885,15026,18772,4339,7551,233425,218785,32682,31414,55062,52069,17236,33,43
2021-09-27T23:59:59+02:00,1948,1829,16741,15508,22161,20438,24021,23558,27682,28300,30679,31613,21572,24631,15465,19425,4515,7841,1420,1300,14993,13870,20699,18823,22706,22064,26328,26788,29458,30351,20921,23875,15022,18764,4338,7548,232928,218515,32682,31414,55062,52068,17228,33,43
2021-09-26T23:59:59+02:00,1927,1808,16671,15445,22109,20378,23982,23507,27653,28275,30664,31604,21562,24624,15464,19422,4515,7839,1404,1286,14923,13803,20648,18768,22656,22007,26289,26751,29439,30324,20914,23865,15014,18761,4338,7545,232562,218116,32665,31387,55061,52055,17134,33,43
2021-09-25T23:59:59+02:00,1927,1808,16669,15445,22108,20377,23980,23506,27653,28275,30664,31604,21562,24624,15464,19422,4515,7839,1404,1286,14922,13803,20647,18768,22656,22007,26288,26749,29439,30324,20913,23865,15014,18761,4338,7545,232556,218112,32665,31386,55061,52055,17133,33,43
2021-09-24T23:59:59+02:00,1926,1805,16642,15425,22064,20348,23946,23485,27633,28253,30647,31589,21560,24620,15462,19421,4515,7839,1397,1279,14894,13776,20597,18736,22615,21981,26260,26729,29417,30304,20908,23859,15012,18759,4337,7544,232492,217985,32665,31386,55061,52055,16935,33,43
2021-09-23T23:59:59+02:00,1896,1767,16567,15339,22003,20273,23898,23417,27588,28198,30621,31549,21548,24609,15454,19406,4512,7837,1370,1251,14816,13713,20537,18693,22587,21934,26226,26685,29391,30277,20904,23848,15006,18751,4337,7543,231932,217583,32626,31352,55061,52055,16836,33,43
2021-09-22T23:59:59+02:00,1863,1736,16466,15261,21912,20196,23822,23363,27520,28137,30579,31514,21532,24586,15452,19393,4510,7834,1315,1200,14691,13606,20448,18615,22523,21864,26165,26624,29342,30241,20884,23838,15000,18743,4334,7534,231322,216906,32605,31309,55061,52048,16661,33,43
2021-09-21T23:59:59+02:00,1833,1692,16386,15186,21853,20136,23771,23314,27479,28102,30540,31474,21521,24566,15449,19383,4504,7826,1306,1184,14635,13559,20389,18576,22480,21821,26131,26599,29317,30216,20871,23824,14993,18732,4331,7530,230846,216619,32605,31309,55061,52048,16475,33,43
2021-09-20T23:59:59+02:00,1806,1677,16312,15121,21799,20089,23722,23274,27441,28059,30507,31456,21512,24553,15443,19377,4503,7824,1294,1174,14578,13506,20343,18532,22442,21793,26083,26567,29292,30191,20863,23812,14991,18726,4328,7527,230439,216301,32603,31308,55061,52047,16343,33,43
2021-09-19T23:59:59+02:00,1779,1654,16248,15071,21749,20029,23688,23240,27410,28031,30486,31431,21503,24542,15439,19366,4503,7821,1286,1164,14519,13463,20298,18480,22391,21770,26058,26535,29275,30177,20856,23799,14987,18723,4327,7523,230072,216020,32581,31275,55061,52047,16246,33,43
2021-09-18T23:59:59+02:00,1779,1654,16246,15069,21748,20028,23685,23238,27410,28030,30486,31431,21503,24542,15439,19366,4503,7821,1286,1164,14518,13461,20298,18480,22390,21769,26058,26533,29275,30177,20856,23799,14987,18723,4327,7523,230065,216019,32581,31274,55061,52047,16241,33,43
2021-09-17T23:59:59+02:00,1774,1647,16223,15050,21723,20008,23665,23227,27397,28015,30477,31425,21500,24539,15436,19363,4502,7821,1278,1155,14497,13447,20288,18474,22381,21764,26051,26529,29265,30171,20853,23796,14986,18722,4327,7523,229894,215916,32580,31274,55061,52047,16227,33,43
2021-09-16T23:59:59+02:00,1735,1616,16123,14950,21642,19907,23595,23144,27331,27955,30438,31387,21487,24522,15431,19353,4497,7821,1245,1126,14413,13373,20245,18419,22345,21713,26020,26484,29244,30140,20842,23786,14979,18715,4324,7519,229086,215460,32559,31196,55061,52035,16198,33,43
2021-09-15T23:59:59+02:00,1704,1599,16055,14872,21586,19853,23550,23099,27299,27921,30413,31363,21474,24500,15419,19344,4496,7819,1216,1098,14336,13287,20177,18359,22306,21661,25980,26440,29212,30117,20829,23771,14967,18707,4323,7517,228557,214900,32539,31151,55061,52030,16179,33,43
2021-09-14T23:59:59+02:00,1691,1583,16020,14826,21539,19815,23521,23064,27267,27885,30388,31339,21459,24489,15416,19332,4493,7818,1198,1083,14298,13249,20152,18337,22284,21635,25960,26425,29201,30108,20818,23763,14964,18700,4322,7515,228148,214620,32537,31150,55061,52030,16169,33,43
2021-09-13T23:59:59+02:00,1670,1570,15978,14774,21512,19783,23490,23031,27250,27849,30374,31324,21458,24479,15411,19330,4492,7815,1192,1075,14270,13234,20125,18321,22264,21615,25945,26413,29191,30085,20809,23752,14963,18693,4320,7513,227803,214396,32535,31150,55061,52030,16161,33,43
2021-09-12T23:59:59+02:00,1660,1557,15955,14751,21496,19761,23474,23006,27235,27834,30363,31316,21451,24471,15411,19325,4492,7815,1178,1070,14237,13205,20100,18284,22244,21589,25932,26390,29180,30077,20802,23744,14958,18686,4318,7508,227609,214156,32517,31119,55061,52028,16156,33,43
2021-09-11T23:59:59+02:00,1659,1557,15943,14747,21488,19753,23473,23005,27233,27833,30360,31314,21450,24470,15411,19325,4492,7815,1178,1070,14232,13203,20098,18281,22242,21589,25932,26389,29180,30077,20801,23744,14958,18686,4318,7508,227572,214145,32517,31119,55058,52028,16151,33,43
2021-09-10T23:59:59+02:00,1659,1557,15920,14742,21475,19742,23455,23002,27216,27823,30347,31309,21449,24468,15407,19323,4492,7814,1176,1070,14209,13196,20083,18271,22228,21585,25917,26376,29162,30074,20800,23740,14955,18683,4317,7507,227542,214106,32517,31119,55058,52028,16053,33,43
2021-09-09T23:59:59+02:00,1614,1518,15840,14663,21415,19675,23401,22952,27156,27773,30319,31280,21440,24451,15393,19309,4490,7812,1149,1044,14127,13122,20012,18202,22161,21530,25867,26335,29127,30042,20784,23712,14937,18669,4315,7505,227012,213638,32486,31036,55057,52008,15916,33,42
2021-09-08T23:59:59+02:00,1576,1471,15714,14569,21344,19598,23348,22877,27106,27730,30279,31232,21423,24433,15384,19298,4489,7812,1132,1019,14038,13032,19928,18149,22096,21478,25820,26295,29091,29992,20765,23691,14933,18661,4314,7504,226468,213238,32417,30944,55057,52003,15711,33,42
2021-09-07T23:59:59+02:00,1563,1451,15664,14517,21290,19573,23312,22854,27079,27699,30262,31216,21412,24411,15378,19290,4487,7812,1115,1005,13970,12983,19864,18109,22054,21448,25784,26263,29062,29964,20753,23677,14929,18654,4313,7504,226228,212954,32412,30914,55057,51998,15543,33,42
2021-09-06T23:59:59+02:00,1550,1441,15614,14472,21270,19542,23289,22826,27054,27680,30246,31194,21402,24408,15374,19283,4487,7810,1103,996,13938,12944,19844,18084,22025,21426,25764,26244,29047,29949,20744,23669,14925,18650,4313,7501,225978,212747,32412,30914,55057,51998,15465,33,42
2021-09-05T23:59:59+02:00,1530,1426,15584,14446,21252,19520,23279,22800,27045,27668,30241,31186,21397,24402,15368,19281,4487,7806,1095,982,13901,12908,19813,18048,22000,21398,25746,26227,29034,29930,20740,23661,14923,18648,4313,7501,225765,212532,32404,30834,55056,51997,15463,33,42
2021-09-04T23:59:59+02:00,1530,1426,15575,14443,21238,19515,23272,22795,27039,27662,30235,31183,21396,24399,15368,19280,4487,7806,1095,982,13892,12905,19799,18041,21993,21393,25739,26221,29028,29926,20739,23658,14923,18647,4313,7501,225764,212531,32404,30831,55056,51997,15394,33,42
2021-09-03T23:59:59+02:00,1527,1423,15557,14429,21205,19491,23241,22774,27015,27650,30220,31168,21389,24391,15368,19274,4487,7805,1095,982,13875,12891,19772,18022,21969,21378,25722,26211,29013,29915,20733,23651,14923,18644,4313,7501,225690,212512,32403,30826,55056,51996,15234,33,42
2021-09-02T23:59:59+02:00,1511,1403,15485,14370,21158,19441,23206,22725,26974,27609,30183,31142,21376,24381,15362,19261,4485,7799,1070,961,13782,12827,19727,17961,21924,21335,25680,26165,28974,29888,20721,23640,14918,18632,4312,7500,225267,212057,32398,30821,55054,51976,15121,33,42
2021-09-01T23:59:59+02:00,1460,1346,15347,14217,21038,19345,23137,22669,26907,27537,30132,31092,21358,24356,15354,19247,4482,7794,1038,921,13635,12705,19600,17864,21839,21265,25622,26096,28924,29825,20696,23611,14906,18619,4308,7494,224496,211474,32373,30624,55053,51963,14865,33,42
2021-08-31T23:59:59+02:00,1436,1331,15285,14146,20975,19293,23092,22627,26857,27494,30098,31060,21345,24343,15348,19238,4482,7793,1024,908,13561,12638,19552,17823,21807,21229,25589,26073,28896,29799,20690,23601,14903,18611,4307,7493,224036,211128,32372,30624,55052,51958,14752,33,42
2021-08-30T23:59:59+02:00,1413,1312,15217,14100,20927,19238,23060,22588,26820,27461,30065,31030,21332,24334,15344,19229,4480,7786,1019,893,13504,12596,19506,17772,21774,21204,25559,26036,28862,29774,20679,23586,14893,18602,4306,7489,223672,210826,32372,30621,55052,51956,14609,33,42
2021-08-29T23:59:59+02:00,1397,1300,15173,14056,20888,19207,23036,22564,26802,27437,30047,31015,21328,24325,15344,19227,4480,7785,1008,885,13451,12551,19483,17750,21747,21184,25538,26017,28849,29757,20671,23578,14890,18598,4304,7488,223383,210557,32371,30621,55052,51955,14574,33,42
2021-08-28T23:59:59+02:00,1397,1300,15167,14053,20877,19200,23030,22560,26799,27428,30044,31014,21327,24325,15344,19227,4480,7785,1008,885,13445,12547,19472,17743,21741,21180,25535,26008,28846,29756,20670,23578,14890,18598,4304,7488,223383,210556,32371,30621,55052,51955,14520,33,42
2021-08-27T23:59:59+02:00,1388,1293,15136,14025,20850,19184,22997,22544,26773,27416,30028,30994,21321,24317,15340,19226,4477,7782,1002,880,13416,12515,19436,17726,21713,21159,25507,25995,28829,29738,20664,23569,14887,18597,4303,7488,223246,210414,32371,30620,55049,51954,14394,33,42
2021-08-26T23:59:59+02:00,1375,1275,15091,13980,20803,19145,22967,22506,26740,27377,29996,30957,21306,24301,15333,19218,4474,7774,990,870,13347,12454,19359,17669,21654,21102,25451,25947,28789,29702,20651,23548,14877,18584,4302,7484,222951,210128,32352,30495,55049,51880,14235,33,42
2021-08-25T23:59:59+02:00,1330,1230,14946,13857,20690,19051,22887,22413,26661,27293,29938,30901,21283,24275,15323,19208,4470,7768,962,840,13224,12370,19274,17591,21587,21030,25381,25893,28744,29659,20624,23527,14869,18570,4301,7481,222096,209554,32336,30447,55049,51872,14013,32,41
2021-08-24T23:59:59+02:00,1306,1206,14882,13806,20648,18999,22832,22366,26625,27257,29909,30871,21266,24260,15317,19198,4469,7767,937,819,13128,12309,19213,17510,21550,20978,25337,25850,28714,29621,20606,23507,14862,18558,4299,7476,221678,209070,32306,30389,55049,51857,13921,32,37
2021-08-23T23:59:59+02:00,1288,1187,14814,13768,20608,18970,22804,22341,26590,27237,29884,30844,21247,24246,15312,19185,4468,7766,911,794,13012,12231,19150,17450,21497,20929,25297,25795,28669,29578,20587,23490,14855,18546,4296,7476,221369,208549,32290,30299,55049,51857,13821,32,37
2021-08-22T23:59:59+02:00,1279,1179,14799,13748,20592,18950,22792,22321,26575,27222,29867,30840,21240,24242,15310,19177,4466,7765,888,777,12953,12162,19098,17416,21468,20894,25276,25769,28643,29556,20579,23479,14854,18542,4296,7476,221194,208225,32271,30190,55049,51854,13820,32,37
2021-08-21T23:59:59+02:00,1279,1179,14790,13738,20581,18942,22782,22315,26571,27217,29856,30833,21240,24240,15310,19177,4466,7765,888,777,12943,12152,19088,17408,21460,20888,25270,25764,28633,29549,20579,23477,14854,18542,4296,7476,221189,208221,32271,30190,55049,51854,13742,32,37
2021-08-20T23:59:59+02:00,1272,1174,14760,13704,20546,18912,22759,22292,26545,27195,29839,30817,21237,24231,15308,19171,4466,7765,887,776,12924,12138,19063,17388,21442,20867,25256,25747,28615,29530,20575,23471,14853,18539,4296,7476,220995,208116,32271,30188,55049,51854,13648,32,37
2021-08-19T23:59:59+02:00,1254,1158,14701,13655,20506,18883,22728,22257,26522,27166,29814,30793,21226,24223,15305,19166,4465,7762,858,763,12791,12019,18974,17310,21356,20809,25185,25680,28555,29480,20554,23458,14847,18530,4294,7473,220689,207478,32239,30052,55049,51792,13577,32,37
2021-08-18T23:59:59+02:00,1231,1139,14618,13565,20391,18821,22652,22196,26456,27109,29756,30735,21201,24203,15299,19154,4463,7759,830,742,12652,11900,18836,17227,21258,20719,25098,25597,28473,29412,20522,23413,14836,18515,4293,7468,220278,206869,32221,29929,55047,51784,13172,32,37
2021-08-17T23:59:59+02:00,1220,1126,14578,13527,20349,18775,22616,22162,26421,27081,29740,30715,21189,24189,15288,19145,4459,7758,809,718,12544,11817,18755,17166,21180,20657,25046,25544,28437,29371,20503,23398,14827,18502,4291,7466,219994,206338,32186,29800,55047,51776,13081,32,36
2021-08-16T23:59:59+02:00,1208,1115,14530,13478,20314,18746,22587,22129,26400,27053,29706,30684,21176,24178,15281,19133,4457,7756,781,704,12448,11718,18664,17094,21110,20572,24981,25485,28370,29308,20480,23376,14817,18484,4290,7463,219726,205716,32184,29675,55047,51775,12944,32,35
2021-08-15T23:59:59+02:00,1198,1102,14493,13452,20285,18716,22559,22110,26387,27037,29696,30670,21171,24166,15276,19131,4456,7754,757,688,12385,11651,18613,17064,21059,20534,24945,25442,28351,29286,20470,23363,14813,18478,4288,7461,219503,205270,32184,29674,55047,51774,12895,32,35
2021-08-14T23:59:59+02:00,1198,1101,14486,13448,20276,18710,22550,22103,26373,27030,29691,30662,21168,24165,15275,19130,4456,7754,757,688,12377,11647,18603,17056,21049,20527,24931,25435,28346,29277,20467,23362,14812,18477,4288,7461,219502,205268,32184,29670,55047,51774,12813,32,35
2021-08-13T23:59:59+02:00,1195,1098,14477,13439,20262,18700,22538,22098,26366,27020,29676,30654,21159,24160,15274,19130,4456,7754,754,687,12362,11635,18592,17047,21036,20518,24925,25419,28332,29273,20461,23355,14810,18477,4288,7460,219445,205202,32184,29670,55047,51774,12750,32,35
2021-08-12T23:59:59+02:00,1175,1076,14420,13383,20219,18660,22514,22063,26339,26991,29645,30633,21147,24141,15270,19123,4456,7749,727,661,12196,11491,18455,16936,20943,20435,24844,25334,28265,29217,20440,23323,14797,18465,4285,7454,219120,204407,32172,29485,55047,51705,12636,31,35
2021-08-11T23:59:59+02:00,1159,1054,14350,13319,20176,18606,22470,22024,26306,26966,29617,30593,21133,24124,15267,19112,4453,7745,703,639,12058,11352,18370,16846,20863,20361,24795,25261,28223,29153,20407,23296,14790,18454,4283,7449,218716,203505,32099,29480,55047,51700,12583,31,35
2021-08-10T23:59:59+02:00,1144,1036,14271,13245,20121,18559,22436,21980,26274,26935,29584,30564,21119,24115,15267,19104,4452,7743,684,617,11943,11234,18272,16775,20799,20295,24743,25203,28179,29101,20380,23268,14776,18436,4282,7443,218294,202751,32067,29457,55047,51675,12512,31,35
2021-08-09T23:59:59+02:00,1127,1017,14186,13183,20040,18503,22388,21932,26223,26891,29547,30530,21101,24098,15261,19095,4447,7741,639,576,11761,11072,18102,16679,20675,20213,24648,25107,28100,29025,20344,23228,14762,18424,4279,7434,217848,201764,32046,29349,55046,51580,12341,31,34
2021-08-08T23:59:59+02:00,1113,1010,14143,13144,20019,18467,22362,21912,26208,26871,29531,30516,21094,24092,15258,19091,4446,7740,613,557,11678,10986,18014,16595,20609,20155,24585,25060,28054,28981,20322,23205,14749,18413,4279,7430,217618,201108,32015,29271,55045,51562,12310,31,34
2021-08-07T23:59:59+02:00,1113,1010,14128,13139,20009,18462,22356,21907,26196,26857,29516,30504,21092,24088,15254,19086,4445,7740,613,556,11664,10980,17997,16591,20603,20149,24572,25045,28037,28969,20320,23201,14745,18408,4278,7430,217616,201093,32014,29270,55044,51562,12199,31,34
2021-08-06T23:59:59+02:00,1113,1010,14118,13127,19996,18443,22342,21892,26174,26848,29502,30493,21089,24084,15251,19084,4445,7739,613,556,11653,10966,17974,16569,20587,20132,24551,25036,28024,28957,20317,23197,14742,18406,4278,7430,217608,201064,32010,29270,55044,51561,12059,31,34
2021-08-05T23:59:59+02:00,1101,991,14046,13085,19945,18409,22299,21849,26138,26792,29474,30469,21075,24069,15243,19076,4443,7736,578,526,11478,10857,17861,16469,20476,20034,24446,24946,27955,28908,20291,23173,14731,18392,4275,7428,217293,200279,31966,29179,55041,51421,11911,31,34
2021-08-04T23:59:59+02:00,1085,974,13982,13016,19841,18325,22232,21790,26096,26750,29424,30421,21052,24051,15233,19063,4443,7733,540,492,11292,10682,17631,16328,20301,19908,24327,24822,27846,28810,20263,23140,14718,18380,4272,7426,217027,199234,31803,29119,55040,51178,11613,30,34
2021-08-03T23:59:59+02:00,1061,956,13912,12953,19802,18276,22198,21749,26060,26709,29389,30392,21036,24027,15223,19049,4440,7723,484,450,11107,10509,17455,16200,20161,19776,24178,24699,27726,28703,20220,23093,14701,18348,4270,7420,216650,197796,31775,29084,55039,51123,11463,30,34
2021-08-02T23:59:59+02:00,1037,936,13827,12886,19744,18218,22147,21709,26006,26648,29337,30342,21007,23996,15213,19029,4437,7721,458,420,10940,10339,17283,16076,20013,19663,24061,24585,27639,28601,20175,23040,14682,18329,4267,7410,216171,196607,31744,29035,55039,51047,11258,30,34
2021-08-01T23:59:59+02:00,1027,921,13766,12839,19708,18201,22128,21688,25981,26627,29318,30325,20998,23984,15209,19022,4437,7720,422,389,10795,10192,17124,15968,19863,19555,23917,24480,27531,28521,20161,23016,14673,18315,4267,7406,215934,195718,31695,28944,55039,50697,11202,30,34
2021-07-31T23:59:59+02:00,1027,921,13741,12830,19690,18193,22111,21677,25967,26615,29310,30314,20995,23979,15208,19021,4436,7720,421,389,10769,10179,17103,15955,19845,19542,23904,24468,27523,28510,20158,23011,14672,18314,4266,7406,215930,195698,31695,28944,55039,50697,11062,30,34
2021-07-30T23:59:59+02:00,1019,911,13680,12784,19644,18171,22081,21658,25937,26593,29283,30296,20988,23971,15202,19019,4434,7719,400,371,10682,10105,17038,15912,19786,19507,23837,24427,27476,28485,20143,22989,14663,18310,4263,7404,215751,195309,31691,28944,55039,50631,10880,30,34
2021-07-29T23:59:59+02:00,995,893,13574,12698,19580,18108,22008,21605,25886,26537,29231,30258,20971,23961,15195,19012,4434,7717,355,331,10414,9845,16737,15668,19490,19291,23534,24198,27225,28321,20088,22934,14651,18289,4263,7403,215307,193557,31618,28833,55039,49943,10670,30,34
2021-07-28T23:59:59+02:00,967,863,13443,12570,19455,18000,21922,21522,25805,26458,29155,30191,20948,23925,15182,19000,4432,7715,320,291,10124,9642,16478,15480,19230,19103,23306,24007,27070,28178,20040,22861,14632,18266,4260,7398,214655,192220,31583,28751,55035,49430,10251,30,34
2021-07-27T23:59:59+02:00,936,842,13325,12476,19390,17940,21856,21469,25739,26400,29115,30146,20933,23905,15177,18980,4431,7709,272,236,9870,9428,16225,15253,19002,18918,23112,23834,26907,28041,19998,22808,14610,18239,4254,7389,214060,190556,31528,28594,55034,49093,10119,29,34
2021-07-26T23:59:59+02:00,911,824,13220,12382,19336,17883,21782,21404,25690,26367,29060,30086,20904,23882,15159,18961,4431,7705,224,207,9634,9178,15985,15046,18754,18717,22884,23667,26756,27914,19927,22748,14582,18203,4249,7383,213453,188799,31457,28493,55033,48715,10017,28,34
2021-07-25T23:59:59+02:00,892,813,13145,12311,19256,17833,21724,21352,25650,26319,29023,30040,20887,23866,15152,18955,4428,7704,201,187,9447,9037,15785,14893,18550,18576,22716,23556,26607,27794,19877,22700,14566,18190,4246,7380,213152,187888,31394,28342,55033,48300,9744,28,34
2021-07-24T23:59:59+02:00,892,813,13135,12302,19246,17826,21713,21347,25635,26312,29018,30034,20883,23865,15151,18954,4428,7704,201,187,9437,9023,15775,14886,18536,18570,22700,23547,26601,27786,19874,22697,14565,18189,4246,7380,213149,187870,31392,28339,55033,48300,9657,28,34
2021-07-23T23:59:59+02:00,884,812,13069,12265,19169,17792,21673,21314,25600,26273,28985,29998,20868,23848,15143,18950,4426,7701,201,186,9384,8995,15692,14842,18482,18529,22650,23506,26557,27747,19857,22680,14558,18183,4244,7377,213022,187707,31391,28333,55033,48299,9297,28,34
2021-07-22T23:59:59+02:00,872,798,12973,12183,19113,17724,21628,21285,25552,26226,28961,29975,20855,23830,15141,18944,4423,7699,147,143,9066,8721,15292,14595,18116,18274,22320,23259,26351,27612,19800,22624,14545,18161,4241,7372,212557,185881,31306,28079,55030,47383,9262,28,34
2021-07-21T23:59:59+02:00,850,770,12771,12015,18964,17600,21494,21186,25446,26123,28885,29904,20813,23795,15124,18921,4419,7694,124,123,8688,8407,14859,14270,17737,18001,21963,22927,26077,27401,19707,22536,14519,18123,4238,7363,211927,183979,31196,27730,55027,46723,8597,28,34
2021-07-20T23:59:59+02:00,820,745,12622,11880,18856,17514,21424,21110,25384,26058,28846,29853,20788,23762,15116,18905,4416,7691,94,96,8358,8100,14392,13933,17356,17726,21658,22697,25831,27214,19626,22427,14490,18088,4236,7357,211243,181823,31086,27567,55024,45846,8410,28,33
2021-07-19T23:59:59+02:00,791,718,12501,11763,18767,17443,21362,21051,25329,26004,28796,29816,20763,23733,15106,18891,4412,7685,73,65,8036,7847,14027,13679,17009,17477,21329,22493,25603,27072,19557,22351,14468,18066,4230,7351,210524,179784,30983,27408,55024,45135,8373,28,33
2021-07-18T23:59:59+02:00,773,699,12386,11655,18668,17364,21295,20997,25273,25950,28759,29762,20741,23713,15094,18880,4410,7683,60,54,7865,7694,13874,13557,16858,17354,21165,22381,25473,26990,19517,22311,14454,18050,4230,7348,209936,178849,30834,27303,55024,44769,8281,28,33
2021-07-17T23:59:59+02:00,773,699,12383,11655,18667,17361,21295,20997,25273,25950,28759,29762,20741,23713,15094,18880,4410,7683,60,54,7858,7693,13870,13552,16856,17353,21164,22380,25472,26988,19515,22310,14454,18050,4230,7348,209932,178827,30834,27301,55024,44768,8278,28,33
2021-07-16T23:59:59+02:00,766,694,12311,11601,18626,17330,21260,20970,25240,25927,28734,29743,20739,23710,15094,18878,4410,7683,56,51,7704,7592,13715,13482,16712,17294,21025,22321,25366,26940,19496,22290,14453,18044,4230,7345,209724,178374,30834,27228,55024,44374,8107,28,33
2021-07-15T23:59:59+02:00,751,674,12239,11530,18561,17271,21204,20922,25192,25886,28706,29715,20724,23693,15089,18869,4409,7680,54,48,7362,7275,13105,13075,16043,16871,20388,21951,24908,26628,19350,22150,14411,17998,4227,7338,209241,176140,30748,26325,55017,42602,8082,28,33
2021-07-14T23:59:59+02:00,722,654,12028,11393,18391,17162,21083,20826,25088,25783,28617,29615,20690,23660,15070,18853,4406,7677,46,37,6943,6922,12440,12622,15351,16383,19755,21493,24443,26286,19132,21924,14379,17950,4219,7327,208428,173315,30586,25987,55014,40655,7663,28,32
2021-07-13T23:59:59+02:00,678,619,11890,11260,18268,17077,20972,20732,24991,25688,28547,29549,20661,23621,15050,18843,4404,7667,36,26,6484,6499,11808,12122,14654,15879,19151,21082,24003,25959,18955,21708,14334,17889,4215,7318,207406,169655,30450,25814,55003,38993,7631,28,29
2021-07-12T23:59:59+02:00,644,588,11765,11123,18153,16988,20880,20624,24891,25589,28466,29482,20635,23587,15042,18831,4399,7660,32,20,6071,6086,11199,11587,14030,15343,18596,20590,23584,25597,18758,21518,14269,17831,4206,7314,206390,165971,30322,24988,55000,38035,7608,28,29
2021-07-11T23:59:59+02:00,608,561,11650,11031,18089,16925,20823,20568,24837,25542,28409,29433,20616,23567,15033,18822,4399,7659,29,19,5882,5916,10944,11385,13796,15143,18351,20401,23376,25411,18686,21436,14242,17805,4205,7308,205753,164580,30202,24519,54998,37613,7594,26,29
2021-07-10T23:59:59+02:00,607,560,11642,11030,18085,16923,20819,20567,24834,25541,28408,29433,20616,23567,15032,18820,4399,7659,29,19,5875,5915,10939,11378,13786,15139,18350,20399,23374,25409,18684,21435,14241,17805,4205,7308,205733,164550,30199,24518,54998,37606,7587,26,29
2021-07-09T23:59:59+02:00,579,537,11532,10904,18010,16839,20749,20506,24760,25465,28359,29388,20593,23547,15029,18810,4399,7658,29,18,5840,5881,10911,11344,13736,15118,18319,20368,23355,25387,18679,21425,14239,17802,4205,7307,204865,164318,30198,24468,54998,37570,7578,26,29
2021-07-08T23:59:59+02:00,544,509,11368,10768,17885,16736,20614,20404,24652,25336,28241,29309,20549,23499,15013,18781,4396,7650,26,15,5496,5622,10398,10948,13115,14668,17654,19809,22747,24920,18362,21034,14143,17719,4200,7297,204095,162006,30171,23661,54969,35483,6994,26,29
2021-07-07T23:59:59+02:00,484,457,11199,10621,17802,16649,20544,20336,24579,25258,28180,29245,20521,23463,15008,18769,4394,7642,21,15,5191,5332,9871,10497,12533,14187,16970,19288,22180,24420,18049,20670,14041,17622,4193,7274,203082,159543,30147,22196,54951,33640,6946,26,29
2021-07-06T23:59:59+02:00,443,423,11073,10471,17690,16555,20450,20233,24501,25165,28089,29166,20495,23424,14999,18752,4392,7639,14,9,4792,4905,9269,9980,11822,13585,16261,18673,21665,23927,17730,20364,13941,17506,4184,7264,201943,155353,30141,21253,54942,32347,6909,26,29
2021-07-05T23:59:59+02:00,421,396,10986,10381,17597,16483,20370,20161,24441,25114,28048,29129,20471,23403,14987,18744,4391,7636,11,8,4505,4585,8771,9530,11262,13032,15551,18028,21042,23320,17336,19967,13808,17348,4176,7256,201200,151459,30138,20573,54933,30612,6863,26,29
2021-07-04T23:59:59+02:00,408,390,10913,10326,17531,16429,20320,20111,24410,25078,28032,29111,20462,23392,14982,18741,4390,7635,11,8,4359,4495,8641,9363,11070,12857,15307,17817,20776,23048,17064,19676,13748,17256,4172,7252,200722,150140,30132,20267,54932,29634,6850,26,29
2021-07-03T23:59:59+02:00,406,389,10905,10315,17521,16423,20318,20107,24409,25078,28029,29110,20462,23391,14982,18741,4390,7635,11,8,4354,4487,8634,9359,11067,12857,15303,17817,20773,23045,17064,19673,13748,17256,4172,7252,200695,150127,30130,20267,54932,29628,6829,26,29
2021-07-02T23:59:59+02:00,363,326,10761,10205,17405,16322,20214,20031,24335,25014,27966,29051,20436,23365,14976,18727,4390,7632,11,8,4267,4408,8472,9223,10931,12745,15181,17709,20661,22941,17022,19643,13741,17241,4172,7249,199813,149141,30130,20266,54932,29570,6619,26,29
2021-07-01T23:59:59+02:00,316,283,10628,10070,17278,16229,20090,19942,24251,24939,27902,28999,20416,23341,14960,18712,4387,7628,11,6,4062,4210,8172,8889,10561,12334,14612,17209,20151,22403,16734,19344,13533,17027,4162,7227,198739,146083,30072,19583,54926,28343,6609,26,29
2021-06-30T23:59:59+02:00,233,222,10374,9830,17104,16079,19956,19812,24135,24815,27823,28910,20394,23309,14941,18694,4386,7627,11,5,3867,4017,7872,8554,10154,11871,14122,16653,19578,21769,16411,19000,13260,16749,4149,7200,197089,142409,30017,19333,54918,26876,6595,26,29
2021-06-29T23:59:59+02:00,189,185,10226,9655,16968,15983,19853,19720,24067,24739,27765,28841,20367,23282,14927,18674,4386,7623,10,5,3665,3759,7474,8102,9679,11336,13467,15982,18964,21067,16093,18673,13012,16459,4142,7186,195938,138131,30012,19034,54914,25319,6562,25,29
2021-06-28T23:59:59+02:00,140,133,10032,9471,16842,15878,19749,19617,23972,24644,27697,28779,20337,23252,14913,18655,4384,7621,9,4,3464,3504,7075,7661,9242,10844,12918,15445,18466,20549,15842,18407,12893,16326,4136,7175,194754,134295,29898,18612,54911,24495,6529,25,29
2021-06-27T23:59:59+02:00,122,116,9893,9360,16784,15818,19688,19566,23913,24593,27670,28754,20325,23236,14910,18651,4383,7618,9,4,3374,3439,6899,7465,9052,10645,12689,15205,18204,20290,15719,18302,12828,16239,4136,7171,194120,133105,29839,18266,54907,23760,6510,25,29
2021-06-26T23:59:59+02:00,122,116,9892,9355,16782,15814,19685,19565,23911,24592,27670,28754,20325,23236,14910,18651,4383,7618,9,4,3372,3438,6896,7464,9049,10644,12686,15202,18202,20289,15716,18301,12828,16237,4136,7171,194103,133085,29838,18266,54907,23755,6509,25,29
2021-06-25T23:59:59+02:00,118,113,9845,9315,16741,15780,19651,19534,23875,24564,27646,28735,20319,23229,14908,18648,4383,7618,9,4,3351,3392,6823,7353,8953,10489,12571,15005,18056,20081,15692,18272,12820,16234,4135,7170,193779,132902,29803,17913,54907,23057,6509,25,29
2021-06-24T23:59:59+02:00,108,102,9716,9192,16558,15653,19517,19410,23753,24475,27588,28674,20305,23213,14901,18639,4382,7616,8,4,3225,3250,6605,7021,8641,10035,12037,14381,17502,19374,15468,18040,12673,16102,4132,7158,192940,130501,29462,17055,54906,21601,6470,25,29
2021-06-23T23:59:59+02:00,102,97,9587,9056,16416,15528,19399,19307,23656,24370,27521,28627,20290,23191,14897,18634,4379,7615,8,4,3022,3013,6249,6539,8140,9466,11334,13556,16737,18393,15172,17699,12522,15960,4122,7133,192021,125948,29298,16079,54895,20581,6433,25,28
2021-06-22T23:59:59+02:00,71,71,9298,8752,16184,15329,19213,19156,23510,24245,27450,28543,20265,23165,14889,18615,4375,7609,8,4,2788,2729,5767,5993,7516,8704,10420,12514,15717,17190,14875,17340,12415,15836,4109,7110,190332,119518,29093,15588,54891,19506,6400,24,23
2021-06-21T23:59:59+02:00,67,63,9172,8597,16010,15177,19023,19003,23379,24122,27389,28465,20241,23137,14884,18605,4375,7605,8,4,2641,2539,5386,5533,7053,8121,9690,11638,14988,16258,14596,17027,12307,15715,4104,7093,189133,114824,28871,15030,54888,18426,6398,24,23
2021-06-20T23:59:59+02:00,64,61,9034,8470,15873,15059,18912,18916,23306,24051,27349,28414,20230,23116,14873,18598,4372,7604,8,4,2582,2471,5215,5352,6838,7855,9383,11304,14622,15853,14461,16893,12267,15678,4099,7087,188242,113117,28755,14797,54887,17641,6394,24,23
2021-06-19T23:59:59+02:00,64,61,9033,8464,15869,15050,18909,18916,23304,24050,27349,28413,20230,23116,14873,18598,4372,7604,8,4,2579,2470,5214,5347,6837,7854,9382,11303,14620,15849,14459,16893,12267,15678,4099,7087,188219,113098,28752,14795,54886,17640,6394,24,23
2021-06-18T23:59:59+02:00,64,57,9002,8451,15856,15041,18894,18908,23297,24041,27343,28408,20230,23113,14872,18598,4372,7604,8,4,2551,2437,5159,5288,6759,7754,9283,11146,14450,15621,14380,16792,12256,15656,4097,7084,188097,112313,28751,14794,54885,17201,6394,24,23
2021-06-17T23:59:59+02:00,57,54,8820,8289,15624,14873,18694,18750,23140,23910,27207,28315,20206,23092,14865,18586,4370,7601,8,4,2411,2289,4836,4991,6370,7351,8736,10542,13622,14748,14143,16497,12183,15533,4093,7073,186756,109440,28746,13840,54878,16078,6049,24,23
2021-06-16T23:59:59+02:00,49,52,8593,8076,15392,14645,18482,18549,22948,23741,27101,28205,20177,23049,14851,18566,4366,7595,8,4,2297,2182,4593,4788,6016,7008,8207,10056,12903,13907,13793,16114,12098,15444,4088,7061,184972,105985,28643,13039,54875,15597,5923,24,23
2021-06-15T23:59:59+02:00,40,39,8249,7744,15015,14287,18161,18262,22696,23530,26941,28072,20147,23015,14838,18551,4364,7584,8,4,2117,2013,4245,4438,5511,6445,7325,9165,11709,12630,13252,15496,11977,15281,4073,7038,182379,99748,28607,12373,54873,14931,5652,24,23
2021-06-14T23:59:59+02:00,34,34,8070,7579,14757,14053,17958,18089,22544,23408,26829,27990,20126,22982,14825,18543,4360,7576,6,4,2004,1890,3988,4188,5125,5974,6667,8443,10784,11575,12936,15148,11906,15187,4063,7019,180798,94912,28583,12012,54871,14479,5481,24,23
2021-06-13T23:59:59+02:00,34,34,7996,7524,14674,13963,17842,17978,22461,23330,26800,27960,20113,22971,14821,18537,4360,7576,4,4,1961,1864,3906,4091,5007,5834,6434,8204,10490,11242,12779,14970,11848,15130,4062,7018,180041,93535,28572,11720,54867,14100,5470,24,23
2021-06-12T23:59:59+02:00,34,34,7995,7523,14674,13961,17842,17978,22459,23329,26799,27957,20113,22970,14821,18537,4360,7576,4,4,1960,1862,3904,4091,5005,5833,6431,8200,10487,11236,12776,14969,11848,15128,4062,7018,180029,93514,28572,11720,54867,14091,5470,24,23
2021-06-11T23:59:59+02:00,34,33,7930,7482,14585,13914,17765,17927,22390,23295,26755,27934,20111,22966,14821,18536,4360,7576,4,4,1944,1850,3869,4033,4962,5766,6370,8118,10387,11131,12736,14934,11837,15122,4062,7018,179691,93297,28495,11714,54866,13775,5338,24,23
2021-06-10T23:59:59+02:00,29,26,7591,7186,14190,13550,17331,17552,22060,23015,26559,27753,20067,22921,14808,18518,4357,7564,2,4,1844,1768,3654,3867,4685,5492,6044,7750,9768,10520,12216,14275,11768,15014,4054,7011,177096,90131,27998,11333,54854,13146,5105,24,21
2021-06-09T23:59:59+02:00,28,23,7226,6838,13727,13118,16815,17088,21671,22646,26342,27539,19994,22851,14790,18483,4354,7556,2,4,1681,1653,3460,3687,4431,5224,5657,7342,8991,9803,11551,13439,11649,14874,4044,6999,173858,85882,27456,10700,54841,12978,4910,24,21
2021-06-08T23:59:59+02:00,23,19,6853,6436,13215,12631,16347,16618,21312,22306,26126,27336,19937,22771,14760,18448,4351,7549,2,4,1591,1578,3240,3456,4112,4873,5149,6854,8106,8880,10666,12362,11505,14716,4040,6984,170453,80228,26963,10404,54832,12700,4766,24,20
2021-06-07T23:59:59+02:00,20,16,6578,6154,12779,12256,15949,16219,20986,22009,25963,27180,19900,22717,14739,18428,4344,7543,2,4,1530,1507,3049,3285,3837,4645,4749,6477,7391,8126,9754,11214,11393,14570,4029,6966,167893,75485,26538,10032,54811,12477,4514,24,20
2021-06-06T23:59:59+02:00,20,16,6437,6022,12637,12102,15787,16062,20821,21847,25876,27094,19880,22680,14728,18418,4343,7539,2,4,1515,1484,2976,3244,3744,4580,4643,6398,7250,7996,9496,10945,11347,14520,4026,6961,166668,74803,26432,9609,54790,12304,4395,24,20
2021-06-05T23:59:59+02:00,20,16,6428,6018,12622,12089,15777,16053,20818,21842,25876,27091,19880,22680,14728,18418,4343,7539,2,4,1513,1482,2973,3242,3743,4579,4640,6398,7245,7991,9489,10940,11347,14520,4026,6961,166608,74774,26421,9606,54790,12300,4395,24,20
2021-06-04T23:59:59+02:00,20,16,6395,5978,12560,12040,15717,16004,20790,21810,25856,27074,19876,22674,14725,18418,4343,7539,2,4,1512,1476,2961,3230,3724,4565,4630,6384,7208,7948,9457,10870,11309,14479,4025,6960,166505,74498,26163,9593,54765,12255,4378,24,20
2021-06-03T23:59:59+02:00,20,15,6162,5755,12260,11790,15393,15694,20458,21472,25599,26861,19830,22600,14705,18398,4342,7535,1,4,1470,1433,2886,3164,3627,4487,4520,6284,7008,7765,9080,10422,11258,14405,4025,6955,164024,73200,25916,9295,54763,12117,4162,24,20
2021-06-02T23:59:59+02:00,20,15,6096,5697,12189,11725,15320,15627,20386,21410,25582,26837,19826,22597,14702,18395,4341,7534,1,4,1456,1422,2869,3151,3610,4472,4484,6267,6973,7727,8999,10311,11249,14380,4024,6954,163670,72833,25733,9286,54762,12107,4110,24,17
2021-06-01T23:59:59+02:00,16,15,5642,5203,11456,11030,14494,14893,19668,20745,25171,26454,19736,22507,14668,18348,4333,7526,1,4,1342,1315,2573,2881,3230,4139,3996,5808,6144,6924,7808,8685,11005,14033,4010,6937,158636,67423,25082,8379,54734,11589,3429,24,15
2021-05-31T23:59:59+02:00,14,15,5394,4906,11012,10603,13966,14399,19190,20248,24864,26115,19644,22421,14630,18302,4324,7510,1,4,1283,1260,2419,2746,3027,3969,3711,5515,5586,6391,6791,7399,10761,13713,4001,6903,155175,63383,24387,7457,54728,11382,3243,24,15
2021-05-30T23:59:59+02:00,14,15,5316,4830,10824,10480,13801,14221,18841,19925,24621,25867,19613,22391,14622,18282,4323,7508,1,4,1263,1246,2392,2712,2979,3923,3643,5459,5483,6302,6618,7168,10724,13638,3999,6893,153679,62644,23881,7395,54701,11184,3209,24,15
2021-05-29T23:59:59+02:00,14,15,5313,4830,10824,10476,13796,14218,18841,19924,24620,25865,19613,22391,14622,18282,4323,7508,1,4,1262,1242,2391,2709,2977,3920,3643,5457,5482,6300,6613,7165,10724,13638,3999,6893,153661,62634,23881,7392,54700,11170,3209,24,15
2021-05-28T23:59:59+02:00,14,15,5297,4816,10803,10438,13771,14199,18824,19907,24612,25855,19612,22390,14620,18279,4323,7507,1,4,1257,1242,2390,2702,2976,3918,3636,5451,5468,6284,6597,7148,10715,13616,3998,6889,153476,62530,23879,7392,54696,11148,3207,24,15
2021-05-27T23:59:59+02:00,11,14,5004,4537,10278,9983,13184,13669,18134,19293,24031,25318,19513,22275,14587,18233,4312,7495,1,3,1093,1102,2105,2509,2676,3627,3341,5095,5139,6004,6297,6732,10486,13333,3993,6873,150217,60676,22888,7355,54589,10211,2153,24,14
2021-05-26T23:59:59+02:00,11,14,4743,4284,9846,9604,12666,13148,17520,18683,23396,24642,19388,22125,14540,18178,4306,7478,1,3,1014,1021,1945,2356,2477,3429,3079,4851,4751,5652,5740,6082,10112,12798,3977,6837,146124,57526,22130,7317,54467,9441,1827,24,14
2021-05-25T23:59:59+02:00,11,13,4528,4057,9434,9131,12209,12642,16983,18106,22876,24003,19256,21953,14508,18099,4297,7464,1,3,967,976,1883,2267,2368,3293,2907,4647,4405,5275,5155,5350,9660,12198,3961,6812,142088,53971,21297,7302,54336,9016,1825,24,14
2021-05-24T23:59:59+02:00,11,13,4416,3900,9225,8927,12005,12383,16681,17786,22547,23600,19180,21874,14493,18079,4295,7463,1,3,951,927,1823,2226,2293,3232,2820,4566,4283,5159,5009,5190,9569,12071,3958,6804,140584,53262,20340,7248,54159,8591,1771,24,13
2021-05-23T23:59:59+02:00,11,13,4405,3900,9219,8924,11993,12373,16670,17779,22531,23579,19175,21869,14492,18077,4295,7463,1,3,950,922,1821,2221,2290,3230,2813,4562,4276,5142,5002,5176,9562,12058,3957,6803,140478,53185,20337,7235,54158,8585,1771,24,13
2021-05-22T23:59:59+02:00,11,13,4401,3897,9215,8920,11985,12367,16666,17775,22529,23577,19175,21869,14492,18077,4295,7463,1,3,950,922,1820,2219,2287,3230,2812,4562,4276,5140,5000,5175,9561,12058,3957,6803,140449,53179,20337,7235,54146,8578,1771,24,13
2021-05-21T23:59:59+02:00,11,13,4369,3860,9143,8844,11912,12280,16575,17700,22465,23509,19156,21851,14488,18070,4295,7461,1,3,904,912,1788,2208,2254,3220,2782,4537,4228,5111,4976,5151,9548,12051,3956,6802,139793,53109,20337,7235,54127,8354,1721,24,13
2021-05-20T23:59:59+02:00,8,12,4114,3682,8697,8485,11430,11866,15903,17197,21884,22929,18971,21683,14456,18030,4290,7450,1,3,757,850,1531,2047,2012,3062,2540,4317,3979,4877,4819,4988,9432,11906,3948,6778,136395,52379,19963,7136,53708,7322,997,24,13
2021-05-19T23:59:59+02:00,8,12,3872,3442,8204,8020,10850,11321,15233,16489,21208,22206,18770,21452,14415,17980,4284,7432,1,3,709,803,1470,1967,1935,2961,2474,4191,3838,4717,4644,4775,9229,11676,3928,6749,131004,51300,19781,7003,53411,6775,979,23,13
2021-05-18T23:59:59+02:00,7,11,3583,3179,7663,7488,10123,10625,14272,15550,20265,21149,18509,21168,14360,17920,4278,7410,1,3,654,755,1416,1879,1859,2850,2344,4050,3662,4515,4373,4484,9027,11426,3915,6722,123973,50070,19684,6802,52973,6144,907,23,12
2021-05-17T23:59:59+02:00,7,11,3393,2971,7206,7022,9619,10085,13543,14762,19579,20350,18323,20906,14313,17854,4267,7395,1,3,598,700,1335,1816,1784,2769,2234,3975,3526,4402,4127,4253,8882,11213,3902,6693,118738,49267,19445,6589,52509,5454,891,23,12
2021-05-16T23:59:59+02:00,7,10,3263,2898,7000,6847,9415,9870,13289,14527,19350,20120,18246,20827,14299,17835,4266,7389,1,3,585,654,1295,1767,1740,2708,2197,3882,3461,4319,4036,4151,8861,11185,3900,6691,117115,49120,19206,6421,52227,4996,887,23,12
2021-05-15T23:59:59+02:00,7,10,3262,2895,6993,6838,9413,9864,13286,14525,19347,20110,18244,20826,14299,17835,4266,7389,1,3,585,654,1292,1765,1736,2707,2195,3882,3460,4319,4034,4149,8861,11185,3900,6690,117070,49111,19206,6420,52225,4990,885,23,12
2021-05-14T23:59:59+02:00,7,10,3222,2850,6878,6694,9282,9725,13135,14343,19176,19974,18220,20801,14298,17827,4265,7386,1,3,565,641,1271,1742,1706,2685,2161,3856,3416,4281,3984,4094,8854,11178,3900,6689,116660,49071,18458,6269,52140,4863,812,23,12
2021-05-13T23:59:59+02:00,7,10,3105,2691,6553,6374,8845,9328,12586,13861,18574,19376,18092,20657,14265,17790,4260,7384,0,2,532,617,1219,1686,1650,2612,2074,3750,3268,4161,3880,3957,8831,11158,3897,6685,113780,48976,17763,5879,51534,4455,659,22,10
2021-05-12T23:59:59+02:00,7,10,3078,2660,6520,6337,8797,9275,12446,13748,18390,19172,18059,20623,14257,17780,4260,7384,0,2,531,615,1218,1683,1644,2609,2064,3744,3254,4153,3867,3943,8823,11152,3897,6684,113068,48947,17539,5852,51516,4416,658,22,10
2021-05-11T23:59:59+02:00,5,10,2690,2402,5726,5841,7825,8464,11052,12581,16825,17697,17554,20061,14173,17675,4241,7361,0,2,495,555,1091,1579,1480,2453,1879,3565,3033,3890,3760,3829,8754,11059,3893,6679,105670,48714,16915,5656,49444,3483,133,21,10
2021-05-10T23:59:59+02:00,5,8,2505,2236,5251,5461,7132,7840,10025,11665,15529,16327,17174,19609,14110,17561,4233,7337,0,2,471,530,1047,1540,1437,2401,1820,3462,2913,3759,3678,3756,8715,11011,3889,6675,99866,48597,16004,5425,47986,2943,131,21,10
2021-05-09T23:59:59+02:00,5,8,2424,2205,5114,5377,6946,7721,9614,11327,14983,15800,17055,19469,14090,17533,4230,7332,0,2,456,512,1015,1483,1366,2317,1761,3340,2801,3605,3592,3664,8692,10979,3886,6672,98290,48512,15416,5155,47378,2338,128,21,10
2021-05-08T23:59:59+02:00,5,8,2420,2204,5113,5377,6946,7719,9609,11323,14982,15799,17055,19469,14090,17533,4230,7332,0,2,455,511,1014,1483,1366,2316,1761,3340,2800,3604,3590,3664,8691,10979,3886,6672,98274,48506,15415,5155,47376,2335,128,21,10
2021-05-07T23:59:59+02:00,5,8,2249,2142,4842,5282,6582,7566,9160,11110,14539,15479,16878,19267,14078,17504,4230,7330,0,2,445,509,1003,1471,1351,2301,1726,3330,2751,3569,3544,3624,8612,10898,3886,6669,97567,48483,14897,4805,45642,2269,124,21,10
2021-05-06T23:59:59+02:00,5,8,2015,2010,4292,4936,5928,7192,8392,10552,13565,14657,16480,18817,14029,17410,4218,7317,0,2,415,461,962,1371,1264,2137,1620,3106,2530,3286,3366,3424,8433,10705,3877,6655,94988,48041,13662,4199,43097,1309,55,21,10
2021-05-05T23:59:59+02:00,5,8,1892,1901,4010,4711,5497,6821,7698,9962,12446,13601,15803,17980,13925,17308,4209,7293,0,2,407,449,949,1344,1236,2096,1585,3030,2470,3202,3315,3384,8354,10606,3871,6645,90577,47910,12341,4049,42092,937,39,21,10
2021-05-04T23:59:59+02:00,5,8,1806,1816,3744,4475,5090,6465,7036,9387,11226,12358,14885,16852,13816,17171,4205,7279,0,2,402,439,930,1324,1218,2054,1567,2992,2426,3147,3269,3336,8265,10495,3865,6631,84770,47770,11703,3849,41105,707,26,20,10
2021-05-03T23:59:59+02:00,4,8,1755,1762,3594,4350,4859,6253,6653,9056,10498,11623,14159,15872,13728,17056,4196,7262,0,2,396,429,926,1310,1204,2021,1546,2950,2393,3102,3216,3296,8150,10393,3860,6625,80343,47642,11498,3628,40805,518,22,20,9
2021-05-02T23:59:59+02:00,4,8,1745,1744,3520,4325,4776,6200,6583,8996,10381,11508,13973,15678,13696,17029,4195,7257,0,2,394,421,920,1295,1200,2004,1543,2937,2377,3085,3200,3278,8113,10361,3859,6621,79785,47621,11223,3530,40573,433,17,20,9
2021-05-01T23:59:59+02:00,4,8,1742,1744,3518,4324,4775,6199,6580,8995,10376,11504,13970,15678,13695,17028,4195,7254,0,2,393,421,920,1295,1199,2003,1543,2937,2377,3085,3200,3278,8113,10361,3859,6620,79758,47618,11223,3530,40572,433,16,20,9
2021-04-30T23:59:59+02:00,4,8,1740,1737,3512,4315,4768,6187,6559,8980,10338,11466,13919,15604,13669,16997,4194,7253,0,2,393,419,918,1293,1199,2003,1543,2937,2375,3084,3200,3276,8112,10359,3859,6620,79431,47611,11223,3529,40562,428,15,19,9
2021-04-29T23:59:59+02:00,4,7,1619,1696,3272,4200,4492,6033,6241,8729,9921,11073,13336,14900,13565,16841,4188,7245,0,2,384,408,909,1271,1179,1969,1519,2901,2346,3036,3186,3265,8099,10341,3856,6616,76646,47495,10837,3527,39848,242,14,17,9
2021-04-28T23:59:59+02:00,4,7,1494,1648,3098,4100,4257,5854,5885,8455,9334,10580,12459,13718,13409,16632,4179,7231,0,2,375,398,892,1258,1163,1940,1482,2857,2276,2966,3030,3131,7985,10225,3849,6605,72150,47072,10651,3113,39515,228,12,16,9
2021-04-27T23:59:59+02:00,4,7,1456,1604,2990,3980,4053,5712,5578,8196,8714,9910,11422,12406,13179,16275,4168,7209,0,2,363,382,883,1237,1148,1905,1455,2784,2229,2905,2991,3086,7958,10193,3842,6600,67341,46856,10464,2939,39031,147,12,15,9
2021-04-26T23:59:59+02:00,4,7,1432,1570,2878,3902,3881,5568,5267,7982,8222,9469,10667,11479,13035,16071,4157,7191,0,2,362,377,873,1226,1131,1894,1425,2763,2200,2874,2941,3034,7908,10143,3836,6595,63927,46752,10275,2685,38553,126,12,15,9
2021-04-25T23:59:59+02:00,4,7,1421,1564,2810,3870,3784,5508,5130,7935,8027,9363,10470,11244,12998,16017,4156,7186,0,2,361,372,864,1220,1113,1880,1410,2744,2177,2847,2899,3001,7860,10095,3835,6590,63419,46672,10073,2477,37976,100,12,14,9
2021-04-24T23:59:59+02:00,4,7,1420,1564,2810,3868,3783,5507,5128,7933,8023,9359,10463,11241,12998,16017,4156,7186,0,2,361,372,864,1220,1113,1877,1408,2743,2176,2847,2899,3001,7860,10095,3835,6590,63393,46667,10073,2476,37975,99,12,14,9
2021-04-23T23:59:59+02:00,4,7,1403,1553,2744,3834,3700,5477,5010,7885,7888,9300,10377,11129,12974,15976,4154,7182,0,2,360,372,863,1217,1113,1877,1407,2743,2176,2847,2899,3001,7859,10095,3835,6590,63262,46662,9793,2475,37516,98,12,14,9
2021-04-22T23:59:59+02:00,4,7,1361,1523,2636,3769,3539,5372,4777,7731,7535,9065,9804,10434,12706,15677,4148,7158,0,2,354,371,855,1208,1103,1864,1395,2717,2149,2826,2863,2968,7769,9986,3823,6573,61635,46250,9134,2466,36451,89,12,14,9
2021-04-21T23:59:59+02:00,4,7,1328,1486,2556,3692,3420,5270,4558,7551,7126,8737,8912,9402,12290,15098,4135,7116,0,2,349,369,850,1191,1094,1843,1377,2687,2118,2798,2804,2912,7653,9818,3805,6545,58899,45764,8265,2341,35498,89,12,14,9
2021-04-20T23:59:59+02:00,4,7,1306,1460,2485,3618,3320,5173,4385,7368,6741,8404,8019,8274,11824,14508,4121,7102,0,2,343,364,838,1178,1084,1821,1353,2664,2085,2755,2743,2855,7503,9630,3773,6489,56045,45041,7500,2335,34550,84,11,13,9
2021-04-19T23:59:59+02:00,4,7,1290,1443,2449,3581,3259,5106,4277,7265,6502,8171,7383,7498,11571,14152,4110,7084,0,2,341,362,833,1168,1078,1809,1330,2651,2051,2728,2688,2811,7386,9463,3750,6450,54093,44480,7126,2321,33909,80,11,13,9
2021-04-18T23:59:59+02:00,4,6,1280,1431,2418,3556,3219,5085,4224,7209,6366,8042,7030,7110,11477,14049,4107,7072,0,2,341,361,831,1164,1077,1802,1328,2638,2045,2723,2682,2797,7359,9430,3748,6446,53575,44355,6668,2319,33418,80,11,13,9
2021-04-17T23:59:59+02:00,4,6,1279,1429,2418,3554,3218,5081,4219,7206,6359,8032,7015,7100,11475,14047,4107,7072,0,2,341,361,830,1163,1077,1802,1326,2637,2044,2721,2679,2795,7358,9430,3748,6446,53553,44342,6666,2318,33379,80,11,12,9
2021-04-16T23:59:59+02:00,4,6,1276,1428,2407,3546,3210,5073,4200,7188,6308,7999,6938,7015,11463,14033,4105,7070,0,2,341,360,826,1161,1075,1802,1324,2636,2041,2721,2678,2788,7356,9428,3747,6446,53497,44318,6429,2314,33320,80,11,12,9
2021-04-15T23:59:59+02:00,2,4,1240,1408,2354,3497,3115,5014,4039,7059,6052,7767,6395,6458,11213,13744,4090,7038,0,2,334,358,807,1141,1036,1742,1279,2564,1967,2626,2598,2719,7268,9339,3737,6429,52409,43727,6039,2128,32018,74,11,12,6
2021-04-14T23:59:59+02:00,2,4,1219,1394,2319,3470,3046,4952,3931,6954,5862,7559,5752,5755,10819,13253,4058,6988,0,2,327,355,795,1132,1019,1716,1248,2523,1916,2574,2521,2649,7119,9144,3718,6403,51002,43066,5833,2005,30480,74,10,12,6
2021-04-13T23:59:59+02:00,2,4,1205,1384,2287,3439,2990,4888,3821,6873,5614,7338,5217,5210,10478,12839,4035,6960,0,2,306,341,776,1103,997,1695,1224,2488,1879,2533,2455,2583,7000,9007,3682,6342,49982,42378,5629,1948,28951,71,10,12,6
2021-04-12T23:59:59+02:00,2,4,1190,1378,2261,3416,2939,4843,3693,6792,5405,7189,4889,4916,10226,12558,4026,6936,0,2,290,337,763,1099,980,1679,1210,2465,1829,2486,2377,2522,6885,8866,3668,6320,49515,41801,5430,1899,27699,64,8,11,6
2021-04-11T23:59:59+02:00,2,4,1184,1365,2241,3396,2906,4823,3633,6721,5261,7080,4657,4716,10041,12359,4020,6925,0,2,283,335,758,1091,971,1664,1199,2437,1806,2454,2324,2463,6801,8758,3654,6300,49432,41386,5193,1838,26693,63,7,9,6
2021-04-10T23:59:59+02:00,2,4,1184,1364,2238,3392,2903,4819,3627,6718,5251,7068,4651,4707,10033,12346,4020,6925,0,2,280,331,742,1084,957,1659,1175,2417,1734,2402,2236,2377,6741,8711,3653,6296,49378,41216,5191,1508,26668,61,6,9,6
2021-04-09T23:59:59+02:00,2,4,1180,1361,2231,3390,2894,4809,3618,6707,5222,7044,4626,4679,10007,12316,4019,6925,0,2,271,328,722,1074,941,1638,1141,2370,1641,2326,2016,2108,6586,8550,3631,6263,49301,40361,5186,1174,26532,61,6,9,6
2021-04-08T23:59:59+02:00,2,4,1156,1341,2178,3334,2809,4719,3477,6577,4986,6811,4234,4271,9459,11742,4000,6871,0,2,246,307,670,1014,883,1565,1068,2274,1506,2206,1738,1771,6120,7988,3543,6117,48837,37785,4657,1171,24462,50,6,9,6
2021-04-07T23:59:59+02:00,2,4,1146,1327,2144,3316,2767,4682,3388,6515,4823,6677,3940,3969,8896,11190,3983,6842,0,2,213,278,610,959,822,1494,1009,2213,1400,2107,1597,1595,5521,7287,3454,5960,48626,35295,4182,1167,22790,49,4,9,6
2021-04-06T23:59:59+02:00,2,4,1124,1309,2100,3290,2728,4650,3323,6468,4697,6584,3684,3714,8405,10680,3967,6811,0,2,205,273,581,939,797,1446,963,2156,1317,2020,1450,1406,4936,6493,3339,5754,48431,32863,3645,1159,21452,46,3,9,6
2021-04-05T23:59:59+02:00,2,4,1121,1304,2094,3287,2718,4648,3309,6453,4674,6566,3652,3687,8375,10642,3963,6809,0,2,202,261,574,924,778,1422,947,2120,1277,1980,1403,1343,4722,6224,3291,5698,48341,31956,3639,1157,21316,46,3,9,6
2021-04-04T23:59:59+02:00,2,4,1121,1304,2094,3286,2718,4647,3309,6453,4673,6565,3647,3685,8373,10640,3963,6809,0,2,202,261,573,924,778,1422,947,2120,1277,1979,1403,1343,4721,6224,3291,5698,48335,31953,3639,1157,21307,46,3,9,6
2021-04-03T23:59:59+02:00,2,4,1121,1304,2093,3286,2718,4647,3309,6453,4673,6565,3646,3683,8373,10639,3963,6809,0,2,202,261,573,923,778,1422,947,2120,1277,1979,1403,1343,4721,6224,3291,5698,48334,31952,3638,1157,21304,46,3,9,6
2021-04-02T23:59:59+02:00,2,4,1121,1304,2093,3284,2718,4646,3309,6450,4673,6563,3644,3679,8371,10638,3963,6809,0,2,202,261,573,923,778,1420,947,2120,1277,1978,1403,1341,4719,6223,3290,5698,48318,31944,3638,1156,21303,46,3,9,6
2021-04-01T23:59:59+02:00,1,4,1108,1269,2028,3164,2610,4445,3160,6201,4515,6324,3600,3643,8271,10532,3952,6791,0,2,197,252,569,914,767,1414,937,2106,1254,1962,1382,1314,4479,5904,3170,5532,47946,30955,3632,1152,20028,39,3,9,6
2021-03-31T23:59:59+02:00,1,4,1091,1240,1989,3066,2534,4302,3070,5989,4384,6094,3516,3561,8118,10335,3932,6755,0,2,189,249,562,903,763,1396,925,2086,1213,1929,1326,1251,3985,5301,3042,5296,47339,29221,3505,1152,19125,38,3,9,4
2021-03-30T23:59:59+02:00,1,3,1069,1207,1937,2882,2432,4078,2920,5631,4183,5705,3422,3466,7953,10130,3905,6701,0,2,185,244,553,893,752,1374,903,2066,1165,1884,1240,1166,3459,4580,2816,4960,46699,27054,3339,1152,17575,29,3,9,4
2021-03-29T23:59:59+02:00,1,3,1052,1164,1874,2752,2348,3921,2782,5377,4020,5430,3322,3366,7791,9900,3876,6653,0,2,184,239,547,882,742,1360,885,2042,1128,1856,1165,1078,2875,3898,2638,4665,46053,25015,3104,1146,16464,19,2,9,4
2021-03-28T23:59:59+02:00,1,3,1033,1132,1803,2590,2266,3717,2661,5082,3868,5153,3257,3300,7726,9836,3872,6647,0,2,184,239,545,879,741,1358,883,2036,1125,1853,1156,1066,2820,3831,2625,4638,45945,24818,2895,1144,15096,14,2,9,3
2021-03-27T23:59:59+01:00,1,3,1033,1132,1803,2589,2265,3716,2658,5082,3865,5153,3253,3300,7725,9836,3872,6647,0,2,184,239,544,879,741,1358,882,2036,1122,1853,1156,1066,2820,3831,2625,4638,45936,24813,2895,1144,15091,14,2,9,3
2021-03-26T23:59:59+01:00,1,3,1028,1109,1761,2474,2201,3558,2595,4872,3779,4929,3232,3283,7722,9831,3871,6646,0,2,184,238,544,879,740,1358,882,2036,1122,1850,1152,1065,2817,3824,2624,4635,45909,24791,2892,1144,14083,12,2,9,3
2021-03-25T23:59:59+01:00,1,3,1003,1078,1710,2372,2118,3389,2486,4643,3667,4731,3130,3191,7594,9697,3864,6632,0,2,182,236,539,877,733,1348,876,2018,1105,1826,1106,1021,2589,3476,2424,4342,45650,23540,2554,1144,13097,12,1,7,3
2021-03-24T23:59:59+01:00,1,3,980,1058,1690,2329,2087,3339,2450,4576,3624,4661,3043,3120,7465,9525,3845,6614,0,2,182,232,533,872,726,1338,864,2003,1086,1805,1066,979,2194,2928,2030,3819,45110,21501,2424,1142,12868,12,1,7,3
2021-03-23T23:59:59+01:00,1,3,970,1052,1672,2297,2063,3305,2416,4532,3583,4611,2977,3047,7371,9423,3827,6586,0,2,180,229,529,867,719,1326,850,1984,1049,1773,985,888,1828,2437,1678,3353,44597,19553,2413,1108,12719,12,1,6,3
2021-03-22T23:59:59+01:00,1,3,968,1043,1658,2280,2049,3287,2394,4503,3546,4569,2933,3013,7308,9353,3813,6569,0,2,177,226,527,856,703,1303,836,1970,1020,1746,936,816,1351,1863,1324,2862,44263,17451,2391,1051,12629,12,1,6,3
2021-03-21T23:59:59+01:00,1,3,968,1043,1657,2277,2049,3284,2390,4499,3534,4561,2919,3004,7261,9298,3807,6563,0,2,177,223,526,854,702,1299,834,1966,1009,1741,913,797,1273,1778,1268,2793,44115,17149,2388,990,12608,12,1,6,3
2021-03-20T23:59:59+01:00,1,3,967,1042,1656,2276,2048,3284,2390,4499,3532,4559,2918,3003,7261,9297,3807,6563,0,2,177,223,526,854,702,1299,834,1966,996,1726,878,769,1241,1755,1259,2791,44113,17146,2383,836,12603,12,1,6,3
2021-03-19T23:59:59+01:00,1,3,966,1034,1649,2262,2037,3280,2388,4493,3525,4552,2908,2992,7249,9279,3806,6560,0,2,177,221,525,854,702,1297,834,1965,989,1721,834,730,1178,1703,1249,2780,44050,17102,2379,643,12548,12,1,6,3
2021-03-18T23:59:59+01:00,1,3,930,1002,1571,2148,1913,3112,2239,4245,3295,4301,2755,2834,6947,8914,3740,6459,0,2,176,220,520,849,695,1290,825,1954,966,1705,816,708,1101,1594,1104,2574,42655,16518,2068,565,11679,12,1,6,3
2021-03-17T23:59:59+01:00,1,3,877,970,1500,2088,1849,3046,2174,4185,3200,4205,2619,2700,6521,8420,3675,6344,0,2,175,218,517,844,693,1286,821,1949,961,1697,787,689,966,1441,948,2358,40879,15772,2064,564,11427,12,1,6,3
2021-03-16T23:59:59+01:00,1,3,852,946,1466,2047,1811,2997,2120,4130,3104,4107,2485,2541,6044,7768,3584,6193,0,0,169,215,512,843,689,1279,816,1940,954,1684,782,676,878,1315,804,2192,38878,15168,2003,564,11311,12,1,6,3
2021-03-15T23:59:59+01:00,1,3,835,940,1448,2024,1773,2942,2082,4059,3003,3998,2351,2370,5557,7224,3511,6076,0,0,168,214,512,835,687,1270,812,1930,944,1668,771,666,808,1203,649,1988,37106,14584,1902,526,11183,12,0,6,3
2021-03-14T23:59:59+01:00,1,3,830,925,1424,1997,1749,2913,2051,4000,2940,3930,2172,2173,5371,6996,3480,6043,0,0,168,214,511,832,685,1259,811,1923,941,1659,753,657,792,1184,625,1933,36080,14439,1801,502,11111,3,0,6,3
2021-03-13T23:59:59+01:00,1,3,822,918,1402,1985,1732,2900,2024,3972,2865,3882,2100,2099,5322,6941,3478,6042,0,0,168,214,511,831,685,1259,810,1923,941,1659,753,657,792,1184,625,1933,35825,14437,1553,502,11104,3,0,6,3
2021-03-12T23:59:59+01:00,1,3,798,902,1356,1927,1669,2802,1925,3821,2707,3715,1903,1860,5137,6717,3446,5999,0,0,168,214,510,831,685,1259,809,1923,941,1658,744,654,779,1169,617,1930,34495,14384,1309,501,10878,3,0,6,3
2021-03-11T23:59:59+01:00,1,3,764,843,1287,1842,1585,2653,1841,3620,2544,3543,1637,1550,4767,6245,3309,5817,0,0,159,207,504,822,675,1250,794,1887,921,1617,613,592,710,1126,596,1898,32378,13878,1208,489,10259,2,0,6,2
2021-03-10T23:59:59+01:00,1,3,749,791,1264,1786,1553,2595,1791,3549,2463,3454,1565,1461,4294,5700,3190,5563,0,0,159,205,495,801,657,1237,785,1867,914,1601,544,577,677,1117,589,1892,30558,13726,1202,387,10006,2,0,6,2
2021-03-09T23:59:59+01:00,1,3,735,770,1243,1756,1526,2549,1751,3498,2389,3402,1471,1363,3732,4944,2996,5253,0,0,156,203,489,780,647,1213,771,1835,902,1573,540,575,675,1112,586,1886,28369,13664,1199,275,9808,2,0,6,2
2021-03-08T23:59:59+01:00,0,3,731,742,1229,1735,1508,2529,1723,3460,2349,3359,1377,1261,3058,4113,2758,4882,0,0,152,200,475,757,625,1180,752,1785,878,1536,536,573,675,1111,586,1886,25901,13656,1199,49,9711,0,0,6,2
2021-03-07T23:59:59+01:00,0,3,728,738,1220,1725,1500,2514,1712,3452,2338,3351,1364,1245,2955,3991,2735,4832,0,0,152,200,475,757,625,1180,752,1785,878,1536,536,573,675,1111,586,1886,25546,13656,1197,49,9654,0,0,6,2
2021-03-06T23:59:59+01:00,0,3,727,738,1218,1720,1497,2511,1708,3449,2334,3350,1361,1245,2955,3991,2735,4832,0,0,151,200,475,757,625,1180,752,1785,878,1536,536,573,675,1111,586,1886,25541,13655,1197,49,9630,0,0,6,2
2021-03-05T23:59:59+01:00,0,3,666,714,1193,1705,1476,2501,1683,3434,2305,3340,1356,1242,2947,3984,2732,4827,0,0,151,200,475,756,625,1179,752,1785,878,1534,535,573,675,1111,586,1886,25513,13650,1193,49,9396,0,0,6,2
2021-03-04T23:59:59+01:00,0,3,600,667,1125,1635,1420,2418,1642,3353,2231,3263,1305,1194,2726,3618,2546,4539,0,0,149,194,472,742,614,1167,741,1757,869,1521,524,562,663,1101,581,1877,24282,13485,1185,47,8812,0,0,6,2
2021-03-03T23:59:59+01:00,0,3,563,629,1058,1572,1324,2337,1541,3267,2106,3176,1261,1148,2351,3096,2190,4086,0,0,149,194,470,739,614,1167,740,1755,867,1520,521,559,661,1098,581,1875,22405,13462,1183,46,8116,0,0,4,2
2021-03-02T23:59:59+01:00,0,3,545,595,1020,1526,1267,2295,1483,3215,2009,3115,1179,1047,1982,2617,1793,3562,0,0,147,192,465,733,609,1156,730,1745,862,1499,512,550,650,1077,561,1842,20328,13282,1180,46,7741,0,0,4,2
2021-03-01T23:59:59+01:00,0,3,538,546,1001,1487,1221,2234,1437,3151,1954,3042,1133,973,1483,2022,1405,3017,0,0,145,192,465,733,609,1155,730,1742,861,1499,510,550,646,1068,557,1831,18034,13245,1177,46,7432,0,0,4,2
2021-02-28T23:59:59+01:00,0,3,531,532,984,1447,1195,2172,1409,3093,1899,2969,1112,951,1368,1882,1331,2929,0,0,145,192,464,732,609,1155,729,1740,860,1498,508,550,646,1068,557,1831,17554,13236,1175,46,7074,0,0,4,2
2021-02-27T23:59:59+01:00,0,3,531,530,983,1444,1195,2171,1409,3092,1899,2968,1112,951,1368,1881,1329,2929,0,0,144,192,463,731,606,1153,727,1738,858,1497,508,550,646,1068,557,1831,17551,13235,1175,32,7065,0,0,4,2
2021-02-26T23:59:59+01:00,0,3,389,480,853,1400,1112,2129,1341,3051,1840,2926,1107,945,1365,1880,1329,2927,0,0,144,192,463,731,606,1153,727,1737,858,1496,508,550,646,1068,557,1831,17539,13234,1175,31,6359,0,0,4,2
2021-02-25T23:59:59+01:00,0,3,300,427,757,1306,1028,2039,1243,2878,1701,2764,1069,913,1283,1755,1209,2735,0,0,137,182,451,718,590,1128,720,1712,838,1472,494,536,618,1036,543,1812,16938,12964,1175,21,5293,0,0,4,2
2021-02-24T23:59:59+01:00,0,2,255,383,684,1230,954,1951,1189,2760,1635,2646,1042,893,1160,1609,1051,2516,0,0,135,182,448,714,586,1127,719,1707,837,1468,489,531,610,1031,540,1800,16223,12904,1173,18,4560,0,0,4,2
2021-02-23T23:59:59+01:00,0,2,243,361,663,1171,925,1872,1142,2648,1560,2536,1016,865,1079,1481,908,2351,0,0,135,180,448,713,586,1127,719,1704,835,1467,488,528,608,1030,540,1799,15661,12892,1138,14,4020,0,0,4,1
2021-02-22T23:59:59+01:00,0,0,229,342,640,1141,893,1789,1092,2556,1474,2413,970,835,960,1337,721,2094,0,0,135,180,447,712,584,1126,718,1704,829,1465,487,527,607,1028,539,1797,14906,12880,1065,4,3511,0,0,4,1
2021-02-21T23:59:59+01:00,0,0,223,331,604,1074,843,1684,1049,2455,1394,2306,953,814,927,1285,668,2028,0,0,135,179,444,705,583,1122,718,1699,829,1463,486,527,606,1028,538,1796,14696,12853,1022,4,2916,0,0,4,1
2021-02-20T23:59:59+01:00,0,0,223,328,601,1073,841,1679,1045,2450,1379,2287,917,785,894,1262,660,2026,0,0,135,179,444,705,583,1122,718,1699,829,1463,486,526,605,1028,538,1796,14695,12852,862,4,2889,0,0,4,0
2021-02-19T23:59:59+01:00,0,0,213,320,592,1065,828,1664,1024,2433,1346,2244,673,682,751,1198,635,2009,0,0,135,179,444,704,583,1119,717,1697,826,1460,486,525,605,1027,537,1796,14218,12837,673,3,2782,0,0,4,0
2021-02-18T23:59:59+01:00,0,0,197,271,553,943,744,1439,894,2176,1097,1872,595,614,710,1156,615,1991,0,0,130,179,431,692,568,1102,711,1671,810,1432,483,522,604,1026,537,1796,14058,12691,573,3,1233,0,0,3,0
2021-02-17T23:59:59+01:00,0,0,191,231,533,894,707,1342,835,2008,1012,1740,573,594,710,1153,613,1988,0,0,123,177,420,682,560,1086,692,1640,797,1409,480,520,602,1023,537,1795,14041,12540,573,3,507,0,0,3,0
2021-02-16T23:59:59+01:00,0,0,184,228,525,878,692,1311,816,1969,979,1700,561,589,704,1151,612,1985,0,0,118,172,406,677,549,1070,679,1622,788,1395,474,514,595,1009,529,1764,14010,12359,573,2,298,0,0,3,0
2021-02-15T23:59:59+01:00,0,0,170,219,520,851,686,1277,802,1934,950,1653,560,586,702,1151,612,1985,0,0,115,171,399,667,538,1051,650,1595,774,1377,472,511,595,1009,529,1764,14007,12215,534,2,114,0,0,3,0
2021-02-14T23:59:59+01:00,0,0,165,211,516,838,685,1268,799,1925,932,1644,559,585,702,1148,611,1985,0,0,108,167,388,656,521,1033,631,1580,767,1364,472,509,593,1007,529,1764,14001,12087,532,2,37,0,0,3,0
2021-02-13T23:59:59+01:00,0,0,164,211,515,838,685,1268,799,1925,932,1644,559,585,702,1148,611,1985,0,0,108,167,387,655,521,1033,631,1580,767,1364,472,509,593,1007,529,1764,14000,12085,532,2,36,0,0,3,0
2021-02-12T23:59:59+01:00,0,0,162,210,510,836,684,1265,795,1924,930,1641,558,585,702,1148,611,1985,0,0,105,165,384,649,517,1027,617,1565,764,1347,470,508,581,987,524,1735,13993,11943,531,2,19,0,0,3,0
2021-02-11T23:59:59+01:00,0,0,159,209,506,829,677,1261,793,1921,924,1639,553,579,695,1142,606,1979,0,0,86,129,355,579,470,947,565,1448,720,1253,446,463,537,933,480,1637,13942,11047,519,1,8,0,0,3,0
2021-02-10T23:59:59+01:00,0,0,156,207,496,812,661,1246,781,1894,909,1615,544,573,684,1129,601,1969,0,0,77,118,327,519,443,840,524,1272,647,1096,397,413,470,816,432,1476,13817,9866,456,1,1,0,0,3,0
2021-02-09T23:59:59+01:00,0,0,155,201,488,774,645,1207,761,1833,898,1574,532,561,678,1114,592,1950,0,0,72,101,308,452,408,756,481,1168,583,996,366,358,427,729,398,1355,13704,8958,256,0,0,0,0,3,0
2021-02-08T23:59:59+01:00,0,0,151,197,471,749,623,1172,741,1783,878,1530,526,560,676,1108,588,1934,0,0,58,75,263,384,358,622,421,939,510,817,308,303,361,575,333,1149,13634,7476,50,0,0,0,0,3,0
2021-02-07T23:59:59+01:00,0,0,151,196,469,748,621,1171,740,1775,876,1528,525,560,676,1108,588,1933,0,0,57,67,245,349,339,577,405,907,490,782,308,296,359,568,331,1145,13612,7225,50,0,0,0,0,3,0
2021-02-06T23:59:59+01:00,0,0,151,196,469,748,621,1171,740,1775,876,1528,525,560,676,1108,588,1933,0,0,57,67,245,348,339,577,405,906,488,780,308,295,358,566,330,1145,13612,7214,50,0,0,0,0,3,0
2021-02-05T23:59:59+01:00,0,0,151,196,469,748,621,1171,740,1775,876,1527,525,560,675,1108,588,1933,0,0,55,67,244,345,332,573,397,884,479,760,298,290,347,542,312,1105,13610,7030,50,0,0,0,0,3,0
2021-02-04T23:59:59+01:00,0,0,145,191,465,740,614,1163,736,1761,870,1518,518,553,654,1083,579,1915,0,0,41,51,211,311,290,477,355,743,385,614,233,219,262,376,231,818,13453,5617,49,0,0,0,0,3,0
2021-02-03T23:59:59+01:00,0,0,143,190,459,733,606,1154,732,1749,862,1502,506,545,639,1070,572,1907,0,0,33,32,155,220,237,347,265,567,309,465,182,172,185,282,178,612,13319,4241,47,0,0,0,0,3,0
2021-02-02T23:59:59+01:00,0,0,143,187,457,732,606,1154,729,1743,855,1498,505,543,635,1067,571,1903,0,0,24,26,136,173,192,279,221,431,257,374,142,132,138,210,141,483,13279,3359,47,0,0,0,0,2,0
2021-02-01T23:59:59+01:00,0,0,141,187,456,731,601,1151,728,1735,853,1493,504,541,630,1064,570,1896,0,0,20,19,100,128,138,188,155,299,168,258,90,94,93,133,76,258,13232,2217,47,0,0,0,0,2,0
2021-01-31T23:59:59+01:00,0,0,140,186,456,728,598,1150,728,1731,853,1492,502,540,629,1062,570,1895,0,0,14,15,67,88,96,123,118,222,141,202,85,87,89,125,74,244,13212,1790,47,0,0,0,0,1,0
2021-01-30T23:59:59+01:00,0,0,140,186,455,728,596,1148,727,1730,853,1492,502,540,628,1062,570,1895,0,0,14,15,67,88,96,121,116,218,138,199,84,86,89,119,68,234,13211,1752,40,0,0,0,0,1,0
2021-01-29T23:59:59+01:00,0,0,140,186,455,726,595,1145,725,1728,851,1491,502,540,628,1062,570,1895,0,0,12,15,55,82,79,117,98,207,115,187,79,79,87,115,67,233,13206,1627,32,0,0,0,0,1,0
2021-01-28T23:59:59+01:00,0,0,133,182,442,709,578,1119,719,1701,828,1462,495,534,625,1059,567,1892,0,0,7,3,12,20,24,45,31,95,47,86,46,50,56,85,49,176,13020,832,24,0,0,0,0,1,0
2021-01-27T23:59:59+01:00,0,0,126,180,431,699,570,1110,703,1667,821,1438,492,532,621,1054,567,1887,0,0,3,1,4,12,10,24,13,40,23,30,13,17,24,35,20,55,12875,324,22,0,0,0,0,1,0
2021-01-26T23:59:59+01:00,0,0,120,176,417,688,557,1096,694,1644,810,1417,487,526,615,1037,559,1852,0,0,3,1,4,11,7,22,11,37,17,27,13,15,23,33,20,54,12680,298,14,0,0,0,0,1,0
2021-01-25T23:59:59+01:00,0,0,117,174,408,676,546,1077,667,1616,792,1400,485,522,613,1036,559,1852,0,0,2,1,3,9,7,17,6,28,12,21,9,6,13,22,10,35,12535,201,4,0,0,0,0,1,0
2021-01-24T23:59:59+01:00,0,0,110,171,398,666,531,1059,650,1603,779,1388,484,519,612,1036,559,1852,0,0,2,0,1,6,7,5,4,7,5,8,1,2,11,15,6,21,12412,101,4,0,0,0,0,1,0
2021-01-23T23:59:59+01:00,0,0,110,171,398,665,531,1059,650,1603,779,1388,484,519,612,1036,559,1852,0,0,1,0,1,6,7,5,4,7,5,8,1,2,11,15,6,21,12411,100,4,0,0,0,0,1,0
2021-01-22T23:59:59+01:00,0,0,107,169,391,659,528,1053,636,1588,773,1370,484,514,601,1015,552,1823,0,0,1,0,1,6,7,5,4,7,5,8,1,2,11,15,6,21,12260,100,3,0,0,0,0,0,0
2021-01-21T23:59:59+01:00,0,0,96,161,376,642,505,1019,606,1538,751,1327,467,476,567,971,516,1755,0,0,1,0,1,6,7,5,4,7,5,8,1,2,11,15,6,21,11770,100,3,0,0,0,0,0,0
2021-01-20T23:59:59+01:00,0,0,78,120,341,553,461,879,549,1303,663,1140,405,417,482,828,454,1532,0,0,1,0,1,5,7,5,4,7,5,8,1,2,11,15,6,21,10202,99,3,0,0,0,0,0,0
2021-01-19T23:59:59+01:00,0,0,73,106,314,475,420,791,506,1191,611,1037,381,379,445,749,424,1436,0,0,1,0,1,3,7,5,4,7,5,8,1,0,8,10,5,18,9335,83,3,0,0,0,0,0,0
2021-01-18T23:59:59+01:00,0,0,59,76,268,389,365,643,430,959,519,840,313,311,375,595,358,1228,0,0,1,0,1,3,7,5,4,7,5,8,1,0,8,10,5,18,7726,83,2,0,0,0,0,0,0
2021-01-17T23:59:59+01:00,0,0,58,67,249,354,343,590,411,916,495,801,310,302,373,588,355,1220,0,0,0,0,0,0,0,1,0,0,0,0,0,0,0,0,0,0,7430,1,2,0,0,0,0,0,0
2021-01-16T23:59:59+01:00,0,0,58,67,249,353,343,590,411,915,493,799,310,301,371,584,354,1220,0,0,0,0,0,0,0,0,0,0,0,0,0,0,0,0,0,0,7416,0,2,0,0,0,0,0,0
2021-01-15T23:59:59+01:00,0,0,56,67,249,349,337,584,400,892,482,774,296,295,352,555,331,1178,0,0,0,0,0,0,0,0,0,0,0,0,0,0,0,0,0,0,7195,0,2,0,0,0,0,0,0
2021-01-14T23:59:59+01:00,0,0,43,54,235,325,312,509,366,767,393,628,235,221,262,379,238,847,0,0,0,0,0,0,0,0,0,0,0,0,0,0,0,0,0,0,5814,0,0,0,0,0,0,0,0
2021-01-13T23:59:59+01:00,0,0,37,43,210,269,273,409,300,615,322,502,180,178,190,289,192,655,0,0,0,0,0,0,0,0,0,0,0,0,0,0,0,0,0,0,4664,0,0,0,0,0,0,0,0
2021-01-12T23:59:59+01:00,0,0,32,41,205,254,258,377,276,535,290,456,143,136,144,221,150,514,0,0,0,0,0,0,0,0,0,0,0,0,0,0,0,0,0,0,4032,0,0,0,0,0,0,0,0
2021-01-11T23:59:59+01:00,0,0,27,37,195,233,240,325,229,446,240,381,111,106,108,144,88,320,0,0,0,0,0,0,0,0,0,0,0,0,0,0,0,0,0,0,3230,0,0,0,0,0,0,0,0
2021-01-10T23:59:59+01:00,0,0,26,31,157,172,197,250,191,350,198,304,99,99,105,139,86,305,0,0,0,0,0,0,0,0,0,0,0,0,0,0,0,0,0,0,2709,0,0,0,0,0,0,0,0
2021-01-09T23:59:59+01:00,0,0,26,31,150,168,195,242,187,342,196,299,99,99,105,139,86,305,0,0,0,0,0,0,0,0,0,0,0,0,0,0,0,0,0,0,2669,0,0,0,0,0,0,0,0
2021-01-08T23:59:59+01:00,0,0,23,28,119,144,174,229,162,313,168,278,94,89,103,135,85,304,0,0,0,0,0,0,0,0,0,0,0,0,0,0,0,0,0,0,2448,0,0,0,0,0,0,0,0
2021-01-07T23:59:59+01:00,0,0,8,3,16,26,32,55,37,105,61,110,49,51,64,93,54,212,0,0,0,0,0,0,0,0,0,0,0,0,0,0,0,0,0,0,976,0,0,0,0,0,0,0,0
2021-01-06T23:59:59+01:00,0,0,3,1,5,13,10,23,14,39,21,31,14,14,27,39,23,65,0,0,0,0,0,0,0,0,0,0,0,0,0,0,0,0,0,0,342,0,0,0,0,0,0,0,0
2021-01-05T23:59:59+01:00,0,0,3,1,4,10,9,19,11,31,15,26,11,14,23,34,21,57,0,0,0,0,0,0,0,0,0,0,0,0,0,0,0,0,0,0,289,0,0,0,0,0,0,0,0
2021-01-04T23:59:59+01:00,0,0,2,1,2,7,9,11,4,15,8,16,5,3,12,20,8,31,0,0,0,0,0,0,0,0,0,0,0,0,0,0,0,0,0,0,154,0,0,0,0,0,0,0,0
2021-01-03T23:59:59+01:00,0,0,2,0,1,6,8,5,4,7,5,9,1,2,12,16,7,21,0,0,0,0,0,0,0,0,0,0,0,0,0,0,0,0,0,0,106,0,0,0,0,0,0,0,0
2021-01-02T23:59:59+01:00,0,0,2,0,1,6,8,5,4,7,5,9,1,2,12,16,7,21,0,0,0,0,0,0,0,0,0,0,0,0,0,0,0,0,0,0,106,0,0,0,0,0,0,0,0
2021-01-01T23:59:59+01:00,0,0,1,0,1,6,8,5,4,7,5,9,1,2,12,15,7,21,0,0,0,0,0,0,0,0,0,0,0,0,0,0,0,0,0,0,104,0,0,0,0,0,0,0,0
2020-12-31T23:59:59+01:00,0,0,1,0,1,5,8,5,4,7,5,9,1,2,12,15,7,21,0,0,0,0,0,0,0,0,0,0,0,0,0,0,0,0,0,0,103,0,0,0,0,0,0,0,0
2020-12-30T23:59:59+01:00,0,0,1,0,1,5,8,5,4,7,5,9,1,2,12,15,7,21,0,0,0,0,0,0,0,0,0,0,0,0,0,0,0,0,0,0,103,0,0,0,0,0,0,0,0
2020-12-29T23:59:59+01:00,0,0,1,0,1,3,8,5,4,7,5,9,1,0,9,10,6,18,0,0,0,0,0,0,0,0,0,0,0,0,0,0,0,0,0,0,87,0,0,0,0,0,0,0,0
2020-12-28T23:59:59+01:00,0,0,1,0,1,3,8,5,4,7,5,9,1,0,9,10,6,18,0,0,0,0,0,0,0,0,0,0,0,0,0,0,0,0,0,0,87,0,0,0,0,0,0,0,0
2020-12-27T23:59:59+01:00,0,0,1,0,1,3,8,4,4,7,5,9,1,0,9,10,6,18,0,0,0,0,0,0,0,0,0,0,0,0,0,0,0,0,0,0,86,0,0,0,0,0,0,0,0
