Datum,<15_1_m,<15_1_w,15-24_1_m,15-24_1_w,25-34_1_m,25-34_1_w,35-44_1_m,35-44_1_w,45-54_1_m,45-54_1_w,55-64_1_m,55-64_1_w,65-74_1_m,65-74_1_w,75-84_1_m,75-84_1_w,>84_1_m,>84_1_w,<15_2_m,<15_2_w,15-24_2_m,15-24_2_w,25-34_2_m,25-34_2_w,35-44_2_m,35-44_2_w,45-54_2_m,45-54_2_w,55-64_2_m,55-64_2_w,65-74_2_m,65-74_2_w,75-84_2_m,75-84_2_w,>84_2_m,>84_2_w,bp_1,bp_2,mo_1,mo_2,az_1,az_2,ja,unb_1,unb_2
2021-11-23T23:59:59+01:00,3472,3364,20689,18947,26063,23938,27033,26306,30078,30551,32361,33250,22185,25384,15735,19840,4582,8035,2341,2228,17249,15967,22590,20744,24232,23594,27629,28127,30511,31335,21416,24419,15284,19175,4413,7691,265205,236464,33313,32043,55112,52236,18155,37,47
2021-11-22T23:59:59+01:00,3393,3283,20606,18872,25951,23827,26953,26208,30017,30470,32292,33184,22162,25351,15727,19811,4574,8024,2321,2211,17201,15905,22520,20692,24175,23541,27583,28074,30467,31298,21395,24394,15272,19161,4409,7687,264107,235845,33306,32027,55112,52235,18152,37,47
2021-11-21T23:59:59+01:00,3355,3235,20543,18818,25886,23752,26897,26151,29960,30409,32241,33129,22142,25323,15720,19793,4570,8019,2315,2204,17178,15893,22491,20674,24153,23522,27567,28065,30452,31282,21387,24388,15267,19154,4409,7682,263351,235630,33302,32021,55112,52235,18150,37,47
2021-11-20T23:59:59+01:00,3343,3223,20518,18787,25844,23723,26858,26130,29937,30385,32227,33112,22133,25316,15717,19789,4570,8017,2311,2201,17162,15888,22482,20665,24136,23511,27560,28054,30448,31279,21385,24387,15267,19152,4409,7682,263040,235528,33300,32020,55112,52235,18149,37,47
2021-11-19T23:59:59+01:00,3265,3150,20437,18709,25761,23648,26800,26077,29876,30333,32189,33073,22121,25292,15715,19783,4569,8014,2300,2193,17129,15856,22436,20635,24088,23484,27523,28025,30429,31269,21374,24382,15264,19148,4407,7681,262235,235186,33288,32010,55112,52231,18149,37,47
2021-11-18T23:59:59+01:00,3151,3054,20354,18595,25654,23523,26713,25968,29806,30251,32145,33007,22085,25249,15704,19764,4569,8005,2281,2159,17058,15782,22379,20576,24044,23428,27474,27994,30382,31232,21362,24367,15255,19130,4404,7666,261027,234570,33281,31981,55112,52226,18149,37,47
2021-11-17T23:59:59+01:00,3090,2986,20240,18478,25542,23383,26613,25862,29722,30190,32089,32937,22063,25210,15694,19744,4566,7998,2261,2131,16971,15726,22283,20509,23978,23352,27399,27941,30337,31195,21346,24350,15246,19114,4402,7661,259847,233821,33273,31964,55112,52223,18147,37,47
2021-11-16T23:59:59+01:00,3044,2930,20121,18390,25408,23252,26526,25766,29652,30107,32026,32866,22042,25178,15683,19725,4564,7986,2240,2115,16929,15701,22238,20468,23934,23321,27360,27894,30306,31164,21330,24336,15233,19104,4402,7658,258715,233360,33267,31961,55112,52221,18144,37,47
2021-11-15T23:59:59+01:00,2993,2890,19926,18240,25230,23099,26407,25646,29566,30002,31944,32788,22013,25145,15667,19704,4561,7978,2224,2106,16881,15681,22195,20436,23892,23295,27336,27865,30285,31146,21313,24317,15226,19091,4400,7654,257265,232996,33253,31938,55112,52221,18141,37,47
2021-11-14T23:59:59+01:00,2965,2854,19804,18142,25118,22978,26320,25574,29497,29926,31884,32725,21988,25116,15657,19689,4558,7972,2213,2092,16851,15640,22169,20405,23865,23277,27320,27845,30266,31129,21306,24314,15220,19080,4400,7652,256241,232703,33247,31935,55112,52220,18139,37,47
2021-11-13T23:59:59+01:00,2952,2837,19740,18095,25060,22940,26254,25537,29462,29901,31861,32706,21983,25111,15657,19687,4556,7971,2210,2091,16843,15635,22163,20398,23854,23273,27313,27842,30261,31126,21305,24313,15220,19079,4400,7652,255787,232644,33247,31931,55112,52220,18136,37,47
2021-11-12T23:59:59+01:00,2913,2797,19561,17966,24911,22814,26121,25419,29394,29822,31804,32668,21971,25090,15649,19681,4554,7971,2198,2080,16785,15609,22122,20363,23816,23244,27288,27824,30229,31113,21298,24303,15213,19074,4400,7650,254614,232294,33219,31919,55112,52216,18133,37,47
2021-11-11T23:59:59+01:00,2851,2731,19423,17846,24783,22681,26001,25309,29307,29730,31737,32619,21947,25066,15641,19671,4552,7965,2181,2060,16743,15558,22082,20310,23782,23217,27261,27792,30211,31078,21280,24293,15208,19063,4398,7644,253408,231872,33188,31904,55112,52214,18124,37,47
2021-11-10T23:59:59+01:00,2800,2669,19187,17648,24557,22496,25851,25167,29154,29624,31653,32520,21917,25037,15624,19651,4549,7955,2166,2036,16682,15481,22010,20254,23733,23169,27212,27755,30166,31040,21262,24272,15199,19046,4393,7638,251661,231256,33150,31889,55111,52213,18109,37,47
2021-11-09T23:59:59+01:00,2756,2627,19049,17509,24400,22376,25741,25053,29080,29549,31590,32452,21896,25006,15607,19634,4546,7940,2147,2021,16652,15446,21974,20229,23711,23141,27189,27726,30140,30998,21245,24254,15192,19029,4391,7633,250427,230870,33139,31886,55111,52209,18106,37,47
2021-11-08T23:59:59+01:00,2710,2589,18806,17300,24178,22166,25566,24917,28936,29425,31487,32369,21861,24954,15585,19611,4545,7932,2124,2000,16601,15400,21929,20190,23684,23102,27151,27700,30117,30972,21221,24240,15183,19015,4387,7629,248601,230430,33105,31870,55111,52206,18092,37,47
2021-11-07T23:59:59+01:00,2683,2558,18705,17200,24060,22060,25465,24832,28870,29356,31441,32313,21839,24933,15577,19607,4543,7929,2109,1986,16577,15384,21903,20164,23663,23089,27137,27683,30105,30960,21217,24234,15178,19007,4387,7627,247638,230199,33103,31870,55111,52203,18091,37,47
2021-11-06T23:59:59+01:00,2683,2555,18703,17197,24056,22060,25461,24829,28868,29354,31440,32311,21839,24933,15577,19607,4542,7929,2109,1985,16577,15382,21903,20163,23662,23089,27136,27682,30103,30960,21217,24233,15178,19007,4387,7627,247611,230191,33103,31868,55111,52203,18091,37,47
2021-11-05T23:59:59+01:00,2654,2516,18611,17122,23971,21968,25396,24763,28808,29303,31404,32281,21838,24926,15574,19600,4542,7928,2104,1979,16566,15365,21895,20152,23651,23082,27129,27669,30096,30952,21212,24228,15178,19006,4386,7626,246906,230077,33070,31863,55111,52199,18090,37,47
2021-11-04T23:59:59+01:00,2608,2480,18531,17035,23866,21873,25332,24707,28738,29259,31367,32244,21827,24914,15566,19591,4540,7924,2075,1955,16507,15317,21846,20107,23616,23052,27105,27639,30073,30930,21208,24219,15173,18996,4384,7625,246130,229676,33061,31847,55111,52185,18072,37,47
2021-11-03T23:59:59+01:00,2572,2454,18393,16909,23709,21740,25226,24616,28659,29199,31319,32188,21807,24902,15560,19585,4540,7922,2047,1932,16433,15248,21789,20040,23576,23011,27060,27604,30046,30901,21191,24195,15162,18985,4382,7618,245059,229093,33037,31832,55111,52183,18065,37,47
2021-11-02T23:59:59+01:00,2544,2431,18258,16827,23564,21639,25134,24550,28585,29143,31270,32153,21798,24883,15554,19576,4539,7913,2032,1912,16375,15211,21752,19993,23539,22971,27031,27578,30023,30878,21183,24182,15154,18982,4381,7615,244137,228682,33031,31826,55111,52183,18054,37,47
2021-11-01T23:59:59+01:00,2523,2413,18176,16756,23481,21584,25077,24507,28536,29103,31244,32128,21786,24874,15550,19575,4539,7912,2018,1898,16340,15157,21714,19955,23513,22940,27001,27542,30005,30859,21175,24177,15153,18972,4381,7613,243549,228320,33027,31814,55111,52183,18049,37,47
2021-10-31T23:59:59+01:00,2523,2413,18176,16756,23480,21582,25076,24507,28536,29103,31244,32128,21786,24874,15550,19575,4539,7912,2017,1897,16340,15157,21714,19955,23513,22939,27001,27542,30005,30858,21175,24177,15153,18972,4381,7613,243545,228316,33027,31814,55111,52183,18049,37,47
2021-10-30T23:59:59+02:00,2523,2413,18176,16756,23479,21582,25076,24507,28536,29103,31244,32128,21786,24874,15550,19575,4539,7912,2017,1897,16340,15157,21714,19955,23513,22939,27001,27542,30005,30858,21175,24177,15153,18972,4381,7613,243544,228316,33027,31814,55111,52183,18049,37,47
2021-10-29T23:59:59+02:00,2511,2399,18111,16715,23407,21544,25000,24464,28474,29066,31219,32109,21782,24865,15544,19570,4538,7911,2012,1892,16326,15145,21699,19940,23503,22924,26990,27529,29997,30855,21173,24175,15153,18970,4381,7613,243057,228190,32986,31810,55111,52183,18047,37,47
2021-10-28T23:59:59+02:00,2487,2375,18030,16650,23328,21486,24951,24411,28435,29028,31187,32081,21776,24858,15539,19562,4538,7908,1981,1873,16267,15095,21665,19895,23472,22892,26965,27506,29975,30830,21163,24166,15151,18967,4381,7608,242496,227791,32956,31795,55111,52180,18039,37,47
2021-10-27T23:59:59+02:00,2453,2338,17914,16568,23175,21385,24844,24324,28338,28968,31139,32049,21767,24834,15532,19553,4538,7907,1958,1844,16196,15046,21617,19835,23438,22853,26930,27468,29949,30805,21152,24153,15144,18957,4380,7604,241539,227304,32916,31770,55111,52176,18032,37,47
2021-10-26T23:59:59+02:00,2428,2314,17856,16522,23131,21337,24799,24286,28293,28926,31112,32030,21765,24824,15529,19551,4538,7904,1940,1820,16155,15000,21586,19803,23406,22823,26919,27447,29936,30794,21144,24153,15142,18955,4380,7604,241072,226995,32915,31770,55111,52176,18019,37,47
2021-10-25T23:59:59+02:00,2427,2310,17855,16518,23129,21335,24797,24283,28292,28923,31111,32030,21765,24824,15529,19551,4538,7904,1940,1819,16155,14999,21586,19802,23404,22822,26919,27447,29936,30794,21144,24153,15142,18955,4380,7604,241049,226990,32915,31770,55111,52176,18018,37,47
2021-10-24T23:59:59+02:00,2418,2301,17837,16491,23112,21315,24771,24267,28283,28917,31104,32025,21763,24822,15527,19550,4538,7904,1930,1802,16136,14962,21563,19779,23390,22794,26908,27436,29926,30787,21141,24148,15140,18949,4380,7604,240889,226780,32901,31756,55111,52176,18016,37,47
2021-10-23T23:59:59+02:00,2418,2301,17836,16491,23110,21315,24771,24267,28282,28917,31104,32025,21763,24822,15527,19550,4538,7904,1930,1802,16136,14962,21561,19779,23390,22794,26908,27436,29926,30787,21141,24148,15140,18949,4380,7604,240886,226779,32901,31756,55111,52176,18015,37,47
2021-10-22T23:59:59+02:00,2397,2283,17774,16451,23061,21269,24720,24212,28250,28888,31070,32004,21757,24813,15522,19548,4537,7902,1923,1795,16117,14950,21551,19770,23374,22777,26900,27432,29917,30781,21139,24146,15140,18949,4380,7604,240422,226665,32893,31755,55111,52174,18004,37,47
2021-10-21T23:59:59+02:00,2382,2256,17730,16406,23007,21219,24683,24177,28204,28861,31053,31982,21750,24807,15519,19544,4536,7894,1878,1757,16055,14872,21506,19710,23338,22730,26861,27394,29903,30760,21132,24134,15131,18931,4378,7599,240013,226149,32867,31708,55111,52174,17991,37,47
2021-10-20T23:59:59+02:00,2351,2215,17651,16343,22916,21153,24606,24133,28165,28813,31019,31955,21738,24798,15515,19535,4534,7892,1823,1714,15969,14800,21456,19643,23278,22684,26817,27338,29875,30732,21111,24122,15124,18913,4372,7596,239366,225485,32847,31684,55111,52171,17980,37,47
2021-10-19T23:59:59+02:00,2330,2201,17617,16317,22896,21138,24592,24116,28152,28801,31011,31933,21731,24787,15513,19527,4533,7891,1792,1675,15910,14751,21414,19596,23257,22659,26797,27319,29855,30713,21101,24108,15119,18907,4372,7593,239125,225061,32847,31684,55110,52170,17976,37,47
2021-10-18T23:59:59+02:00,2317,2191,17596,16296,22880,21113,24573,24098,28140,28791,30998,31921,21725,24785,15511,19520,4531,7888,1768,1652,15868,14703,21395,19571,23234,22630,26776,27293,29835,30698,21095,24103,15115,18901,4371,7592,238914,224725,32847,31683,55110,52170,17975,37,47
2021-10-17T23:59:59+02:00,2308,2185,17571,16262,22849,21084,24554,24084,28122,28782,30988,31913,21717,24781,15510,19517,4531,7886,1750,1623,15826,14656,21363,19528,23213,22603,26757,27272,29821,30694,21089,24094,15115,18896,4369,7590,238696,224408,32841,31663,55108,52170,17971,37,47
2021-10-16T23:59:59+02:00,2308,2185,17570,16262,22849,21084,24554,24084,28122,28782,30988,31913,21717,24781,15510,19517,4531,7886,1750,1623,15826,14656,21363,19527,23213,22603,26757,27272,29821,30694,21089,24094,15115,18896,4369,7590,238695,224407,32841,31663,55108,52170,17971,37,47
2021-10-15T23:59:59+02:00,2298,2175,17545,16246,22831,21069,24528,24066,28106,28767,30982,31909,21711,24774,15510,19517,4531,7885,1742,1608,15813,14639,21351,19516,23204,22596,26754,27265,29816,30689,21086,24092,15114,18896,4369,7590,238517,224291,32828,31663,55108,52170,17969,37,47
2021-10-14T23:59:59+02:00,2288,2157,17502,16211,22795,21035,24504,24042,28087,28747,30971,31896,21705,24771,15507,19514,4530,7882,1721,1582,15751,14587,21322,19471,23168,22557,26736,27229,29794,30666,21075,24084,15109,18886,4367,7588,238218,223884,32827,31649,55108,52151,17962,37,47
2021-10-13T23:59:59+02:00,2258,2137,17417,16135,22732,20971,24459,23999,28049,28702,30942,31866,21691,24761,15501,19509,4529,7878,1683,1551,15651,14496,21269,19420,23126,22520,26695,27189,29765,30638,21067,24066,15107,18871,4367,7584,237694,223343,32802,31621,55108,52151,17903,37,47
2021-10-12T23:59:59+02:00,2248,2118,17376,16091,22709,20943,24432,23971,28033,28681,30929,31845,21687,24756,15497,19501,4528,7876,1660,1531,15599,14435,21250,19386,23101,22499,26670,27164,29742,30617,21059,24057,15105,18868,4365,7583,237382,222986,32801,31609,55107,52147,17902,37,47
2021-10-11T23:59:59+02:00,2237,2106,17347,16060,22694,20922,24417,23950,28014,28662,30914,31835,21681,24748,15495,19496,4525,7871,1642,1520,15556,14399,21210,19332,23078,22461,26644,27124,29713,30601,21048,24047,15099,18861,4361,7580,237139,222575,32801,31609,55107,52147,17898,37,47
2021-10-10T23:59:59+02:00,2233,2097,17331,16040,22677,20908,24412,23942,28005,28648,30909,31828,21674,24744,15495,19494,4525,7868,1626,1509,15500,14354,21146,19272,23039,22422,26599,27098,29691,30579,21038,24036,15093,18854,4361,7580,237003,222124,32797,31586,55107,52146,17894,37,47
2021-10-09T23:59:59+02:00,2231,2097,17331,16039,22675,20907,24412,23942,28005,28648,30909,31828,21674,24744,15495,19494,4525,7868,1625,1506,15499,14352,21146,19271,23039,22422,26599,27097,29691,30579,21038,24036,15093,18854,4361,7580,236997,222115,32797,31586,55107,52146,17894,37,47
2021-10-08T23:59:59+02:00,2226,2089,17320,16014,22651,20895,24394,23933,27990,28632,30894,31819,21672,24739,15495,19494,4525,7868,1618,1502,15493,14339,21132,19256,23028,22414,26589,27080,29686,30572,21036,24030,15091,18853,4361,7580,236859,222012,32787,31586,55106,52146,17869,37,47
2021-10-07T23:59:59+02:00,2202,2069,17262,15970,22621,20848,24368,23905,27957,28607,30873,31794,21667,24736,15493,19485,4524,7862,1583,1470,15418,14261,21067,19185,22984,22367,26558,27043,29658,30549,21025,24015,15086,18843,4357,7579,236481,221472,32777,31538,55103,52138,17853,37,47
2021-10-06T23:59:59+02:00,2178,2046,17202,15923,22573,20795,24342,23864,27925,28577,30857,31768,21656,24724,15486,19479,4523,7858,1546,1443,15357,14188,21017,19124,22946,22330,26527,27004,29634,30520,21014,24001,15075,18837,4355,7577,236060,220973,32758,31511,55103,52138,17826,37,47
2021-10-05T23:59:59+02:00,2158,2029,17157,15883,22526,20767,24308,23824,27903,28552,30844,31751,21651,24716,15486,19474,4522,7857,1534,1426,15329,14157,20963,19099,22916,22301,26499,26978,29609,30495,21006,23982,15072,18829,4352,7577,235791,220705,32758,31509,55103,52138,17725,37,47
2021-10-04T23:59:59+02:00,2131,1994,17101,15844,22474,20737,24285,23799,27887,28518,30825,31733,21647,24707,15484,19470,4521,7854,1528,1414,15291,14133,20937,19070,22902,22276,26481,26959,29597,30481,20999,23972,15068,18824,4352,7569,235449,220493,32758,31507,55103,52136,17670,37,47
2021-10-03T23:59:59+02:00,2126,1982,17072,15804,22444,20704,24247,23775,27873,28498,30808,31723,21644,24700,15483,19465,4521,7852,1508,1393,15259,14095,20912,19040,22876,22256,26466,26937,29583,30471,20989,23959,15066,18821,4352,7569,235236,220272,32752,31496,55099,52134,17603,37,47
2021-10-02T23:59:59+02:00,2126,1982,17072,15804,22444,20704,24246,23775,27873,28498,30808,31723,21644,24700,15483,19465,4521,7852,1508,1393,15259,14095,20912,19040,22876,22256,26466,26937,29583,30470,20989,23959,15066,18821,4352,7569,235235,220271,32752,31496,55099,52134,17603,37,47
2021-10-01T23:59:59+02:00,2121,1977,17058,15787,22441,20692,24232,23754,27868,28491,30804,31718,21641,24698,15483,19463,4520,7852,1506,1390,15255,14093,20909,19038,22874,22256,26464,26935,29583,30466,20988,23957,15066,18821,4352,7569,235118,220244,32751,31496,55099,52134,17601,37,47
2021-09-30T23:59:59+02:00,2100,1961,17001,15735,22397,20635,24192,23719,27838,28458,30781,31694,21630,24692,15478,19456,4518,7847,1469,1359,15185,14027,20871,19002,22840,22215,26441,26901,29564,30445,20984,23948,15063,18813,4348,7564,234732,219854,32737,31475,55099,52130,17533,37,47
2021-09-29T23:59:59+02:00,2032,1916,16908,15658,22325,20565,24137,23668,27776,28406,30743,31664,21614,24678,15471,19442,4515,7845,1447,1328,15115,13971,20828,18949,22804,22162,26403,26871,29529,30417,20975,23936,15052,18805,4347,7561,234091,219451,32720,31452,55098,52127,17423,37,47
2021-09-28T23:59:59+02:00,2014,1899,16826,15593,22254,20512,24073,23626,27737,28363,30726,31647,21604,24664,15466,19432,4515,7842,1433,1316,15047,13926,20769,18907,22760,22136,26373,26836,29508,30396,20962,23921,15046,18795,4345,7557,233657,219120,32719,31452,55098,52126,17288,37,47
2021-09-27T23:59:59+02:00,1951,1830,16760,15533,22218,20476,24048,23598,27709,28327,30706,31630,21597,24657,15464,19429,4514,7840,1422,1301,15018,13895,20747,18870,22745,22111,26354,26824,29490,30380,20958,23911,15042,18787,4344,7554,233160,218850,32719,31452,55098,52125,17279,37,47
2021-09-26T23:59:59+02:00,1930,1809,16690,15469,22165,20416,24009,23547,27680,28301,30691,31621,21587,24650,15463,19426,4514,7838,1406,1287,14947,13826,20694,18815,22695,22053,26314,26787,29471,30353,20951,23901,15034,18784,4344,7551,232792,218445,32702,31425,55097,52112,17184,37,47
2021-09-25T23:59:59+02:00,1930,1809,16688,15469,22163,20415,24006,23546,27680,28301,30691,31621,21587,24650,15463,19426,4514,7838,1406,1287,14946,13826,20692,18815,22694,22053,26313,26784,29471,30353,20950,23901,15034,18784,4344,7551,232786,218440,32702,31424,55097,52112,17181,37,47
2021-09-24T23:59:59+02:00,1929,1806,16661,15449,22119,20386,23972,23525,27660,28279,30674,31606,21585,24646,15461,19425,4514,7838,1399,1280,14918,13799,20642,18783,22653,22027,26285,26763,29449,30333,20945,23895,15032,18782,4343,7550,232722,218312,32702,31424,55097,52112,16983,37,47
2021-09-23T23:59:59+02:00,1899,1768,16586,15363,22058,20311,23924,23457,27615,28224,30648,31566,21573,24635,15453,19410,4511,7836,1372,1252,14840,13736,20582,18740,22625,21980,26251,26719,29423,30306,20941,23884,15026,18774,4343,7549,232162,217910,32663,31390,55097,52112,16884,37,47
2021-09-22T23:59:59+02:00,1866,1737,16485,15285,21965,20234,23848,23403,27547,28163,30606,31531,21557,24612,15451,19397,4509,7833,1317,1201,14715,13629,20491,18661,22561,21909,26190,26658,29374,30270,20921,23874,15020,18766,4340,7540,231552,217231,32642,31347,55097,52105,16707,37,47
2021-09-21T23:59:59+02:00,1836,1693,16405,15210,21906,20174,23797,23354,27505,28128,30567,31491,21546,24592,15448,19387,4503,7825,1308,1185,14659,13582,20432,18622,22518,21866,26155,26633,29349,30245,20908,23860,15013,18755,4337,7536,231075,216943,32642,31347,55097,52105,16521,37,47
2021-09-20T23:59:59+02:00,1809,1678,16331,15145,21849,20127,23748,23314,27467,28085,30533,31473,21537,24579,15442,19381,4502,7823,1296,1175,14602,13529,20386,18578,22480,21838,26107,26601,29323,30220,20900,23848,15011,18749,4334,7533,230665,216625,32640,31346,55097,52104,16388,37,47
2021-09-19T23:59:59+02:00,1782,1655,16267,15095,21799,20066,23713,23280,27436,28057,30512,31448,21528,24568,15438,19370,4502,7820,1288,1165,14543,13486,20340,18524,22428,21815,26082,26569,29306,30206,20893,23835,15007,18746,4333,7529,230298,216342,32618,31313,55097,52104,16289,37,47
2021-09-18T23:59:59+02:00,1782,1655,16265,15092,21798,20065,23710,23278,27436,28056,30512,31448,21528,24568,15438,19370,4502,7820,1288,1165,14542,13484,20340,18524,22427,21814,26082,26567,29306,30206,20893,23835,15007,18746,4333,7529,230290,216341,32618,31312,55097,52104,16284,37,47
2021-09-17T23:59:59+02:00,1776,1648,16242,15072,21773,20045,23690,23267,27422,28041,30503,31442,21525,24565,15435,19367,4501,7820,1280,1156,14521,13469,20330,18518,22418,21809,26075,26563,29296,30200,20890,23832,15006,18745,4333,7529,230116,216237,32617,31312,55097,52104,16270,37,47
2021-09-16T23:59:59+02:00,1737,1617,16141,14971,21692,19944,23620,23184,27356,27981,30464,31404,21512,24548,15430,19357,4496,7820,1247,1127,14437,13395,20285,18462,22382,21758,26044,26518,29275,30169,20879,23822,14999,18737,4330,7525,229306,215777,32596,31234,55097,52092,16241,37,47
2021-09-15T23:59:59+02:00,1706,1600,16073,14893,21636,19890,23575,23139,27324,27947,30439,31380,21499,24526,15418,19348,4495,7818,1218,1099,14360,13309,20217,18402,22343,21706,26004,26474,29243,30146,20866,23807,14987,18729,4329,7523,228777,215217,32576,31189,55097,52087,16222,37,47
2021-09-14T23:59:59+02:00,1693,1584,16038,14847,21589,19852,23545,23104,27292,27911,30414,31356,21484,24515,15415,19336,4492,7817,1200,1084,14322,13271,20192,18380,22321,21680,25984,26459,29231,30136,20855,23799,14984,18722,4328,7521,228368,214935,32573,31188,55097,52087,16212,37,47
2021-09-13T23:59:59+02:00,1672,1571,15996,14794,21562,19820,23514,23071,27275,27875,30400,31341,21483,24505,15410,19334,4491,7814,1194,1076,14294,13256,20165,18364,22301,21660,25969,26447,29221,30113,20846,23788,14983,18715,4326,7519,228023,214711,32570,31188,55097,52087,16204,37,47
2021-09-12T23:59:59+02:00,1662,1558,15972,14771,21546,19798,23498,23046,27260,27860,30389,31333,21476,24497,15410,19329,4491,7814,1180,1071,14261,13227,20140,18327,22281,21634,25956,26423,29210,30105,20839,23779,14978,18708,4324,7514,227829,214469,32551,31157,55097,52085,16199,37,47
2021-09-11T23:59:59+02:00,1661,1558,15960,14767,21538,19790,23497,23045,27258,27859,30386,31331,21475,24496,15410,19329,4491,7814,1180,1071,14256,13225,20138,18324,22279,21634,25956,26422,29210,30105,20838,23779,14978,18708,4324,7514,227792,214458,32551,31157,55094,52085,16194,37,47
2021-09-10T23:59:59+02:00,1661,1558,15937,14762,21525,19779,23479,23042,27240,27849,30373,31326,21474,24494,15406,19327,4491,7813,1178,1071,14233,13218,20123,18314,22265,21630,25941,26409,29192,30102,20837,23775,14975,18705,4323,7513,227761,214419,32551,31157,55094,52085,16096,37,47
2021-09-09T23:59:59+02:00,1616,1519,15857,14683,21465,19712,23425,22992,27180,27799,30345,31297,21465,24477,15392,19313,4489,7811,1150,1046,14151,13143,20052,18245,22198,21575,25891,26368,29157,30070,20821,23747,14957,18691,4321,7511,227231,213950,32520,31074,55093,52065,15959,37,46
2021-09-08T23:59:59+02:00,1578,1472,15730,14589,21394,19635,23372,22917,27130,27756,30305,31249,21448,24459,15383,19302,4488,7811,1133,1021,14062,13053,19968,18192,22133,21522,25844,26328,29121,30020,20802,23726,14953,18683,4320,7510,226686,213549,32451,30982,55093,52060,15754,37,46
2021-09-07T23:59:59+02:00,1565,1452,15680,14537,21339,19609,23336,22894,27103,27724,30288,31233,21437,24437,15377,19294,4486,7811,1116,1007,13994,13004,19904,18152,22091,21491,25808,26296,29092,29992,20791,23712,14949,18676,4319,7510,226445,213264,32444,30952,55093,52056,15586,37,46
2021-09-06T23:59:59+02:00,1552,1442,15630,14492,21318,19577,23313,22866,27078,27705,30272,31211,21427,24434,15373,19287,4486,7809,1104,998,13962,12965,19883,18127,22061,21469,25788,26277,29077,29977,20782,23704,14945,18672,4319,7507,226194,213055,32443,30952,55093,52056,15508,37,46
2021-09-05T23:59:59+02:00,1532,1427,15600,14466,21299,19555,23303,22840,27069,27693,30267,31203,21422,24428,15367,19285,4486,7805,1096,984,13924,12929,19852,18091,22036,21441,25770,26260,29064,29958,20778,23696,14943,18670,4319,7507,225981,212839,32434,30872,55092,52055,15506,37,46
2021-09-04T23:59:59+02:00,1532,1427,15591,14463,21285,19549,23296,22835,27063,27687,30261,31200,21421,24425,15367,19284,4486,7805,1096,984,13915,12926,19838,18083,22029,21436,25763,26254,29058,29954,20777,23693,14943,18669,4319,7507,225980,212838,32434,30869,55092,52055,15436,37,46
2021-09-03T23:59:59+02:00,1529,1424,15573,14449,21252,19524,23265,22814,27040,27674,30246,31185,21414,24417,15367,19278,4486,7804,1096,984,13898,12912,19811,18064,22005,21421,25747,26244,29043,29943,20771,23686,14943,18666,4319,7507,225904,212819,32433,30864,55092,52054,15277,37,46
2021-09-02T23:59:59+02:00,1513,1404,15501,14390,21205,19474,23230,22765,26999,27633,30209,31159,21401,24407,15361,19265,4484,7798,1071,963,13805,12848,19766,18002,21960,21378,25705,26198,29004,29916,20759,23675,14938,18654,4318,7506,225481,212363,32428,30859,55090,52034,15164,37,46
2021-09-01T23:59:59+02:00,1462,1347,15363,14237,21085,19378,23161,22709,26932,27562,30157,31109,21383,24382,15353,19251,4481,7793,1039,923,13658,12726,19637,17905,21875,21308,25647,26129,28953,29853,20734,23646,14926,18641,4314,7501,224710,211778,32403,30662,55089,52021,14908,37,46
2021-08-31T23:59:59+02:00,1438,1332,15301,14166,21022,19326,23116,22667,26881,27519,30123,31077,21370,24369,15347,19242,4481,7792,1025,910,13584,12659,19589,17863,21843,21272,25614,26106,28925,29827,20728,23636,14923,18633,4313,7500,224249,211431,32402,30662,55088,52016,14795,37,46
2021-08-30T23:59:59+02:00,1415,1313,15233,14120,20974,19270,23084,22628,26844,27486,30090,31047,21357,24360,15343,19233,4479,7785,1020,895,13527,12617,19543,17812,21810,21247,25584,26069,28891,29802,20717,23621,14913,18625,4312,7496,223884,211130,32402,30659,55088,52014,14652,37,46
2021-08-29T23:59:59+02:00,1399,1301,15189,14076,20935,19239,23060,22604,26826,27462,30072,31032,21353,24351,15343,19231,4479,7784,1009,887,13474,12572,19520,17790,21783,21227,25563,26050,28878,29785,20709,23613,14910,18621,4310,7495,223595,210861,32401,30659,55088,52013,14617,37,46
2021-08-28T23:59:59+02:00,1399,1301,15183,14073,20924,19232,23054,22600,26823,27453,30069,31031,21352,24351,15343,19231,4479,7784,1009,887,13467,12568,19509,17783,21777,21223,25560,26041,28875,29784,20708,23613,14910,18621,4310,7495,223595,210859,32401,30659,55088,52013,14563,37,46
2021-08-27T23:59:59+02:00,1390,1294,15152,14045,20897,19216,23021,22584,26797,27441,30053,31011,21346,24343,15339,19230,4476,7781,1003,882,13438,12536,19473,17766,21749,21201,25531,26027,28858,29766,20702,23604,14907,18620,4309,7495,223458,210715,32401,30657,55085,52012,14437,37,46
2021-08-26T23:59:59+02:00,1377,1277,15107,14000,20850,19177,22991,22546,26764,27402,30021,30974,21331,24327,15332,19222,4473,7773,991,871,13369,12475,19396,17708,21688,21143,25475,25979,28818,29730,20689,23583,14897,18607,4308,7491,223164,210424,32382,30532,55085,51938,14278,37,46
2021-08-25T23:59:59+02:00,1332,1232,14962,13876,20737,19082,22911,22453,26685,27318,29963,30918,21308,24301,15322,19212,4469,7767,963,841,13246,12391,19311,17630,21621,21071,25405,25925,28772,29687,20662,23562,14889,18593,4307,7488,222307,209849,32366,30484,55085,51930,14056,36,45
2021-08-24T23:59:59+02:00,1308,1208,14898,13825,20694,19030,22856,22406,26649,27282,29933,30887,21291,24286,15316,19202,4468,7766,938,820,13150,12329,19250,17549,21584,21019,25360,25882,28742,29649,20644,23542,14882,18581,4305,7483,221886,209363,32336,30426,55085,51915,13964,36,41
2021-08-23T23:59:59+02:00,1290,1189,14830,13787,20653,19001,22827,22380,26614,27262,29908,30860,21272,24272,15311,19189,4467,7765,912,795,13034,12251,19187,17489,21531,20970,25320,25827,28697,29606,20625,23525,14875,18569,4302,7483,221574,208842,32320,30336,55085,51915,13864,36,41
2021-08-22T23:59:59+02:00,1281,1181,14815,13767,20637,18981,22815,22360,26599,27247,29891,30856,21265,24268,15309,19181,4465,7764,889,778,12975,12180,19134,17455,21502,20935,25299,25801,28671,29584,20617,23513,14874,18565,4302,7483,221399,208515,32301,30226,55085,51912,13863,36,41
2021-08-21T23:59:59+02:00,1281,1181,14806,13757,20626,18973,22805,22354,26595,27242,29880,30849,21265,24266,15309,19181,4465,7764,889,778,12965,12170,19124,17447,21494,20929,25293,25796,28661,29577,20617,23511,14874,18565,4302,7483,221394,208511,32301,30226,55085,51912,13785,36,41
2021-08-20T23:59:59+02:00,1274,1176,14776,13723,20591,18943,22782,22331,26569,27219,29863,30833,21262,24257,15307,19175,4465,7764,888,777,12946,12156,19099,17427,21476,20908,25279,25779,28642,29558,20613,23505,14873,18562,4302,7483,221199,208405,32301,30224,55085,51912,13691,36,41
2021-08-19T23:59:59+02:00,1255,1161,14717,13674,20551,18913,22751,22296,26546,27190,29838,30809,21251,24249,15304,19170,4464,7761,859,764,12812,12037,19010,17349,21390,20850,25208,25712,28582,29508,20592,23492,14867,18553,4300,7480,220892,207766,32269,30088,55085,51850,13620,36,41
2021-08-18T23:59:59+02:00,1232,1142,14635,13585,20436,18851,22675,22234,26479,27133,29780,30751,21226,24229,15298,19158,4462,7758,831,743,12671,11918,18872,17266,21292,20760,25121,25629,28499,29439,20560,23447,14856,18538,4299,7475,220480,207155,32251,29964,55084,51841,13215,36,41
2021-08-17T23:59:59+02:00,1221,1129,14595,13546,20394,18805,22639,22199,26444,27105,29764,30731,21214,24215,15287,19149,4458,7757,810,719,12563,11835,18791,17205,21214,20698,25069,25576,28463,29398,20541,23432,14847,18525,4297,7473,220194,206624,32216,29835,55084,51833,13124,36,40
2021-08-16T23:59:59+02:00,1209,1118,14546,13497,20358,18776,22610,22166,26423,27077,29730,30700,21201,24204,15280,19137,4456,7755,782,705,12466,11736,18700,17133,21144,20613,25004,25517,28396,29335,20518,23410,14837,18507,4296,7470,219925,206002,32214,29710,55084,51832,12986,36,39
2021-08-15T23:59:59+02:00,1199,1105,14508,13471,20328,18746,22582,22147,26410,27061,29720,30686,21196,24192,15275,19135,4455,7753,758,689,12403,11668,18649,17103,21093,20574,24968,25473,28377,29313,20508,23397,14833,18501,4294,7468,219700,205553,32214,29709,55084,51831,12937,36,39
2021-08-14T23:59:59+02:00,1199,1104,14501,13467,20319,18740,22573,22140,26396,27054,29715,30678,21193,24190,15274,19134,4455,7753,758,689,12395,11664,18639,17095,21083,20567,24954,25466,28372,29304,20505,23396,14832,18500,4294,7468,219699,205551,32213,29705,55084,51831,12855,36,39
2021-08-13T23:59:59+02:00,1196,1101,14492,13458,20305,18730,22561,22135,26389,27044,29699,30670,21184,24185,15273,19134,4455,7753,755,688,12380,11652,18628,17086,21070,20558,24948,25450,28358,29300,20499,23389,14830,18500,4294,7467,219642,205485,32212,29705,55084,51831,12792,36,39
2021-08-12T23:59:59+02:00,1176,1079,14435,13402,20262,18690,22537,22100,26362,27015,29668,30649,21172,24166,15269,19127,4455,7748,728,662,12214,11508,18491,16975,20977,20475,24867,25365,28291,29244,20478,23357,14817,18488,4291,7461,219317,204690,32200,29520,55084,51762,12678,35,39
2021-08-11T23:59:59+02:00,1160,1057,14365,13338,20219,18636,22493,22061,26329,26990,29640,30609,21158,24149,15266,19116,4452,7744,704,640,12074,11369,18407,16885,20897,20401,24818,25292,28248,29180,20445,23330,14810,18477,4289,7456,218913,203786,32127,29515,55084,51757,12625,35,39
2021-08-10T23:59:59+02:00,1145,1039,14285,13263,20162,18588,22457,22017,26297,26959,29606,30579,21144,24140,15266,19108,4451,7742,685,618,11957,11250,18307,16814,20831,20335,24766,25234,28203,29127,20418,23302,14796,18459,4288,7450,218490,203031,32095,29492,55084,51732,12546,35,39
2021-08-09T23:59:59+02:00,1128,1020,14200,13201,20081,18532,22408,21969,26246,26915,29569,30545,21126,24123,15260,19099,4446,7740,640,577,11775,11088,18137,16718,20705,20253,24671,25138,28124,29051,20382,23262,14782,18447,4285,7441,218043,202042,32074,29384,55083,51637,12375,35,38
2021-08-08T23:59:59+02:00,1114,1013,14157,13162,20059,18496,22382,21949,26231,26895,29553,30531,21119,24117,15257,19095,4445,7739,614,558,11692,11002,18049,16634,20639,20195,24608,25091,28078,29007,20360,23239,14769,18436,4285,7437,217812,201386,32043,29306,55082,51619,12344,35,38
2021-08-07T23:59:59+02:00,1114,1013,14142,13157,20049,18491,22376,21944,26219,26881,29538,30519,21117,24113,15253,19090,4444,7739,614,557,11678,10996,18032,16629,20633,20189,24595,25076,28061,28995,20358,23235,14765,18431,4284,7437,217810,201370,32042,29305,55081,51619,12233,35,38
2021-08-06T23:59:59+02:00,1114,1013,14132,13145,20036,18472,22362,21929,26197,26872,29525,30508,21114,24109,15250,19088,4444,7738,614,557,11667,10982,18009,16607,20617,20172,24574,25067,28049,28983,20355,23231,14762,18429,4284,7437,217802,201341,32038,29305,55081,51618,12094,35,38
2021-08-05T23:59:59+02:00,1102,994,14060,13103,19985,18437,22319,21886,26161,26815,29497,30484,21100,24094,15242,19079,4442,7735,579,527,11492,10873,17895,16507,20506,20074,24468,24977,27980,28934,20329,23206,14751,18415,4281,7435,217484,200553,31994,29214,55078,51478,11946,35,38
2021-08-04T23:59:59+02:00,1086,977,13996,13034,19879,18353,22253,21827,26118,26773,29446,30436,21077,24076,15232,19066,4442,7732,541,493,11306,10698,17665,16365,20331,19948,24349,24853,27870,28836,20301,23173,14738,18403,4278,7433,217215,199507,31831,29154,55077,51235,11647,35,38
2021-08-03T23:59:59+02:00,1062,959,13926,12971,19840,18302,22218,21786,26081,26732,29411,30406,21061,24051,15222,19052,4439,7722,485,451,11121,10525,17489,16236,20190,19815,24199,24730,27750,28728,20258,23125,14721,18371,4276,7427,216836,198067,31803,29119,55076,51180,11493,35,38
2021-08-02T23:59:59+02:00,1038,939,13840,12904,19781,18244,22167,21745,26027,26671,29359,30356,21032,24020,15212,19032,4436,7720,459,421,10954,10355,17316,16112,20042,19702,24082,24616,27663,28626,20213,23072,14702,18352,4273,7417,216355,196878,31772,29070,55076,51104,11287,35,38
2021-08-01T23:59:59+02:00,1028,924,13779,12857,19745,18227,22147,21723,26002,26650,29340,30339,21023,24008,15208,19025,4436,7719,423,390,10809,10208,17157,16004,19892,19594,23938,24511,27555,28546,20199,23048,14693,18338,4273,7413,216116,195989,31723,28979,55076,50754,11231,35,38
2021-07-31T23:59:59+02:00,1028,924,13754,12848,19727,18219,22130,21712,25988,26638,29332,30328,21020,24003,15207,19024,4435,7719,422,390,10783,10195,17136,15990,19874,19581,23925,24499,27547,28535,20196,23043,14692,18337,4272,7413,216112,195968,31723,28979,55076,50754,11091,35,38
2021-07-30T23:59:59+02:00,1020,914,13693,12802,19681,18197,22100,21693,25958,26616,29305,30310,21013,23995,15201,19022,4433,7718,401,372,10696,10120,17071,15947,19815,19546,23858,24458,27500,28510,20181,23021,14683,18333,4269,7411,215933,195578,31719,28979,55076,50688,10909,35,38
2021-07-29T23:59:59+02:00,996,895,13587,12716,19617,18135,22028,21640,25907,26560,29252,30272,20996,23985,15194,19015,4433,7716,356,332,10428,9859,16769,15704,19520,19330,23554,24227,27248,28346,20126,22966,14671,18312,4269,7410,215488,193823,31646,28868,55076,49998,10700,35,38
2021-07-28T23:59:59+02:00,968,865,13456,12588,19491,18026,21942,21557,25825,26481,29175,30204,20973,23949,15181,19003,4431,7714,321,292,10137,9655,16509,15515,19260,19141,23326,24036,27093,28203,20078,22893,14652,18289,4266,7405,214834,192484,31610,28785,55072,49485,10279,35,38
2021-07-27T23:59:59+02:00,937,844,13337,12494,19426,17966,21876,21504,25759,26424,29135,30159,20958,23929,15176,18983,4430,7708,273,237,9881,9441,16256,15288,19031,18956,23132,23861,26930,28067,20036,22840,14630,18262,4260,7396,214240,190819,31555,28626,55071,49148,10146,34,38
2021-07-26T23:59:59+02:00,912,826,13232,12400,19372,17909,21802,21439,25710,26391,29080,30099,20929,23906,15158,18964,4430,7704,225,208,9645,9191,16015,15080,18783,18756,22904,23694,26779,27940,19965,22779,14601,18226,4255,7390,213633,189059,31484,28525,55070,48770,10044,33,38
2021-07-25T23:59:59+02:00,893,815,13157,12329,19292,17859,21744,21387,25670,26343,29043,30053,20912,23889,15151,18958,4427,7703,202,188,9458,9050,15815,14927,18578,18615,22736,23584,26631,27820,19915,22731,14584,18213,4252,7387,213331,188149,31421,28374,55070,48354,9771,33,38
2021-07-24T23:59:59+02:00,893,815,13147,12320,19282,17852,21733,21382,25655,26336,29038,30047,20908,23888,15150,18957,4427,7703,202,188,9448,9036,15805,14920,18564,18609,22720,23574,26625,27812,19912,22728,14583,18212,4252,7387,213328,188130,31419,28371,55070,48354,9684,33,38
2021-07-23T23:59:59+02:00,885,813,13081,12283,19205,17818,21693,21349,25620,26297,29005,30011,20893,23871,15142,18953,4425,7700,202,187,9395,9008,15722,14876,18510,18568,22670,23533,26581,27773,19895,22711,14576,18206,4250,7384,213200,187967,31418,28365,55070,48353,9324,33,38
2021-07-22T23:59:59+02:00,873,799,12985,12201,19149,17749,21647,21319,25572,26250,28981,29988,20880,23853,15140,18947,4422,7698,148,144,9077,8734,15322,14628,18144,18312,22340,23286,26375,27638,19838,22655,14563,18184,4247,7379,212733,186140,31333,28111,55067,47437,9288,33,38
2021-07-21T23:59:59+02:00,851,771,12783,12033,19000,17624,21513,21220,25466,26147,28905,29917,20838,23818,15123,18924,4418,7693,125,124,8699,8420,14889,14303,17765,18039,21983,22954,26101,27427,19745,22567,14537,18146,4244,7370,212102,184238,31223,27762,55064,46777,8623,33,38
2021-07-20T23:59:59+02:00,821,746,12634,11897,18892,17538,21444,21144,25404,26082,28865,29866,20813,23785,15115,18908,4415,7690,95,97,8368,8113,14422,13966,17383,17764,21678,22724,25855,27240,19664,22458,14508,18111,4242,7364,211416,182080,31114,27599,55061,45900,8436,33,37
2021-07-19T23:59:59+02:00,792,719,12513,11780,18803,17467,21382,21085,25349,26028,28815,29829,20788,23756,15105,18894,4411,7684,74,66,8045,7859,14057,13712,17035,17515,21349,22520,25627,27098,19595,22382,14486,18089,4236,7358,210697,180038,31011,27440,55061,45189,8399,33,37
2021-07-18T23:59:59+02:00,774,700,12397,11672,18704,17389,21314,21031,25293,25974,28778,29775,20766,23736,15093,18883,4409,7682,61,55,7874,7706,13903,13589,16883,17391,21185,22408,25497,27016,19555,22342,14472,18073,4236,7355,210108,179102,30863,27334,55061,44822,8306,33,37
2021-07-17T23:59:59+02:00,774,700,12394,11672,18703,17386,21313,21031,25293,25974,28778,29775,20766,23736,15093,18883,4409,7682,61,55,7867,7705,13899,13584,16882,17390,21184,22407,25496,27014,19552,22341,14472,18073,4236,7355,210103,179080,30863,27333,55061,44820,8303,33,37
2021-07-16T23:59:59+02:00,767,695,12322,11618,18661,17355,21278,21004,25260,25951,28753,29756,20764,23733,15093,18881,4409,7682,57,52,7712,7604,13743,13514,16738,17331,21045,22348,25390,26966,19533,22320,14471,18067,4236,7352,209895,178627,30863,27260,55061,44424,8131,33,37
2021-07-15T23:59:59+02:00,752,675,12250,11546,18596,17296,21222,20956,25211,25910,28725,29728,20749,23716,15088,18872,4408,7679,55,49,7370,7287,13132,13107,16068,16907,20409,21977,24932,26654,19387,22179,14429,18021,4233,7345,209410,176391,30777,26357,55054,42650,8106,33,37
2021-07-14T23:59:59+02:00,723,655,12040,11409,18426,17187,21101,20860,25107,25807,28636,29628,20715,23683,15069,18856,4405,7676,47,38,6952,6933,12467,12654,15375,16419,19776,21519,24466,26312,19169,21953,14397,17973,4225,7334,208597,173564,30615,26018,55051,40702,7688,33,37
2021-07-13T23:59:59+02:00,679,620,11902,11275,18303,17102,20989,20764,25010,25712,28566,29562,20686,23644,15049,18846,4403,7666,37,27,6493,6509,11835,12154,14678,15915,19172,21108,24026,25985,18990,21737,14352,17912,4221,7325,207573,169903,30477,25845,55040,39038,7656,33,34
2021-07-12T23:59:59+02:00,645,589,11777,11138,18188,17013,20895,20656,24910,25613,28485,29495,20660,23610,15041,18834,4398,7659,33,21,6079,6096,11226,11619,14055,15379,18616,20616,23607,25624,18793,21547,14287,17854,4212,7321,206555,166218,30349,25020,55037,38080,7633,33,34
2021-07-11T23:59:59+02:00,609,562,11662,11046,18124,16950,20838,20600,24856,25566,28428,29446,20641,23590,15032,18825,4398,7658,30,20,5889,5925,10971,11416,13821,15179,18371,20427,23399,25438,18720,21465,14260,17828,4211,7315,205918,164826,30229,24549,55035,37657,7619,31,34
2021-07-10T23:59:59+02:00,608,561,11654,11045,18120,16948,20834,20599,24853,25565,28427,29446,20641,23590,15031,18823,4398,7658,30,20,5882,5924,10966,11409,13811,15175,18370,20425,23397,25436,18718,21464,14259,17828,4211,7315,205898,164796,30226,24548,55035,37650,7612,31,34
2021-07-09T23:59:59+02:00,580,538,11544,10918,18045,16864,20764,20538,24779,25489,28378,29401,20618,23570,15028,18813,4398,7657,30,19,5847,5890,10938,11375,13761,15154,18339,20394,23378,25414,18713,21454,14257,17825,4211,7314,205029,164564,30225,24498,55035,37614,7603,31,34
2021-07-08T23:59:59+02:00,545,510,11380,10782,17918,16761,20629,20436,24671,25361,28260,29322,20574,23522,15012,18784,4395,7649,27,16,5503,5631,10425,10979,13140,14703,17674,19834,22770,24946,18394,21062,14160,17742,4206,7304,204257,162251,30198,23691,55007,35521,7019,31,34
2021-07-07T23:59:59+02:00,485,458,11211,10635,17834,16674,20559,20368,24598,25283,28199,29259,20546,23486,15007,18772,4393,7641,22,16,5198,5341,9898,10528,12558,14222,16991,19313,22204,24445,18080,20698,14058,17645,4199,7281,203245,159788,30173,22226,54989,33678,6971,31,34
2021-07-06T23:59:59+02:00,444,424,11085,10485,17722,16580,20465,20265,24520,25190,28108,29180,20520,23446,14998,18755,4391,7638,15,10,4799,4914,9296,10011,11847,13620,16282,18698,21689,23952,17760,20392,13957,17528,4190,7271,202105,155596,30167,21283,54980,32384,6934,31,34
2021-07-05T23:59:59+02:00,422,397,10998,10395,17630,16508,20385,20193,24460,25138,28067,29143,20496,23425,14986,18747,4390,7635,12,9,4512,4594,8799,9561,11287,13067,15572,18053,21066,23345,17366,19995,13823,17370,4182,7263,201361,151702,30164,20603,54971,30648,6889,31,34
2021-07-04T23:59:59+02:00,409,391,10925,10340,17564,16453,20335,20143,24429,25102,28051,29125,20487,23414,14981,18744,4389,7634,12,9,4366,4504,8669,9394,11095,12892,15328,17841,20800,23073,17094,19704,13763,17278,4178,7259,200882,150382,30158,20297,54970,29670,6876,31,34
2021-07-03T23:59:59+02:00,407,390,10917,10329,17554,16448,20333,20139,24428,25102,28048,29124,20487,23413,14981,18744,4389,7634,12,9,4361,4496,8662,9391,11092,12892,15324,17841,20797,23069,17094,19700,13763,17278,4178,7259,200855,150368,30156,20297,54970,29663,6856,31,34
2021-07-02T23:59:59+02:00,364,327,10772,10219,17438,16348,20229,20063,24354,25038,27985,29065,20461,23387,14975,18730,4389,7631,12,9,4274,4417,8500,9254,10954,12780,15202,17733,20685,22965,17052,19669,13756,17263,4178,7256,199973,149378,30156,20296,54970,29605,6646,31,34
2021-07-01T23:59:59+02:00,317,284,10639,10084,17311,16255,20105,19973,24270,24963,27921,29013,20441,23363,14959,18715,4386,7627,12,7,4069,4218,8199,8920,10584,12369,14633,17233,20174,22425,16764,19370,13548,17049,4168,7234,198898,146316,30098,19612,54964,28378,6636,31,34
2021-06-30T23:59:59+02:00,234,223,10385,9844,17137,16105,19971,19842,24154,24839,27842,28924,20419,23331,14940,18697,4385,7626,12,6,3874,4025,7897,8584,10176,11905,14142,16677,19600,21791,16441,19026,13275,16771,4155,7207,197248,142638,30043,19362,54956,26909,6621,31,34
2021-06-29T23:59:59+02:00,190,186,10237,9669,17000,16009,19868,19750,24086,24763,27784,28855,20392,23304,14926,18677,4385,7622,11,6,3672,3767,7500,8131,9700,11369,13487,16006,18986,21089,16122,18699,13027,16481,4148,7193,196096,138359,30038,19063,54952,25350,6588,30,34
2021-06-28T23:59:59+02:00,141,134,10043,9485,16874,15904,19764,19647,23991,24668,27716,28793,20362,23274,14912,18658,4383,7620,10,5,3471,3512,7101,7689,9262,10877,12937,15469,18488,20571,15871,18433,12908,16348,4142,7182,194912,134522,29924,18639,54949,24526,6555,30,34
2021-06-27T23:59:59+02:00,123,117,9903,9374,16816,15844,19703,19597,23932,24617,27689,28768,20350,23258,14909,18654,4382,7617,10,5,3381,3447,6924,7492,9071,10679,12708,15229,18226,20312,15748,18327,12843,16261,4142,7178,194278,133330,29865,18292,54945,23791,6536,30,34
2021-06-26T23:59:59+02:00,123,117,9902,9368,16814,15840,19700,19596,23930,24616,27689,28768,20350,23258,14909,18654,4382,7617,10,5,3379,3446,6921,7491,9068,10678,12705,15226,18224,20311,15745,18326,12843,16259,4142,7178,194261,133310,29864,18292,54945,23786,6535,29,34
2021-06-25T23:59:59+02:00,119,114,9855,9328,16773,15806,19666,19564,23894,24588,27665,28749,20344,23251,14907,18651,4382,7617,10,5,3358,3400,6847,7380,8972,10522,12590,15029,18077,20103,15721,18297,12835,16256,4141,7177,193937,133126,29829,17938,54945,23088,6534,29,34
2021-06-24T23:59:59+02:00,109,103,9726,9205,16589,15679,19532,19440,23772,24499,27607,28688,20330,23235,14900,18642,4381,7615,9,5,3232,3258,6627,7048,8659,10068,12056,14404,17523,19393,15497,18065,12687,16124,4138,7165,193097,130718,29488,17080,54944,21631,6495,29,34
2021-06-23T23:59:59+02:00,103,98,9597,9068,16447,15552,19414,19337,23675,24394,27540,28641,20315,23213,14896,18637,4378,7614,9,5,3029,3021,6271,6565,8157,9499,11352,13579,16758,18411,15200,17722,12537,15982,4128,7140,192176,126160,29323,16103,54933,20611,6458,29,33
2021-06-22T23:59:59+02:00,72,72,9308,8764,16215,15353,19228,19186,23529,24269,27469,28557,20290,23187,14888,18618,4374,7608,9,5,2795,2737,5789,6019,7533,8737,10438,12536,15738,17207,14902,17364,12430,15858,4115,7117,190487,119727,29118,15612,54929,19536,6425,28,29
2021-06-21T23:59:59+02:00,68,64,9182,8608,16040,15201,19038,19033,23398,24146,27408,28479,20266,23158,14883,18608,4374,7604,9,5,2648,2545,5408,5557,7069,8153,9708,11660,15008,16275,14623,17051,12322,15738,4110,7100,189286,115032,28896,15054,54926,18452,6422,28,29
2021-06-20T23:59:59+02:00,65,62,9043,8481,15903,15083,18927,18946,23325,24075,27368,28428,20255,23137,14872,18601,4371,7603,9,5,2589,2477,5237,5376,6854,7887,9400,11325,14642,15870,14487,16917,12282,15701,4105,7094,188394,113322,28780,14821,54925,17667,6418,28,29
2021-06-19T23:59:59+02:00,65,62,9042,8475,15899,15074,18924,18946,23323,24074,27368,28427,20255,23137,14872,18601,4371,7603,9,5,2586,2476,5236,5371,6852,7885,9399,11324,14640,15866,14485,16917,12282,15701,4105,7094,188371,113303,28777,14817,54924,17666,6418,28,29
2021-06-18T23:59:59+02:00,65,58,9011,8462,15886,15065,18909,18938,23316,24065,27362,28422,20255,23134,14871,18601,4371,7603,9,5,2558,2443,5181,5312,6774,7785,9300,11167,14469,15637,14406,16816,12271,15679,4103,7091,188249,112517,28776,14816,54923,17226,6418,28,29
2021-06-17T23:59:59+02:00,58,55,8829,8300,15654,14896,18708,18780,23159,23933,27226,28328,20231,23113,14864,18589,4369,7600,9,5,2417,2295,4858,5013,6384,7382,8753,10564,13641,14763,14169,16521,12198,15556,4099,7080,186906,109644,28771,13862,54916,16101,6071,28,29
2021-06-16T23:59:59+02:00,50,53,8602,8086,15421,14668,18497,18579,22967,23764,27120,28218,20202,23070,14850,18569,4365,7594,9,5,2303,2188,4615,4810,6029,7039,8222,10077,12922,13921,13819,16138,12113,15467,4094,7068,185122,106184,28667,13061,54913,15620,5945,28,29
2021-06-15T23:59:59+02:00,41,40,8258,7754,15044,14310,18175,18292,22714,23552,26960,28085,20172,23036,14837,18554,4363,7583,9,5,2123,2019,4267,4458,5524,6476,7339,9186,11728,12639,13277,15519,11992,15304,4079,7045,182528,99938,28629,12395,54911,14953,5674,28,29
2021-06-14T23:59:59+02:00,35,35,8078,7589,14786,14076,17972,18119,22562,23430,26848,28003,20149,23003,14823,18546,4359,7575,7,5,2010,1896,4010,4208,5138,6005,6681,8464,10803,11584,12959,15169,11921,15208,4069,7026,180945,95096,28605,12034,54908,14502,5502,28,29
2021-06-13T23:59:59+02:00,35,35,8004,7534,14702,13986,17856,18008,22479,23352,26819,27973,20136,22992,14819,18540,4359,7575,5,5,1967,1870,3928,4111,5019,5865,6448,8225,10509,11251,12802,14991,11863,15151,4068,7025,180187,93718,28594,11742,54904,14123,5491,28,29
2021-06-12T23:59:59+02:00,35,35,8003,7533,14702,13984,17856,18008,22477,23351,26818,27970,20135,22991,14819,18540,4359,7575,5,5,1966,1868,3926,4111,5017,5864,6445,8220,10505,11245,12799,14990,11863,15149,4068,7025,180175,93695,28594,11742,54903,14114,5491,28,29
2021-06-11T23:59:59+02:00,35,34,7938,7492,14613,13937,17779,17957,22408,23317,26774,27947,20133,22987,14819,18539,4359,7575,5,5,1950,1855,3891,4053,4973,5797,6384,8137,10405,11140,12759,14955,11852,15143,4068,7025,179837,93478,28517,11735,54902,13796,5359,28,29
2021-06-10T23:59:59+02:00,30,27,7598,7196,14218,13573,17345,17582,22078,23037,26578,27766,20089,22942,14806,18521,4356,7563,3,5,1850,1773,3676,3887,4696,5522,6058,7769,9786,10529,12239,14296,11782,15035,4060,7018,177242,90310,28019,11354,54890,13167,5126,28,27
2021-06-09T23:59:59+02:00,29,24,7233,6847,13755,13141,16829,17118,21688,22668,26361,27552,20016,22872,14788,18486,4353,7555,3,5,1687,1658,3481,3706,4441,5254,5670,7361,9009,9813,11574,13459,11662,14894,4050,7006,174004,86056,27476,10720,54877,13000,4930,28,27
2021-06-08T23:59:59+02:00,24,20,6859,6445,13242,12654,16360,16648,21329,22327,26145,27349,19959,22793,14757,18451,4350,7548,3,5,1597,1583,3261,3475,4121,4901,5160,6872,8125,8889,10689,12381,11518,14736,4046,6991,170596,80397,26982,10423,54868,12721,4786,28,26
2021-06-07T23:59:59+02:00,21,17,6584,6163,12806,12278,15962,16249,21003,22030,25982,27193,19922,22739,14736,18431,4343,7542,3,5,1536,1513,3070,3303,3846,4673,4758,6495,7410,8136,9775,11233,11406,14590,4035,6973,168036,75653,26557,10050,54847,12498,4533,28,26
2021-06-06T23:59:59+02:00,21,17,6443,6031,12663,12124,15800,16092,20836,21867,25895,27107,19902,22702,14725,18421,4342,7538,3,5,1521,1490,2996,3262,3753,4608,4650,6415,7268,8005,9517,10965,11360,14541,4032,6968,166810,74970,26451,9627,54826,12325,4411,28,26
2021-06-05T23:59:59+02:00,21,17,6434,6027,12648,12110,15790,16083,20833,21862,25895,27104,19902,22702,14725,18421,4342,7538,3,5,1519,1488,2993,3261,3752,4607,4647,6415,7263,7999,9509,10960,11360,14541,4032,6968,166750,74939,26439,9625,54826,12321,4411,28,26
2021-06-04T23:59:59+02:00,21,17,6401,5987,12587,12061,15730,16034,20805,21830,25875,27087,19898,22696,14722,18421,4342,7538,3,5,1517,1482,2981,3249,3733,4591,4637,6400,7225,7956,9477,10890,11322,14500,4031,6967,166648,74659,26181,9612,54801,12275,4394,28,26
2021-06-03T23:59:59+02:00,21,15,6168,5764,12287,11811,15406,15723,20473,21492,25618,26874,19852,22622,14702,18401,4341,7534,2,4,1475,1439,2906,3183,3636,4511,4527,6300,7025,7773,9098,10439,11271,14426,4031,6962,164166,73359,25935,9311,54799,12136,4176,28,26
2021-06-02T23:59:59+02:00,21,15,6102,5706,12216,11746,15333,15656,20401,21430,25601,26850,19848,22619,14699,18398,4340,7533,2,4,1461,1428,2888,3170,3619,4496,4491,6283,6990,7735,9017,10328,11262,14401,4030,6961,163812,72991,25752,9302,54798,12126,4124,28,23
2021-06-01T23:59:59+02:00,17,15,5648,5213,11483,11047,14509,14922,19683,20765,25190,26467,19758,22529,14665,18351,4332,7525,2,4,1347,1322,2592,2897,3240,4162,4003,5824,6160,6930,7826,8701,11018,14054,4016,6944,158777,67574,25100,8395,54770,11608,3444,28,21
2021-05-31T23:59:59+02:00,15,15,5400,4916,11039,10620,13981,14428,19206,20268,24883,26128,19666,22443,14627,18305,4323,7509,2,4,1287,1267,2437,2762,3038,3991,3718,5532,5602,6397,6808,7415,10774,13735,4007,6910,155317,63533,24405,7474,54764,11400,3258,28,21
2021-05-30T23:59:59+02:00,15,15,5322,4840,10850,10497,13814,14250,18857,19944,24640,25880,19635,22413,14619,18285,4322,7507,2,4,1267,1253,2409,2728,2990,3945,3650,5476,5499,6307,6634,7184,10737,13660,4004,6900,153820,62791,23897,7411,54736,11202,3224,28,21
2021-05-29T23:59:59+02:00,15,15,5319,4840,10850,10493,13809,14247,18857,19943,24639,25878,19635,22413,14619,18285,4322,7507,2,4,1266,1249,2408,2725,2988,3942,3650,5474,5497,6305,6629,7181,10737,13660,4004,6900,153802,62781,23897,7407,54735,11188,3224,28,21
2021-05-28T23:59:59+02:00,15,15,5303,4826,10829,10455,13782,14228,18840,19926,24630,25868,19633,22410,14617,18282,4322,7506,2,4,1261,1249,2407,2718,2986,3940,3643,5468,5482,6289,6612,7164,10728,13638,4003,6896,153612,62677,23895,7407,54731,11165,3221,28,20
2021-05-27T23:59:59+02:00,12,14,5010,4547,10303,10000,13195,13698,18150,19312,24049,25332,19534,22295,14584,18236,4311,7494,2,3,1097,1109,2121,2525,2685,3649,3347,5112,5153,6009,6312,6747,10500,13354,3998,6880,150353,60821,22904,7370,54624,10226,2167,28,19
2021-05-26T23:59:59+02:00,12,14,4749,4294,9871,9622,12677,13177,17536,18702,23414,24656,19409,22145,14537,18181,4305,7477,2,3,1018,1028,1961,2372,2485,3450,3085,4868,4765,5656,5754,6097,10125,12818,3982,6844,146261,57667,22146,7332,54502,9454,1841,28,19
2021-05-25T23:59:59+02:00,12,13,4534,4067,9458,9149,12220,12670,16999,18125,22894,24017,19277,21973,14505,18102,4296,7463,2,3,971,982,1898,2282,2376,3313,2913,4662,4419,5278,5168,5364,9672,12218,3966,6819,142225,54106,21313,7317,54371,9027,1837,28,19
2021-05-24T23:59:59+02:00,12,13,4421,3910,9249,8945,12015,12411,16697,17805,22565,23614,19201,21894,14490,18082,4294,7462,2,3,954,933,1837,2241,2301,3252,2826,4580,4297,5162,5022,5204,9582,12090,3963,6811,140720,53396,20356,7263,54194,8601,1782,28,18
2021-05-23T23:59:59+02:00,12,13,4410,3910,9243,8942,12003,12401,16686,17798,22549,23593,19196,21889,14489,18080,4294,7462,2,3,953,928,1835,2236,2297,3250,2819,4576,4290,5145,5015,5190,9575,12077,3962,6810,140614,53319,20353,7250,54193,8595,1782,28,17
2021-05-22T23:59:59+02:00,12,13,4406,3907,9239,8938,11995,12395,16682,17794,22547,23591,19196,21889,14489,18080,4294,7462,2,3,953,928,1834,2234,2294,3250,2818,4576,4290,5143,5013,5189,9574,12077,3962,6810,140585,53313,20353,7250,54181,8588,1782,28,17
2021-05-21T23:59:59+02:00,12,13,4374,3870,9167,8862,11921,12308,16591,17719,22483,23523,19177,21871,14485,18073,4294,7460,2,3,907,918,1802,2223,2261,3240,2786,4551,4242,5114,4989,5165,9561,12070,3961,6809,139928,53241,20353,7250,54162,8364,1732,28,17
2021-05-20T23:59:59+02:00,9,12,4119,3691,8721,8504,11439,11894,15919,17215,21901,22943,18992,21703,14453,18033,4289,7449,2,3,760,855,1545,2062,2019,3082,2544,4331,3992,4880,4832,5002,9445,11924,3953,6785,136529,52510,19978,7151,53743,7330,1008,28,17
2021-05-19T23:59:59+02:00,9,12,3877,3451,8227,8038,10859,11349,15247,16505,21224,22220,18791,21472,14412,17983,4283,7431,2,3,712,808,1484,1980,1942,2979,2478,4204,3849,4721,4656,4789,9242,11694,3933,6756,131136,51428,19796,7018,53444,6782,987,27,17
2021-05-18T23:59:59+02:00,8,11,3588,3188,7686,7505,10132,10652,14287,15565,20281,21163,18530,21188,14357,17923,4277,7409,2,3,657,760,1430,1892,1866,2868,2348,4063,3673,4519,4384,4497,9040,11444,3920,6729,124103,50196,19699,6817,53006,6151,915,27,16
2021-05-17T23:59:59+02:00,8,11,3398,2980,7229,7038,9628,10112,13559,14777,19595,20364,18344,20926,14310,17857,4266,7394,2,3,601,705,1349,1829,1791,2787,2237,3987,3536,4406,4138,4266,8895,11231,3907,6700,118868,49391,19460,6604,52542,5460,899,27,16
2021-05-16T23:59:59+02:00,8,10,3268,2907,7023,6863,9424,9897,13305,14542,19366,20134,18267,20846,14296,17838,4265,7388,2,3,588,660,1309,1780,1747,2725,2199,3894,3471,4323,4047,4164,8874,11203,3905,6698,117244,49242,19221,6436,52260,5003,895,27,16
2021-05-15T23:59:59+02:00,8,10,3267,2904,7016,6854,9422,9891,13302,14540,19363,20124,18265,20845,14296,17838,4265,7388,2,3,588,660,1306,1778,1743,2724,2197,3894,3470,4323,4045,4162,8874,11203,3905,6697,117199,49233,19221,6435,52258,4997,893,27,16
2021-05-14T23:59:59+02:00,8,10,3226,2859,6900,6710,9290,9753,13151,14356,19190,19989,18241,20820,14295,17830,4264,7385,2,3,568,647,1285,1755,1712,2702,2163,3868,3424,4285,3993,4105,8867,11196,3905,6696,116786,49191,18472,6281,52173,4869,819,27,16
2021-05-13T23:59:59+02:00,8,10,3109,2700,6574,6390,8853,9356,12602,13874,18589,19391,18113,20676,14262,17793,4259,7383,1,2,535,623,1233,1699,1656,2629,2076,3762,3275,4165,3889,3968,8844,11176,3902,6692,113906,49096,17777,5890,51567,4461,666,26,14
2021-05-12T23:59:59+02:00,8,10,3082,2669,6540,6352,8805,9303,12461,13761,18405,19187,18080,20642,14254,17783,4259,7383,1,2,534,621,1231,1694,1650,2626,2066,3756,3261,4157,3876,3954,8836,11170,3902,6691,113194,49067,17552,5862,51549,4422,663,26,14
2021-05-11T23:59:59+02:00,6,10,2694,2411,5746,5855,7835,8492,11066,12594,16840,17712,17576,20079,14170,17678,4241,7360,0,2,496,561,1102,1588,1485,2470,1880,3578,3040,3894,3768,3840,8767,11077,3897,6686,105796,48826,16929,5665,49477,3488,138,25,14
2021-05-10T23:59:59+02:00,6,8,2509,2245,5268,5475,7142,7867,10038,11679,15543,16342,17196,19627,14107,17564,4233,7336,0,2,472,536,1057,1549,1442,2417,1819,3475,2921,3763,3685,3767,8728,11029,3893,6682,99990,48707,16018,5434,48019,2949,133,25,14
2021-05-09T23:59:59+02:00,6,8,2429,2213,5130,5391,6956,7748,9627,11340,14997,15815,17077,19487,14087,17536,4230,7331,0,2,457,518,1024,1492,1371,2333,1760,3353,2809,3609,3599,3674,8705,10996,3890,6679,98413,48620,15430,5164,47410,2343,130,25,14
2021-05-08T23:59:59+02:00,6,8,2425,2212,5129,5391,6955,7745,9622,11336,14995,15814,17077,19487,14087,17536,4230,7331,0,2,456,517,1023,1492,1371,2332,1760,3353,2808,3608,3597,3674,8704,10996,3890,6679,98396,48614,15427,5164,47408,2340,130,25,14
2021-05-07T23:59:59+02:00,6,8,2254,2150,4858,5296,6591,7592,9173,11123,14552,15494,16900,19285,14075,17507,4230,7329,0,2,446,515,1012,1479,1356,2317,1725,3343,2759,3573,3551,3634,8624,10915,3890,6676,97689,48590,14907,4813,45676,2274,126,25,14
2021-05-06T23:59:59+02:00,6,8,2019,2018,4309,4949,5934,7218,8403,10564,13578,14670,16502,18835,14026,17413,4218,7316,0,2,416,467,971,1379,1269,2153,1618,3119,2536,3290,3373,3434,8445,10722,3881,6662,95104,48148,13671,4205,43130,1314,56,25,14
2021-05-05T23:59:59+02:00,6,8,1896,1909,4026,4724,5502,6847,7708,9974,12459,13614,15824,17998,13922,17311,4209,7292,0,2,408,454,958,1351,1241,2112,1583,3043,2476,3206,3322,3394,8366,10623,3875,6652,90690,48015,12350,4055,42125,942,40,24,14
2021-05-04T23:59:59+02:00,6,8,1810,1824,3760,4487,5094,6491,7045,9399,11240,12370,14906,16870,13813,17174,4205,7278,0,2,403,444,939,1331,1222,2069,1565,3004,2432,3151,3276,3346,8278,10512,3869,6638,84881,47875,11712,3855,41137,710,27,23,14
2021-05-03T23:59:59+02:00,5,8,1759,1770,3610,4362,4862,6279,6662,9068,10511,11634,14178,15889,13725,17059,4196,7261,0,2,397,434,934,1317,1207,2036,1544,2962,2399,3106,3223,3306,8163,10410,3864,6632,80449,47746,11507,3634,40837,521,22,23,13
2021-05-02T23:59:59+02:00,5,8,1749,1752,3536,4337,4778,6226,6592,9008,10393,11519,13992,15695,13693,17032,4195,7256,0,2,395,425,927,1302,1203,2019,1541,2949,2383,3089,3207,3288,8126,10378,3863,6628,79891,47723,11232,3536,40603,436,17,23,13
2021-05-01T23:59:59+02:00,5,8,1746,1752,3534,4336,4777,6224,6589,9006,10388,11515,13989,15695,13692,17031,4195,7253,0,2,394,425,927,1302,1202,2018,1541,2949,2383,3089,3207,3288,8126,10378,3863,6627,79862,47720,11232,3536,40602,436,16,23,13
2021-04-30T23:59:59+02:00,5,8,1744,1745,3528,4327,4770,6212,6568,8991,10350,11477,13938,15621,13666,17000,4194,7252,0,2,394,423,925,1300,1202,2018,1541,2949,2381,3087,3207,3286,8125,10376,3863,6627,79535,47713,11232,3535,40592,430,15,22,13
2021-04-29T23:59:59+02:00,5,7,1623,1704,3288,4212,4494,6057,6250,8740,9933,11084,13355,14917,13562,16844,4188,7244,0,2,385,412,916,1277,1182,1984,1517,2913,2352,3038,3193,3275,8112,10358,3860,6623,76749,47597,10846,3533,39878,242,14,20,13
2021-04-28T23:59:59+02:00,5,7,1498,1656,3113,4111,4259,5878,5894,8466,9345,10591,12478,13735,13406,16635,4179,7230,0,2,376,401,899,1264,1166,1955,1480,2869,2282,2968,3036,3139,7998,10242,3853,6612,72250,47171,10660,3118,39545,228,12,19,13
2021-04-27T23:59:59+02:00,5,7,1460,1612,3005,3991,4056,5735,5586,8209,8724,9921,11441,12424,13176,16278,4168,7208,0,2,364,385,889,1243,1151,1920,1453,2796,2235,2907,2997,3094,7970,10210,3846,6607,67441,46953,10473,2944,39062,147,12,18,13
2021-04-26T23:59:59+02:00,5,7,1436,1578,2894,3913,3884,5591,5274,7995,8232,9480,10686,11497,13032,16074,4157,7190,0,2,363,380,879,1232,1134,1909,1423,2775,2206,2876,2947,3042,7920,10160,3840,6602,64026,46849,10285,2690,38584,126,12,18,13
2021-04-25T23:59:59+02:00,5,7,1425,1572,2825,3881,3787,5531,5135,7948,8037,9374,10489,11262,12995,16020,4156,7185,0,2,362,375,870,1226,1116,1894,1408,2756,2182,2849,2905,3009,7872,10112,3839,6597,63516,46767,10082,2482,38007,100,12,17,13
2021-04-24T23:59:59+02:00,5,7,1424,1572,2825,3879,3786,5530,5133,7946,8033,9370,10482,11258,12995,16020,4156,7185,0,2,362,375,870,1225,1116,1891,1406,2755,2181,2849,2905,3009,7872,10112,3839,6597,63489,46761,10082,2481,38006,99,12,17,13
2021-04-23T23:59:59+02:00,5,7,1407,1561,2758,3845,3703,5500,5015,7898,7896,9310,10395,11145,12971,15979,4154,7181,0,2,361,375,869,1222,1116,1891,1405,2755,2181,2849,2904,3009,7871,10112,3839,6597,63352,46755,9802,2480,37547,98,12,17,13
2021-04-22T23:59:59+02:00,5,7,1365,1531,2650,3780,3542,5394,4782,7744,7543,9074,9820,10449,12704,15680,4148,7157,0,2,355,374,860,1213,1106,1878,1393,2729,2154,2828,2868,2976,7781,10003,3827,6580,61722,46342,9141,2471,36483,89,12,17,13
2021-04-21T23:59:59+02:00,5,7,1332,1494,2570,3702,3423,5292,4563,7564,7134,8746,8927,9416,12288,15102,4135,7115,0,2,350,372,855,1196,1097,1857,1375,2699,2123,2800,2808,2919,7665,9835,3809,6552,58985,45854,8272,2346,35529,89,12,17,13
2021-04-20T23:59:59+02:00,4,7,1309,1468,2498,3627,3323,5195,4389,7381,6749,8413,8035,8287,11822,14512,4121,7101,0,2,344,367,843,1183,1087,1835,1351,2676,2089,2757,2747,2862,7515,9646,3777,6497,56125,45131,7508,2340,34581,83,11,16,13
2021-04-19T23:59:59+02:00,4,7,1293,1451,2462,3590,3262,5128,4280,7278,6510,8180,7398,7511,11569,14156,4110,7083,0,2,342,365,838,1173,1081,1823,1328,2663,2055,2729,2692,2818,7398,9479,3754,6458,54171,44569,7134,2326,33940,79,11,16,13
2021-04-18T23:59:59+02:00,4,6,1283,1439,2429,3564,3222,5106,4227,7222,6374,8050,7044,7123,11475,14052,4107,7071,0,2,342,363,836,1169,1080,1815,1326,2650,2049,2724,2686,2804,7371,9446,3752,6454,53647,44443,6675,2323,33449,79,11,16,13
2021-04-17T23:59:59+02:00,4,6,1282,1437,2429,3562,3221,5102,4222,7219,6367,8040,7029,7113,11473,14050,4107,7071,0,2,342,363,835,1168,1080,1815,1324,2649,2048,2722,2683,2801,7370,9446,3752,6454,53625,44430,6673,2322,33410,79,11,15,12
2021-04-16T23:59:59+02:00,4,6,1279,1436,2418,3553,3213,5094,4203,7200,6316,8007,6952,7028,11461,14036,4105,7069,0,2,342,362,830,1166,1078,1815,1322,2648,2045,2722,2682,2794,7368,9444,3751,6454,53567,44405,6436,2318,33351,79,11,15,12
2021-04-15T23:59:59+02:00,2,4,1243,1416,2365,3504,3118,5035,4042,7071,6058,7774,6409,6470,11211,13747,4090,7037,0,2,335,360,811,1146,1039,1755,1277,2576,1971,2627,2602,2722,7280,9355,3741,6437,52479,43811,6045,2132,32046,73,11,15,9
2021-04-14T23:59:59+02:00,2,4,1222,1402,2330,3476,3049,4973,3934,6966,5868,7566,5765,5767,10817,13256,4058,6987,0,2,328,357,799,1137,1021,1728,1246,2535,1920,2575,2525,2652,7131,9160,3722,6411,51070,43148,5839,2009,30508,73,10,15,9
2021-04-13T23:59:59+02:00,2,4,1208,1391,2298,3445,2993,4909,3823,6885,5620,7345,5227,5219,10477,12842,4035,6959,0,2,307,343,780,1108,999,1707,1222,2499,1883,2534,2459,2586,7012,9022,3686,6350,50046,42459,5635,1952,28976,70,10,15,8
2021-04-12T23:59:59+02:00,2,4,1193,1385,2271,3422,2942,4864,3696,6804,5411,7196,4899,4926,10225,12561,4026,6935,0,2,291,339,767,1104,982,1691,1208,2476,1833,2487,2381,2525,6897,8880,3672,6327,49579,41880,5436,1903,27725,63,8,14,8
2021-04-11T23:59:59+02:00,2,4,1187,1371,2250,3402,2909,4844,3636,6733,5267,7087,4667,4726,10040,12362,4020,6924,0,2,284,337,762,1096,973,1676,1197,2448,1810,2455,2327,2466,6813,8772,3658,6307,49494,41465,5199,1841,26719,62,7,12,8
2021-04-10T23:59:59+02:00,2,4,1187,1370,2247,3398,2906,4840,3630,6730,5257,7075,4661,4716,10032,12349,4020,6924,0,2,281,333,746,1089,959,1671,1173,2428,1738,2403,2239,2380,6754,8725,3656,6303,49440,41294,5197,1511,26693,61,6,12,8
2021-04-09T23:59:59+02:00,2,4,1183,1367,2240,3396,2897,4830,3621,6719,5228,7051,4636,4688,10006,12319,4019,6924,0,2,272,330,726,1079,943,1650,1139,2381,1645,2327,2019,2111,6599,8564,3634,6270,49363,40439,5192,1177,26557,61,6,12,8
2021-04-08T23:59:59+02:00,2,4,1159,1347,2187,3340,2811,4740,3480,6589,4992,6818,4244,4280,9458,11744,4000,6870,0,2,247,309,674,1019,885,1577,1066,2285,1510,2207,1741,1774,6133,8002,3546,6124,48898,37863,4662,1174,24487,50,6,12,8
2021-04-07T23:59:59+02:00,2,4,1149,1333,2153,3322,2769,4702,3391,6526,4828,6684,3951,3977,8895,11192,3983,6841,0,2,214,280,614,964,824,1504,1007,2225,1404,2108,1600,1598,5533,7299,3457,5967,48685,35369,4186,1170,22815,49,4,12,8
2021-04-06T23:59:59+02:00,2,4,1127,1315,2109,3296,2730,4669,3326,6479,4702,6590,3694,3722,8404,10682,3967,6810,0,2,206,275,585,944,799,1456,961,2167,1321,2021,1453,1409,4944,6505,3342,5761,48489,32933,3649,1162,21475,46,3,12,7
2021-04-05T23:59:59+02:00,2,4,1124,1310,2103,3293,2720,4667,3311,6464,4679,6572,3662,3695,8374,10644,3963,6808,0,2,203,263,578,928,780,1432,945,2130,1281,1982,1406,1346,4729,6236,3294,5704,48399,32023,3643,1160,21338,46,3,12,7
2021-04-04T23:59:59+02:00,2,4,1124,1310,2103,3292,2720,4666,3311,6464,4677,6571,3657,3692,8372,10642,3963,6808,0,2,203,263,577,928,780,1432,945,2130,1281,1981,1406,1346,4728,6236,3294,5704,48392,32020,3642,1160,21329,46,3,12,7
2021-04-03T23:59:59+02:00,2,4,1124,1310,2102,3292,2720,4666,3311,6464,4677,6571,3656,3690,8372,10641,3963,6808,0,2,203,263,577,927,780,1432,945,2130,1281,1981,1406,1346,4728,6236,3294,5704,48391,32019,3641,1160,21326,46,3,12,7
2021-04-02T23:59:59+02:00,2,4,1124,1310,2102,3290,2720,4665,3310,6461,4677,6569,3653,3686,8370,10640,3963,6808,0,2,203,263,577,927,780,1430,945,2130,1281,1980,1406,1344,4726,6234,3293,5704,48373,32010,3641,1159,21325,46,3,12,7
2021-04-01T23:59:59+02:00,1,4,1111,1275,2036,3170,2612,4465,3161,6212,4519,6330,3609,3649,8270,10534,3952,6791,0,2,198,254,573,918,769,1424,935,2116,1258,1964,1385,1317,4486,5915,3173,5537,48000,31020,3635,1155,20051,39,3,12,7
2021-03-31T23:59:59+02:00,1,4,1094,1246,1997,3072,2537,4322,3071,6000,4388,6100,3524,3566,8117,10338,3932,6755,0,2,190,251,566,907,765,1406,923,2096,1217,1931,1329,1254,3991,5310,3045,5301,47392,29283,3508,1155,19149,38,3,12,5
2021-03-30T23:59:59+02:00,1,3,1071,1213,1945,2889,2435,4098,2921,5642,4187,5711,3430,3471,7953,10133,3905,6701,0,2,186,246,557,897,754,1384,901,2076,1169,1886,1242,1169,3463,4589,2819,4964,46752,27112,3342,1155,17600,29,3,12,5
2021-03-29T23:59:59+02:00,1,3,1054,1170,1882,2759,2351,3941,2783,5388,4024,5436,3330,3371,7791,9903,3876,6653,0,2,185,241,551,886,744,1370,883,2052,1132,1858,1166,1081,2878,3906,2641,4669,46106,25070,3107,1149,16489,19,2,12,5
2021-03-28T23:59:59+02:00,1,3,1035,1138,1811,2596,2269,3737,2662,5093,3872,5159,3265,3305,7726,9840,3872,6648,0,2,185,241,549,883,743,1368,881,2046,1129,1855,1157,1069,2823,3839,2628,4642,45999,24873,2898,1147,15121,14,2,12,4
2021-03-27T23:59:59+01:00,1,3,1035,1138,1811,2595,2268,3736,2659,5093,3869,5159,3261,3304,7725,9840,3872,6648,0,2,185,241,548,883,743,1368,880,2046,1126,1855,1157,1069,2823,3839,2628,4642,45990,24868,2898,1147,15116,14,2,11,4
2021-03-26T23:59:59+01:00,1,3,1030,1114,1768,2480,2204,3578,2596,4883,3783,4935,3240,3288,7722,9835,3871,6647,0,2,185,240,548,883,742,1368,880,2046,1126,1852,1153,1068,2820,3832,2627,4639,45963,24846,2895,1147,14107,12,2,11,4
2021-03-25T23:59:59+01:00,1,3,1005,1083,1717,2378,2121,3409,2487,4654,3671,4737,3138,3196,7594,9701,3864,6633,0,2,183,238,543,881,735,1359,874,2028,1109,1828,1107,1024,2591,3484,2427,4346,45704,23595,2557,1147,13121,12,1,9,4
2021-03-24T23:59:59+01:00,1,3,982,1063,1696,2335,2090,3359,2451,4587,3628,4667,3051,3125,7465,9529,3845,6615,0,2,183,233,537,876,727,1348,862,2013,1090,1807,1067,981,2195,2935,2033,3823,45163,21550,2427,1145,12892,12,1,9,4
2021-03-23T23:59:59+01:00,1,3,972,1057,1678,2302,2066,3325,2417,4543,3587,4617,2984,3052,7371,9427,3827,6587,0,2,181,230,533,871,720,1336,848,1994,1053,1775,985,889,1829,2444,1681,3356,44649,19599,2416,1111,12742,12,1,8,4
2021-03-22T23:59:59+01:00,1,3,970,1048,1664,2285,2052,3307,2395,4514,3550,4575,2940,3018,7308,9357,3813,6570,0,2,178,227,531,860,704,1313,834,1980,1024,1748,936,817,1351,1868,1326,2863,44315,17491,2394,1054,12652,12,1,8,4
2021-03-21T23:59:59+01:00,1,3,970,1047,1663,2282,2052,3304,2391,4510,3538,4567,2926,3009,7261,9302,3806,6564,0,2,178,224,529,858,703,1309,832,1976,1013,1743,913,798,1273,1783,1270,2794,44166,17188,2390,993,12631,12,1,8,4
2021-03-20T23:59:59+01:00,1,3,969,1046,1662,2281,2052,3304,2391,4510,3536,4565,2925,3008,7261,9301,3806,6564,0,2,178,224,529,858,703,1309,832,1976,1000,1728,878,770,1241,1760,1261,2792,44164,17185,2386,839,12626,12,1,8,4
2021-03-19T23:59:59+01:00,1,3,968,1038,1655,2267,2041,3300,2388,4504,3529,4558,2915,2997,7249,9284,3805,6561,0,2,178,222,528,858,703,1307,832,1975,993,1723,834,731,1178,1708,1251,2781,44102,17141,2382,646,12570,12,1,8,4
2021-03-18T23:59:59+01:00,1,3,932,1006,1577,2153,1917,3131,2239,4255,3299,4309,2762,2839,6947,8919,3739,6460,0,2,177,221,523,853,696,1300,823,1964,970,1707,816,709,1101,1599,1106,2575,42706,16557,2071,568,11702,12,1,8,4
2021-03-17T23:59:59+01:00,1,3,879,974,1506,2093,1853,3065,2174,4195,3204,4214,2625,2704,6522,8425,3674,6345,0,2,176,219,519,848,694,1296,819,1959,965,1699,787,690,966,1446,950,2359,40930,15810,2067,567,11450,12,1,8,4
2021-03-16T23:59:59+01:00,1,3,854,950,1472,2052,1815,3015,2120,4140,3108,4116,2491,2545,6045,7773,3583,6194,0,0,170,216,515,847,690,1289,814,1950,957,1686,782,677,878,1320,806,2194,38929,15207,2006,567,11334,12,1,7,4
2021-03-15T23:59:59+01:00,1,3,837,944,1454,2028,1777,2959,2082,4069,3007,4007,2357,2374,5558,7228,3511,6077,0,0,169,215,515,839,688,1280,810,1940,947,1670,771,667,808,1208,650,1989,37155,14621,1905,529,11206,12,0,7,4
2021-03-14T23:59:59+01:00,1,3,832,929,1430,2001,1752,2930,2051,4010,2944,3938,2178,2177,5373,7001,3480,6044,0,0,169,215,514,836,686,1269,809,1933,944,1661,753,658,792,1189,626,1934,36130,14476,1804,505,11133,3,0,7,4
2021-03-13T23:59:59+01:00,1,3,824,921,1408,1989,1735,2917,2024,3982,2869,3890,2106,2103,5324,6946,3478,6043,0,0,169,215,514,835,686,1269,808,1933,944,1661,753,658,792,1189,626,1934,35874,14474,1556,505,11126,3,0,7,4
2021-03-12T23:59:59+01:00,1,3,800,905,1362,1931,1671,2819,1925,3831,2712,3723,1909,1864,5139,6721,3446,6000,0,0,169,215,513,835,686,1269,807,1933,944,1660,744,655,779,1174,618,1931,34543,14421,1313,504,10899,3,0,7,4
2021-03-11T23:59:59+01:00,1,3,766,846,1293,1846,1587,2670,1841,3630,2550,3550,1642,1554,4769,6249,3309,5817,0,0,160,208,507,826,676,1260,792,1897,924,1619,613,593,710,1131,598,1899,32424,13916,1212,492,10280,2,0,7,3
2021-03-10T23:59:59+01:00,1,3,751,794,1270,1790,1555,2612,1791,3559,2469,3461,1570,1465,4296,5704,3190,5563,0,0,160,206,498,805,658,1246,783,1877,917,1603,544,577,677,1122,591,1893,30603,13763,1206,389,10028,2,0,7,3
2021-03-09T23:59:59+01:00,1,3,737,773,1249,1760,1528,2566,1751,3508,2395,3409,1476,1367,3733,4948,2996,5253,0,0,157,204,492,784,648,1222,769,1845,905,1575,540,575,675,1117,588,1887,28413,13701,1203,277,9830,2,0,7,3
2021-03-08T23:59:59+01:00,0,3,733,745,1235,1739,1510,2545,1723,3469,2355,3366,1382,1265,3057,4116,2757,4882,0,0,153,201,478,761,626,1190,750,1795,881,1538,536,573,675,1116,588,1887,25941,13693,1203,52,9731,0,0,7,3
2021-03-07T23:59:59+01:00,0,3,730,741,1225,1729,1502,2529,1712,3461,2344,3358,1369,1249,2955,3994,2734,4833,0,0,153,201,478,761,626,1190,750,1795,881,1538,536,573,675,1116,588,1887,25588,13693,1201,52,9672,0,0,7,3
2021-03-06T23:59:59+01:00,0,3,729,741,1223,1724,1499,2526,1708,3458,2339,3357,1366,1249,2955,3994,2734,4833,0,0,152,201,478,761,626,1190,750,1795,881,1538,536,573,675,1116,588,1887,25583,13692,1201,52,9647,0,0,7,3
2021-03-05T23:59:59+01:00,0,3,668,717,1198,1709,1478,2516,1683,3443,2310,3347,1360,1246,2947,3987,2731,4828,0,0,152,201,478,760,626,1189,750,1795,881,1535,535,573,675,1116,588,1887,25555,13686,1196,52,9413,0,0,7,3
2021-03-04T23:59:59+01:00,0,3,602,670,1130,1639,1422,2433,1642,3362,2236,3269,1309,1198,2726,3621,2545,4540,0,0,150,195,475,746,615,1177,739,1767,872,1522,524,562,663,1106,583,1878,24324,13521,1188,50,8828,0,0,7,3
2021-03-03T23:59:59+01:00,0,3,565,630,1063,1576,1326,2352,1541,3276,2110,3182,1265,1151,2351,3098,2189,4087,0,0,150,195,473,743,615,1177,738,1763,869,1521,521,559,661,1103,583,1876,22444,13497,1186,48,8130,0,0,5,2
2021-03-02T23:59:59+01:00,0,3,547,596,1025,1530,1268,2308,1483,3224,2013,3120,1181,1048,1981,2620,1793,3563,0,0,148,193,468,737,610,1166,728,1753,864,1500,512,550,650,1080,563,1843,20361,13315,1183,48,7754,0,0,5,2
2021-03-01T23:59:59+01:00,0,3,540,547,1005,1491,1222,2247,1437,3160,1958,3047,1135,974,1482,2024,1405,3017,0,0,146,193,468,737,610,1165,728,1750,863,1500,510,550,646,1071,559,1832,18065,13278,1180,48,7444,0,0,5,2
2021-02-28T23:59:59+01:00,0,3,532,533,988,1451,1196,2185,1409,3102,1903,2974,1114,952,1367,1884,1331,2929,0,0,146,193,467,736,610,1165,727,1748,862,1499,508,550,646,1071,559,1832,17584,13269,1178,48,7086,0,0,5,2
2021-02-27T23:59:59+01:00,0,3,532,531,987,1448,1196,2184,1409,3101,1903,2973,1114,952,1367,1883,1329,2929,0,0,145,193,466,735,607,1163,725,1746,860,1498,508,550,646,1071,559,1832,17581,13268,1178,34,7077,0,0,5,2
2021-02-26T23:59:59+01:00,0,3,390,481,857,1404,1113,2141,1341,3060,1844,2930,1109,946,1364,1882,1329,2927,0,0,145,193,466,735,607,1163,725,1745,860,1497,508,550,646,1071,559,1832,17569,13267,1178,33,6369,0,0,5,2
2021-02-25T23:59:59+01:00,0,3,301,428,761,1309,1029,2051,1243,2887,1705,2768,1071,914,1282,1757,1209,2735,0,0,138,183,454,722,591,1137,718,1720,840,1473,494,536,618,1039,545,1813,16968,12997,1178,22,5302,0,0,5,2
2021-02-24T23:59:59+01:00,0,2,256,384,688,1233,955,1963,1189,2769,1639,2650,1044,894,1159,1611,1052,2516,0,0,136,183,451,718,587,1136,717,1715,839,1469,489,531,610,1034,542,1801,16255,12937,1176,19,4568,0,0,5,2
2021-02-23T23:59:59+01:00,0,2,244,362,667,1174,926,1884,1142,2657,1563,2539,1018,866,1078,1483,909,2351,0,0,136,181,451,717,587,1136,717,1712,837,1468,488,528,608,1033,542,1800,15692,12925,1141,15,4027,0,0,5,1
2021-02-22T23:59:59+01:00,0,0,230,343,644,1144,894,1801,1092,2565,1477,2416,972,836,959,1339,722,2094,0,0,136,181,450,716,585,1135,716,1712,831,1466,487,527,607,1031,541,1798,14937,12913,1068,5,3518,0,0,5,1
2021-02-21T23:59:59+01:00,0,0,224,332,608,1077,844,1696,1049,2464,1397,2309,955,815,926,1287,669,2028,0,0,136,180,447,709,584,1131,716,1707,831,1464,486,527,606,1031,540,1797,14727,12886,1025,5,2923,0,0,5,1
2021-02-20T23:59:59+01:00,0,0,224,329,605,1076,842,1691,1045,2458,1382,2290,919,786,893,1264,661,2026,0,0,136,180,447,709,584,1131,716,1707,831,1464,486,526,605,1031,540,1797,14725,12885,865,5,2896,0,0,5,0
2021-02-19T23:59:59+01:00,0,0,214,321,596,1068,829,1676,1024,2441,1349,2247,674,683,750,1200,636,2009,0,0,136,180,447,708,584,1128,715,1704,828,1461,486,525,605,1030,539,1797,14247,12869,676,4,2789,0,0,5,0
2021-02-18T23:59:59+01:00,0,0,198,272,557,946,744,1450,894,2183,1099,1872,595,615,709,1158,616,1992,0,0,131,180,434,696,569,1110,709,1678,812,1433,483,522,604,1029,539,1797,14088,12722,576,4,1232,0,0,4,0
2021-02-17T23:59:59+01:00,0,0,192,232,536,897,707,1354,835,2016,1014,1740,573,594,709,1155,614,1989,0,0,124,177,422,685,561,1094,690,1646,799,1410,480,520,602,1026,539,1796,14069,12568,576,3,508,0,0,4,0
2021-02-16T23:59:59+01:00,0,0,185,229,528,881,692,1323,816,1977,981,1700,561,589,703,1153,613,1986,0,0,119,172,408,680,550,1078,677,1628,789,1396,474,514,595,1012,531,1765,14038,12386,576,2,299,0,0,4,0
2021-02-15T23:59:59+01:00,0,0,171,220,523,854,686,1289,802,1942,952,1653,560,586,701,1153,613,1986,0,0,116,171,401,670,539,1059,648,1601,775,1378,472,511,595,1012,531,1765,14035,12242,537,2,115,0,0,4,0
2021-02-14T23:59:59+01:00,0,0,166,212,519,841,685,1280,799,1933,934,1645,559,585,701,1150,612,1986,0,0,109,167,390,659,522,1041,629,1586,768,1365,472,509,593,1010,531,1765,14029,12114,535,2,39,0,0,4,0
2021-02-13T23:59:59+01:00,0,0,165,212,518,841,685,1280,799,1933,934,1645,559,585,701,1150,612,1986,0,0,109,167,389,658,522,1041,629,1586,768,1365,472,509,593,1010,531,1765,14028,12112,535,2,38,0,0,4,0
2021-02-12T23:59:59+01:00,0,0,163,211,513,839,684,1277,795,1932,932,1642,558,585,701,1150,612,1986,0,0,106,165,386,652,517,1034,615,1571,765,1348,470,508,581,990,526,1736,14021,11968,534,2,21,0,0,4,0
2021-02-11T23:59:59+01:00,0,0,160,210,509,832,676,1273,793,1928,926,1640,553,579,694,1144,607,1980,0,0,87,129,357,582,470,954,563,1454,721,1254,446,463,537,936,482,1640,13970,11074,522,1,8,0,0,4,0
2021-02-10T23:59:59+01:00,0,0,157,208,499,815,660,1258,781,1900,911,1616,544,573,683,1131,602,1970,0,0,78,118,329,522,443,846,522,1278,647,1097,397,413,470,819,433,1478,13844,9889,459,1,1,0,0,4,0
2021-02-09T23:59:59+01:00,0,0,156,202,491,777,644,1219,761,1839,899,1575,532,561,677,1115,593,1951,0,0,73,101,310,454,408,761,479,1175,583,998,366,358,427,731,399,1357,13730,8980,259,0,0,0,0,3,0
2021-02-08T23:59:59+01:00,0,0,152,198,474,752,622,1184,741,1789,879,1531,526,560,675,1109,589,1935,0,0,59,75,265,386,358,628,421,945,510,818,308,303,361,577,334,1151,13660,7499,53,0,0,0,0,3,0
2021-02-07T23:59:59+01:00,0,0,152,197,472,751,620,1183,740,1781,877,1529,525,560,675,1109,589,1934,0,0,58,67,247,351,339,583,405,913,490,783,308,296,359,570,332,1147,13638,7248,53,0,0,0,0,3,0
2021-02-06T23:59:59+01:00,0,0,152,197,472,751,620,1183,740,1781,877,1529,525,560,675,1109,589,1934,0,0,58,67,247,350,339,583,405,912,488,781,308,295,358,568,331,1147,13638,7237,53,0,0,0,0,3,0
2021-02-05T23:59:59+01:00,0,0,152,197,472,751,620,1183,740,1781,877,1527,525,560,674,1109,589,1934,0,0,56,67,246,347,332,579,397,889,478,761,298,290,347,544,313,1107,13635,7051,53,0,0,0,0,3,0
2021-02-04T23:59:59+01:00,0,0,146,192,468,743,613,1175,736,1767,871,1518,518,553,653,1084,580,1916,0,0,42,51,213,312,290,483,355,748,384,615,233,219,262,378,232,819,13478,5636,52,0,0,0,0,3,0
2021-02-03T23:59:59+01:00,0,0,144,191,462,736,605,1166,732,1754,863,1502,506,545,638,1071,573,1908,0,0,34,32,157,221,237,352,265,570,309,466,182,172,185,282,179,612,13344,4255,49,0,0,0,0,3,0
2021-02-02T23:59:59+01:00,0,0,144,188,460,735,605,1166,729,1748,856,1498,505,543,634,1068,572,1904,0,0,25,26,138,174,192,281,221,434,257,375,142,132,138,210,142,483,13304,3370,49,0,0,0,0,2,0
2021-02-01T23:59:59+01:00,0,0,142,188,459,734,600,1163,728,1740,854,1493,503,541,629,1065,571,1897,0,0,21,19,102,128,138,190,155,301,168,259,90,94,93,133,76,258,13256,2225,49,0,0,0,0,2,0
2021-01-31T23:59:59+01:00,0,0,141,187,459,731,597,1162,728,1736,854,1492,501,540,628,1063,571,1896,0,0,14,15,69,88,96,125,118,224,141,203,85,87,89,125,74,244,13236,1797,49,0,0,0,0,1,0
2021-01-30T23:59:59+01:00,0,0,141,187,458,731,595,1160,727,1735,854,1492,501,540,627,1063,571,1896,0,0,14,15,69,88,96,123,116,220,138,200,84,86,89,119,68,234,13235,1759,42,0,0,0,0,1,0
2021-01-29T23:59:59+01:00,0,0,141,187,458,729,594,1157,725,1733,852,1491,501,540,627,1063,571,1896,0,0,12,15,57,82,79,119,98,209,115,188,79,79,87,115,67,233,13230,1634,34,0,0,0,0,1,0
2021-01-28T23:59:59+01:00,0,0,134,183,445,712,577,1130,719,1706,829,1462,494,534,624,1060,568,1893,0,0,7,3,14,20,24,46,31,96,47,87,46,50,56,85,49,176,13044,837,25,0,0,0,0,1,0
2021-01-27T23:59:59+01:00,0,0,127,180,433,702,569,1120,703,1671,822,1438,491,532,620,1055,568,1888,0,0,3,1,6,12,10,25,13,41,23,31,13,17,24,35,20,55,12895,329,23,0,0,0,0,1,0
2021-01-26T23:59:59+01:00,0,0,121,176,419,691,556,1106,694,1648,810,1417,486,526,614,1038,560,1853,0,0,3,1,6,11,7,23,11,38,17,28,13,15,23,33,20,54,12699,303,15,0,0,0,0,1,0
2021-01-25T23:59:59+01:00,0,0,118,174,410,679,545,1087,667,1620,792,1400,484,522,612,1037,560,1853,0,0,2,1,5,9,7,18,6,29,12,22,9,6,13,22,10,35,12554,206,5,0,0,0,0,1,0
2021-01-24T23:59:59+01:00,0,0,111,171,400,669,530,1069,650,1607,779,1388,483,519,611,1037,560,1853,0,0,2,0,3,6,7,6,4,8,5,9,1,2,11,15,6,21,12431,106,5,0,0,0,0,1,0
2021-01-23T23:59:59+01:00,0,0,111,171,400,668,530,1069,650,1607,779,1388,483,519,611,1037,560,1853,0,0,1,0,3,6,7,6,4,8,5,9,1,2,11,15,6,21,12430,105,5,0,0,0,0,1,0
2021-01-22T23:59:59+01:00,0,0,108,169,393,662,526,1062,636,1592,773,1370,483,514,600,1016,553,1824,0,0,1,0,3,6,7,6,4,8,5,9,1,2,11,15,6,21,12277,105,4,0,0,0,0,0,0
2021-01-21T23:59:59+01:00,0,0,97,161,378,645,503,1028,606,1542,751,1327,466,476,566,972,517,1756,0,0,1,0,3,6,7,6,4,8,5,9,1,2,11,15,6,21,11787,105,4,0,0,0,0,0,0
2021-01-20T23:59:59+01:00,0,0,79,120,343,556,459,887,549,1308,663,1140,404,417,481,829,454,1533,0,0,1,0,2,5,7,6,4,8,5,9,1,2,11,15,6,21,10218,103,4,0,0,0,0,0,0
2021-01-19T23:59:59+01:00,0,0,74,106,316,478,418,798,506,1196,611,1037,380,379,444,750,424,1437,0,0,1,0,1,3,7,5,4,7,5,9,1,0,8,10,5,18,9350,84,4,0,0,0,0,0,0
2021-01-18T23:59:59+01:00,0,0,60,76,270,391,363,650,430,964,519,840,312,311,374,596,358,1229,0,0,1,0,1,3,7,5,4,7,5,8,1,0,8,10,5,18,7741,83,2,0,0,0,0,0,0
2021-01-17T23:59:59+01:00,0,0,59,67,251,356,342,597,411,921,495,801,309,302,372,589,355,1221,0,0,0,0,0,0,0,1,0,0,0,0,0,0,0,0,0,0,7446,1,2,0,0,0,0,0,0
2021-01-16T23:59:59+01:00,0,0,59,67,251,355,342,597,411,920,493,799,309,301,370,585,354,1221,0,0,0,0,0,0,0,0,0,0,0,0,0,0,0,0,0,0,7432,0,2,0,0,0,0,0,0
2021-01-15T23:59:59+01:00,0,0,57,67,251,351,336,591,400,896,481,774,295,295,351,556,331,1179,0,0,0,0,0,0,0,0,0,0,0,0,0,0,0,0,0,0,7209,0,2,0,0,0,0,0,0
2021-01-14T23:59:59+01:00,0,0,44,54,237,326,311,516,366,771,393,629,233,221,261,380,238,847,0,0,0,0,0,0,0,0,0,0,0,0,0,0,0,0,0,0,5827,0,0,0,0,0,0,0,0
2021-01-13T23:59:59+01:00,0,0,38,43,212,269,271,415,300,616,322,503,178,178,189,289,192,655,0,0,0,0,0,0,0,0,0,0,0,0,0,0,0,0,0,0,4670,0,0,0,0,0,0,0,0
2021-01-12T23:59:59+01:00,0,0,33,41,207,254,256,381,276,535,290,457,141,136,143,221,150,514,0,0,0,0,0,0,0,0,0,0,0,0,0,0,0,0,0,0,4035,0,0,0,0,0,0,0,0
2021-01-11T23:59:59+01:00,0,0,28,37,197,233,238,328,229,447,240,382,110,106,107,144,88,320,0,0,0,0,0,0,0,0,0,0,0,0,0,0,0,0,0,0,3234,0,0,0,0,0,0,0,0
2021-01-10T23:59:59+01:00,0,0,26,31,159,172,195,253,191,351,198,305,98,99,104,139,86,305,0,0,0,0,0,0,0,0,0,0,0,0,0,0,0,0,0,0,2712,0,0,0,0,0,0,0,0
2021-01-09T23:59:59+01:00,0,0,26,31,152,168,193,245,187,343,196,300,98,99,104,139,86,305,0,0,0,0,0,0,0,0,0,0,0,0,0,0,0,0,0,0,2672,0,0,0,0,0,0,0,0
2021-01-08T23:59:59+01:00,0,0,23,28,121,144,172,232,162,314,168,279,93,89,102,135,85,304,0,0,0,0,0,0,0,0,0,0,0,0,0,0,0,0,0,0,2451,0,0,0,0,0,0,0,0
2021-01-07T23:59:59+01:00,0,0,8,3,18,26,31,57,37,106,61,111,48,51,63,93,54,212,0,0,0,0,0,0,0,0,0,0,0,0,0,0,0,0,0,0,979,0,0,0,0,0,0,0,0
2021-01-06T23:59:59+01:00,0,0,3,1,7,13,10,25,14,40,21,32,14,14,27,39,23,65,0,0,0,0,0,0,0,0,0,0,0,0,0,0,0,0,0,0,348,0,0,0,0,0,0,0,0
2021-01-05T23:59:59+01:00,0,0,3,1,6,10,9,21,11,32,15,27,11,14,23,34,21,57,0,0,0,0,0,0,0,0,0,0,0,0,0,0,0,0,0,0,295,0,0,0,0,0,0,0,0
2021-01-04T23:59:59+01:00,0,0,2,1,4,7,9,13,4,16,8,17,5,3,12,20,8,31,0,0,0,0,0,0,0,0,0,0,0,0,0,0,0,0,0,0,160,0,0,0,0,0,0,0,0
2021-01-03T23:59:59+01:00,0,0,2,0,3,6,8,7,4,9,5,10,1,2,12,16,7,21,0,0,0,0,0,0,0,0,0,0,0,0,0,0,0,0,0,0,113,0,0,0,0,0,0,0,0
2021-01-02T23:59:59+01:00,0,0,2,0,3,6,8,7,4,9,5,10,1,2,12,16,7,21,0,0,0,0,0,0,0,0,0,0,0,0,0,0,0,0,0,0,113,0,0,0,0,0,0,0,0
2021-01-01T23:59:59+01:00,0,0,1,0,3,6,8,6,4,9,5,10,1,2,12,15,7,21,0,0,0,0,0,0,0,0,0,0,0,0,0,0,0,0,0,0,110,0,0,0,0,0,0,0,0
2020-12-31T23:59:59+01:00,0,0,1,0,3,5,8,6,4,9,5,10,1,2,12,15,7,21,0,0,0,0,0,0,0,0,0,0,0,0,0,0,0,0,0,0,109,0,0,0,0,0,0,0,0
2020-12-30T23:59:59+01:00,0,0,1,0,2,5,8,6,4,9,5,10,1,2,12,15,7,21,0,0,0,0,0,0,0,0,0,0,0,0,0,0,0,0,0,0,108,0,0,0,0,0,0,0,0
2020-12-29T23:59:59+01:00,0,0,1,0,1,3,8,5,4,8,5,10,1,0,9,10,6,18,0,0,0,0,0,0,0,0,0,0,0,0,0,0,0,0,0,0,89,0,0,0,0,0,0,0,0
2020-12-28T23:59:59+01:00,0,0,1,0,1,3,8,5,4,8,5,9,1,0,9,10,6,18,0,0,0,0,0,0,0,0,0,0,0,0,0,0,0,0,0,0,88,0,0,0,0,0,0,0,0
2020-12-27T23:59:59+01:00,0,0,1,0,1,3,8,4,4,8,5,9,1,0,9,10,6,18,0,0,0,0,0,0,0,0,0,0,0,0,0,0,0,0,0,0,87,0,0,0,0,0,0,0,0
