Datum,<15_m,<15_w,15-24_1_m,15-24_1_w,25-34_1_m,25-34_1_w,35-44_1_m,35-44_1_w,45-54_1_m,45-54_1_w,55-64_1_m,55-64_1_w,65-74_1_m,65-74_1_w,75-84_1_m,75-84_1_w,>84_1_m,>84_1_w,<24_2_m,<24_2_w,25-34_2_m,25-34_2_w,35-44_2_m,35-44_2_w,45-54_2_m,45-54_2_w,55-64_2_m,55-64_2_w,65-74_2_m,65-74_2_w,75-84_2_m,75-84_2_w,>84_2_m,>84_2_w,bp_1,bp_2,mo_1,mo_2,az_1,az_2,ja,unb_1,unb_2
2021-09-16T23:59:59+02:00,1731,1607,16229,15025,21573,19852,23554,23153,27272,27939,30424,31362,21404,24457,15268,19239,4336,7553,14516,13433,20185,18352,22279,21718,25949,26456,29217,30102,20756,23709,14823,18585,4197,7284,228285,214633,32470,31117,55099,52034,16104,23,34
2021-09-15T23:59:59+02:00,1700,1590,16173,14949,21523,19802,23510,23110,27243,27907,30401,31338,21392,24436,15256,19231,4335,7551,14444,13348,20122,18294,22240,21669,25913,26413,29188,30082,20743,23694,14811,18576,4196,7282,227777,214086,32456,31074,55099,52030,16095,23,34
2021-09-14T23:59:59+02:00,1687,1576,16139,14903,21478,19765,23479,23075,27213,27871,30375,31314,21378,24425,15253,19219,4332,7550,14405,13311,20098,18272,22216,21643,25892,26399,29177,30072,20732,23686,14808,18569,4195,7280,227374,213805,32455,31073,55099,52030,16084,23,34
2021-09-13T23:59:59+02:00,1668,1564,16098,14853,21453,19732,23444,23044,27196,27835,30360,31301,21377,24415,15248,19217,4331,7547,14380,13297,20074,18257,22200,21624,25876,26387,29167,30049,20722,23675,14807,18561,4193,7278,227034,213592,32455,31073,55099,52030,16075,23,34
2021-09-12T23:59:59+02:00,1658,1551,16073,14831,21437,19711,23429,23019,27181,27821,30351,31293,21370,24407,15248,19212,4331,7547,14345,13268,20051,18221,22181,21599,25862,26366,29155,30040,20715,23667,14801,18554,4191,7272,226841,213350,32439,31042,55099,52029,16071,23,34
2021-09-11T23:59:59+02:00,1657,1551,16061,14827,21429,19703,23428,23018,27179,27820,30349,31292,21369,24406,15248,19212,4331,7547,14340,13266,20049,18218,22179,21599,25862,26365,29155,30040,20714,23667,14801,18554,4191,7272,226803,213339,32439,31042,55099,52029,16066,23,34
2021-09-10T23:59:59+02:00,1657,1551,16040,14822,21415,19691,23409,23015,27162,27810,30336,31286,21368,24404,15244,19210,4331,7546,14318,13259,20033,18208,22164,21595,25847,26351,29137,30036,20713,23663,14798,18551,4190,7271,226773,213298,32439,31042,55099,52029,15966,23,34
2021-09-09T23:59:59+02:00,1611,1512,15961,14746,21356,19624,23359,22967,27106,27760,30307,31256,21359,24388,15230,19197,4329,7544,14239,13186,19963,18144,22098,21540,25798,26310,29100,30005,20697,23635,14781,18537,4188,7270,226255,212838,32409,30960,55098,52011,15830,23,34
2021-09-08T23:59:59+02:00,1573,1464,15839,14654,21293,19552,23307,22892,27056,27717,30267,31210,21342,24370,15221,19186,4328,7544,14149,13100,19881,18090,22033,21489,25751,26271,29065,29956,20678,23614,14777,18529,4187,7269,225732,212441,32338,30873,55098,52006,15627,23,34
2021-09-07T23:59:59+02:00,1561,1444,15790,14602,21244,19524,23270,22869,27030,27683,30250,31195,21331,24348,15215,19178,4326,7544,14080,13055,19821,18051,21991,21459,25716,26237,29036,29928,20666,23600,14773,18522,4186,7269,225491,212160,32333,30844,55098,52002,15462,23,34
2021-09-06T23:59:59+02:00,1548,1434,15739,14557,21223,19495,23249,22838,27005,27664,30234,31173,21321,24345,15210,19171,4326,7542,14049,13018,19801,18027,21963,21438,25696,26217,29021,29913,20656,23591,14770,18518,4186,7266,225238,211957,32333,30844,55098,52001,15385,23,34
2021-09-05T23:59:59+02:00,1529,1420,15710,14531,21208,19473,23240,22813,26996,27652,30229,31165,21316,24339,15205,19169,4326,7539,14011,12982,19774,17992,21937,21410,25677,26200,29008,29894,20652,23583,14768,18516,4186,7266,225035,211742,32326,30767,55097,52000,15382,23,34
2021-09-04T23:59:59+02:00,1529,1420,15702,14528,21195,19468,23233,22809,26991,27646,30223,31162,21315,24336,15205,19168,4326,7539,14003,12979,19761,17987,21930,21406,25672,26194,29002,29890,20651,23580,14768,18515,4186,7266,225034,211741,32326,30767,55097,52000,15317,23,34
2021-09-03T23:59:59+02:00,1526,1417,15685,14514,21164,19443,23205,22790,26967,27634,30210,31147,21308,24328,15205,19162,4326,7538,13987,12966,19737,17967,21908,21392,25655,26185,28988,29879,20645,23572,14768,18512,4186,7266,224965,211725,32324,30762,55097,51999,15162,23,34
2021-09-02T23:59:59+02:00,1510,1397,15613,14456,21120,19395,23170,22743,26926,27593,30173,31121,21295,24318,15199,19149,4324,7532,13893,12902,19694,17910,21864,21349,25614,26141,28949,29852,20633,23561,14763,18499,4185,7263,224548,211275,32319,30757,55095,51979,15051,23,34
2021-09-01T23:59:59+02:00,1459,1341,15475,14306,21009,19301,23099,22688,26860,27522,30123,31071,21277,24293,15191,19135,4321,7527,13752,12784,19576,17819,21781,21282,25559,26072,28899,29789,20608,23532,14751,18484,4181,7257,223786,210703,32293,30571,55094,51967,14804,23,34
2021-08-31T23:59:59+02:00,1436,1326,15414,14235,20950,19247,23058,22648,26812,27483,30090,31039,21266,24281,15185,19126,4321,7526,13679,12719,19528,17777,21750,21248,25527,26049,28872,29763,20602,23521,14748,18476,4180,7256,223345,210364,32293,30571,55093,51962,14691,23,34
2021-08-30T23:59:59+02:00,1413,1307,15344,14191,20906,19191,23026,22610,26777,27450,30058,31010,21254,24273,15181,19117,4319,7519,13622,12677,19486,17729,21718,21223,25498,26011,28838,29738,20591,23507,14738,18467,4179,7253,222985,210063,32293,30571,55093,51960,14554,23,34
2021-08-29T23:59:59+02:00,1397,1296,15301,14147,20868,19162,23002,22586,26759,27427,30041,30995,21250,24264,15181,19115,4319,7518,13569,12633,19463,17705,21691,21203,25478,25992,28825,29721,20583,23499,14735,18463,4177,7252,222704,209797,32292,30569,55093,51959,14518,23,34
2021-08-28T23:59:59+02:00,1397,1296,15293,14144,20856,19155,22996,22582,26756,27418,30038,30994,21249,24264,15181,19115,4319,7518,13561,12629,19451,17698,21684,21199,25475,25983,28822,29720,20582,23499,14735,18463,4177,7252,222703,209794,32292,30569,55093,51959,14462,23,34
2021-08-27T23:59:59+02:00,1388,1289,15261,14118,20829,19139,22965,22566,26732,27407,30022,30975,21243,24256,15177,19114,4316,7515,13532,12597,19414,17681,21656,21178,25447,25970,28805,29702,20576,23490,14732,18461,4176,7252,222570,209648,32292,30568,55092,51958,14337,23,34
2021-08-26T23:59:59+02:00,1374,1271,15217,14073,20782,19101,22934,22528,26699,27369,29990,30938,21228,24240,15170,19106,4313,7507,13464,12537,19339,17625,21599,21120,25391,25922,28766,29666,20563,23469,14721,18446,4175,7248,222279,209365,32273,30444,55090,51887,14177,23,34
2021-08-25T23:59:59+02:00,1328,1226,15070,13955,20671,19010,22856,22436,26622,27286,29932,30883,21208,24214,15160,19097,4309,7501,13340,12454,19251,17549,21535,21047,25323,25867,28722,29624,20537,23448,14713,18432,4174,7245,221434,208791,32258,30396,55090,51879,13962,22,31
2021-08-24T23:59:59+02:00,1304,1202,15006,13904,20629,18959,22801,22391,26586,27251,29904,30852,21192,24199,15154,19087,4308,7500,13243,12393,19191,17469,21498,20996,25279,25825,28693,29586,20519,23428,14706,18420,4172,7240,221021,208310,32228,30340,55090,51864,13870,22,26
2021-08-23T23:59:59+02:00,1286,1183,14940,13866,20591,18930,22773,22367,26551,27232,29879,30826,21173,24185,15149,19074,4307,7499,13127,12316,19129,17411,21446,20947,25239,25771,28648,29543,20500,23411,14699,18408,4169,7240,220716,207792,32212,30250,55090,51864,13773,22,26
2021-08-22T23:59:59+02:00,1276,1175,14924,13846,20574,18911,22761,22348,26536,27217,29862,30822,21166,24181,15147,19066,4305,7498,13067,12245,19075,17377,21416,20913,25217,25745,28622,29522,20492,23400,14698,18404,4169,7240,220541,207469,32194,30139,55090,51861,13770,22,26
2021-08-21T23:59:59+02:00,1276,1175,14916,13837,20562,18903,22751,22342,26532,27212,29851,30815,21166,24179,15147,19066,4305,7498,13058,12236,19064,17369,21408,20907,25211,25740,28612,29515,20492,23398,14698,18404,4169,7240,220536,207465,32194,30139,55090,51861,13693,22,26
2021-08-20T23:59:59+02:00,1269,1170,14888,13804,20529,18875,22728,22320,26506,27189,29834,30799,21163,24170,15145,19060,4305,7498,13040,12219,19042,17350,21391,20886,25196,25722,28594,29496,20488,23392,14697,18401,4169,7240,220349,207362,32194,30137,55090,51860,13599,22,26
2021-08-19T23:59:59+02:00,1251,1154,14829,13754,20491,18845,22696,22286,26483,27160,29808,30776,21152,24162,15143,19055,4304,7495,12908,12104,18948,17276,21305,20828,25126,25655,28534,29446,20467,23379,14691,18392,4167,7237,220042,206729,32164,30001,55090,51798,13528,22,26
2021-08-18T23:59:59+02:00,1229,1136,14746,13662,20376,18785,22623,22226,26417,27103,29750,30719,21127,24142,15137,19043,4302,7492,12775,11986,18812,17193,21211,20739,25041,25572,28453,29379,20435,23335,14680,18377,4166,7232,219630,206128,32146,29882,55089,51790,13130,22,26
2021-08-17T23:59:59+02:00,1218,1123,14706,13624,20334,18741,22588,22192,26385,27076,29733,30699,21115,24128,15126,19034,4298,7491,12667,11902,18732,17131,21138,20678,24990,25519,28416,29338,20416,23320,14671,18364,4164,7230,219351,205601,32113,29755,55089,51782,13038,22,25
2021-08-16T23:59:59+02:00,1205,1112,14659,13576,20298,18713,22559,22160,26364,27047,29699,30668,21103,24117,15119,19022,4296,7489,12575,11802,18643,17060,21069,20592,24924,25460,28349,29276,20393,23298,14661,18346,4163,7227,219084,204984,32111,29628,55089,51781,12902,22,25
2021-08-15T23:59:59+02:00,1195,1099,14622,13547,20270,18682,22533,22140,26351,27031,29689,30654,21098,24105,15114,19020,4295,7487,12508,11734,18589,17029,21020,20552,24888,25417,28331,29254,20383,23285,14657,18340,4161,7225,218859,204530,32111,29627,55089,51780,12853,22,25
2021-08-14T23:59:59+02:00,1195,1098,14615,13543,20261,18676,22524,22133,26337,27024,29684,30646,21095,24104,15113,19019,4295,7487,12501,11730,18580,17022,21010,20545,24874,25410,28326,29245,20380,23284,14656,18339,4161,7225,218858,204528,32111,29626,55089,51780,12771,22,25
2021-08-13T23:59:59+02:00,1192,1095,14606,13533,20247,18666,22513,22128,26330,27014,29669,30638,21086,24099,15112,19019,4295,7487,12486,11716,18569,17014,20998,20537,24868,25394,28312,29240,20374,23277,14654,18339,4161,7224,218800,204460,32111,29626,55089,51780,12709,22,25
2021-08-12T23:59:59+02:00,1172,1073,14548,13480,20206,18626,22489,22096,26303,26984,29638,30616,21074,24080,15108,19013,4295,7482,12313,11573,18429,16906,20903,20450,24788,25309,28245,29184,20353,23245,14641,18327,4158,7218,218480,203664,32100,29434,55089,51710,12594,22,25
2021-08-11T23:59:59+02:00,1156,1051,14478,13418,20169,18574,22447,22056,26271,26959,29610,30579,21060,24063,15105,19002,4292,7478,12174,11434,18348,16819,20824,20375,24738,25237,28202,29122,20321,23218,14634,18316,4156,7213,218087,202766,32027,29429,55089,51705,12545,22,25
2021-08-10T23:59:59+02:00,1141,1034,14401,13348,20120,18530,22418,22013,26241,26930,29579,30551,21047,24054,15105,18994,4291,7476,12066,11321,18256,16751,20765,20310,24685,25181,28159,29070,20295,23190,14620,18298,4155,7207,217672,202021,31998,29407,55089,51680,12494,22,25
2021-08-09T23:59:59+02:00,1124,1015,14316,13287,20039,18476,22369,21965,26189,26886,29542,30518,21029,24037,15099,18985,4286,7474,11884,11161,18088,16656,20645,20228,24590,25085,28079,28996,20259,23151,14606,18286,4152,7198,217225,201043,31979,29298,55087,51586,12325,22,24
2021-08-08T23:59:59+02:00,1110,1008,14275,13250,20019,18442,22343,21945,26174,26866,29526,30504,21022,24031,15096,18981,4285,7473,11801,11072,18001,16575,20580,20172,24525,25039,28033,28952,20237,23128,14594,18275,4152,7194,217001,200386,31947,29224,55086,51567,12296,22,24
2021-08-07T23:59:59+02:00,1110,1008,14260,13244,20009,18437,22336,21940,26162,26852,29512,30492,21020,24027,15092,18976,4284,7473,11787,11067,17984,16570,20574,20166,24512,25024,28016,28940,20235,23124,14590,18270,4151,7194,216996,200372,31947,29223,55086,51567,12185,22,24
2021-08-06T23:59:59+02:00,1110,1007,14249,13232,19997,18418,22322,21926,26140,26843,29500,30481,21017,24023,15089,18973,4284,7473,11774,11053,17964,16550,20558,20150,24490,25015,28004,28929,20232,23120,14587,18268,4151,7194,216989,200347,31943,29223,55086,51566,12046,22,24
2021-08-05T23:59:59+02:00,1099,988,14179,13192,19948,18385,22279,21885,26106,26788,29472,30457,21004,24008,15081,18965,4282,7470,11600,10942,17854,16453,20445,20055,24383,24924,27934,28880,20207,23096,14576,18254,4148,7192,216681,199558,31904,29131,55084,51433,11899,22,24
2021-08-04T23:59:59+02:00,1085,972,14115,13123,19848,18303,22215,21829,26070,26747,29423,30410,20981,23990,15071,18952,4282,7467,11412,10769,17626,16318,20272,19927,24267,24800,27826,28784,20179,23063,14563,18242,4145,7190,216422,198516,31748,29072,55082,51190,11612,21,24
2021-08-03T23:59:59+02:00,1061,954,14044,13063,19814,18256,22180,21788,26036,26705,29389,30381,20965,23967,15061,18938,4279,7457,11227,10595,17454,16191,20132,19796,24120,24678,27706,28679,20136,23017,14545,18210,4143,7184,216046,197082,31722,29036,55082,51135,11469,21,24
2021-08-02T23:59:59+02:00,1037,934,13957,12995,19757,18198,22129,21748,25982,26645,29337,30331,20934,23936,15051,18918,4276,7455,11057,10425,17282,16064,19986,19683,24004,24562,27620,28578,20089,22964,14526,18191,4140,7174,215565,195891,31692,28986,55082,51059,11262,21,24
2021-08-01T23:59:59+02:00,1027,919,13897,12948,19722,18181,22110,21727,25958,26625,29318,30315,20925,23924,15047,18911,4276,7454,10914,10280,17121,15955,19837,19575,23860,24455,27513,28498,20075,22940,14518,18177,4140,7170,215331,195005,31645,28893,55082,50710,11206,21,24
2021-07-31T23:59:59+02:00,1027,919,13871,12939,19705,18173,22093,21716,25945,26614,29310,30304,20923,23919,15046,18910,4275,7454,10887,10268,17101,15942,19819,19562,23848,24443,27505,28487,20073,22935,14517,18176,4139,7170,215327,194986,31645,28893,55082,50710,11069,21,24
2021-07-30T23:59:59+02:00,1019,910,13811,12895,19660,18151,22064,21697,25915,26592,29282,30286,20916,23911,15040,18908,4273,7453,10800,10196,17036,15899,19760,19527,23781,24402,27456,28462,20058,22913,14508,18172,4136,7168,215149,194596,31644,28893,55082,50644,10888,21,24
2021-07-29T23:59:59+02:00,995,892,13704,12809,19594,18089,21992,21646,25864,26537,29231,30249,20898,23901,15033,18901,4273,7451,10535,9939,16739,15656,19468,19314,23480,24175,27205,28299,20003,22857,14496,18152,4136,7167,214705,192867,31572,28780,55082,49956,10680,21,24
2021-07-28T23:59:59+02:00,967,862,13572,12680,19471,17984,21907,21563,25783,26456,29155,30180,20875,23865,15020,18889,4271,7449,10244,9735,16478,15470,19208,19126,23251,23985,27049,28154,19954,22784,14477,18129,4133,7162,214056,191531,31538,28694,55077,49444,10258,21,24
2021-07-27T23:59:59+02:00,936,841,13452,12585,19408,17924,21842,21510,25718,26398,29115,30135,20860,23845,15015,18869,4270,7443,9988,9523,16228,15247,18982,18941,23059,23813,26885,28015,19912,22731,14455,18102,4127,7153,213461,189873,31484,28537,55076,49110,10126,20,24
2021-07-26T23:59:59+02:00,911,823,13350,12491,19355,17867,21769,21446,25669,26365,29060,30076,20831,23822,14997,18850,4270,7439,9751,9274,15996,15045,18734,18740,22833,23645,26733,27885,19841,22671,14427,18066,4122,7147,212860,188122,31413,28438,55075,48734,10024,20,24
2021-07-25T23:59:59+02:00,892,812,13272,12420,19275,17821,21712,21395,25629,26317,29023,30030,20814,23805,14990,18844,4267,7438,9564,9131,15794,14896,18533,18599,22664,23534,26584,27765,19791,22623,14411,18053,4119,7144,212556,187217,31353,28285,55075,48315,9753,20,24
2021-07-24T23:59:59+02:00,892,812,13262,12411,19265,17815,21703,21390,25614,26310,29018,30024,20810,23804,14989,18843,4267,7438,9554,9118,15785,14888,18522,18593,22647,23525,26578,27757,19788,22620,14410,18052,4119,7143,212552,187199,31353,28282,55075,48315,9668,20,24
2021-07-23T23:59:59+02:00,884,811,13199,12375,19187,17782,21665,21357,25577,26271,28985,29988,20796,23788,14981,18839,4265,7435,9506,9090,15703,14843,18469,18554,22594,23484,26534,27718,19773,22604,14403,18046,4117,7140,212428,187039,31352,28278,55075,48314,9311,20,24
2021-07-22T23:59:59+02:00,872,798,13102,12295,19130,17715,21617,21327,25528,26224,28961,29966,20784,23770,14979,18833,4262,7433,9187,8817,15300,14596,18104,18298,22260,23237,26329,27583,19716,22548,14390,18024,4114,7135,211962,185208,31268,28023,55072,47399,9275,20,24
2021-07-21T23:59:59+02:00,850,771,12901,12128,18982,17590,21485,21227,25421,26121,28884,29896,20742,23735,14962,18810,4258,7428,8803,8495,14864,14267,17727,18026,21904,22908,26056,27374,19623,22460,14364,17986,4111,7126,211340,183299,31158,27671,55068,46741,8606,20,24
2021-07-20T23:59:59+02:00,820,746,12755,11995,18875,17507,21416,21151,25359,26056,28847,29845,20717,23702,14954,18794,4255,7425,8474,8188,14399,13931,17344,17752,21604,22678,25813,27188,19541,22351,14335,17951,4109,7120,210666,181153,31050,27510,55064,45862,8420,20,23
2021-07-19T23:59:59+02:00,791,718,12633,11876,18783,17434,21358,21091,25304,26002,28796,29808,20692,23674,14944,18780,4251,7419,8142,7928,14032,13674,16995,17503,21280,22477,25586,27046,19472,22276,14313,17929,4103,7114,209945,179108,30944,27346,55064,45150,8382,20,23
2021-07-18T23:59:59+02:00,773,699,12522,11767,18682,17358,21295,21039,25248,25951,28758,29755,20670,23654,14933,18769,4249,7417,7972,7775,13875,13555,16843,17380,21119,22364,25456,26965,19432,22236,14299,17913,4103,7111,209370,178173,30796,27240,55064,44787,8290,20,23
2021-07-17T23:59:59+02:00,773,699,12518,11767,18681,17355,21295,21039,25248,25951,28758,29755,20670,23654,14933,18769,4249,7417,7964,7774,13871,13550,16842,17379,21118,22363,25455,26963,19431,22236,14299,17913,4103,7111,209366,178153,30796,27239,55064,44786,8286,20,23
2021-07-16T23:59:59+02:00,766,694,12444,11711,18642,17324,21258,21012,25215,25928,28732,29736,20668,23651,14933,18767,4249,7417,7814,7672,13718,13476,16699,17321,20980,22304,25348,26915,19413,22217,14298,17907,4103,7108,209156,177704,30796,27167,55063,44394,8113,20,23
2021-07-15T23:59:59+02:00,751,674,12373,11640,18579,17266,21203,20962,25167,25887,28703,29708,20653,23633,14928,18758,4248,7414,7471,7353,13111,13073,16030,16897,20344,21935,24894,26603,19267,22076,14255,17861,4100,7101,208674,175476,30710,26269,55056,42618,8088,20,23
2021-07-14T23:59:59+02:00,722,654,12162,11504,18407,17158,21082,20865,25064,25784,28613,29607,20619,23600,14909,18742,4245,7411,7053,6988,12445,12614,15342,16412,19710,21476,24430,26260,19049,21850,14223,17813,4092,7090,207865,172638,30542,25931,55053,40669,7669,20,23
2021-07-13T23:59:59+02:00,678,620,12022,11373,18285,17076,20969,20768,24968,25689,28543,29542,20590,23561,14889,18732,4243,7401,6586,6554,11810,12115,14648,15901,19108,21060,23991,25934,18870,21635,14179,17750,4088,7081,206849,168961,30404,25757,55042,38999,7635,20,20
2021-07-12T23:59:59+02:00,645,589,11898,11235,18168,16986,20878,20660,24864,25591,28461,29476,20563,23527,14881,18720,4238,7394,6170,6138,11211,11581,14028,15360,18554,20568,23574,25571,18674,21444,14115,17692,4079,7077,205831,165280,30273,24933,55039,38043,7612,20,20
2021-07-11T23:59:59+02:00,609,562,11781,11144,18101,16924,20820,20603,24809,25545,28404,29428,20544,23507,14872,18711,4238,7393,5975,5970,10953,11379,13796,15160,18307,20378,23365,25386,18602,21364,14088,17666,4078,7071,205190,163887,30152,24463,55037,37617,7599,18,20
2021-07-10T23:59:59+02:00,608,562,11774,11143,18098,16922,20817,20603,24806,25544,28403,29428,20544,23507,14871,18709,4238,7393,5968,5969,10951,11373,13787,15156,18306,20376,23363,25384,18600,21363,14087,17666,4078,7071,205172,163861,30151,24462,55037,37610,7593,18,20
2021-07-09T23:59:59+02:00,580,539,11664,11021,18023,16838,20747,20541,24732,25468,28354,29383,20521,23487,14868,18700,4238,7392,5935,5938,10921,11340,13737,15135,18275,20343,23344,25361,18595,21353,14085,17663,4078,7070,204306,163626,30151,24412,55037,37577,7585,18,20
2021-07-08T23:59:59+02:00,545,511,11501,10885,17901,16734,20617,20443,24624,25342,28237,29306,20477,23437,14852,18671,4235,7384,5580,5680,10408,10947,13117,14682,17613,19786,22736,24898,18278,20964,13989,17580,4073,7060,203542,161318,30126,23606,55012,35483,7005,18,20
2021-07-07T23:59:59+02:00,485,458,11335,10741,17819,16649,20548,20374,24551,25264,28175,29242,20449,23401,14847,18659,4233,7376,5269,5385,9883,10497,12538,14204,16932,19266,22171,24399,17966,20600,13887,17483,4066,7037,202537,158859,30103,22143,54993,33641,6956,18,20
2021-07-06T23:59:59+02:00,445,424,11210,10592,17705,16555,20456,20270,24473,25173,28085,29163,20423,23363,14838,18642,4231,7373,4868,4954,9272,9979,11826,13603,16225,18649,21654,23903,17647,20296,13786,17367,4057,7027,201405,154653,30097,21199,54984,32346,6918,18,20
2021-07-05T23:59:59+02:00,423,397,11118,10506,17618,16484,20375,20199,24412,25121,28044,29125,20399,23342,14826,18634,4230,7370,4575,4632,8777,9527,11264,13050,15515,18005,21033,23294,17253,19901,13653,17209,4049,7019,200668,150755,30093,20520,54975,30610,6870,18,20
2021-07-04T23:59:59+02:00,410,391,11042,10451,17551,16431,20325,20150,24381,25085,28028,29107,20390,23331,14820,18631,4229,7369,4429,4539,8646,9361,11072,12874,15274,17795,20768,23022,16981,19609,13593,17117,4045,7015,200186,149439,30089,20213,54974,29631,6856,18,20
2021-07-03T23:59:59+02:00,409,390,11035,10442,17541,16423,20323,20147,24379,25084,28025,29106,20390,23330,14820,18631,4229,7368,4425,4533,8639,9359,11069,12874,15270,17795,20765,23019,16981,19606,13593,17117,4045,7015,200154,149427,30088,20213,54974,29625,6839,18,20
2021-07-02T23:59:59+02:00,365,327,10888,10332,17427,16320,20221,20072,24306,25019,27962,29046,20364,23304,14814,18617,4229,7365,4336,4452,8479,9219,10934,12764,15147,17688,20653,22915,16940,19576,13586,17102,4045,7012,199266,148434,30088,20212,54974,29568,6633,18,20
2021-07-01T23:59:59+02:00,318,283,10751,10195,17298,16227,20098,19982,24222,24944,27899,28995,20344,23280,14798,18602,4226,7361,4132,4250,8181,8880,10563,12351,14578,17190,20145,22373,16652,19277,13378,16888,4035,6990,198188,145373,30029,19527,54968,28339,6621,18,20
2021-06-30T23:59:59+02:00,235,221,10497,9955,17129,16077,19966,19850,24107,24822,27818,28906,20321,23248,14779,18584,4225,7360,3936,4053,7878,8538,10151,11886,14088,16631,19571,21739,16330,18938,13105,16612,4022,6964,196544,141688,29972,19271,54960,26872,6607,18,20
2021-06-29T23:59:59+02:00,190,184,10349,9780,16994,15981,19862,19758,24039,24745,27760,28837,20295,23221,14765,18564,4225,7356,3732,3790,7480,8087,9677,11349,13433,15963,18957,21033,16013,18611,12857,16322,4015,6950,195391,137399,29967,18972,54956,25318,6575,17,20
2021-06-28T23:59:59+02:00,140,132,10151,9597,16873,15874,19757,19657,23946,24651,27692,28775,20265,23191,14751,18545,4223,7354,3528,3532,7080,7644,9244,10855,12882,15425,18460,20517,15763,18346,12738,16188,4009,6939,194211,133565,29853,18547,54953,24490,6541,17,20
2021-06-27T23:59:59+02:00,122,115,10013,9485,16816,15815,19697,19606,23888,24601,27665,28751,20252,23175,14748,18541,4222,7351,3435,3464,6904,7450,9055,10654,12652,15185,18197,20257,15643,18242,12673,16102,4009,6935,193583,132373,29794,18198,54947,23756,6523,17,20
2021-06-26T23:59:59+02:00,122,115,10011,9480,16815,15811,19695,19605,23885,24600,27665,28751,20252,23175,14748,18541,4222,7351,3432,3464,6902,7449,9052,10652,12649,15182,18195,20256,15640,18241,12673,16101,4009,6935,193565,132352,29793,18198,54947,23752,6523,17,20
2021-06-25T23:59:59+02:00,118,112,9964,9439,16778,15778,19662,19576,23849,24572,27641,28733,20246,23168,14746,18538,4222,7351,3412,3418,6828,7338,8956,10497,12535,14986,18050,20048,15617,18212,12665,16098,4008,6934,193248,132172,29759,17844,54947,23056,6523,17,20
2021-06-24T23:59:59+02:00,108,101,9836,9313,16590,15652,19530,19453,23726,24481,27584,28673,20232,23152,14739,18529,4221,7349,3286,3271,6615,7007,8644,10041,12001,14365,17495,19342,15392,17981,12520,15968,4005,6922,192409,129775,29414,16984,54946,21604,6484,17,20
2021-06-23T23:59:59+02:00,102,95,9707,9174,16450,15526,19413,19347,23629,24376,27519,28626,20217,23130,14735,18524,4218,7348,3079,3029,6262,6521,8141,9473,11302,13544,16732,18361,15095,17640,12369,15825,3995,6897,191489,125217,29247,16013,54935,20579,6448,17,20
2021-06-22T23:59:59+02:00,71,69,9416,8868,16221,15324,19227,19199,23485,24250,27448,28541,20194,23105,14727,18505,4214,7342,2845,2740,5777,5972,7517,8711,10394,12504,15707,17158,14800,17281,12262,15701,3982,6874,189804,118779,29040,15523,54931,19504,6416,15,15
2021-06-21T23:59:59+02:00,67,62,9288,8705,16048,15178,19039,19045,23354,24127,27387,28462,20170,23077,14722,18495,4214,7338,2700,2547,5394,5504,7051,8124,9663,11625,14976,16223,14522,16968,12155,15580,3977,6858,188606,114063,28815,14964,54928,18423,6414,15,15
2021-06-20T23:59:59+02:00,64,61,9151,8571,15912,15061,18927,18954,23280,24056,27347,28411,20159,23056,14711,18488,4211,7337,2642,2478,5223,5321,6836,7857,9355,11294,14609,15819,14387,16834,12115,15543,3972,6852,187709,112359,28695,14732,54928,17633,6410,15,15
2021-06-19T23:59:59+02:00,64,61,9150,8567,15910,15052,18925,18954,23278,24055,27347,28410,20159,23056,14711,18488,4211,7337,2639,2477,5222,5317,6835,7857,9355,11293,14607,15815,14385,16834,12115,15543,3972,6852,187690,112343,28693,14730,54927,17632,6410,15,15
2021-06-18T23:59:59+02:00,64,57,9122,8555,15896,15043,18910,18946,23271,24046,27340,28405,20159,23053,14710,18488,4211,7337,2610,2443,5167,5258,6757,7757,9256,11137,14435,15586,14306,16733,12104,15522,3970,6849,187570,111557,28692,14729,54926,17191,6410,15,15
2021-06-17T23:59:59+02:00,57,54,8947,8393,15661,14875,18712,18790,23115,23915,27204,28311,20135,23031,14703,18476,4209,7334,2473,2290,4840,4958,6370,7354,8706,10531,13604,14714,14069,16441,12031,15400,3966,6837,186241,108687,28687,13769,54918,16064,6061,15,15
2021-06-16T23:59:59+02:00,49,52,8717,8177,15425,14650,18500,18590,22925,23748,27098,28201,20106,22988,14689,18456,4205,7328,2359,2182,4598,4756,6017,7008,8181,10045,12886,13875,13719,16058,11946,15311,3961,6825,184453,105240,28588,12968,54915,15583,5933,15,15
2021-06-15T23:59:59+02:00,40,39,8368,7838,15045,14292,18179,18299,22676,23534,26939,28067,20076,22954,14676,18440,4203,7317,2175,2015,4246,4401,5509,6443,7300,9158,11692,12596,13179,15442,11824,15148,3946,6802,181844,98994,28552,12304,54913,14917,5658,15,15
2021-06-14T23:59:59+02:00,34,34,8187,7670,14789,14061,17976,18126,22525,23414,26827,27986,20055,22921,14663,18432,4199,7309,2060,1889,3991,4153,5121,5969,6644,8436,10764,11541,12862,15095,11752,15054,3936,6783,180264,94149,28528,11941,54911,14465,5490,15,15
2021-06-13T23:59:59+02:00,34,34,8110,7615,14708,13975,17859,18015,22444,23334,26797,27956,20042,22910,14659,18426,4199,7309,2012,1860,3908,4054,5001,5829,6412,8193,10471,11206,12705,14917,11694,14998,3935,6782,179506,92755,28519,11649,54907,14087,5479,15,15
2021-06-12T23:59:59+02:00,34,34,8109,7614,14707,13975,17859,18015,22442,23333,26796,27953,20042,22909,14659,18426,4199,7309,2011,1858,3907,4054,4999,5828,6409,8190,10468,11200,12702,14916,11694,14996,3935,6782,179495,92736,28519,11649,54907,14078,5479,15,15
2021-06-11T23:59:59+02:00,34,33,8043,7573,14618,13927,17784,17965,22372,23299,26752,27930,20040,22905,14659,18425,4199,7309,1995,1849,3871,3996,4957,5760,6348,8108,10369,11095,12663,14881,11683,14990,3935,6782,179158,92521,28441,11643,54906,13764,5347,15,15
2021-06-10T23:59:59+02:00,29,26,7701,7274,14221,13563,17355,17589,22042,23017,26557,27749,19996,22860,14646,18407,4196,7297,1890,1766,3656,3834,4684,5489,6028,7740,9753,10484,12147,14220,11614,14882,3927,6775,176557,89362,27946,11262,54893,13143,5114,15,14
2021-06-09T23:59:59+02:00,28,23,7330,6924,13755,13121,16838,17121,21650,22648,26343,27535,19923,22789,14628,18372,4193,7289,1720,1652,3456,3655,4429,5221,5642,7335,8978,9770,11481,13388,11495,14742,3917,6763,173299,85115,27397,10626,54880,12976,4919,15,14
2021-06-08T23:59:59+02:00,23,19,6952,6515,13241,12636,16369,16652,21292,22308,26127,27331,19865,22711,14597,18336,4190,7282,1628,1576,3233,3425,4110,4867,5135,6847,8092,8850,10598,12311,11352,14585,3913,6748,169876,79461,26909,10330,54871,12697,4775,15,13
2021-06-07T23:59:59+02:00,20,16,6672,6222,12811,12260,15969,16253,20965,22011,25965,27175,19829,22658,14576,18317,4183,7276,1566,1504,3043,3252,3833,4639,4735,6471,7378,8099,9690,11166,11241,14438,3902,6730,167310,74722,26482,9959,54851,12479,4520,15,13
2021-06-06T23:59:59+02:00,20,16,6530,6089,12668,12109,15806,16094,20800,21848,25879,27088,19809,22621,14565,18307,4182,7272,1551,1481,2970,3210,3737,4575,4628,6390,7236,7970,9433,10897,11195,14388,3899,6725,166079,74040,26378,9532,54830,12305,4401,15,13
2021-06-05T23:59:59+02:00,20,16,6521,6085,12656,12096,15797,16085,20797,21843,25879,27085,19809,22621,14565,18307,4182,7272,1549,1479,2967,3209,3736,4574,4625,6390,7231,7965,9427,10892,11195,14388,3899,6725,166024,74012,26366,9530,54830,12301,4401,15,13
2021-06-04T23:59:59+02:00,20,16,6490,6045,12598,12045,15737,16037,20769,21811,25860,27068,19805,22615,14562,18307,4182,7272,1548,1473,2954,3199,3717,4560,4615,6376,7195,7922,9395,10822,11157,14347,3898,6724,165929,73737,26106,9517,54806,12258,4383,15,13
2021-06-03T23:59:59+02:00,20,15,6256,5820,12299,11796,15415,15725,20436,21472,25604,26855,19759,22541,14542,18287,4181,7268,1506,1428,2882,3134,3620,4483,4503,6277,6994,7741,9018,10376,11105,14274,3898,6719,163444,72439,25859,9221,54804,12121,4169,15,13
2021-06-02T23:59:59+02:00,20,15,6194,5760,12233,11730,15341,15658,20364,21411,25587,26831,19754,22538,14539,18284,4180,7267,1492,1418,2865,3121,3603,4469,4468,6260,6961,7703,8939,10266,11096,14249,3897,6718,163100,72078,25673,9214,54802,12112,4116,15,10
2021-06-01T23:59:59+02:00,16,15,5735,5262,11490,11030,14515,14926,19646,20742,25176,26446,19663,22449,14505,18237,4172,7259,1379,1310,2565,2853,3225,4132,3980,5798,6133,6901,7751,8645,10852,13902,3883,6701,158047,66676,25018,8308,54774,11593,3430,15,8
2021-05-31T23:59:59+02:00,14,15,5485,4961,11044,10605,13986,14430,19166,20244,24870,26106,19569,22364,14466,18191,4163,7243,1319,1256,2412,2720,3023,3962,3700,5507,5578,6369,6745,7373,10610,13581,3874,6667,154568,62643,24323,7415,54770,11389,3246,15,8
2021-05-30T23:59:59+02:00,14,15,5405,4884,10861,10480,13822,14251,18818,19924,24627,25859,19538,22334,14458,18171,4162,7241,1298,1242,2387,2690,2976,3916,3632,5451,5475,6280,6574,7143,10573,13507,3872,6657,153072,61911,23821,7354,54743,11192,3213,15,8
2021-05-29T23:59:59+02:00,14,15,5403,4884,10861,10476,13818,14248,18818,19923,24626,25857,19538,22334,14458,18171,4162,7241,1297,1239,2386,2689,2974,3913,3632,5449,5474,6278,6569,7139,10573,13507,3872,6657,153056,61901,23821,7351,54742,11180,3213,15,8
2021-05-28T23:59:59+02:00,14,15,5386,4871,10839,10440,13792,14229,18801,19906,24618,25848,19537,22333,14456,18168,4162,7240,1292,1239,2386,2683,2973,3911,3626,5443,5460,6262,6553,7122,10564,13485,3871,6653,152870,61797,23819,7351,54740,11161,3211,15,8
2021-05-27T23:59:59+02:00,11,14,5093,4587,10321,9987,13206,13697,18111,19293,24037,25310,19438,22219,14423,18122,4151,7227,1123,1099,2104,2493,2673,3621,3330,5086,5129,5982,6254,6706,10336,13202,3866,6638,149615,59948,22823,7315,54634,10216,2160,15,7
2021-05-26T23:59:59+02:00,11,14,4828,4326,9883,9605,12685,13176,17498,18683,23403,24632,19314,22070,14376,18067,4145,7210,1043,1017,1944,2340,2473,3424,3068,4841,4740,5631,5698,6057,9966,12670,3850,6602,145499,56805,22067,7278,54512,9445,1833,15,7
2021-05-25T23:59:59+02:00,11,13,4613,4096,9468,9128,12224,12670,16961,18104,22881,23993,19182,21897,14345,17988,4136,7196,992,972,1882,2250,2362,3288,2896,4638,4395,5255,5118,5323,9518,12069,3834,6577,141442,53253,21236,7263,54382,9019,1831,15,7
2021-05-24T23:59:59+02:00,11,13,4499,3937,9256,8924,12019,12410,16659,17782,22552,23593,19106,21818,14330,17968,4134,7195,976,924,1822,2208,2289,3227,2810,4557,4274,5139,4973,5164,9427,11942,3832,6569,139937,52547,20274,7210,54203,8596,1777,15,7
2021-05-23T23:59:59+02:00,11,13,4488,3936,9250,8920,12007,12400,16648,17775,22536,23572,19100,21813,14329,17966,4134,7195,974,920,1820,2204,2286,3224,2804,4553,4267,5123,4965,5150,9420,11929,3831,6568,139828,52471,20271,7196,54202,8591,1777,15,7
2021-05-22T23:59:59+02:00,11,13,4483,3933,9247,8917,11999,12394,16645,17771,22534,23570,19100,21813,14329,17966,4134,7195,974,920,1819,2203,2284,3224,2803,4553,4267,5121,4963,5149,9419,11929,3831,6568,139801,52465,20271,7196,54190,8586,1777,15,7
2021-05-21T23:59:59+02:00,11,13,4450,3894,9179,8842,11926,12305,16554,17696,22470,23502,19080,21795,14325,17959,4134,7193,929,910,1786,2191,2253,3215,2772,4528,4219,5093,4938,5125,9406,11922,3830,6567,139144,52398,20271,7196,54171,8360,1727,15,7
2021-05-20T23:59:59+02:00,8,12,4193,3710,8734,8486,11443,11888,15884,17193,21887,22922,18895,21628,14294,17919,4129,7182,782,845,1529,2031,2009,3059,2531,4309,3968,4860,4781,4962,9291,11778,3822,6542,135739,51666,19895,7098,53756,7330,1002,15,7
2021-05-19T23:59:59+02:00,8,12,3946,3465,8236,8016,10862,11339,15211,16489,21209,22196,18694,21397,14253,17869,4123,7164,730,798,1469,1950,1932,2956,2465,4184,3826,4702,4606,4749,9088,11549,3802,6513,130319,50583,19712,6964,53459,6785,984,15,7
2021-05-18T23:59:59+02:00,7,11,3658,3198,7687,7477,10131,10639,14250,15553,20262,21138,18435,21114,14198,17809,4117,7142,676,750,1414,1864,1857,2845,2337,4044,3650,4499,4337,4456,8886,11300,3789,6486,123264,49353,19618,6764,53017,6158,912,15,7
2021-05-17T23:59:59+02:00,7,11,3467,2987,7225,7009,9623,10099,13519,14762,19575,20336,18249,20852,14151,17743,4107,7128,617,695,1333,1801,1783,2763,2228,3969,3513,4386,4089,4225,8743,11088,3776,6457,118011,48553,19377,6550,52551,5464,896,15,7
2021-05-16T23:59:59+02:00,7,10,3338,2913,7017,6831,9419,9884,13264,14527,19347,20107,18171,20773,14137,17724,4106,7122,604,650,1294,1752,1738,2702,2191,3876,3449,4303,3998,4124,8723,11061,3774,6455,116385,48409,19135,6383,52270,5007,892,15,7
2021-05-15T23:59:59+02:00,7,10,3337,2910,7011,6824,9417,9878,13260,14525,19344,20098,18169,20772,14137,17724,4106,7122,604,650,1292,1752,1735,2702,2189,3876,3448,4303,3996,4122,8723,11061,3774,6455,116342,48402,19135,6382,52268,5004,891,15,7
2021-05-14T23:59:59+02:00,7,10,3296,2866,6898,6681,9288,9741,13111,14343,19172,19963,18145,20747,14136,17716,4105,7119,582,637,1270,1733,1707,2681,2155,3850,3404,4265,3946,4068,8716,11054,3774,6454,115937,48363,18387,6232,52185,4878,820,15,7
2021-05-13T23:59:59+02:00,7,10,3172,2701,6572,6360,8850,9343,12564,13862,18567,19366,18015,20603,14103,17680,4100,7117,546,612,1215,1679,1649,2608,2067,3743,3254,4146,3842,3932,8695,11034,3771,6450,113059,48268,17690,5845,51576,4472,653,14,7
2021-05-12T23:59:59+02:00,7,10,3145,2669,6539,6322,8802,9289,12425,13749,18382,19162,17982,20569,14095,17670,4100,7117,545,610,1214,1677,1644,2605,2059,3737,3240,4138,3829,3918,8687,11028,3771,6449,112346,48242,17463,5818,51558,4433,653,14,7
2021-05-11T23:59:59+02:00,5,10,2753,2413,5737,5820,7833,8476,11033,12587,16812,17687,17476,20007,14013,17565,4082,7094,508,552,1086,1570,1480,2448,1872,3558,3019,3876,3722,3805,8618,10935,3767,6444,104943,48012,16841,5622,49481,3496,125,13,7
2021-05-10T23:59:59+02:00,5,8,2565,2244,5262,5439,7136,7850,9999,11670,15517,16315,17098,19557,13950,17451,4075,7070,481,526,1043,1531,1436,2397,1813,3456,2900,3745,3640,3732,8579,10888,3763,6440,99125,47897,15934,5393,48015,2952,124,13,6
2021-05-09T23:59:59+02:00,5,8,2481,2214,5124,5354,6949,7731,9591,11331,14971,15788,16980,19418,13930,17423,4072,7065,465,508,1010,1474,1365,2313,1755,3334,2789,3591,3555,3640,8556,10856,3760,6437,97550,47812,15349,5124,47401,2346,122,13,6
2021-05-08T23:59:59+02:00,5,8,2477,2213,5123,5354,6949,7729,9587,11328,14970,15787,16980,19418,13930,17423,4072,7065,464,507,1010,1474,1365,2312,1755,3334,2788,3590,3553,3640,8556,10856,3760,6437,97536,47808,15348,5124,47399,2343,122,13,6
2021-05-07T23:59:59+02:00,5,8,2305,2151,4850,5260,6587,7575,9138,11113,14526,15467,16803,19216,13918,17394,4072,7063,452,505,999,1463,1350,2297,1720,3324,2738,3555,3508,3600,8478,10775,3760,6434,96829,47785,14828,4776,45663,2275,118,13,6
2021-05-06T23:59:59+02:00,5,8,2068,2017,4298,4910,5934,7199,8369,10555,13549,14645,16407,18766,13869,17300,4060,7050,422,457,958,1363,1263,2135,1614,3100,2516,3272,3330,3400,8300,10584,3751,6421,94254,47345,13588,4171,43106,1317,49,12,6
2021-05-05T23:59:59+02:00,5,8,1943,1904,4011,4686,5501,6828,7678,9968,12432,13587,15731,17931,13766,17198,4051,7026,413,445,945,1336,1234,2092,1579,3024,2456,3188,3280,3360,8221,10486,3745,6411,89840,47214,12263,4023,42105,940,34,12,6
2021-05-04T23:59:59+02:00,5,8,1857,1819,3743,4450,5091,6469,7017,9394,11213,12344,14813,16804,13656,17061,4047,7012,408,436,926,1317,1214,2049,1561,2987,2412,3133,3237,3313,8132,10375,3739,6397,84030,47077,11625,3824,41117,711,20,11,6
2021-05-03T23:59:59+02:00,4,8,1804,1767,3593,4325,4858,6256,6633,9062,10484,11608,14088,15826,13570,16945,4038,6995,402,426,923,1304,1200,2015,1540,2946,2379,3087,3184,3273,8019,10273,3734,6391,79599,46951,11420,3603,40816,521,18,11,5
2021-05-02T23:59:59+02:00,4,8,1794,1748,3519,4300,4775,6203,6563,9001,10367,11493,13901,15632,13538,16918,4037,6990,400,418,917,1289,1197,1998,1537,2933,2363,3070,3169,3256,7983,10241,3733,6387,79041,46932,11143,3506,40582,436,14,11,5
2021-05-01T23:59:59+02:00,4,8,1791,1748,3518,4299,4775,6202,6560,9000,10362,11489,13898,15632,13537,16917,4037,6987,399,418,917,1289,1197,1997,1537,2933,2363,3070,3169,3256,7983,10241,3733,6386,79015,46929,11143,3506,40581,436,14,11,5
2021-04-30T23:59:59+02:00,4,8,1789,1742,3512,4289,4768,6189,6539,8985,10324,11451,13847,15558,13511,16886,4036,6986,399,416,916,1287,1197,1997,1537,2933,2361,3069,3169,3254,7982,10239,3733,6386,78687,46922,11143,3505,40571,432,13,10,5
2021-04-29T23:59:59+02:00,4,7,1661,1700,3269,4174,4491,6039,6225,8733,9910,11060,13268,14855,13407,16732,4030,6978,390,405,907,1266,1177,1963,1512,2896,2332,3021,3154,3242,7969,10221,3731,6382,75908,46806,10757,3503,39858,244,12,8,5
2021-04-28T23:59:59+02:00,4,7,1533,1652,3093,4074,4254,5861,5865,8461,9323,10570,12392,13674,13251,16523,4021,6964,381,395,891,1254,1161,1934,1476,2852,2262,2952,3002,3109,7857,10105,3724,6371,71414,46392,10570,3091,39520,230,10,8,5
2021-04-27T23:59:59+02:00,4,7,1493,1607,2983,3956,4050,5718,5558,8202,8703,9899,11353,12368,13022,16167,4010,6942,369,380,882,1233,1146,1899,1449,2780,2216,2891,2963,3066,7830,10075,3718,6367,66608,46182,10382,2919,39035,150,10,7,5
2021-04-26T23:59:59+02:00,4,7,1466,1574,2869,3879,3877,5574,5247,7988,8214,9458,10597,11442,12878,15963,3999,6924,368,375,872,1222,1130,1888,1419,2760,2189,2861,2914,3016,7784,10026,3712,6362,63195,46085,10192,2671,38556,129,10,7,5
2021-04-25T23:59:59+02:00,4,7,1454,1568,2802,3849,3782,5514,5112,7941,8018,9352,10401,11207,12841,15909,3998,6919,367,370,863,1215,1112,1874,1404,2741,2166,2834,2872,2983,7735,9978,3711,6357,62691,46005,9989,2461,37981,103,10,7,5
2021-04-24T23:59:59+02:00,4,7,1453,1568,2802,3848,3781,5513,5110,7939,8014,9348,10395,11204,12841,15909,3998,6919,367,370,863,1215,1112,1872,1402,2740,2165,2834,2872,2983,7735,9978,3711,6357,62667,46001,9989,2460,37980,102,10,7,5
2021-04-23T23:59:59+02:00,4,7,1437,1558,2734,3814,3699,5483,4992,7891,7880,9288,10309,11094,12817,15868,3996,6915,366,370,862,1212,1112,1872,1401,2740,2165,2834,2872,2983,7734,9978,3711,6357,62537,45996,9709,2459,37523,101,10,7,5
2021-04-22T23:59:59+02:00,4,7,1394,1529,2627,3747,3540,5379,4761,7737,7527,9052,9740,10402,12551,15569,3990,6892,359,369,853,1202,1101,1860,1386,2713,2137,2812,2830,2940,7643,9871,3700,6341,60919,45591,9050,2425,36462,88,10,7,5
2021-04-21T23:59:59+02:00,4,7,1360,1491,2545,3669,3422,5276,4544,7556,7117,8725,8854,9370,12140,14991,3977,6851,355,367,848,1185,1092,1839,1368,2683,2107,2784,2771,2883,7529,9706,3683,6313,58196,45111,8181,2301,35505,88,10,7,5
2021-04-20T23:59:59+02:00,4,7,1337,1465,2475,3594,3320,5178,4369,7374,6731,8395,7961,8242,11678,14400,3963,6837,350,362,836,1172,1083,1817,1344,2660,2074,2741,2710,2826,7381,9523,3652,6260,55339,44400,7416,2296,34560,83,9,6,5
2021-04-19T23:59:59+02:00,4,7,1320,1450,2437,3556,3259,5111,4263,7272,6491,8163,7329,7468,11426,14045,3953,6819,348,360,832,1162,1077,1805,1321,2647,2040,2716,2656,2782,7266,9359,3629,6221,53396,43846,7044,2283,33918,80,9,6,5
2021-04-18T23:59:59+02:00,4,6,1310,1438,2405,3530,3220,5090,4209,7215,6357,8034,6976,7079,11332,13941,3950,6807,348,359,830,1158,1076,1798,1319,2634,2034,2711,2650,2769,7240,9327,3627,6218,52881,43725,6584,2281,33423,80,9,6,5
2021-04-17T23:59:59+02:00,4,6,1309,1436,2405,3529,3219,5086,4204,7212,6350,8024,6962,7069,11330,13939,3950,6807,348,359,829,1157,1076,1798,1317,2633,2033,2709,2647,2767,7239,9327,3627,6218,52859,43712,6582,2280,33385,80,9,6,5
2021-04-16T23:59:59+02:00,4,6,1306,1435,2395,3522,3211,5078,4183,7194,6299,7991,6886,6984,11318,13925,3948,6805,348,358,826,1155,1074,1798,1315,2632,2030,2709,2646,2760,7236,9325,3626,6218,52801,43689,6346,2275,33328,80,9,6,5
2021-04-15T23:59:59+02:00,2,4,1269,1414,2340,3473,3115,5019,4023,7066,6043,7759,6342,6426,11070,13636,3934,6773,340,356,807,1134,1035,1739,1270,2560,1956,2614,2568,2691,7148,9238,3616,6201,51714,43100,5958,2089,32021,74,9,6,3
2021-04-14T23:59:59+02:00,2,4,1247,1401,2305,3445,3046,4957,3916,6960,5852,7550,5699,5723,10681,13150,3902,6722,332,353,795,1125,1018,1714,1240,2519,1905,2564,2491,2622,7000,9043,3597,6175,50310,42441,5751,1969,30487,74,8,6,3
2021-04-13T23:59:59+02:00,2,4,1233,1391,2273,3415,2990,4894,3806,6878,5603,7328,5166,5177,10340,12737,3879,6694,311,339,777,1097,995,1693,1215,2484,1869,2523,2425,2556,6882,8907,3561,6114,49294,41756,5546,1912,28956,71,8,6,3
2021-04-12T23:59:59+02:00,2,4,1217,1385,2247,3392,2940,4849,3679,6798,5393,7178,4838,4882,10091,12456,3870,6671,295,335,763,1093,978,1677,1201,2461,1819,2476,2348,2498,6768,8766,3546,6092,48830,41181,5348,1864,27703,64,6,5,3
2021-04-11T23:59:59+02:00,2,4,1210,1372,2228,3373,2907,4829,3617,6727,5248,7069,4607,4683,9906,12258,3865,6660,288,333,758,1085,968,1663,1190,2433,1797,2446,2294,2439,6685,8658,3532,6072,48747,40766,5112,1806,26696,63,5,5,3
2021-04-10T23:59:59+02:00,2,4,1210,1371,2225,3369,2905,4825,3611,6724,5238,7057,4602,4674,9898,12245,3865,6659,285,329,743,1078,955,1658,1167,2413,1726,2394,2211,2353,6628,8611,3531,6068,48692,40600,5111,1484,26671,60,5,5,3
2021-04-09T23:59:59+02:00,2,4,1207,1368,2218,3367,2897,4816,3602,6713,5208,7033,4578,4647,9872,12215,3864,6659,276,326,723,1068,940,1637,1134,2366,1635,2319,1993,2084,6474,8454,3509,6035,48617,39749,5106,1158,26537,60,5,5,3
2021-04-08T23:59:59+02:00,2,4,1182,1348,2163,3311,2812,4726,3462,6583,4972,6800,4190,4239,9329,11644,3846,6606,251,306,671,1007,882,1565,1061,2269,1501,2199,1718,1749,6014,7897,3422,5892,48159,37194,4580,1155,24470,49,5,5,3
2021-04-07T23:59:59+02:00,2,4,1172,1334,2131,3294,2769,4688,3373,6521,4808,6665,3897,3939,8768,11094,3829,6575,217,276,611,953,821,1494,1002,2208,1396,2100,1578,1574,5417,7202,3332,5740,47953,34719,4107,1150,22795,48,3,5,3
2021-04-06T23:59:59+02:00,2,4,1151,1317,2087,3269,2730,4656,3308,6473,4681,6573,3646,3685,8279,10584,3813,6545,210,270,583,934,796,1445,958,2151,1313,2013,1434,1387,4842,6412,3222,5535,47757,32314,3571,1142,21467,45,3,5,3
2021-04-05T23:59:59+02:00,2,4,1148,1312,2083,3266,2720,4654,3294,6459,4659,6554,3614,3658,8251,10547,3809,6543,207,257,576,918,777,1421,942,2115,1273,1973,1387,1324,4629,6142,3174,5480,47671,31406,3565,1140,21333,45,3,5,3
2021-04-04T23:59:59+02:00,2,4,1148,1312,2083,3265,2720,4653,3294,6459,4658,6553,3610,3656,8249,10545,3809,6543,207,257,575,918,777,1421,942,2115,1273,1972,1387,1324,4628,6142,3174,5480,47665,31403,3565,1140,21325,45,3,5,3
2021-04-03T23:59:59+02:00,2,4,1148,1312,2082,3265,2720,4653,3294,6459,4658,6553,3609,3654,8249,10543,3809,6543,207,257,575,918,777,1421,942,2115,1273,1972,1387,1324,4628,6142,3174,5480,47663,31403,3564,1140,21322,45,3,5,3
2021-04-02T23:59:59+02:00,2,4,1148,1312,2082,3263,2720,4652,3294,6456,4658,6551,3607,3650,8247,10542,3809,6543,207,257,575,918,777,1419,942,2115,1273,1971,1387,1322,4626,6141,3173,5480,47647,31395,3564,1139,21321,45,3,5,3
2021-04-01T23:59:59+02:00,1,4,1135,1275,2017,3141,2612,4453,3146,6207,4500,6312,3563,3614,8149,10437,3799,6527,202,248,571,910,766,1413,932,2101,1250,1955,1366,1295,4387,5822,3055,5315,47281,30411,3559,1135,20044,38,3,5,3
2021-03-31T23:59:59+02:00,1,4,1117,1243,1978,3040,2536,4310,3056,5994,4371,6083,3481,3533,7998,10238,3780,6493,194,245,564,898,762,1395,920,2081,1209,1921,1310,1232,3901,5228,2928,5082,46680,28696,3432,1135,19136,37,3,5,1
2021-03-30T23:59:59+02:00,1,3,1095,1209,1929,2859,2434,4084,2905,5636,4169,5695,3388,3439,7834,10034,3754,6442,190,240,556,887,751,1373,898,2061,1161,1876,1225,1149,3380,4519,2706,4750,46047,26556,3270,1135,17585,29,3,5,1
2021-03-29T23:59:59+02:00,1,3,1078,1165,1868,2724,2350,3925,2767,5382,4007,5422,3291,3340,7674,9806,3725,6395,189,235,550,876,741,1359,881,2037,1126,1848,1151,1063,2802,3842,2527,4456,45406,24533,3042,1130,16468,19,2,5,1
2021-03-28T23:59:59+02:00,1,3,1059,1132,1796,2559,2266,3719,2646,5082,3855,5145,3226,3275,7608,9741,3721,6389,189,235,548,873,740,1357,879,2031,1123,1846,1142,1051,2747,3774,2514,4429,45298,24336,2831,1127,15087,14,2,5,1
2021-03-27T23:59:59+01:00,1,3,1059,1132,1796,2558,2265,3718,2643,5082,3852,5145,3222,3275,7607,9741,3721,6389,189,235,547,873,740,1357,878,2031,1120,1846,1142,1051,2747,3774,2514,4429,45289,24331,2831,1127,15082,14,2,5,1
2021-03-26T23:59:59+01:00,1,3,1055,1110,1753,2443,2201,3560,2581,4871,3766,4921,3201,3258,7604,9736,3720,6388,189,234,546,873,739,1357,878,2031,1120,1843,1138,1050,2744,3766,2513,4426,45263,24307,2828,1127,14074,12,2,5,1
2021-03-25T23:59:59+01:00,1,3,1029,1078,1702,2340,2117,3392,2475,4643,3654,4724,3100,3167,7477,9605,3713,6374,187,231,541,872,732,1347,872,2014,1104,1819,1092,1006,2518,3419,2316,4134,45008,23065,2495,1127,13086,12,1,4,1
2021-03-24T23:59:59+01:00,1,3,1007,1058,1682,2298,2086,3342,2440,4576,3610,4655,3013,3098,7349,9434,3696,6355,187,227,535,868,725,1337,861,1999,1085,1798,1052,964,2134,2876,1927,3624,44473,21062,2366,1125,12859,12,1,4,1
2021-03-23T23:59:59+01:00,1,3,997,1052,1664,2266,2063,3307,2404,4533,3570,4604,2946,3025,7256,9333,3678,6327,185,224,531,863,718,1325,847,1980,1048,1768,971,874,1773,2387,1584,3161,43961,19136,2355,1091,12709,12,1,3,1
2021-03-22T23:59:59+01:00,1,3,994,1044,1649,2250,2049,3289,2382,4505,3533,4563,2901,2991,7194,9263,3663,6310,182,221,530,852,702,1302,833,1966,1019,1741,925,803,1305,1814,1238,2681,43625,17065,2335,1037,12620,12,1,3,1
2021-03-21T23:59:59+01:00,1,3,994,1044,1648,2247,2049,3288,2378,4501,3522,4556,2888,2982,7146,9207,3657,6304,182,218,529,850,701,1298,831,1962,1008,1736,902,784,1229,1728,1185,2612,43480,16764,2332,979,12599,12,1,3,1
2021-03-20T23:59:59+01:00,1,3,993,1043,1647,2246,2049,3288,2378,4501,3520,4554,2888,2981,7146,9206,3657,6304,182,218,529,850,701,1298,831,1962,996,1723,867,756,1198,1705,1177,2610,43479,16762,2328,829,12594,12,1,3,1
2021-03-19T23:59:59+01:00,1,3,992,1035,1640,2234,2038,3284,2376,4495,3513,4547,2878,2970,7133,9188,3656,6301,182,216,528,850,701,1296,831,1961,989,1718,823,719,1141,1655,1167,2600,43416,16719,2323,646,12541,12,1,3,1
2021-03-18T23:59:59+01:00,1,3,953,1003,1566,2123,1915,3117,2228,4249,3286,4296,2726,2812,6831,8823,3590,6202,181,215,523,845,694,1289,822,1950,967,1702,805,697,1066,1548,1027,2401,42023,16151,2014,569,11683,12,1,3,1
2021-03-17T23:59:59+01:00,1,3,899,970,1495,2066,1852,3051,2163,4187,3191,4199,2590,2678,6406,8332,3526,6088,180,213,520,840,692,1285,818,1945,962,1695,776,678,931,1395,871,2189,40254,15410,2011,568,11428,12,1,3,1
2021-03-16T23:59:59+01:00,1,3,874,947,1462,2027,1813,3001,2110,4132,3097,4101,2456,2519,5936,7686,3438,5938,174,210,515,839,688,1278,813,1936,955,1682,771,665,844,1269,729,2025,38270,14811,1952,568,11315,12,1,3,1
2021-03-15T23:59:59+01:00,1,3,857,940,1444,2005,1775,2946,2072,4060,2996,3992,2324,2349,5453,7144,3366,5825,173,209,515,832,686,1269,809,1926,945,1666,760,655,774,1158,581,1828,36505,14243,1856,530,11188,12,0,3,1
2021-03-14T23:59:59+01:00,1,3,852,926,1419,1976,1751,2917,2041,4000,2933,3926,2146,2155,5267,6918,3334,5794,173,209,514,829,684,1258,808,1919,942,1656,742,646,758,1139,557,1773,35483,14098,1758,505,11115,3,0,3,1
2021-03-13T23:59:59+01:00,1,3,844,919,1398,1965,1735,2904,2016,3972,2860,3878,2077,2081,5220,6865,3332,5793,173,209,514,828,684,1258,808,1919,942,1656,740,646,758,1136,557,1773,35233,14092,1518,505,11109,3,0,3,1
2021-03-12T23:59:59+01:00,1,3,820,904,1354,1908,1673,2805,1919,3820,2703,3711,1880,1844,5036,6643,3302,5750,173,209,513,828,684,1258,807,1919,942,1655,732,643,745,1121,549,1770,33908,14040,1279,504,10886,3,0,3,1
2021-03-11T23:59:59+01:00,1,3,785,845,1285,1825,1589,2658,1835,3619,2540,3539,1617,1535,4670,6174,3169,5568,164,203,507,819,674,1249,792,1883,921,1615,604,582,676,1080,529,1739,31799,13540,1184,494,10271,2,0,3,1
2021-03-10T23:59:59+01:00,1,3,769,794,1262,1767,1556,2599,1785,3548,2459,3450,1545,1446,4202,5636,3051,5318,164,201,498,797,655,1236,783,1863,914,1599,535,567,643,1071,522,1733,29992,13388,1177,390,10019,2,0,3,1
2021-03-09T23:59:59+01:00,1,3,757,771,1242,1736,1528,2553,1745,3497,2386,3398,1453,1349,3642,4888,2867,5013,162,199,493,776,645,1212,769,1831,902,1571,531,565,641,1066,519,1727,27832,13328,1174,278,9820,2,0,3,1
2021-03-08T23:59:59+01:00,0,3,753,743,1229,1717,1511,2533,1719,3461,2347,3355,1361,1249,2973,4059,2631,4642,158,196,479,752,623,1179,750,1780,878,1534,527,563,641,1065,519,1727,25380,13320,1174,50,9729,0,0,3,1
2021-03-07T23:59:59+01:00,0,3,750,739,1221,1708,1503,2519,1708,3453,2336,3347,1348,1233,2871,3939,2608,4592,158,196,479,752,623,1179,750,1780,878,1534,527,563,641,1065,519,1727,25028,13320,1172,50,9675,0,0,3,1
2021-03-06T23:59:59+01:00,0,3,749,739,1220,1705,1500,2516,1704,3450,2332,3346,1345,1233,2871,3939,2608,4592,157,196,479,752,623,1179,750,1780,878,1534,527,563,641,1065,519,1727,25023,13319,1172,50,9654,0,0,3,1
2021-03-05T23:59:59+01:00,0,3,684,713,1194,1691,1479,2507,1679,3435,2303,3337,1340,1230,2863,3931,2605,4587,157,196,479,751,623,1178,750,1780,878,1532,526,563,641,1065,519,1727,24993,13314,1168,50,9417,0,0,3,1
2021-03-04T23:59:59+01:00,0,3,618,665,1127,1622,1422,2425,1638,3356,2229,3260,1290,1182,2647,3567,2422,4300,155,190,476,737,612,1166,739,1752,869,1519,516,552,629,1055,514,1718,23777,13149,1161,49,8832,0,0,3,1
2021-03-03T23:59:59+01:00,0,3,582,626,1059,1558,1325,2343,1538,3270,2104,3176,1245,1137,2280,3047,2069,3856,155,190,474,734,612,1166,738,1750,867,1518,514,550,627,1052,514,1716,21921,13128,1160,48,8136,0,0,1,1
2021-03-02T23:59:59+01:00,0,3,564,593,1021,1512,1269,2300,1481,3218,2007,3115,1162,1037,1914,2566,1681,3333,153,188,469,728,607,1155,728,1740,862,1498,505,541,616,1031,495,1686,19855,12953,1157,48,7763,0,0,1,1
2021-03-01T23:59:59+01:00,0,3,557,545,1003,1473,1223,2239,1435,3153,1952,3042,1118,963,1422,1969,1306,2796,151,188,469,728,607,1154,728,1737,861,1498,503,541,613,1022,491,1675,17589,12917,1154,48,7455,0,0,1,1
2021-02-28T23:59:59+01:00,0,3,550,531,986,1434,1197,2177,1407,3095,1897,2969,1097,941,1308,1828,1233,2707,151,188,468,727,607,1154,727,1735,860,1497,501,541,613,1022,491,1675,17110,12908,1151,48,7098,0,0,1,1
2021-02-27T23:59:59+01:00,0,3,550,529,985,1434,1197,2176,1407,3094,1897,2968,1097,941,1308,1827,1232,2707,151,188,467,726,604,1152,725,1733,858,1496,501,541,613,1022,491,1675,17108,12908,1151,34,7092,0,0,1,1
2021-02-26T23:59:59+01:00,0,3,400,477,854,1390,1113,2133,1340,3053,1838,2926,1092,934,1305,1826,1232,2706,151,188,467,726,604,1152,725,1732,858,1495,501,541,613,1022,491,1675,17097,12907,1151,33,6373,0,0,1,1
2021-02-25T23:59:59+01:00,0,3,308,423,759,1296,1029,2044,1241,2879,1697,2764,1054,902,1224,1702,1119,2518,144,178,455,713,588,1127,718,1707,838,1471,489,527,585,991,477,1656,16509,12640,1151,23,5301,0,0,1,1
2021-02-24T23:59:59+01:00,0,2,259,378,687,1221,955,1955,1187,2761,1632,2646,1027,882,1101,1557,963,2305,142,178,452,710,584,1126,717,1702,837,1467,484,522,577,986,474,1644,15803,12581,1149,20,4565,0,0,1,1
2021-02-23T23:59:59+01:00,0,2,247,357,665,1163,927,1876,1140,2648,1557,2537,1002,854,1024,1428,826,2147,142,177,452,708,584,1126,717,1699,835,1466,483,520,575,985,474,1643,15255,12570,1117,15,4027,0,0,1,1
2021-02-22T23:59:59+01:00,0,0,233,338,642,1133,895,1793,1090,2556,1473,2414,957,825,906,1284,645,1895,142,177,451,707,582,1125,715,1699,829,1464,482,519,574,983,473,1641,14513,12558,1048,4,3517,0,0,1,1
2021-02-21T23:59:59+01:00,0,0,227,327,607,1066,845,1687,1047,2455,1394,2307,940,804,875,1233,593,1831,142,176,448,700,581,1121,715,1694,829,1463,481,519,573,983,472,1640,14307,12532,1008,4,2922,0,0,1,1
2021-02-20T23:59:59+01:00,0,0,227,324,604,1065,843,1682,1044,2450,1381,2290,904,775,843,1210,585,1829,142,176,448,700,581,1121,715,1694,829,1463,481,518,572,983,472,1640,14307,12531,853,4,2895,0,0,1,0
2021-02-19T23:59:59+01:00,0,0,217,316,594,1057,830,1667,1023,2433,1348,2247,661,673,706,1148,560,1812,142,176,448,699,581,1118,714,1692,826,1460,481,517,572,982,471,1640,13831,12516,673,3,2787,0,0,1,0
2021-02-18T23:59:59+01:00,0,0,200,266,555,936,745,1440,892,2174,1098,1872,581,605,668,1108,541,1795,137,176,435,687,566,1101,708,1666,810,1432,478,514,571,980,471,1640,13674,12369,577,3,1224,0,0,1,0
2021-02-17T23:59:59+01:00,0,0,195,228,535,887,708,1343,834,2007,1013,1740,559,585,668,1105,539,1792,130,174,424,677,558,1085,689,1635,797,1409,475,512,569,977,471,1639,13657,12218,577,3,503,0,0,1,0
2021-02-16T23:59:59+01:00,0,0,189,225,528,872,692,1312,815,1968,980,1700,547,580,662,1103,538,1790,125,169,410,671,547,1069,677,1617,788,1395,468,507,562,964,465,1612,13629,12044,577,2,294,0,0,1,0
2021-02-15T23:59:59+01:00,0,0,174,216,522,845,686,1278,801,1933,951,1653,546,577,659,1103,538,1790,122,168,403,661,537,1050,648,1590,774,1377,466,504,562,964,465,1612,13625,11901,538,2,108,0,0,1,0
2021-02-14T23:59:59+01:00,0,0,169,208,519,833,685,1269,798,1924,933,1644,545,576,659,1100,537,1790,115,165,392,650,520,1032,630,1576,767,1365,466,502,560,962,465,1612,13619,11777,536,2,33,0,0,1,0
2021-02-13T23:59:59+01:00,0,0,168,208,518,833,685,1269,798,1924,933,1644,545,576,659,1100,537,1790,115,165,391,649,520,1032,630,1576,767,1365,466,502,560,962,465,1612,13618,11775,536,2,32,0,0,1,0
2021-02-12T23:59:59+01:00,0,0,167,207,514,832,684,1266,794,1923,931,1641,544,576,659,1100,537,1790,111,163,388,643,516,1026,616,1561,763,1348,464,501,549,942,462,1587,13611,11638,535,2,18,0,0,1,0
2021-02-11T23:59:59+01:00,0,0,165,206,510,825,677,1262,792,1920,925,1639,539,570,652,1094,532,1784,91,127,359,572,470,947,562,1443,719,1254,439,456,508,888,420,1493,13560,10747,523,1,8,0,0,1,0
2021-02-10T23:59:59+01:00,0,0,162,204,500,808,661,1247,780,1893,910,1615,531,564,642,1082,527,1774,81,115,331,513,443,840,520,1268,645,1098,391,406,442,776,374,1338,13437,9580,461,1,1,0,0,1,0
2021-02-09T23:59:59+01:00,0,0,161,197,492,769,645,1208,760,1832,899,1573,519,552,636,1068,519,1758,76,99,312,447,408,756,480,1164,580,998,361,352,403,692,344,1225,13328,8697,259,0,0,0,0,1,0
2021-02-08T23:59:59+01:00,0,0,157,193,475,744,622,1173,740,1781,879,1529,513,551,634,1062,515,1745,63,73,267,378,359,620,420,935,507,819,304,297,340,544,289,1034,13261,7249,51,0,0,0,0,1,0
2021-02-07T23:59:59+01:00,0,0,157,192,473,743,620,1172,739,1773,877,1527,512,551,634,1062,515,1744,62,65,249,343,340,576,404,903,488,784,303,289,338,537,287,1031,13239,6999,51,0,0,0,0,1,0
2021-02-06T23:59:59+01:00,0,0,157,192,473,743,620,1172,739,1773,877,1527,512,551,634,1062,515,1744,62,65,249,343,340,576,404,902,486,782,303,288,337,535,286,1031,13239,6989,51,0,0,0,0,1,0
2021-02-05T23:59:59+01:00,0,0,157,192,473,743,620,1172,739,1773,877,1526,512,551,634,1062,515,1744,60,65,247,341,333,572,396,880,477,762,293,283,327,513,271,995,13238,6815,51,0,0,0,0,1,0
2021-02-04T23:59:59+01:00,0,0,151,187,469,735,613,1164,735,1759,871,1517,505,544,613,1037,506,1726,44,50,213,308,292,476,354,739,385,616,229,216,244,353,202,737,13081,5458,50,0,0,0,0,1,0
2021-02-03T23:59:59+01:00,0,0,149,186,463,729,605,1155,731,1747,862,1501,496,536,600,1024,499,1718,36,32,157,217,238,348,265,563,310,466,180,170,171,265,154,556,12951,4128,49,0,0,0,0,1,0
2021-02-02T23:59:59+01:00,0,0,149,183,461,728,605,1155,728,1741,855,1497,495,535,596,1021,498,1714,27,26,138,170,193,279,221,428,258,375,140,131,129,200,119,438,12911,3272,49,0,0,0,0,1,0
2021-02-01T23:59:59+01:00,0,0,147,183,460,727,600,1152,727,1733,853,1492,494,533,591,1018,497,1708,22,19,101,125,137,188,154,299,169,260,89,94,87,127,65,239,12865,2175,49,0,0,0,0,1,0
2021-01-31T23:59:59+01:00,0,0,147,183,460,724,597,1151,727,1729,853,1491,492,532,590,1016,497,1707,16,15,67,84,95,123,117,222,142,204,84,87,83,119,63,225,12847,1746,49,0,0,0,0,0,0
2021-01-30T23:59:59+01:00,0,0,147,183,459,724,595,1149,726,1728,853,1491,492,532,589,1016,497,1707,16,15,67,84,95,121,115,218,139,201,83,86,83,113,57,215,12846,1708,42,0,0,0,0,0,0
2021-01-29T23:59:59+01:00,0,0,147,183,459,722,594,1146,724,1726,851,1490,492,532,589,1016,497,1707,14,15,55,79,78,117,97,207,116,189,78,79,82,109,56,214,12841,1585,34,0,0,0,0,0,0
2021-01-28T23:59:59+01:00,0,0,140,179,446,705,577,1120,718,1699,828,1461,485,526,586,1013,494,1704,9,3,12,19,24,45,30,95,48,89,45,50,54,79,41,159,12655,802,26,0,0,0,0,0,0
2021-01-27T23:59:59+01:00,0,0,133,177,435,695,569,1111,702,1665,821,1437,482,524,582,1008,494,1699,5,1,4,11,10,23,13,40,23,31,12,17,24,31,18,49,12510,312,24,0,0,0,0,0,0
2021-01-26T23:59:59+01:00,0,0,127,173,421,682,556,1097,693,1642,810,1416,476,519,576,991,487,1665,5,1,4,10,7,21,11,37,17,28,12,15,23,30,18,48,12316,287,15,0,0,0,0,0,0
2021-01-25T23:59:59+01:00,0,0,124,171,412,670,545,1078,665,1614,792,1399,474,515,574,990,487,1665,4,1,3,9,7,16,6,28,12,22,9,6,13,19,9,30,12171,194,4,0,0,0,0,0,0
2021-01-24T23:59:59+01:00,0,0,117,168,402,660,531,1060,648,1601,779,1388,473,512,573,990,487,1665,3,0,1,6,7,4,4,7,5,9,1,2,11,12,6,17,12050,95,4,0,0,0,0,0,0
2021-01-23T23:59:59+01:00,0,0,117,168,402,659,531,1060,648,1601,779,1388,473,512,573,990,487,1665,2,0,1,6,7,4,4,7,5,9,1,2,11,12,6,17,12049,94,4,0,0,0,0,0,0
2021-01-22T23:59:59+01:00,0,0,113,166,395,653,528,1054,634,1586,773,1371,473,508,562,969,482,1639,2,0,1,6,7,4,4,7,5,9,1,2,11,12,6,17,11903,94,3,0,0,0,0,0,0
2021-01-21T23:59:59+01:00,0,0,101,158,380,635,505,1021,601,1536,750,1329,457,470,529,925,448,1574,2,0,1,6,7,4,4,7,5,9,1,2,11,12,6,17,11416,94,3,0,0,0,0,0,0
2021-01-20T23:59:59+01:00,0,0,82,116,346,546,461,881,543,1302,662,1142,399,411,446,790,389,1362,2,0,1,5,7,4,4,7,5,9,1,2,11,12,6,17,9875,93,3,0,0,0,0,0,0
2021-01-19T23:59:59+01:00,0,0,77,104,317,470,421,792,503,1188,610,1039,376,374,411,713,360,1272,2,0,1,3,7,4,4,7,5,9,1,0,8,8,5,15,9024,79,3,0,0,0,0,0,0
2021-01-18T23:59:59+01:00,0,0,63,74,272,383,366,642,429,956,516,842,309,307,346,565,307,1084,2,0,1,3,7,4,4,7,5,9,1,0,8,8,5,15,7459,79,2,0,0,0,0,0,0
2021-01-17T23:59:59+01:00,0,0,62,65,253,348,344,590,410,914,493,803,306,298,345,558,304,1076,0,0,0,0,0,0,0,0,0,0,0,0,0,0,0,0,7167,0,2,0,0,0,0,0,0
2021-01-16T23:59:59+01:00,0,0,62,65,253,348,344,590,410,913,491,801,306,297,343,554,303,1076,0,0,0,0,0,0,0,0,0,0,0,0,0,0,0,0,7154,0,2,0,0,0,0,0,0
2021-01-15T23:59:59+01:00,0,0,60,65,252,345,338,584,399,890,480,776,292,291,326,527,282,1038,0,0,0,0,0,0,0,0,0,0,0,0,0,0,0,0,6943,0,2,0,0,0,0,0,0
2021-01-14T23:59:59+01:00,0,0,46,52,238,322,314,509,365,764,393,629,229,219,243,356,206,755,0,0,0,0,0,0,0,0,0,0,0,0,0,0,0,0,5640,0,0,0,0,0,0,0,0
2021-01-13T23:59:59+01:00,0,0,40,42,213,266,273,409,300,613,322,502,178,176,174,272,164,591,0,0,0,0,0,0,0,0,0,0,0,0,0,0,0,0,4535,0,0,0,0,0,0,0,0
2021-01-12T23:59:59+01:00,0,0,36,40,208,251,259,377,277,534,290,456,142,135,135,209,127,461,0,0,0,0,0,0,0,0,0,0,0,0,0,0,0,0,3937,0,0,0,0,0,0,0,0
2021-01-11T23:59:59+01:00,0,0,30,36,197,230,240,325,229,445,240,382,110,106,101,136,75,294,0,0,0,0,0,0,0,0,0,0,0,0,0,0,0,0,3176,0,0,0,0,0,0,0,0
2021-01-10T23:59:59+01:00,0,0,28,31,159,168,197,250,191,349,198,305,98,99,98,130,73,278,0,0,0,0,0,0,0,0,0,0,0,0,0,0,0,0,2652,0,0,0,0,0,0,0,0
2021-01-09T23:59:59+01:00,0,0,28,31,152,164,195,242,187,342,196,300,98,99,98,130,73,278,0,0,0,0,0,0,0,0,0,0,0,0,0,0,0,0,2613,0,0,0,0,0,0,0,0
2021-01-08T23:59:59+01:00,0,0,25,28,121,141,174,229,162,313,168,279,93,89,97,126,72,277,0,0,0,0,0,0,0,0,0,0,0,0,0,0,0,0,2394,0,0,0,0,0,0,0,0
2021-01-07T23:59:59+01:00,0,0,10,3,16,24,32,55,37,105,61,112,48,51,60,86,46,188,0,0,0,0,0,0,0,0,0,0,0,0,0,0,0,0,934,0,0,0,0,0,0,0,0
2021-01-06T23:59:59+01:00,0,0,5,1,5,11,10,22,13,39,20,31,13,14,25,35,20,56,0,0,0,0,0,0,0,0,0,0,0,0,0,0,0,0,320,0,0,0,0,0,0,0,0
2021-01-05T23:59:59+01:00,0,0,4,1,4,9,9,18,10,31,15,26,10,14,22,30,19,50,0,0,0,0,0,0,0,0,0,0,0,0,0,0,0,0,272,0,0,0,0,0,0,0,0
2021-01-04T23:59:59+01:00,0,0,3,1,2,7,9,10,4,15,8,16,5,3,11,16,8,27,0,0,0,0,0,0,0,0,0,0,0,0,0,0,0,0,145,0,0,0,0,0,0,0,0
2021-01-03T23:59:59+01:00,0,0,3,0,1,6,8,4,4,7,5,9,1,2,11,12,7,17,0,0,0,0,0,0,0,0,0,0,0,0,0,0,0,0,97,0,0,0,0,0,0,0,0
2021-01-02T23:59:59+01:00,0,0,3,0,1,6,8,4,4,7,5,9,1,2,11,12,7,17,0,0,0,0,0,0,0,0,0,0,0,0,0,0,0,0,97,0,0,0,0,0,0,0,0
2021-01-01T23:59:59+01:00,0,0,2,0,1,6,8,4,4,7,5,9,1,2,11,12,7,17,0,0,0,0,0,0,0,0,0,0,0,0,0,0,0,0,96,0,0,0,0,0,0,0,0
2020-12-31T23:59:59+01:00,0,0,2,0,1,5,8,4,4,7,5,9,1,2,11,12,7,17,0,0,0,0,0,0,0,0,0,0,0,0,0,0,0,0,95,0,0,0,0,0,0,0,0
2020-12-30T23:59:59+01:00,0,0,2,0,1,5,8,4,4,7,5,9,1,2,11,12,7,17,0,0,0,0,0,0,0,0,0,0,0,0,0,0,0,0,95,0,0,0,0,0,0,0,0
2020-12-29T23:59:59+01:00,0,0,2,0,1,3,8,4,4,7,5,9,1,0,8,8,6,15,0,0,0,0,0,0,0,0,0,0,0,0,0,0,0,0,81,0,0,0,0,0,0,0,0
2020-12-28T23:59:59+01:00,0,0,2,0,1,3,8,4,4,7,5,9,1,0,8,8,6,15,0,0,0,0,0,0,0,0,0,0,0,0,0,0,0,0,81,0,0,0,0,0,0,0,0
2020-12-27T23:59:59+01:00,0,0,2,0,1,3,8,4,4,7,5,9,1,0,8,8,6,15,0,0,0,0,0,0,0,0,0,0,0,0,0,0,0,0,81,0,0,0,0,0,0,0,0
