Datum,<15_1_m,<15_1_w,15-24_1_m,15-24_1_w,25-34_1_m,25-34_1_w,35-44_1_m,35-44_1_w,45-54_1_m,45-54_1_w,55-64_1_m,55-64_1_w,65-74_1_m,65-74_1_w,75-84_1_m,75-84_1_w,>84_1_m,>84_1_w,<15_2_m,<15_2_w,15-24_2_m,15-24_2_w,25-34_2_m,25-34_2_w,35-44_2_m,35-44_2_w,45-54_2_m,45-54_2_w,55-64_2_m,55-64_2_w,65-74_2_m,65-74_2_w,75-84_2_m,75-84_2_w,>84_2_m,>84_2_w,bp_1,bp_2,mo_1,mo_2,az_1,az_2,ja,unb_1,unb_2
2021-11-28T23:59:59+01:00,3926,3790,21012,19236,26358,24290,27311,26589,30299,30776,32539,33457,22249,25500,15773,19922,4600,8082,2441,2324,17568,16216,22974,21033,24509,23847,27887,28339,30693,31491,21480,24506,15335,19227,4423,7708,269006,239360,33363,32130,55126,52276,18186,37,49
2021-11-27T23:59:59+01:00,3899,3772,20992,19223,26345,24277,27293,26575,30290,30765,32531,33451,22248,25495,15772,19920,4600,8082,2440,2324,17554,16212,22963,21025,24496,23837,27879,28334,30685,31483,21479,24506,15333,19225,4423,7708,268829,239267,33363,32130,55126,52276,18184,37,49
2021-11-26T23:59:59+01:00,3799,3686,20957,19200,26314,24237,27265,26546,30270,30743,32507,33435,22242,25483,15769,19916,4600,8080,2428,2302,17501,16182,22915,20996,24458,23796,27840,28313,30666,31469,21475,24500,15330,19221,4423,7708,268354,238896,33357,32119,55126,52275,18184,37,49
2021-11-25T23:59:59+01:00,3655,3548,20897,19125,26268,24150,27218,26481,30221,30692,32472,33384,22233,25457,15764,19900,4598,8075,2392,2269,17425,16125,22814,20934,24401,23742,27786,28263,30627,31436,21465,24483,15322,19211,4419,7706,267459,238224,33341,32090,55126,52273,18184,37,49
2021-11-24T23:59:59+01:00,3568,3459,20828,19065,26205,24064,27150,26412,30181,30638,32430,33337,22215,25428,15757,19879,4589,8063,2363,2246,17356,16039,22715,20843,24328,23681,27707,28204,30572,31381,21444,24460,15310,19203,4416,7704,266594,237407,33336,32064,55126,52268,18184,37,49
2021-11-23T23:59:59+01:00,3480,3374,20757,19001,26136,23996,27089,26349,30119,30583,32384,33286,22195,25400,15740,19846,4583,8037,2344,2228,17276,15986,22630,20768,24264,23615,27660,28157,30534,31357,21433,24437,15293,19185,4413,7693,265695,236718,33325,32057,55126,52268,18181,37,49
2021-11-22T23:59:59+01:00,3398,3292,20674,18927,26023,23886,27008,26249,30057,30501,32315,33219,22172,25366,15732,19817,4574,8026,2324,2211,17225,15922,22560,20715,24205,23560,27612,28104,30489,31318,21411,24412,15281,19171,4409,7689,264586,236083,33318,32041,55126,52267,18178,37,49
2021-11-21T23:59:59+01:00,3360,3242,20610,18873,25957,23811,26952,26187,29999,30437,32264,33161,22152,25338,15725,19798,4570,8019,2318,2204,17201,15909,22531,20697,24183,23541,27596,28094,30474,31303,21403,24406,15276,19164,4409,7683,263811,235866,33314,32034,55126,52267,18176,37,49
2021-11-20T23:59:59+01:00,3348,3230,20583,18842,25915,23782,26912,26166,29976,30413,32250,33144,22143,25331,15722,19794,4570,8017,2314,2201,17185,15904,22523,20688,24166,23530,27589,28083,30470,31300,21401,24405,15276,19162,4409,7683,263497,235765,33312,32033,55126,52267,18175,37,49
2021-11-19T23:59:59+01:00,3270,3156,20500,18763,25830,23706,26849,26113,29915,30361,32212,33105,22131,25307,15720,19788,4569,8014,2303,2193,17149,15871,22471,20656,24118,23503,27551,28054,30449,31290,21389,24400,15273,19158,4407,7682,262680,235407,33300,32023,55126,52263,18175,37,49
2021-11-18T23:59:59+01:00,3156,3060,20414,18644,25720,23577,26761,26001,29843,30275,32166,33037,22094,25262,15709,19769,4569,8005,2283,2159,17075,15795,22407,20593,24070,23445,27501,28022,30401,31253,21377,24385,15264,19140,4404,7667,261440,234765,33293,31994,55126,52258,18175,37,49
2021-11-17T23:59:59+01:00,3095,2990,20299,18527,25609,23438,26661,25895,29759,30215,32110,32967,22072,25223,15699,19749,4566,7998,2263,2131,16988,15739,22309,20526,24004,23368,27424,27968,30357,31216,21361,24367,15255,19124,4402,7662,260260,234010,33285,31977,55126,52255,18173,37,49
2021-11-16T23:59:59+01:00,3049,2934,20179,18438,25475,23307,26574,25799,29689,30132,32047,32896,22051,25191,15688,19730,4564,7986,2242,2115,16946,15714,22264,20485,23960,23337,27385,27921,30326,31184,21345,24353,15242,19114,4402,7659,259126,233548,33279,31974,55126,52253,18170,37,49
2021-11-15T23:59:59+01:00,2998,2894,19984,18288,25297,23154,26454,25678,29603,30027,31965,32818,22022,25158,15672,19709,4561,7978,2226,2106,16898,15693,22221,20453,23917,23309,27360,27893,30304,31166,21328,24334,15235,19101,4400,7655,257674,233179,33265,31951,55126,52253,18167,37,49
2021-11-14T23:59:59+01:00,2970,2858,19862,18190,25185,23033,26367,25606,29534,29951,31905,32755,21997,25129,15662,19694,4558,7972,2215,2092,16868,15652,22195,20422,23889,23291,27344,27873,30285,31149,21321,24331,15229,19090,4400,7653,256650,232885,33259,31948,55126,52252,18165,37,49
2021-11-13T23:59:59+01:00,2957,2841,19798,18142,25127,22995,26301,25569,29499,29926,31882,32736,21992,25124,15662,19692,4556,7971,2212,2091,16860,15647,22189,20415,23878,23287,27337,27870,30280,31146,21320,24330,15229,19089,4400,7653,256195,232826,33259,31944,55126,52252,18162,37,49
2021-11-12T23:59:59+01:00,2917,2801,19613,18010,24975,22868,26165,25449,29428,29846,31824,32697,21980,25103,15654,19686,4554,7971,2199,2080,16801,15621,22147,20380,23840,23258,27311,27852,30248,31133,21313,24319,15222,19084,4400,7651,254998,232472,33231,31932,55126,52248,18158,37,49
2021-11-11T23:59:59+01:00,2855,2735,19474,17889,24843,22730,26043,25339,29340,29753,31757,32648,21956,25079,15646,19676,4552,7965,2182,2060,16759,15569,22107,20327,23806,23231,27284,27820,30230,31097,21295,24309,15217,19073,4398,7645,253777,232048,33200,31917,55126,52246,18149,37,49
2021-11-10T23:59:59+01:00,2803,2672,19234,17688,24613,22540,25890,25194,29186,29643,31673,32549,21926,25049,15629,19656,4549,7955,2167,2036,16697,15492,22031,20271,23754,23183,27235,27783,30183,31059,21276,24288,15208,19056,4393,7639,252003,231422,33160,31902,55125,52245,18133,37,49
2021-11-09T23:59:59+01:00,2759,2630,19095,17549,24455,22420,25780,25080,29112,29568,31610,32480,21905,25018,15612,19639,4546,7940,2148,2021,16667,15457,21994,20246,23731,23155,27210,27753,30157,31017,21257,24270,15201,19039,4391,7634,250766,231030,33149,31898,55125,52241,18130,37,49
2021-11-08T23:59:59+01:00,2713,2592,18849,17336,24232,22209,25604,24944,28968,29445,31506,32395,21870,24965,15590,19616,4545,7932,2125,2000,16616,15410,21949,20207,23704,23116,27172,27726,30134,30991,21233,24256,15192,19025,4387,7630,248927,230588,33115,31882,55125,52238,18116,37,49
2021-11-07T23:59:59+01:00,2685,2561,18740,17229,24106,22097,25498,24853,28899,29374,31458,32335,21848,24944,15582,19612,4543,7929,2110,1986,16592,15394,21923,20181,23682,23102,27157,27709,30122,30979,21229,24250,15187,19017,4387,7628,247913,230355,33113,31882,55125,52235,18114,37,49
2021-11-06T23:59:59+01:00,2685,2558,18738,17226,24102,22097,25494,24850,28897,29372,31457,32333,21848,24944,15582,19612,4542,7929,2110,1985,16589,15392,21923,20180,23681,23102,27156,27707,30120,30979,21229,24249,15187,19017,4387,7628,247886,230343,33113,31880,55125,52235,18114,37,49
2021-11-05T23:59:59+01:00,2656,2519,18640,17146,24014,22000,25424,24782,28834,29319,31418,32301,21847,24937,15579,19605,4542,7928,2105,1979,16577,15375,21915,20168,23670,23095,27149,27693,30113,30971,21224,24244,15187,19016,4386,7627,247146,230226,33079,31875,55125,52231,18113,37,49
2021-11-04T23:59:59+01:00,2610,2482,18558,17056,23905,21904,25357,24725,28762,29274,31380,32263,21836,24925,15571,19595,4540,7923,2076,1955,16518,15326,21867,20123,23635,23065,27125,27663,30090,30949,21220,24235,15182,19006,4384,7626,246349,229825,33069,31859,55125,52217,18095,37,49
2021-11-03T23:59:59+01:00,2574,2456,18413,16926,23743,21767,25245,24628,28681,29213,31332,32205,21816,24912,15565,19589,4540,7921,2048,1932,16444,15257,21810,20056,23595,23024,27080,27627,30063,30919,21204,24211,15171,18995,4382,7620,245241,229242,33044,31844,55125,52215,18088,37,49
2021-11-02T23:59:59+01:00,2546,2433,18277,16842,23597,21664,25152,24562,28605,29157,31283,32170,21807,24893,15558,19580,4539,7912,2033,1912,16386,15220,21772,20009,23558,22984,27051,27601,30040,30896,21196,24198,15163,18992,4381,7617,244309,228830,33038,31838,55125,52215,18077,37,49
2021-11-01T23:59:59+01:00,2525,2413,18193,16769,23512,21603,25093,24519,28556,29117,31257,32145,21795,24884,15555,19579,4539,7911,2019,1898,16349,15166,21734,19970,23532,22952,27021,27564,30022,30877,21188,24193,15162,18982,4381,7615,243706,228463,33034,31826,55125,52215,18072,37,49
2021-10-31T23:59:59+01:00,2525,2413,18193,16769,23511,21601,25092,24519,28556,29117,31257,32145,21795,24884,15555,19579,4539,7911,2018,1897,16349,15166,21734,19970,23532,22951,27021,27564,30022,30876,21188,24193,15162,18982,4381,7615,243702,228459,33034,31826,55125,52215,18072,37,49
2021-10-30T23:59:59+02:00,2525,2413,18193,16769,23510,21601,25092,24519,28556,29117,31257,32145,21795,24884,15555,19579,4539,7911,2018,1897,16349,15166,21734,19970,23532,22951,27021,27564,30022,30876,21188,24193,15162,18982,4381,7615,243701,228459,33034,31826,55125,52215,18072,37,49
2021-10-29T23:59:59+02:00,2512,2399,18126,16727,23434,21560,25016,24476,28493,29080,31231,32125,21791,24875,15549,19574,4538,7910,2013,1892,16335,15154,21719,19955,23522,22936,27010,27551,30014,30873,21186,24191,15162,18980,4381,7615,243200,228333,32993,31822,55125,52215,18070,37,49
2021-10-28T23:59:59+02:00,2487,2375,18041,16660,23350,21497,24966,24420,28453,29042,31196,32097,21785,24868,15544,19566,4538,7907,1982,1873,16275,15103,21683,19910,23491,22904,26985,27528,29991,30847,21176,24182,15160,18977,4381,7610,242615,227929,32963,31807,55125,52212,18061,37,49
2021-10-27T23:59:59+02:00,2453,2338,17925,16578,23196,21396,24859,24333,28356,28982,31148,32065,21776,24844,15537,19557,4538,7906,1958,1844,16204,15054,21634,19850,23457,22865,26950,27489,29965,30822,21165,24169,15153,18967,4380,7606,241657,227439,32923,31782,55125,52208,18054,37,49
2021-10-26T23:59:59+02:00,2428,2314,17867,16531,23152,21348,24813,24294,28310,28940,31121,32046,21774,24834,15534,19555,4538,7903,1940,1820,16163,15008,21603,19818,23425,22835,26939,27468,29952,30811,21157,24169,15151,18965,4380,7606,241186,227130,32922,31782,55125,52208,18041,37,49
2021-10-25T23:59:59+02:00,2427,2310,17866,16527,23150,21346,24811,24291,28309,28937,31120,32046,21774,24834,15534,19555,4538,7903,1940,1819,16163,15007,21603,19817,23423,22834,26939,27468,29952,30811,21157,24169,15151,18965,4380,7606,241163,227125,32922,31782,55125,52208,18040,37,49
2021-10-24T23:59:59+02:00,2418,2301,17848,16500,23133,21326,24785,24275,28300,28931,31113,32041,21772,24832,15532,19554,4538,7903,1930,1802,16144,14970,21580,19794,23409,22806,26928,27457,29942,30804,21154,24164,15149,18959,4380,7606,241003,226915,32908,31768,55125,52208,18038,37,49
2021-10-23T23:59:59+02:00,2418,2301,17847,16500,23131,21326,24785,24275,28299,28931,31113,32041,21772,24832,15532,19554,4538,7903,1930,1802,16144,14970,21578,19794,23409,22806,26928,27457,29942,30804,21154,24164,15149,18959,4380,7606,241000,226914,32908,31768,55125,52208,18037,37,49
2021-10-22T23:59:59+02:00,2397,2283,17784,16460,23080,21280,24734,24219,28267,28902,31079,32018,21765,24823,15527,19552,4537,7901,1923,1795,16125,14958,21568,19785,23393,22789,26920,27453,29933,30798,21152,24162,15149,18959,4380,7606,240529,226800,32900,31767,55125,52206,18026,37,49
2021-10-21T23:59:59+02:00,2382,2256,17741,16415,23026,21230,24697,24184,28221,28875,31062,31996,21758,24817,15524,19548,4536,7893,1878,1757,16063,14880,21523,19725,23357,22742,26881,27415,29919,30777,21145,24150,15140,18940,4378,7601,240121,226283,32874,31720,55125,52206,18013,37,49
2021-10-20T23:59:59+02:00,2351,2215,17661,16351,22934,21164,24621,24140,28182,28827,31028,31969,21746,24808,15520,19539,4534,7891,1823,1714,15976,14808,21473,19658,23296,22696,26837,27359,29891,30749,21124,24138,15133,18922,4372,7598,239472,225617,32854,31696,55125,52203,18002,37,49
2021-10-19T23:59:59+02:00,2330,2201,17627,16325,22914,21149,24607,24123,28169,28815,31020,31947,21739,24797,15518,19531,4533,7890,1792,1675,15917,14759,21431,19611,23275,22671,26817,27340,29871,30730,21114,24124,15128,18916,4372,7595,239231,225193,32854,31696,55124,52202,17998,37,49
2021-10-18T23:59:59+02:00,2317,2191,17606,16304,22898,21124,24588,24105,28157,28805,31007,31935,21733,24795,15516,19524,4531,7887,1768,1652,15875,14711,21412,19586,23252,22642,26796,27314,29851,30715,21108,24119,15124,18910,4371,7594,239020,224857,32854,31695,55124,52202,17997,37,49
2021-10-17T23:59:59+02:00,2308,2185,17581,16270,22867,21095,24569,24091,28139,28796,30997,31927,21725,24791,15515,19521,4531,7885,1750,1623,15833,14664,21380,19543,23231,22615,26777,27293,29837,30711,21102,24110,15124,18905,4369,7592,238802,224540,32848,31675,55122,52202,17993,37,49
2021-10-16T23:59:59+02:00,2308,2185,17580,16270,22867,21095,24569,24091,28139,28796,30997,31927,21725,24791,15515,19521,4531,7885,1750,1623,15833,14664,21380,19542,23231,22615,26777,27293,29837,30711,21102,24110,15124,18905,4369,7592,238801,224539,32848,31675,55122,52202,17993,37,49
2021-10-15T23:59:59+02:00,2298,2175,17555,16254,22849,21080,24543,24073,28123,28781,30991,31923,21719,24784,15515,19521,4531,7884,1742,1608,15820,14647,21368,19531,23222,22608,26774,27286,29832,30706,21099,24108,15123,18905,4369,7592,238623,224423,32835,31675,55122,52202,17991,37,49
2021-10-14T23:59:59+02:00,2288,2157,17511,16219,22813,21046,24519,24049,28104,28761,30980,31909,21713,24781,15512,19518,4530,7881,1721,1582,15758,14595,21339,19486,23186,22569,26756,27250,29810,30683,21088,24100,15118,18895,4367,7590,238322,224016,32834,31661,55122,52183,17984,37,49
2021-10-13T23:59:59+02:00,2258,2137,17424,16143,22750,20982,24474,24006,28066,28715,30951,31879,21699,24771,15506,19513,4529,7877,1683,1551,15657,14504,21286,19435,23144,22532,26715,27210,29781,30655,21080,24082,15116,18880,4367,7586,237795,223474,32809,31633,55122,52183,17925,37,49
2021-10-12T23:59:59+02:00,2248,2118,17382,16099,22727,20954,24447,23978,28050,28694,30938,31858,21695,24766,15502,19505,4528,7875,1660,1531,15605,14443,21267,19401,23119,22511,26690,27185,29758,30634,21072,24073,15114,18877,4365,7585,237482,223117,32808,31621,55121,52179,17924,37,49
2021-10-11T23:59:59+02:00,2237,2106,17353,16068,22712,20933,24432,23957,28031,28675,30923,31848,21689,24758,15500,19500,4525,7870,1642,1520,15562,14407,21227,19347,23096,22473,26664,27145,29729,30618,21061,24063,15108,18870,4361,7582,237239,222706,32808,31621,55121,52179,17920,37,49
2021-10-10T23:59:59+02:00,2233,2097,17337,16048,22695,20919,24427,23949,28022,28661,30918,31841,21682,24754,15500,19498,4525,7867,1626,1509,15506,14362,21163,19287,23057,22434,26619,27119,29707,30596,21051,24052,15102,18863,4361,7582,237103,222255,32804,31598,55121,52178,17916,37,49
2021-10-09T23:59:59+02:00,2231,2097,17337,16047,22693,20918,24427,23949,28022,28661,30918,31841,21682,24754,15500,19498,4525,7867,1625,1506,15505,14360,21163,19286,23057,22434,26619,27118,29707,30596,21051,24052,15102,18863,4361,7582,237097,222246,32804,31598,55121,52178,17916,37,49
2021-10-08T23:59:59+02:00,2226,2089,17326,16022,22669,20906,24409,23940,28007,28645,30903,31832,21680,24749,15500,19498,4525,7867,1618,1502,15499,14347,21149,19271,23046,22426,26609,27101,29702,30589,21049,24046,15100,18862,4361,7582,236959,222143,32794,31598,55120,52178,17891,37,49
2021-10-07T23:59:59+02:00,2202,2069,17268,15977,22638,20859,24383,23912,27974,28620,30882,31805,21675,24746,15498,19489,4524,7861,1583,1470,15424,14269,21084,19200,23002,22379,26578,27064,29674,30566,21038,24031,15095,18852,4357,7581,236577,221603,32784,31550,55117,52170,17875,37,49
2021-10-06T23:59:59+02:00,2178,2046,17208,15930,22590,20806,24357,23871,27942,28590,30866,31779,21664,24734,15491,19483,4523,7857,1546,1443,15363,14196,21034,19139,22964,22342,26547,27025,29650,30537,21027,24017,15084,18846,4355,7579,236156,221104,32765,31523,55117,52170,17848,37,49
2021-10-05T23:59:59+02:00,2158,2029,17163,15890,22543,20778,24323,23831,27920,28565,30853,31762,21659,24726,15491,19478,4522,7856,1534,1426,15335,14165,20980,19114,22934,22313,26519,26999,29625,30512,21019,23998,15081,18838,4352,7579,235887,220836,32765,31521,55117,52170,17747,37,49
2021-10-04T23:59:59+02:00,2131,1994,17107,15851,22491,20748,24300,23806,27904,28531,30834,31744,21655,24717,15489,19474,4521,7853,1528,1414,15297,14141,20954,19085,22920,22288,26501,26980,29613,30498,21012,23988,15077,18833,4352,7571,235545,220624,32765,31519,55117,52168,17692,37,49
2021-10-03T23:59:59+02:00,2126,1982,17078,15811,22461,20715,24262,23782,27890,28511,30817,31734,21652,24710,15488,19469,4521,7851,1508,1393,15265,14103,20929,19055,22894,22268,26486,26958,29599,30488,21002,23975,15075,18830,4352,7571,235332,220403,32759,31508,55113,52166,17625,37,49
2021-10-02T23:59:59+02:00,2126,1982,17078,15811,22461,20715,24261,23782,27890,28511,30817,31734,21652,24710,15488,19469,4521,7851,1508,1393,15265,14103,20929,19055,22894,22268,26486,26958,29599,30487,21002,23975,15075,18830,4352,7571,235331,220402,32759,31508,55113,52166,17625,37,49
2021-10-01T23:59:59+02:00,2121,1977,17064,15794,22458,20703,24247,23761,27885,28504,30813,31729,21649,24708,15488,19467,4520,7851,1506,1390,15261,14101,20926,19053,22892,22268,26484,26956,29599,30483,21001,23973,15075,18830,4352,7571,235214,220375,32758,31508,55113,52166,17623,37,49
2021-09-30T23:59:59+02:00,2100,1961,17007,15742,22414,20646,24207,23726,27855,28471,30790,31705,21638,24702,15483,19460,4518,7846,1469,1359,15191,14035,20888,19017,22858,22227,26461,26922,29580,30462,20997,23964,15072,18822,4348,7566,234828,219985,32744,31487,55113,52162,17555,37,49
2021-09-29T23:59:59+02:00,2032,1916,16914,15665,22342,20576,24151,23675,27792,28419,30752,31675,21622,24688,15476,19446,4515,7844,1447,1328,15121,13979,20845,18963,22822,22174,26422,26892,29545,30434,20988,23952,15061,18814,4347,7563,234186,219581,32727,31464,55112,52159,17444,37,49
2021-09-28T23:59:59+02:00,2014,1899,16832,15600,22271,20523,24086,23633,27753,28376,30735,31658,21612,24674,15471,19436,4515,7841,1433,1316,15053,13934,20786,18921,22777,22148,26392,26857,29524,30413,20975,23936,15055,18804,4345,7559,233752,219249,32726,31464,55112,52158,17308,37,49
2021-09-27T23:59:59+02:00,1951,1830,16766,15540,22235,20487,24061,23605,27724,28340,30715,31641,21605,24667,15469,19433,4514,7839,1422,1301,15024,13903,20764,18884,22762,22123,26373,26845,29506,30397,20971,23926,15051,18796,4344,7556,233254,218979,32726,31464,55112,52157,17299,37,49
2021-09-26T23:59:59+02:00,1930,1809,16696,15476,22182,20427,24022,23554,27695,28314,30700,31632,21595,24660,15468,19430,4514,7837,1406,1287,14953,13834,20711,18829,22712,22065,26333,26808,29487,30370,20964,23916,15043,18793,4344,7553,232886,218574,32709,31437,55111,52144,17204,37,49
2021-09-25T23:59:59+02:00,1930,1809,16694,15476,22180,20426,24019,23553,27695,28314,30700,31632,21595,24660,15468,19430,4514,7837,1406,1287,14952,13834,20709,18829,22711,22065,26332,26805,29487,30370,20963,23916,15043,18793,4344,7553,232880,218569,32709,31436,55111,52144,17201,37,49
2021-09-24T23:59:59+02:00,1929,1806,16667,15456,22136,20397,23985,23532,27675,28292,30683,31617,21593,24656,15466,19429,4514,7837,1399,1280,14924,13807,20659,18797,22670,22039,26304,26784,29465,30350,20958,23910,15041,18791,4343,7552,232816,218441,32709,31436,55111,52144,17003,37,49
2021-09-23T23:59:59+02:00,1899,1768,16592,15370,22075,20322,23937,23464,27630,28237,30657,31577,21581,24645,15458,19414,4511,7835,1372,1252,14846,13744,20599,18754,22642,21992,26270,26740,29439,30323,20954,23899,15035,18783,4343,7551,232256,218039,32670,31402,55111,52144,16904,37,49
2021-09-22T23:59:59+02:00,1866,1737,16491,15292,21982,20245,23861,23410,27562,28176,30615,31542,21565,24622,15456,19401,4509,7832,1317,1201,14721,13637,20508,18675,22578,21921,26209,26679,29390,30287,20933,23889,15029,18775,4340,7542,231646,217359,32649,31359,55111,52137,16727,37,49
2021-09-21T23:59:59+02:00,1836,1693,16411,15217,21923,20185,23810,23361,27520,28141,30576,31502,21554,24602,15453,19391,4503,7824,1308,1185,14665,13590,20449,18636,22535,21878,26174,26654,29365,30262,20920,23875,15022,18764,4337,7538,231169,217071,32649,31359,55111,52137,16541,37,49
2021-09-20T23:59:59+02:00,1809,1678,16336,15152,21866,20138,23761,23321,27482,28098,30542,31484,21545,24589,15447,19385,4502,7822,1296,1175,14608,13537,20403,18592,22497,21850,26126,26622,29339,30237,20912,23863,15020,18758,4334,7535,230758,216753,32647,31358,55111,52136,16408,37,49
2021-09-19T23:59:59+02:00,1782,1655,16272,15102,21816,20077,23726,23287,27451,28070,30521,31459,21536,24578,15443,19374,4502,7819,1288,1165,14549,13494,20357,18538,22445,21827,26101,26590,29322,30223,20905,23850,15016,18755,4333,7531,230391,216470,32625,31325,55111,52136,16309,37,49
2021-09-18T23:59:59+02:00,1782,1655,16270,15099,21814,20076,23723,23285,27451,28069,30521,31459,21536,24578,15443,19374,4502,7819,1288,1165,14548,13492,20356,18538,22444,21826,26101,26588,29322,30223,20905,23850,15016,18755,4333,7531,230383,216469,32625,31324,55111,52136,16303,37,49
2021-09-17T23:59:59+02:00,1776,1648,16247,15079,21789,20056,23703,23274,27437,28054,30512,31453,21533,24575,15440,19371,4501,7819,1280,1156,14527,13477,20346,18532,22435,21821,26094,26584,29312,30217,20902,23847,15015,18754,4333,7531,230209,216365,32624,31324,55111,52136,16289,37,49
2021-09-16T23:59:59+02:00,1737,1617,16146,14978,21708,19955,23633,23191,27371,27994,30473,31415,21520,24558,15435,19361,4496,7819,1247,1127,14442,13403,20301,18476,22399,21770,26063,26539,29291,30186,20891,23837,15008,18746,4330,7527,229399,215904,32603,31246,55111,52124,16260,37,49
2021-09-15T23:59:59+02:00,1706,1600,16078,14900,21652,19901,23588,23146,27339,27960,30448,31391,21507,24536,15423,19352,4495,7817,1218,1099,14365,13317,20233,18416,22360,21718,26023,26495,29259,30163,20878,23822,14996,18738,4329,7525,228870,215344,32583,31201,55111,52119,16241,37,49
2021-09-14T23:59:59+02:00,1693,1584,16043,14854,21605,19863,23558,23111,27307,27924,30423,31367,21492,24525,15420,19340,4492,7816,1200,1084,14327,13279,20208,18394,22338,21692,26003,26480,29247,30153,20867,23814,14993,18731,4328,7523,228461,215062,32580,31200,55111,52119,16231,37,49
2021-09-13T23:59:59+02:00,1672,1571,16001,14801,21578,19831,23527,23078,27290,27888,30409,31352,21491,24515,15415,19338,4491,7813,1194,1076,14299,13264,20181,18378,22318,21672,25988,26468,29237,30130,20858,23803,14992,18724,4326,7521,228116,214838,32577,31200,55111,52119,16223,37,49
2021-09-12T23:59:59+02:00,1662,1558,15977,14778,21562,19809,23511,23053,27275,27873,30398,31344,21484,24507,15415,19333,4491,7813,1180,1071,14266,13235,20156,18341,22298,21646,25975,26444,29226,30122,20851,23794,14987,18717,4324,7516,227922,214596,32558,31169,55111,52117,16218,37,49
2021-09-11T23:59:59+02:00,1661,1558,15965,14774,21554,19801,23510,23052,27273,27872,30395,31342,21483,24506,15415,19333,4491,7813,1180,1071,14261,13233,20154,18338,22296,21646,25975,26443,29226,30122,20850,23794,14987,18717,4324,7516,227885,214585,32558,31169,55108,52117,16213,37,49
2021-09-10T23:59:59+02:00,1661,1558,15942,14769,21541,19790,23492,23049,27255,27862,30382,31337,21482,24504,15411,19331,4491,7812,1178,1071,14238,13226,20139,18328,22282,21642,25960,26430,29208,30119,20849,23790,14984,18714,4323,7515,227854,214546,32558,31169,55108,52117,16115,37,49
2021-09-09T23:59:59+02:00,1616,1519,15862,14690,21481,19723,23438,22999,27195,27812,30354,31308,21473,24487,15397,19317,4489,7810,1150,1046,14156,13151,20068,18259,22215,21587,25910,26389,29173,30087,20833,23762,14966,18700,4321,7513,227324,214077,32527,31086,55107,52097,15978,37,48
2021-09-08T23:59:59+02:00,1578,1472,15735,14596,21410,19646,23385,22924,27145,27769,30314,31260,21456,24469,15388,19306,4488,7810,1133,1021,14067,13061,19984,18206,22150,21534,25863,26349,29137,30037,20814,23741,14962,18692,4320,7512,226779,213676,32458,30994,55107,52092,15773,37,48
2021-09-07T23:59:59+02:00,1565,1452,15685,14544,21355,19620,23349,22901,27118,27737,30297,31244,21445,24447,15382,19298,4486,7810,1116,1007,13999,13012,19920,18166,22108,21503,25827,26317,29108,30009,20803,23727,14958,18685,4319,7512,226538,213391,32451,30964,55107,52088,15605,37,48
2021-09-06T23:59:59+02:00,1552,1442,15635,14499,21334,19588,23326,22873,27093,27718,30281,31222,21435,24444,15378,19291,4486,7808,1104,998,13967,12973,19899,18141,22078,21481,25807,26298,29093,29994,20794,23719,14954,18681,4319,7509,226287,213182,32450,30964,55107,52088,15527,37,48
2021-09-05T23:59:59+02:00,1532,1427,15605,14473,21315,19566,23316,22847,27084,27706,30276,31214,21430,24438,15372,19289,4486,7804,1096,984,13929,12937,19868,18105,22053,21453,25789,26281,29080,29975,20790,23711,14952,18679,4319,7509,226074,212966,32441,30884,55106,52087,15525,37,48
2021-09-04T23:59:59+02:00,1532,1427,15596,14470,21301,19560,23309,22842,27078,27700,30270,31211,21429,24435,15372,19288,4486,7804,1096,984,13920,12934,19854,18097,22046,21448,25782,26275,29074,29971,20789,23708,14952,18678,4319,7509,226073,212965,32441,30881,55106,52087,15455,37,48
2021-09-03T23:59:59+02:00,1529,1424,15578,14456,21268,19535,23278,22821,27055,27687,30255,31196,21422,24427,15372,19282,4486,7803,1096,984,13903,12920,19827,18078,22022,21433,25766,26265,29059,29960,20783,23701,14952,18675,4319,7509,225997,212946,32440,30876,55106,52086,15296,37,48
2021-09-02T23:59:59+02:00,1513,1404,15506,14397,21221,19485,23243,22772,27014,27646,30218,31170,21409,24417,15366,19269,4484,7797,1071,963,13810,12856,19782,18016,21977,21390,25724,26219,29020,29933,20771,23690,14947,18663,4318,7508,225574,212490,32435,30871,55104,52066,15183,37,48
2021-09-01T23:59:59+02:00,1462,1347,15368,14244,21101,19388,23174,22716,26947,27575,30166,31120,21391,24392,15358,19255,4481,7792,1039,923,13663,12734,19653,17919,21892,21320,25666,26150,28969,29870,20746,23661,14935,18650,4314,7503,224802,211905,32410,30674,55103,52053,14927,37,48
2021-08-31T23:59:59+02:00,1438,1332,15306,14173,21038,19336,23129,22674,26896,27532,30132,31088,21378,24379,15352,19246,4481,7791,1025,910,13589,12666,19605,17877,21859,21284,25633,26127,28941,29844,20740,23651,14932,18642,4313,7502,224341,211556,32409,30674,55102,52048,14814,37,48
2021-08-30T23:59:59+02:00,1415,1313,15238,14127,20990,19280,23097,22635,26859,27499,30099,31058,21365,24370,15348,19237,4479,7784,1020,895,13532,12624,19559,17826,21826,21259,25603,26090,28907,29819,20729,23636,14922,18633,4312,7498,223976,211254,32409,30671,55102,52046,14671,37,48
2021-08-29T23:59:59+02:00,1399,1301,15194,14083,20951,19249,23073,22611,26841,27475,30081,31043,21361,24361,15348,19235,4479,7783,1009,887,13479,12579,19536,17804,21799,21239,25581,26070,28894,29802,20721,23628,14919,18629,4310,7497,223687,210983,32408,30671,55102,52045,14636,37,48
2021-08-28T23:59:59+02:00,1399,1301,15188,14080,20940,19242,23067,22607,26838,27466,30078,31042,21360,24361,15348,19235,4479,7783,1009,887,13472,12575,19525,17797,21793,21235,25578,26061,28891,29801,20720,23628,14919,18629,4310,7497,223687,210981,32408,30671,55102,52045,14582,37,48
2021-08-27T23:59:59+02:00,1390,1294,15157,14052,20913,19226,23034,22591,26812,27454,30062,31022,21354,24353,15344,19234,4476,7780,1003,882,13443,12543,19489,17780,21765,21213,25549,26047,28874,29783,20714,23619,14916,18628,4309,7497,223550,210837,32408,30669,55099,52044,14456,37,48
2021-08-26T23:59:59+02:00,1377,1277,15112,14007,20866,19187,23004,22553,26779,27415,30030,30985,21339,24337,15337,19226,4473,7772,991,871,13374,12482,19412,17722,21704,21155,25493,25999,28834,29747,20701,23598,14906,18615,4308,7493,223256,210546,32389,30544,55099,51970,14297,37,48
2021-08-25T23:59:59+02:00,1332,1232,14967,13883,20753,19092,22924,22460,26700,27331,29972,30929,21316,24311,15327,19216,4469,7766,963,841,13251,12398,19327,17644,21637,21083,25423,25945,28788,29704,20674,23577,14898,18601,4307,7490,222399,209971,32373,30496,55099,51962,14075,36,47
2021-08-24T23:59:59+02:00,1308,1208,14903,13832,20710,19040,22869,22413,26664,27295,29942,30898,21298,24296,15321,19206,4468,7765,938,820,13155,12336,19266,17563,21600,21031,25378,25902,28758,29666,20656,23557,14891,18589,4305,7485,221978,209485,32343,30438,55098,51947,13983,36,43
2021-08-23T23:59:59+02:00,1290,1189,14835,13794,20669,19011,22840,22387,26629,27275,29917,30871,21279,24282,15316,19193,4467,7764,912,795,13039,12258,19203,17503,21547,20982,25338,25847,28713,29623,20637,23540,14884,18577,4302,7485,221666,208964,32327,30348,55098,51947,13883,36,43
2021-08-22T23:59:59+02:00,1281,1181,14820,13774,20653,18991,22828,22367,26614,27260,29900,30867,21272,24278,15314,19185,4465,7763,889,778,12980,12187,19150,17469,21518,20947,25317,25821,28687,29601,20629,23528,14883,18573,4302,7485,221491,208637,32308,30238,55098,51944,13882,36,43
2021-08-21T23:59:59+02:00,1281,1181,14811,13764,20642,18983,22818,22361,26610,27255,29889,30860,21272,24276,15314,19185,4465,7763,889,778,12970,12177,19140,17461,21510,20941,25311,25816,28677,29594,20629,23526,14883,18573,4302,7485,221486,208633,32308,30238,55098,51944,13804,36,43
2021-08-20T23:59:59+02:00,1274,1176,14781,13730,20607,18953,22795,22338,26584,27232,29872,30844,21269,24267,15312,19179,4465,7763,888,777,12951,12163,19115,17441,21492,20920,25297,25799,28658,29575,20625,23520,14882,18570,4302,7485,221291,208527,32308,30236,55098,51944,13710,36,43
2021-08-19T23:59:59+02:00,1255,1161,14722,13681,20567,18923,22764,22303,26561,27203,29847,30820,21258,24259,15309,19174,4464,7760,859,764,12817,12044,19026,17363,21406,20862,25226,25732,28598,29525,20604,23507,14876,18561,4300,7482,220984,207888,32276,30100,55098,51882,13639,36,43
2021-08-18T23:59:59+02:00,1232,1142,14640,13592,20452,18861,22688,22241,26494,27146,29789,30762,21233,24238,15303,19162,4462,7757,831,743,12676,11925,18888,17280,21308,20772,25139,25649,28515,29456,20572,23462,14865,18546,4299,7477,220571,207277,32258,29976,55097,51873,13234,36,43
2021-08-17T23:59:59+02:00,1221,1129,14600,13553,20410,18815,22652,22206,26459,27118,29773,30742,21221,24224,15292,19153,4458,7756,810,719,12568,11842,18807,17219,21230,20710,25087,25596,28479,29415,20553,23447,14856,18533,4297,7475,220285,206746,32223,29847,55097,51865,13143,36,42
2021-08-16T23:59:59+02:00,1209,1118,14551,13504,20374,18786,22623,22173,26438,27090,29739,30711,21208,24213,15285,19141,4456,7754,782,705,12471,11743,18716,17147,21160,20625,25021,25537,28412,29352,20530,23425,14846,18515,4296,7472,220016,206123,32221,29722,55097,51864,13005,36,41
2021-08-15T23:59:59+02:00,1199,1105,14513,13478,20344,18756,22595,22154,26425,27074,29729,30697,21203,24201,15280,19139,4455,7752,758,689,12408,11675,18665,17117,21109,20586,24985,25493,28393,29330,20520,23412,14842,18509,4294,7470,219791,205674,32221,29721,55097,51863,12956,36,41
2021-08-14T23:59:59+02:00,1199,1104,14506,13474,20335,18750,22586,22147,26411,27067,29724,30689,21200,24199,15279,19138,4455,7752,758,689,12400,11671,18655,17109,21099,20579,24971,25486,28388,29321,20517,23411,14841,18508,4294,7470,219790,205672,32220,29717,55097,51863,12874,36,41
2021-08-13T23:59:59+02:00,1196,1101,14497,13465,20321,18740,22574,22142,26404,27057,29708,30681,21191,24194,15278,19138,4455,7752,755,688,12385,11659,18644,17100,21086,20570,24965,25470,28374,29317,20511,23404,14839,18508,4294,7469,219733,205606,32219,29717,55097,51863,12811,36,41
2021-08-12T23:59:59+02:00,1176,1079,14440,13409,20278,18700,22550,22107,26377,27028,29677,30660,21179,24175,15274,19131,4455,7747,728,662,12219,11515,18507,16989,20993,20487,24884,25385,28307,29261,20490,23372,14826,18496,4291,7463,219408,204811,32207,29532,55097,51794,12697,35,41
2021-08-11T23:59:59+02:00,1160,1057,14370,13345,20235,18646,22506,22068,26344,27003,29649,30620,21165,24158,15271,19120,4452,7743,704,640,12079,11376,18423,16899,20913,20413,24835,25312,28264,29197,20457,23345,14819,18485,4289,7458,219004,203907,32134,29527,55097,51789,12644,35,41
2021-08-10T23:59:59+02:00,1145,1039,14290,13270,20178,18598,22470,22024,26312,26972,29615,30589,21151,24148,15271,19112,4451,7741,685,618,11962,11257,18323,16828,20847,20347,24783,25254,28220,29143,20430,23316,14805,18467,4288,7452,218581,203152,32102,29505,55097,51764,12563,35,41
2021-08-09T23:59:59+02:00,1128,1020,14205,13208,20097,18542,22421,21976,26261,26928,29578,30555,21133,24131,15265,19103,4446,7739,640,577,11780,11095,18153,16732,20721,20265,24688,25158,28141,29067,20393,23275,14791,18455,4285,7443,218134,202163,32081,29397,55096,51669,12392,35,38
2021-08-08T23:59:59+02:00,1114,1013,14162,13169,20075,18506,22395,21956,26246,26908,29562,30541,21126,24125,15262,19099,4445,7738,614,558,11697,11009,18065,16648,20655,20207,24625,25111,28095,29023,20371,23252,14778,18444,4285,7439,217903,201507,32050,29319,55095,51651,12361,35,38
2021-08-07T23:59:59+02:00,1114,1013,14147,13164,20065,18501,22389,21951,26234,26894,29547,30529,21124,24121,15258,19094,4444,7738,614,557,11683,11003,18048,16643,20649,20201,24612,25096,28078,29011,20369,23248,14774,18439,4284,7439,217901,201491,32049,29318,55094,51651,12250,35,38
2021-08-06T23:59:59+02:00,1114,1013,14137,13152,20052,18482,22375,21936,26212,26885,29534,30518,21121,24117,15255,19092,4444,7737,614,557,11672,10989,18025,16621,20633,20184,24591,25087,28066,28999,20366,23244,14771,18437,4284,7439,217893,201462,32045,29318,55094,51650,12111,35,38
2021-08-05T23:59:59+02:00,1102,994,14065,13110,20001,18447,22332,21893,26176,26828,29506,30494,21107,24102,15247,19083,4442,7734,579,527,11497,10880,17911,16521,20522,20086,24485,24997,27996,28950,20340,23219,14760,18423,4281,7437,217575,200674,32001,29227,55091,51509,11963,35,38
2021-08-04T23:59:59+02:00,1086,977,14001,13041,19895,18363,22266,21834,26133,26786,29455,30446,21084,24084,15237,19070,4442,7731,541,493,11311,10705,17681,16379,20347,19960,24366,24873,27886,28852,20312,23186,14747,18411,4278,7435,217306,199628,31838,29167,55090,51266,11664,35,38
2021-08-03T23:59:59+02:00,1062,959,13931,12978,19856,18312,22231,21792,26096,26745,29420,30416,21068,24059,15227,19056,4439,7721,485,451,11126,10532,17505,16250,20206,19826,24216,24750,27766,28744,20269,23138,14730,18379,4276,7429,216927,198188,31810,29132,55089,51211,11509,35,38
2021-08-02T23:59:59+02:00,1038,939,13845,12911,19797,18254,22180,21751,26041,26683,29368,30366,21039,24028,15217,19036,4436,7719,459,421,10959,10362,17332,16126,20058,19713,24098,24635,27679,28641,20224,23085,14711,18360,4273,7419,216446,196998,31779,29083,55089,51135,11301,35,38
2021-08-01T23:59:59+02:00,1028,924,13784,12864,19761,18237,22160,21729,26016,26662,29349,30349,21030,24016,15213,19029,4436,7718,423,390,10814,10215,17173,16018,19908,19605,23954,24530,27571,28561,20210,23061,14702,18346,4273,7415,216207,196109,31730,28992,55089,50785,11245,35,38
2021-07-31T23:59:59+02:00,1028,924,13759,12855,19743,18229,22143,21718,26002,26650,29341,30338,21027,24011,15212,19028,4435,7718,422,390,10788,10202,17152,16004,19890,19592,23941,24518,27563,28550,20207,23056,14701,18345,4272,7415,216203,196088,31730,28992,55089,50785,11105,35,38
2021-07-30T23:59:59+02:00,1020,914,13698,12808,19697,18207,22113,21699,25972,26628,29314,30320,21020,24003,15206,19026,4433,7717,401,372,10701,10127,17087,15961,19831,19557,23874,24477,27516,28524,20192,23034,14692,18341,4269,7413,216023,195697,31726,28992,55089,50719,10923,35,38
2021-07-29T23:59:59+02:00,996,895,13591,12722,19633,18145,22041,21646,25921,26572,29261,30282,21003,23993,15199,19019,4433,7715,356,332,10432,9866,16785,15718,19536,19340,23570,24246,27264,28360,20137,22979,14680,18320,4269,7412,215578,193942,31653,28880,55089,50029,10713,35,38
2021-07-28T23:59:59+02:00,968,865,13460,12594,19507,18036,21955,21563,25839,26493,29184,30214,20980,23957,15186,19007,4431,7713,321,292,10141,9661,16524,15529,19276,19151,23342,24055,27109,28217,20089,22906,14661,18297,4266,7407,214924,192601,31617,28797,55085,49516,10292,35,38
2021-07-27T23:59:59+02:00,937,844,13341,12500,19442,17976,21888,21510,25773,26436,29144,30169,20965,23937,15181,18987,4430,7707,273,237,9885,9447,16271,15302,19047,18966,23148,23880,26946,28081,20047,22853,14639,18270,4260,7398,214329,190936,31562,28638,55084,49179,10159,34,38
2021-07-26T23:59:59+02:00,912,826,13236,12406,19388,17919,21814,21445,25723,26403,29089,30109,20936,23914,15163,18968,4430,7703,225,208,9649,9197,16030,15093,18799,18766,22919,23713,26795,27953,19976,22792,14610,18234,4255,7392,213721,189173,31491,28537,55083,48801,10057,33,38
2021-07-25T23:59:59+02:00,893,815,13161,12335,19308,17869,21756,21393,25682,26355,29052,30063,20919,23897,15156,18962,4427,7702,202,188,9462,9056,15830,14940,18594,18625,22751,23603,26647,27833,19926,22744,14593,18221,4252,7389,213418,188263,31428,28386,55083,48385,9784,33,38
2021-07-24T23:59:59+02:00,893,815,13151,12326,19298,17862,21745,21389,25668,26348,29047,30057,20915,23896,15155,18961,4427,7702,202,188,9452,9042,15820,14933,18580,18620,22736,23593,26641,27825,19923,22741,14592,18220,4252,7389,213415,188244,31426,28383,55083,48385,9699,33,38
2021-07-23T23:59:59+02:00,885,813,13085,12289,19221,17828,21705,21356,25633,26309,29014,30021,20900,23879,15147,18957,4425,7699,202,187,9399,9014,15737,14889,18526,18579,22686,23552,26597,27786,19906,22724,14585,18214,4250,7386,213287,188081,31425,28377,55083,48384,9339,33,38
2021-07-22T23:59:59+02:00,873,799,12989,12207,19165,17759,21659,21326,25585,26262,28990,29998,20887,23861,15145,18951,4422,7697,148,144,9081,8740,15337,14640,18160,18323,22355,23305,26391,27651,19849,22668,14572,18192,4247,7381,212820,186252,31340,28123,55080,47468,9303,33,38
2021-07-21T23:59:59+02:00,851,771,12787,12039,19016,17634,21525,21227,25479,26159,28914,29927,20845,23826,15128,18928,4418,7692,125,124,8703,8426,14903,14315,17781,18050,21997,22971,26117,27440,19756,22580,14546,18154,4244,7372,212189,184347,31230,27773,55077,46808,8638,33,38
2021-07-20T23:59:59+02:00,821,746,12638,11903,18908,17548,21456,21150,25417,26094,28874,29876,20820,23793,15120,18912,4415,7689,95,97,8372,8119,14436,13978,17399,17774,21692,22741,25871,27253,19675,22471,14517,18119,4242,7366,211503,182189,31121,27610,55074,45931,8450,33,37
2021-07-19T23:59:59+02:00,792,719,12517,11786,18819,17477,21394,21091,25362,26040,28824,29839,20794,23763,15110,18898,4411,7683,74,66,8049,7865,14071,13724,17050,17525,21363,22536,25643,27111,19606,22395,14495,18097,4236,7360,210784,180145,31018,27451,55074,45220,8413,31,37
2021-07-18T23:59:59+02:00,774,700,12401,11678,18720,17399,21326,21037,25306,25986,28787,29785,20772,23743,15098,18887,4409,7681,61,55,7878,7712,13917,13601,16898,17401,21199,22424,25513,27029,19566,22355,14481,18081,4236,7357,210195,179209,30870,27345,55074,44853,8320,31,37
2021-07-17T23:59:59+02:00,774,700,12398,11678,18719,17396,21325,21037,25306,25986,28787,29785,20772,23743,15098,18887,4409,7681,61,55,7871,7711,13913,13596,16897,17400,21198,22423,25512,27027,19563,22354,14481,18081,4236,7357,210190,179187,30870,27344,55074,44851,8317,31,37
2021-07-16T23:59:59+02:00,767,695,12326,11624,18677,17365,21290,21010,25273,25963,28762,29766,20770,23740,15098,18885,4409,7681,57,52,7716,7610,13756,13526,16753,17341,21059,22364,25406,26979,19544,22333,14480,18075,4236,7354,209982,178734,30870,27271,55074,44454,8145,31,37
2021-07-15T23:59:59+02:00,752,675,12254,11552,18612,17306,21233,20962,25224,25922,28734,29738,20755,23723,15093,18876,4408,7678,55,49,7374,7293,13145,13119,16082,16917,20423,21993,24948,26666,19398,22192,14438,18029,4233,7347,209497,176498,30784,26368,55067,42679,8119,31,37
2021-07-14T23:59:59+02:00,723,655,12044,11414,18442,17197,21112,20866,25120,25819,28645,29638,20721,23690,15074,18860,4405,7675,47,38,6956,6938,12480,12666,15389,16429,19790,21535,24482,26324,19180,21966,14406,17981,4225,7336,208684,173670,30622,26029,55064,40732,7700,31,37
2021-07-13T23:59:59+02:00,679,620,11906,11280,18319,17112,21000,20770,25023,25724,28575,29572,20692,23651,15054,18850,4403,7665,37,27,6497,6514,11847,12165,14692,15925,19186,21124,24042,25997,19000,21750,14361,17920,4221,7327,207660,170008,30484,25856,55053,39066,7668,31,34
2021-07-12T23:59:59+02:00,645,589,11781,11143,18204,17023,20906,20662,24923,25625,28494,29505,20666,23617,15046,18838,4398,7658,33,21,6083,6101,11238,11629,14069,15388,18630,20631,23623,25636,18803,21560,14296,17862,4212,7323,206642,166323,30356,25030,55050,38106,7645,31,34
2021-07-11T23:59:59+02:00,609,562,11666,11051,18140,16960,20849,20606,24869,25578,28437,29456,20647,23597,15037,18829,4398,7657,30,20,5893,5930,10983,11426,13835,15188,18385,20442,23415,25450,18730,21478,14269,17836,4211,7317,206005,164931,30236,24559,55048,37683,7631,29,34
2021-07-10T23:59:59+02:00,608,561,11658,11050,18136,16958,20845,20605,24866,25577,28436,29456,20647,23597,15036,18827,4398,7657,30,20,5886,5929,10978,11419,13825,15184,18384,20440,23413,25448,18728,21477,14268,17836,4211,7317,205985,164901,30233,24558,55048,37676,7624,29,34
2021-07-09T23:59:59+02:00,580,538,11548,10923,18061,16874,20775,20544,24792,25501,28387,29410,20624,23577,15033,18817,4398,7656,30,19,5851,5895,10950,11385,13775,15163,18353,20409,23394,25426,18723,21467,14266,17833,4211,7316,205115,164669,30232,24508,55048,37640,7615,29,34
2021-07-08T23:59:59+02:00,545,510,11384,10787,17934,16771,20640,20442,24684,25373,28269,29331,20580,23529,15017,18788,4395,7648,27,16,5507,5635,10437,10989,13154,14710,17688,19849,22786,24958,18403,21072,14169,17750,4206,7306,204343,162353,30205,23701,55020,35543,7031,29,34
2021-07-07T23:59:59+02:00,485,458,11215,10640,17850,16684,20570,20374,24611,25295,28208,29268,20552,23493,15012,18776,4393,7640,22,16,5202,5344,9910,10538,12572,14229,17005,19328,22219,24457,18088,20707,14067,17653,4199,7283,203331,159888,30180,22235,55002,33699,6983,29,34
2021-07-06T23:59:59+02:00,444,424,11089,10490,17738,16590,20476,20271,24533,25202,28117,29189,20526,23453,15003,18759,4391,7637,15,10,4803,4916,9308,10021,11861,13627,16296,18713,21704,23964,17768,20401,13966,17536,4190,7273,202191,155695,30174,21292,54993,32405,6946,29,34
2021-07-05T23:59:59+02:00,422,397,11002,10400,17646,16518,20396,20199,24473,25150,28076,29152,20502,23432,14991,18751,4390,7634,12,9,4516,4596,8811,9571,11300,13074,15587,18068,21080,23357,17374,20004,13832,17378,4182,7265,201447,151801,30171,20612,54984,30668,6901,29,34
2021-07-04T23:59:59+02:00,409,391,10929,10345,17580,16463,20346,20149,24442,25114,28060,29134,20493,23421,14986,18748,4389,7633,12,9,4370,4506,8681,9404,11108,12899,15343,17856,20814,23085,17102,19713,13772,17286,4178,7261,200968,150481,30165,20306,54983,29690,6888,29,34
2021-07-03T23:59:59+02:00,407,390,10921,10334,17570,16458,20344,20145,24441,25114,28057,29133,20493,23420,14986,18748,4389,7633,12,9,4365,4498,8674,9401,11105,12899,15339,17856,20811,23081,17102,19708,13772,17286,4178,7261,200941,150466,30163,20306,54983,29683,6868,29,34
2021-07-02T23:59:59+02:00,364,327,10776,10224,17454,16358,20240,20069,24367,25050,27994,29074,20467,23394,14980,18734,4389,7630,12,9,4278,4419,8512,9264,10967,12787,15217,17748,20699,22977,17060,19677,13765,17271,4178,7258,200059,149476,30163,20305,54983,29625,6658,29,34
2021-07-01T23:59:59+02:00,317,284,10643,10089,17328,16265,20116,19979,24283,24975,27930,29022,20447,23370,14964,18719,4386,7626,12,7,4073,4220,8210,8930,10596,12376,14647,17248,20188,22437,16772,19378,13557,17056,4168,7236,198984,146411,30106,19620,54977,28398,6648,29,34
2021-06-30T23:59:59+02:00,234,223,10389,9849,17154,16115,19982,19848,24167,24851,27851,28933,20425,23338,14945,18701,4385,7625,12,6,3878,4027,7907,8594,10188,11912,14156,16692,19612,21803,16449,19034,13284,16778,4155,7209,197334,142731,30051,19370,54969,26928,6633,29,34
2021-06-29T23:59:59+02:00,190,186,10241,9674,17017,16019,19879,19756,24099,24775,27793,28864,20398,23311,14931,18681,4385,7621,11,6,3676,3769,7510,8140,9712,11376,13501,16021,18997,21102,16130,18707,13035,16488,4148,7195,196182,138452,30046,19071,54965,25367,6600,28,34
2021-06-28T23:59:59+02:00,141,134,10047,9490,16891,15914,19775,19653,24004,24680,27725,28802,20368,23281,14917,18662,4383,7619,10,5,3475,3514,7111,7698,9274,10884,12951,15483,18499,20584,15878,18441,12916,16355,4142,7184,194998,134614,29932,18647,54962,24542,6567,28,34
2021-06-27T23:59:59+02:00,123,117,9907,9379,16833,15854,19714,19603,23945,24629,27698,28777,20356,23265,14914,18658,4382,7616,10,5,3385,3449,6933,7501,9083,10685,12721,15243,18237,20325,15755,18335,12851,16268,4142,7180,194364,133419,29873,18300,54958,23807,6548,28,34
2021-06-26T23:59:59+02:00,123,117,9906,9373,16831,15850,19711,19602,23943,24628,27698,28776,20356,23265,14914,18658,4382,7616,10,5,3383,3448,6930,7500,9080,10684,12718,15240,18235,20323,15752,18334,12851,16266,4142,7180,194346,133399,29872,18300,54958,23802,6546,28,34
2021-06-25T23:59:59+02:00,119,114,9859,9333,16790,15816,19677,19570,23907,24600,27674,28757,20350,23258,14912,18655,4382,7616,10,5,3362,3402,6856,7389,8983,10527,12603,15043,18088,20115,15728,18305,12843,16263,4141,7179,194022,133214,29837,17946,54958,23103,6545,28,34
2021-06-24T23:59:59+02:00,109,103,9730,9210,16606,15690,19543,19446,23785,24511,27616,28696,20336,23242,14905,18646,4381,7614,9,5,3236,3260,6634,7056,8670,10073,12069,14418,17534,19404,15504,18073,12695,16131,4138,7167,193183,130803,29496,17088,54957,21645,6506,28,34
2021-06-23T23:59:59+02:00,103,98,9601,9073,16464,15563,19425,19343,23688,24406,27549,28649,20321,23220,14901,18641,4378,7613,9,5,3033,3023,6278,6572,8168,9504,11365,13593,16769,18420,15207,17730,12545,15989,4128,7142,192262,126244,29331,16110,54946,20624,6469,28,33
2021-06-22T23:59:59+02:00,72,72,9312,8769,16231,15364,19239,19192,23542,24281,27478,28565,20296,23194,14893,18622,4374,7607,9,5,2799,2739,5796,6026,7544,8742,10451,12550,15749,17215,14909,17372,12438,15865,4115,7119,190572,119811,29126,15619,54942,19548,6436,27,29
2021-06-21T23:59:59+02:00,68,64,9186,8613,16056,15212,19049,19039,23411,24158,27417,28487,20272,23165,14888,18612,4374,7603,9,5,2652,2547,5415,5564,7080,8157,9721,11674,15019,16283,14630,17058,12329,15745,4110,7102,189371,115113,28904,15061,54939,18464,6433,27,29
2021-06-20T23:59:59+02:00,65,62,9047,8486,15919,15093,18938,18952,23337,24087,27377,28436,20261,23144,14877,18605,4371,7602,9,5,2593,2479,5244,5383,6865,7891,9413,11339,14653,15878,14493,16923,12289,15708,4105,7096,188477,113403,28788,14828,54938,17677,6429,27,29
2021-06-19T23:59:59+02:00,65,62,9046,8480,15915,15084,18935,18952,23335,24086,27377,28435,20261,23144,14877,18605,4371,7602,9,5,2590,2478,5243,5378,6863,7889,9412,11338,14651,15874,14491,16923,12289,15708,4105,7096,188454,113384,28785,14824,54937,17676,6429,27,29
2021-06-18T23:59:59+02:00,65,58,9015,8467,15902,15075,18920,18944,23328,24077,27371,28430,20261,23141,14876,18605,4371,7602,9,5,2562,2445,5188,5319,6785,7789,9313,11180,14480,15645,14412,16822,12278,15686,4103,7093,188332,112598,28784,14823,54936,17235,6429,27,29
2021-06-17T23:59:59+02:00,58,55,8833,8304,15670,14905,18719,18786,23171,23945,27235,28336,20237,23120,14869,18593,4369,7599,9,5,2421,2297,4865,5019,6395,7386,8766,10577,13652,14771,14175,16527,12204,15563,4099,7082,186988,109725,28779,13869,54929,16109,6081,27,29
2021-06-16T23:59:59+02:00,50,53,8606,8090,15437,14677,18508,18585,22979,23776,27129,28226,20208,23077,14855,18573,4365,7593,9,5,2307,2190,4622,4815,6040,7043,8234,10090,12932,13928,13825,16144,12119,15474,4094,7070,185204,106261,28675,13068,54926,15628,5955,27,29
2021-06-15T23:59:59+02:00,41,40,8262,7757,15060,14319,18185,18298,22726,23564,26969,28093,20178,23043,14842,18558,4363,7582,9,5,2127,2021,4274,4462,5533,6479,7351,9199,11738,12646,13283,15525,11998,15311,4079,7047,182610,100013,28637,12402,54924,14961,5682,27,29
2021-06-14T23:59:59+02:00,35,35,8081,7592,14802,14084,17981,18125,22574,23442,26857,28011,20155,23010,14828,18550,4359,7574,7,5,2014,1898,4017,4212,5147,6008,6693,8477,10813,11590,12964,15175,11927,15214,4069,7028,181025,95168,28612,12041,54921,14510,5510,27,29
2021-06-13T23:59:59+02:00,35,35,8007,7537,14718,13994,17865,18014,22491,23364,26828,27981,20142,22999,14824,18544,4359,7574,5,5,1971,1872,3935,4115,5027,5868,6459,8238,10519,11257,12807,14997,11869,15157,4068,7027,180267,93789,28601,11749,54917,14130,5499,27,29
2021-06-12T23:59:59+02:00,35,35,8006,7536,14718,13992,17865,18014,22489,23363,26827,27978,20141,22998,14824,18544,4359,7574,5,5,1970,1870,3933,4115,5025,5867,6456,8233,10515,11251,12804,14996,11869,15155,4068,7027,180255,93765,28601,11749,54916,14122,5499,27,29
2021-06-11T23:59:59+02:00,35,34,7941,7495,14628,13945,17788,17963,22420,23329,26783,27955,20139,22994,14824,18543,4359,7574,5,5,1953,1857,3898,4057,4981,5800,6395,8150,10415,11145,12764,14961,11858,15149,4068,7027,179916,93548,28524,11741,54915,13803,5367,27,29
2021-06-10T23:59:59+02:00,30,27,7601,7199,14233,13581,17354,17588,22090,23049,26587,27774,20095,22949,14811,18525,4356,7562,3,5,1853,1775,3683,3891,4704,5525,6067,7781,9796,10534,12244,14301,11788,15041,4060,7020,177321,90376,28026,11360,54903,13174,5134,27,27
2021-06-09T23:59:59+02:00,29,24,7236,6850,13769,13149,16838,17124,21700,22680,26369,27560,20021,22878,14793,18490,4353,7554,3,5,1690,1660,3487,3710,4449,5257,5679,7372,9019,9818,11579,13464,11668,14900,4050,7008,174080,86121,27483,10726,54890,13007,4937,27,27
2021-06-08T23:59:59+02:00,24,20,6862,6447,13256,12662,16369,16653,21341,22339,26153,27357,19964,22799,14762,18455,4350,7547,3,5,1600,1585,3267,3479,4129,4904,5169,6882,8135,8894,10693,12386,11524,14742,4046,6993,170671,80461,26988,10429,54881,12727,4793,27,26
2021-06-07T23:59:59+02:00,21,17,6587,6165,12820,12286,15971,16254,21015,22042,25990,27201,19927,22745,14741,18435,4343,7541,3,5,1539,1514,3076,3307,3854,4676,4766,6505,7420,8141,9779,11237,11412,14596,4035,6975,168111,75715,26563,10055,54860,12504,4540,27,26
2021-06-06T23:59:59+02:00,21,17,6446,6033,12677,12132,15808,16096,20847,21879,25903,27115,19907,22708,14730,18425,4342,7537,3,5,1524,1491,3002,3266,3760,4611,4658,6424,7278,8010,9521,10969,11366,14547,4032,6970,166883,75031,26457,9632,54839,12331,4417,27,26
2021-06-05T23:59:59+02:00,21,17,6437,6029,12662,12118,15798,16087,20844,21874,25903,27112,19907,22708,14730,18425,4342,7537,3,5,1522,1489,2999,3265,3759,4610,4655,6424,7273,8004,9513,10964,11366,14547,4032,6970,166823,75000,26445,9630,54839,12327,4417,27,26
2021-06-04T23:59:59+02:00,21,17,6404,5989,12601,12069,15738,16037,20816,21842,25883,27095,19903,22702,14727,18425,4342,7537,3,5,1519,1483,2987,3253,3740,4594,4645,6409,7235,7960,9481,10894,11328,14506,4031,6969,166720,74718,26187,9617,54814,12281,4400,27,26
2021-06-03T23:59:59+02:00,21,15,6171,5766,12301,11819,15414,15726,20484,21503,25626,26883,19857,22628,14707,18405,4341,7533,2,4,1477,1440,2912,3187,3643,4514,4534,6309,7035,7776,9101,10443,11277,14432,4031,6964,164239,73415,25940,9316,54812,12142,4182,27,26
2021-06-02T23:59:59+02:00,21,15,6105,5708,12230,11754,15341,15659,20412,21441,25609,26859,19853,22625,14704,18402,4340,7532,2,4,1463,1429,2894,3172,3626,4499,4498,6291,7000,7738,9020,10332,11268,14407,4030,6963,163885,73044,25757,9307,54811,12132,4130,27,23
2021-06-01T23:59:59+02:00,17,15,5652,5215,11497,11055,14516,14925,19693,20775,25198,26476,19763,22535,14670,18355,4332,7524,2,4,1349,1323,2598,2899,3247,4165,4009,5832,6170,6931,7829,8704,11023,14060,4016,6946,158850,67624,25105,8399,54783,11615,3448,27,21
2021-05-31T23:59:59+02:00,15,15,5404,4918,11053,10627,13988,14431,19214,20276,24891,26137,19671,22449,14632,18309,4323,7508,2,4,1289,1268,2443,2764,3045,3994,3724,5539,5612,6398,6811,7418,10779,13741,4007,6912,155385,63583,24410,7478,54777,11406,3262,27,21
2021-05-30T23:59:59+02:00,15,15,5326,4842,10864,10504,13821,14253,18865,19952,24648,25889,19640,22419,14624,18289,4322,7506,2,4,1269,1254,2415,2730,2997,3948,3656,5483,5508,6307,6637,7187,10742,13666,4004,6902,153888,62840,23902,7415,54749,11207,3228,27,21
2021-05-29T23:59:59+02:00,15,15,5323,4842,10864,10500,13816,14250,18865,19951,24647,25887,19640,22419,14624,18289,4322,7506,2,4,1268,1250,2413,2727,2994,3945,3656,5481,5506,6305,6632,7184,10742,13666,4004,6902,153870,62828,23902,7411,54748,11193,3228,27,21
2021-05-28T23:59:59+02:00,15,15,5307,4828,10843,10462,13789,14230,18848,19934,24638,25877,19638,22416,14622,18286,4322,7505,2,4,1263,1250,2412,2720,2991,3943,3649,5475,5491,6289,6615,7167,10733,13644,4003,6898,153679,62724,23900,7411,54744,11169,3225,27,20
2021-05-27T23:59:59+02:00,12,14,5014,4549,10317,10007,13201,13700,18158,19320,24057,25341,19539,22301,14589,18240,4311,7493,2,3,1099,1110,2126,2527,2689,3652,3352,5119,5162,6009,6315,6750,10505,13360,3998,6882,150420,60868,22909,7374,54637,10229,2170,27,19
2021-05-26T23:59:59+02:00,12,14,4753,4296,9885,9629,12683,13179,17544,18709,23423,24665,19414,22151,14542,18185,4305,7476,2,3,1020,1029,1965,2374,2489,3453,3090,4874,4774,5656,5757,6099,10130,12824,3982,6846,146329,57713,22151,7336,54515,9456,1843,27,19
2021-05-25T23:59:59+02:00,12,13,4538,4069,9471,9155,12226,12672,17007,18131,22903,24026,19282,21979,14510,18106,4296,7462,2,3,973,983,1902,2284,2379,3316,2917,4668,4428,5278,5171,5366,9676,12224,3966,6821,142290,54149,21318,7321,54384,9029,1839,27,19
2021-05-24T23:59:59+02:00,12,13,4425,3912,9262,8951,12021,12413,16705,17811,22574,23623,19206,21900,14495,18086,4294,7461,2,3,956,933,1841,2242,2304,3255,2830,4586,4305,5162,5025,5206,9586,12096,3963,6813,140785,53436,20361,7267,54207,8603,1784,27,18
2021-05-23T23:59:59+02:00,12,13,4414,3912,9256,8948,12009,12403,16694,17804,22558,23602,19201,21895,14494,18084,4294,7461,2,3,955,928,1839,2237,2300,3253,2823,4581,4297,5145,5018,5192,9579,12083,3962,6812,140679,53357,20358,7254,54206,8597,1784,27,17
2021-05-22T23:59:59+02:00,12,13,4410,3909,9252,8944,12001,12397,16690,17800,22556,23600,19201,21895,14494,18084,4294,7461,2,3,955,928,1838,2235,2297,3253,2822,4581,4297,5143,5016,5191,9578,12083,3962,6812,140650,53351,20358,7254,54194,8590,1784,27,17
2021-05-21T23:59:59+02:00,12,13,4378,3872,9180,8867,11927,12310,16599,17725,22492,23532,19182,21877,14490,18077,4294,7459,2,3,909,918,1806,2224,2264,3243,2790,4556,4249,5114,4992,5167,9565,12076,3961,6811,139992,53279,20358,7254,54175,8366,1734,27,17
2021-05-20T23:59:59+02:00,9,12,4123,3693,8731,8509,11445,11896,15927,17221,21910,22952,18997,21709,14458,18037,4289,7448,2,3,762,855,1548,2063,2022,3084,2548,4335,3999,4882,4835,5004,9449,11929,3953,6787,136593,52547,19982,7155,53755,7332,1009,27,17
2021-05-19T23:59:59+02:00,9,12,3881,3453,8235,8043,10865,11351,15255,16511,21232,22227,18796,21478,14417,17987,4283,7430,2,3,714,808,1487,1981,1945,2981,2481,4208,3855,4722,4659,4791,9246,11699,3933,6758,131195,51463,19800,7022,53456,6783,988,26,17
2021-05-18T23:59:59+02:00,8,11,3592,3190,7693,7509,10138,10654,14295,15571,20289,21170,18534,21194,14362,17927,4277,7408,2,3,659,760,1431,1893,1869,2870,2351,4067,3679,4520,4387,4499,9044,11449,3920,6731,124160,50230,19703,6821,53018,6152,915,26,16
2021-05-17T23:59:59+02:00,8,11,3402,2982,7235,7042,9633,10113,13567,14783,19602,20371,18348,20931,14314,17861,4266,7393,2,3,603,705,1350,1830,1794,2789,2240,3991,3542,4407,4141,4268,8899,11236,3907,6702,118922,49425,19464,6608,52551,5461,899,26,16
2021-05-16T23:59:59+02:00,8,10,3272,2909,7029,6867,9428,9898,13313,14548,19373,20141,18271,20851,14300,17842,4265,7387,2,3,590,660,1310,1781,1750,2727,2202,3898,3477,4324,4050,4166,8878,11207,3905,6700,117298,49275,19225,6440,52268,5004,895,26,16
2021-05-15T23:59:59+02:00,8,10,3271,2906,7022,6858,9426,9892,13310,14546,19370,20131,18269,20850,14300,17842,4265,7387,2,3,590,660,1307,1779,1746,2726,2199,3898,3476,4324,4048,4164,8878,11207,3905,6699,117253,49265,19225,6439,52266,4998,893,26,16
2021-05-14T23:59:59+02:00,8,10,3230,2861,6905,6713,9294,9754,13158,14362,19197,19995,18245,20825,14299,17834,4264,7384,2,3,570,647,1286,1756,1715,2704,2165,3871,3430,4286,3996,4106,8871,11200,3905,6698,116837,49221,18476,6285,52180,4870,819,26,16
2021-05-13T23:59:59+02:00,8,10,3113,2702,6579,6393,8857,9357,12609,13880,18596,19397,18117,20681,14266,17797,4259,7382,1,2,536,623,1234,1700,1659,2631,2078,3765,3279,4166,3892,3969,8848,11180,3902,6694,113957,49125,17781,5894,51574,4460,666,25,14
2021-05-12T23:59:59+02:00,8,10,3086,2671,6545,6355,8809,9304,12468,13767,18412,19193,18084,20647,14258,17787,4259,7382,1,2,535,621,1232,1695,1653,2628,2068,3759,3265,4158,3879,3955,8840,11174,3902,6693,113245,49096,17556,5866,51556,4421,663,25,14
2021-05-11T23:59:59+02:00,6,10,2698,2413,5750,5859,7839,8493,11073,12600,16847,17718,17580,20084,14174,17682,4241,7359,0,2,497,561,1103,1589,1488,2472,1882,3581,3044,3894,3771,3841,8771,11081,3897,6688,105847,48855,16933,5668,49484,3487,138,24,14
2021-05-10T23:59:59+02:00,6,8,2513,2247,5272,5479,7146,7868,10044,11685,15550,16348,17200,19632,14111,17568,4233,7335,0,2,473,536,1058,1550,1445,2419,1821,3478,2925,3763,3688,3768,8732,11033,3893,6684,100040,48736,16022,5437,48026,2948,133,24,14
2021-05-09T23:59:59+02:00,6,8,2433,2215,5134,5395,6960,7749,9633,11346,15005,15820,17081,19492,14091,17539,4230,7330,0,2,458,518,1024,1493,1374,2335,1762,3356,2813,3609,3602,3675,8709,11000,3890,6681,98462,48649,15434,5166,47417,2342,130,24,14
2021-05-08T23:59:59+02:00,6,8,2429,2214,5132,5395,6958,7746,9628,11342,15003,15819,17081,19492,14091,17539,4230,7330,0,2,457,517,1023,1493,1374,2334,1762,3356,2812,3608,3600,3675,8708,11000,3890,6681,98443,48643,15431,5166,47415,2339,130,24,14
2021-05-07T23:59:59+02:00,6,8,2258,2152,4861,5300,6594,7593,9179,11129,14560,15499,16904,19290,14079,17510,4230,7328,0,2,447,515,1012,1480,1359,2320,1727,3346,2763,3574,3554,3635,8628,10919,3890,6678,97736,48619,14911,4815,45683,2275,126,24,14
2021-05-06T23:59:59+02:00,6,8,2023,2020,4312,4953,5937,7219,8409,10570,13586,14674,16506,18840,14030,17416,4218,7315,0,2,417,467,971,1380,1272,2156,1620,3122,2540,3291,3376,3435,8449,10726,3881,6664,95150,48177,13675,4207,43137,1315,56,24,14
2021-05-05T23:59:59+02:00,6,8,1900,1911,4029,4728,5505,6848,7714,9980,12467,13618,15828,18003,13926,17314,4209,7291,0,2,409,454,958,1352,1244,2115,1585,3046,2479,3207,3325,3395,8370,10627,3875,6654,90736,48043,12354,4057,42132,943,40,23,14
2021-05-04T23:59:59+02:00,6,8,1814,1826,3763,4491,5097,6492,7051,9405,11248,12375,14910,16875,13817,17177,4205,7277,0,2,404,444,939,1332,1225,2072,1567,3007,2435,3152,3279,3347,8282,10515,3869,6640,84928,47902,11716,3857,41144,711,27,22,14
2021-05-03T23:59:59+02:00,5,8,1763,1772,3613,4366,4865,6280,6668,9074,10519,11639,14182,15893,13729,17062,4196,7260,0,2,398,434,934,1318,1210,2039,1546,2965,2402,3107,3226,3307,8167,10413,3864,6634,80495,47773,11511,3636,40844,522,22,22,13
2021-05-02T23:59:59+02:00,5,8,1753,1754,3539,4341,4781,6227,6597,9013,10400,11524,13996,15699,13697,17035,4195,7255,0,2,396,425,927,1303,1206,2022,1542,2952,2386,3090,3208,3288,8130,10381,3863,6630,79934,47746,11236,3538,40610,437,17,22,13
2021-05-01T23:59:59+02:00,5,8,1750,1754,3537,4340,4780,6225,6594,9011,10395,11520,13993,15699,13696,17034,4195,7252,0,2,395,425,927,1303,1205,2021,1542,2951,2386,3090,3208,3288,8130,10381,3863,6629,79905,47742,11236,3538,40609,437,16,22,13
2021-04-30T23:59:59+02:00,5,8,1747,1747,3531,4331,4773,6213,6573,8996,10357,11482,13942,15625,13670,17003,4194,7251,0,2,395,423,925,1301,1205,2021,1542,2951,2383,3088,3208,3286,8129,10379,3863,6629,79578,47734,11235,3537,40599,431,15,21,13
2021-04-29T23:59:59+02:00,5,7,1626,1706,3291,4216,4497,6058,6253,8745,9939,11087,13359,14921,13566,16846,4188,7243,0,2,386,412,916,1278,1185,1987,1518,2915,2354,3040,3194,3275,8116,10361,3860,6625,76787,47619,10849,3535,39884,243,14,19,13
2021-04-28T23:59:59+02:00,5,7,1501,1658,3116,4115,4262,5879,5897,8471,9351,10594,12482,13739,13410,16637,4179,7229,0,2,377,401,899,1265,1169,1958,1481,2871,2284,2970,3037,3139,8002,10245,3853,6614,72288,47193,10663,3120,39551,229,12,18,13
2021-04-27T23:59:59+02:00,5,7,1463,1614,3008,3995,4059,5736,5589,8214,8730,9924,11444,12427,13180,16280,4168,7207,0,2,365,385,889,1244,1154,1922,1454,2798,2237,2909,2998,3094,7974,10213,3846,6609,67477,46975,10476,2946,39068,147,12,17,13
2021-04-26T23:59:59+02:00,5,7,1439,1579,2897,3917,3887,5592,5277,8000,8238,9483,10688,11500,13036,16076,4157,7189,0,2,364,380,879,1233,1137,1911,1424,2777,2208,2878,2948,3042,7924,10163,3840,6604,64062,46871,10287,2692,38589,126,12,17,13
2021-04-25T23:59:59+02:00,5,7,1428,1573,2828,3885,3790,5532,5139,7953,8043,9377,10491,11265,12999,16022,4156,7184,0,2,363,375,870,1227,1119,1896,1409,2758,2184,2851,2906,3009,7876,10115,3839,6599,63552,46789,10084,2484,38012,100,12,17,13
2021-04-24T23:59:59+02:00,5,7,1427,1573,2828,3883,3789,5531,5137,7951,8039,9373,10484,11261,12999,16022,4156,7184,0,2,363,375,870,1226,1119,1893,1407,2757,2183,2851,2906,3009,7876,10115,3839,6599,63525,46783,10084,2483,38011,99,12,17,13
2021-04-23T23:59:59+02:00,5,7,1410,1562,2761,3849,3706,5501,5019,7903,7902,9313,10397,11147,12975,15981,4154,7180,0,2,362,375,869,1223,1119,1893,1406,2757,2183,2851,2905,3009,7875,10115,3839,6599,63387,46777,9804,2482,37552,98,12,17,13
2021-04-22T23:59:59+02:00,5,7,1367,1532,2653,3784,3545,5395,4785,7749,7549,9077,9822,10451,12708,15682,4148,7156,0,2,356,374,860,1214,1109,1880,1394,2730,2155,2830,2869,2976,7785,10005,3827,6582,61755,46361,9143,2473,36488,89,12,17,13
2021-04-21T23:59:59+02:00,5,7,1334,1495,2573,3704,3426,5293,4566,7569,7138,8749,8929,9418,12292,15104,4135,7114,0,2,351,372,855,1197,1100,1859,1376,2700,2124,2802,2809,2919,7669,9837,3809,6554,59014,45873,8274,2348,35534,89,12,17,13
2021-04-20T23:59:59+02:00,4,7,1311,1469,2501,3629,3326,5196,4392,7386,6753,8416,8037,8288,11826,14514,4121,7100,0,2,345,367,843,1184,1090,1837,1352,2677,2090,2759,2748,2862,7518,9648,3777,6499,56153,45149,7510,2342,34586,83,11,16,13
2021-04-19T23:59:59+02:00,4,7,1294,1452,2465,3592,3265,5129,4283,7283,6514,8183,7400,7512,11573,14158,4110,7082,0,2,343,365,838,1174,1084,1825,1329,2664,2056,2731,2693,2818,7401,9481,3754,6460,54198,44587,7136,2328,33945,79,11,16,13
2021-04-18T23:59:59+02:00,4,6,1284,1440,2432,3566,3225,5107,4230,7227,6378,8052,7046,7124,11479,14054,4107,7070,0,2,343,363,836,1170,1083,1817,1327,2651,2050,2726,2687,2804,7374,9448,3752,6456,53673,44461,6677,2325,33454,79,11,16,13
2021-04-17T23:59:59+02:00,4,6,1283,1438,2432,3564,3224,5103,4225,7224,6371,8042,7031,7114,11477,14052,4107,7070,0,2,343,363,835,1169,1083,1817,1325,2650,2049,2724,2684,2801,7373,9448,3752,6456,53651,44448,6675,2324,33415,79,11,15,12
2021-04-16T23:59:59+02:00,4,6,1280,1437,2421,3555,3216,5095,4206,7205,6320,8009,6954,7029,11465,14038,4105,7068,0,2,343,362,830,1167,1081,1817,1323,2649,2046,2724,2683,2794,7371,9446,3751,6456,53593,44423,6438,2320,33356,79,11,15,12
2021-04-15T23:59:59+02:00,2,4,1244,1417,2368,3506,3121,5036,4045,7077,6062,7776,6411,6471,11215,13749,4090,7036,0,2,336,360,811,1147,1042,1757,1278,2577,1972,2629,2603,2722,7282,9357,3741,6439,52505,43828,6048,2134,32051,73,11,15,9
2021-04-14T23:59:59+02:00,2,4,1223,1403,2332,3478,3052,4974,3937,6972,5872,7568,5767,5768,10821,13258,4058,6986,0,2,328,357,799,1138,1024,1730,1247,2536,1921,2577,2526,2652,7133,9162,3722,6413,51096,43164,5841,2011,30513,73,10,15,9
2021-04-13T23:59:59+02:00,2,4,1209,1392,2300,3447,2995,4910,3826,6891,5624,7347,5229,5220,10481,12844,4035,6958,0,2,307,343,780,1108,1002,1709,1223,2500,1883,2536,2460,2586,7014,9024,3686,6352,50071,42474,5637,1953,28981,70,10,15,8
2021-04-12T23:59:59+02:00,2,4,1194,1385,2273,3424,2944,4865,3698,6810,5415,7197,4901,4927,10229,12563,4026,6934,0,2,291,339,767,1104,985,1693,1209,2477,1833,2489,2382,2525,6899,8882,3672,6329,49603,41895,5437,1904,27729,63,8,14,8
2021-04-11T23:59:59+02:00,2,4,1188,1371,2252,3403,2911,4845,3637,6739,5271,7088,4669,4727,10044,12364,4020,6923,0,2,284,337,762,1096,976,1678,1198,2449,1810,2457,2328,2466,6815,8774,3658,6309,49516,41480,5200,1842,26723,62,7,12,8
2021-04-10T23:59:59+02:00,2,4,1188,1370,2249,3399,2908,4841,3631,6735,5261,7076,4663,4717,10036,12351,4020,6923,0,2,281,333,746,1089,962,1673,1174,2429,1738,2405,2240,2380,6756,8727,3656,6305,49461,41309,5198,1512,26697,61,6,12,8
2021-04-09T23:59:59+02:00,2,4,1184,1367,2242,3397,2899,4831,3622,6724,5232,7052,4638,4689,10010,12321,4019,6923,0,2,272,330,726,1079,946,1652,1140,2382,1645,2329,2020,2111,6601,8566,3634,6272,49384,40454,5193,1178,26561,61,6,12,8
2021-04-08T23:59:59+02:00,2,4,1160,1347,2189,3341,2813,4741,3480,6594,4995,6819,4246,4281,9463,11746,4000,6869,0,2,247,309,674,1019,888,1579,1067,2286,1510,2209,1742,1774,6134,8003,3546,6126,48918,37876,4663,1175,24491,50,6,12,8
2021-04-07T23:59:59+02:00,2,4,1150,1333,2155,3323,2771,4703,3391,6531,4831,6684,3953,3978,8900,11194,3983,6840,0,2,214,280,614,964,827,1506,1007,2226,1404,2110,1601,1598,5534,7300,3457,5969,48704,35381,4187,1171,22819,49,4,12,8
2021-04-06T23:59:59+02:00,2,4,1128,1315,2110,3297,2732,4670,3326,6484,4705,6590,3696,3723,8409,10684,3967,6809,0,2,206,275,585,944,802,1458,961,2168,1321,2023,1454,1409,4944,6505,3342,5763,48507,32943,3650,1163,21479,46,3,12,7
2021-04-05T23:59:59+02:00,2,4,1125,1310,2104,3294,2722,4668,3311,6469,4682,6572,3664,3696,8378,10646,3963,6807,0,2,203,263,578,928,783,1434,945,2131,1281,1984,1407,1346,4729,6236,3294,5706,48416,32033,3644,1161,21342,46,3,12,7
2021-04-04T23:59:59+02:00,2,4,1125,1310,2104,3293,2722,4667,3311,6469,4680,6571,3657,3692,8376,10644,3963,6807,0,2,203,263,577,928,783,1434,945,2131,1281,1983,1407,1346,4728,6236,3294,5706,48406,32030,3643,1161,21333,46,3,12,7
2021-04-03T23:59:59+02:00,2,4,1125,1310,2103,3293,2722,4667,3311,6469,4680,6571,3656,3690,8376,10643,3963,6807,0,2,203,263,577,927,783,1434,945,2131,1281,1983,1407,1346,4728,6236,3294,5706,48405,32029,3642,1161,21330,46,3,12,7
2021-04-02T23:59:59+02:00,2,4,1125,1310,2103,3291,2722,4666,3310,6465,4680,6569,3653,3686,8374,10642,3963,6807,0,2,203,263,577,927,783,1432,945,2131,1281,1982,1407,1344,4726,6234,3293,5706,48386,32020,3642,1160,21329,46,3,12,7
2021-04-01T23:59:59+02:00,1,4,1112,1275,2037,3171,2613,4466,3161,6215,4521,6330,3609,3649,8274,10535,3952,6790,0,2,198,254,573,918,772,1426,935,2117,1258,1966,1386,1317,4486,5915,3173,5539,48010,31030,3636,1156,20054,39,3,12,7
2021-03-31T23:59:59+02:00,1,4,1095,1246,1998,3073,2538,4323,3071,6003,4390,6100,3524,3566,8121,10339,3932,6754,0,2,190,251,566,907,768,1408,923,2097,1217,1933,1330,1254,3991,5310,3045,5303,47402,29293,3509,1156,19152,38,3,12,5
2021-03-30T23:59:59+02:00,1,3,1072,1213,1946,2890,2436,4099,2921,5645,4189,5711,3430,3471,7956,10134,3905,6700,0,2,186,246,557,897,757,1386,901,2077,1169,1888,1243,1169,3463,4589,2819,4965,46761,27121,3343,1156,17603,29,3,12,5
2021-03-29T23:59:59+02:00,1,3,1055,1170,1883,2760,2352,3942,2783,5391,4026,5436,3330,3371,7794,9904,3876,6652,0,2,185,241,551,886,746,1372,883,2053,1132,1860,1167,1081,2878,3906,2641,4670,46115,25078,3108,1150,16492,19,2,12,5
2021-03-28T23:59:59+02:00,1,3,1036,1138,1812,2597,2270,3738,2662,5096,3874,5159,3265,3305,7729,9841,3872,6647,0,2,185,241,549,883,745,1370,881,2047,1129,1857,1158,1069,2823,3839,2628,4643,46008,24881,2899,1148,15124,14,2,12,4
2021-03-27T23:59:59+01:00,1,3,1036,1138,1812,2596,2269,3737,2659,5096,3871,5159,3261,3304,7728,9841,3872,6647,0,2,185,241,548,883,745,1370,880,2047,1126,1857,1158,1069,2823,3839,2628,4643,45999,24876,2899,1148,15119,14,2,11,4
2021-03-26T23:59:59+01:00,1,3,1031,1114,1769,2481,2205,3579,2596,4885,3785,4935,3240,3288,7725,9836,3871,6646,0,2,185,240,548,883,744,1370,880,2047,1126,1854,1154,1068,2820,3832,2627,4640,45972,24854,2896,1148,14109,12,2,11,4
2021-03-25T23:59:59+01:00,1,3,1006,1083,1718,2379,2122,3410,2487,4656,3673,4737,3138,3196,7597,9702,3864,6632,0,2,183,238,543,881,737,1361,874,2029,1109,1830,1108,1024,2591,3484,2427,4347,45713,23603,2558,1148,13123,12,1,9,4
2021-03-24T23:59:59+01:00,1,3,983,1063,1697,2336,2091,3360,2451,4589,3630,4667,3051,3125,7468,9530,3845,6614,0,2,183,233,537,876,729,1350,862,2014,1090,1809,1068,981,2195,2935,2033,3824,45172,21558,2428,1146,12894,12,1,9,4
2021-03-23T23:59:59+01:00,1,3,972,1057,1679,2303,2067,3326,2417,4546,3589,4617,2984,3052,7374,9427,3827,6586,0,2,181,230,533,871,722,1338,848,1995,1053,1777,986,889,1829,2444,1681,3357,44657,19607,2417,1112,12744,12,1,8,4
2021-03-22T23:59:59+01:00,1,3,970,1048,1665,2286,2053,3308,2395,4517,3552,4575,2940,3018,7311,9357,3813,6569,0,2,178,227,531,860,706,1315,834,1981,1024,1750,937,817,1351,1868,1326,2864,44323,17499,2395,1055,12654,12,1,8,4
2021-03-21T23:59:59+01:00,1,3,970,1047,1664,2283,2053,3305,2391,4513,3540,4567,2926,3009,7264,9302,3806,6563,0,2,178,224,529,858,705,1311,832,1977,1013,1745,914,798,1273,1783,1270,2795,44174,17196,2391,994,12633,12,1,8,4
2021-03-20T23:59:59+01:00,1,3,969,1046,1663,2282,2053,3305,2391,4513,3538,4565,2925,3008,7264,9301,3806,6563,0,2,178,224,529,858,705,1311,832,1977,1000,1730,879,770,1241,1760,1261,2793,44171,17193,2387,840,12629,12,1,8,4
2021-03-19T23:59:59+01:00,1,3,968,1038,1656,2268,2042,3301,2388,4507,3531,4558,2915,2997,7252,9284,3805,6560,0,2,178,222,528,858,705,1309,832,1976,993,1725,835,731,1178,1708,1251,2782,44109,17149,2383,647,12573,12,1,8,4
2021-03-18T23:59:59+01:00,1,3,932,1006,1578,2154,1918,3132,2239,4258,3301,4309,2762,2839,6950,8919,3739,6459,0,2,177,221,523,853,698,1301,823,1965,970,1708,817,709,1101,1599,1106,2576,42713,16563,2072,569,11705,12,1,8,4
2021-03-17T23:59:59+01:00,1,3,879,974,1507,2094,1855,3066,2174,4198,3206,4214,2625,2704,6524,8425,3674,6344,0,2,176,219,519,848,696,1297,819,1960,965,1700,788,690,966,1446,950,2360,40936,15816,2069,568,11453,12,1,8,4
2021-03-16T23:59:59+01:00,1,3,854,950,1473,2052,1817,3016,2120,4143,3110,4116,2491,2545,6046,7773,3583,6193,0,0,170,216,515,847,692,1290,814,1951,957,1687,783,677,878,1320,806,2195,38934,15213,2007,568,11337,12,1,7,4
2021-03-15T23:59:59+01:00,1,3,837,944,1455,2028,1779,2960,2082,4072,3009,4007,2357,2374,5558,7228,3511,6076,0,0,169,215,515,839,690,1281,810,1941,947,1671,772,667,808,1208,650,1990,37159,14627,1906,530,11209,12,0,7,4
2021-03-14T23:59:59+01:00,1,3,832,929,1431,2001,1754,2931,2051,4013,2946,3938,2178,2177,5373,7001,3480,6043,0,0,169,215,514,836,688,1270,809,1934,944,1662,754,658,792,1189,626,1935,36134,14482,1805,506,11136,3,0,7,4
2021-03-13T23:59:59+01:00,1,3,824,921,1409,1989,1737,2918,2024,3985,2871,3890,2106,2103,5324,6946,3478,6042,0,0,169,215,514,835,688,1270,808,1934,944,1662,754,658,792,1189,626,1935,35878,14480,1557,506,11129,3,0,7,4
2021-03-12T23:59:59+01:00,1,3,800,905,1363,1931,1673,2820,1925,3834,2714,3723,1909,1864,5139,6721,3446,5999,0,0,169,215,513,835,688,1270,807,1934,944,1661,745,655,779,1174,618,1932,34547,14427,1314,505,10902,3,0,7,4
2021-03-11T23:59:59+01:00,1,3,766,846,1294,1846,1589,2671,1841,3633,2552,3550,1642,1554,4770,6249,3309,5816,0,0,160,208,507,826,677,1261,792,1898,924,1619,614,593,710,1131,598,1900,32429,13921,1213,492,10283,2,0,7,3
2021-03-10T23:59:59+01:00,1,3,751,794,1271,1790,1557,2613,1791,3562,2471,3461,1570,1465,4297,5704,3190,5562,0,0,160,206,498,805,659,1247,783,1878,917,1603,545,577,677,1122,591,1894,30608,13768,1207,389,10031,2,0,7,3
2021-03-09T23:59:59+01:00,1,3,737,773,1250,1760,1530,2567,1751,3511,2397,3409,1476,1367,3734,4948,2996,5252,0,0,157,204,492,784,649,1223,769,1846,905,1575,541,575,675,1117,588,1888,28418,13706,1204,277,9833,2,0,7,3
2021-03-08T23:59:59+01:00,0,3,733,745,1236,1739,1512,2546,1723,3472,2357,3366,1382,1265,3057,4116,2757,4881,0,0,153,201,478,761,627,1191,750,1796,881,1538,537,573,675,1116,588,1888,25945,13698,1204,52,9734,0,0,7,3
2021-03-07T23:59:59+01:00,0,3,730,741,1226,1729,1504,2530,1712,3464,2345,3358,1369,1249,2955,3994,2734,4832,0,0,153,201,478,761,627,1191,750,1796,881,1538,537,573,675,1116,588,1888,25592,13698,1202,52,9674,0,0,7,3
2021-03-06T23:59:59+01:00,0,3,729,741,1224,1724,1501,2527,1708,3461,2340,3357,1366,1249,2955,3994,2734,4832,0,0,152,201,478,761,627,1191,750,1796,881,1538,537,573,675,1116,588,1888,25587,13697,1202,52,9649,0,0,7,3
2021-03-05T23:59:59+01:00,0,3,668,717,1199,1709,1480,2517,1683,3446,2311,3347,1360,1246,2947,3987,2731,4827,0,0,152,201,478,760,627,1190,750,1796,881,1535,536,573,675,1116,588,1888,25559,13691,1197,52,9415,0,0,7,3
2021-03-04T23:59:59+01:00,0,3,602,670,1131,1639,1424,2434,1642,3365,2237,3269,1309,1198,2726,3621,2545,4539,0,0,150,195,475,746,616,1178,739,1768,872,1522,525,562,663,1106,583,1879,24328,13526,1189,50,8830,0,0,7,3
2021-03-03T23:59:59+01:00,0,3,565,630,1064,1576,1328,2353,1541,3279,2111,3182,1266,1151,2351,3098,2189,4087,0,0,150,195,473,743,616,1178,738,1764,869,1521,521,559,661,1103,583,1876,22450,13500,1187,48,8132,0,0,5,2
2021-03-02T23:59:59+01:00,0,3,547,596,1026,1530,1270,2309,1483,3227,2014,3120,1182,1048,1981,2620,1793,3563,0,0,148,193,468,737,611,1167,728,1754,864,1500,512,550,650,1080,563,1843,20367,13318,1184,48,7756,0,0,5,2
2021-03-01T23:59:59+01:00,0,3,540,547,1006,1491,1224,2248,1437,3163,1959,3047,1136,974,1482,2024,1405,3017,0,0,146,193,468,737,611,1166,728,1751,863,1500,510,550,646,1071,559,1832,18071,13281,1181,48,7446,0,0,5,2
2021-02-28T23:59:59+01:00,0,3,532,533,988,1451,1198,2186,1409,3105,1904,2974,1115,952,1367,1884,1331,2929,0,0,146,193,467,736,611,1166,727,1749,862,1499,508,550,646,1071,559,1832,17590,13272,1179,48,7087,0,0,5,2
2021-02-27T23:59:59+01:00,0,3,532,531,987,1448,1198,2185,1409,3104,1904,2973,1115,952,1367,1883,1329,2929,0,0,145,193,466,735,608,1164,725,1747,860,1498,508,550,646,1071,559,1832,17587,13271,1179,34,7078,0,0,5,2
2021-02-26T23:59:59+01:00,0,3,390,481,857,1404,1115,2142,1341,3063,1845,2930,1110,946,1364,1882,1329,2927,0,0,145,193,466,735,608,1164,725,1746,860,1497,508,550,646,1071,559,1832,17575,13270,1179,33,6370,0,0,5,2
2021-02-25T23:59:59+01:00,0,3,301,428,761,1309,1031,2051,1243,2890,1706,2767,1072,914,1282,1757,1209,2735,0,0,138,183,454,722,592,1138,718,1721,840,1473,494,536,618,1039,545,1813,16972,13000,1179,22,5303,0,0,5,2
2021-02-24T23:59:59+01:00,0,2,256,384,688,1233,957,1964,1189,2772,1640,2650,1045,894,1159,1611,1052,2516,0,0,136,183,451,718,588,1137,717,1716,839,1469,489,531,610,1034,542,1801,16259,12940,1177,19,4571,0,0,5,2
2021-02-23T23:59:59+01:00,0,2,244,362,667,1174,928,1885,1142,2660,1564,2539,1019,866,1078,1483,909,2352,0,0,136,181,451,717,588,1137,717,1713,837,1468,488,528,608,1033,542,1800,15697,12928,1142,15,4030,0,0,5,1
2021-02-22T23:59:59+01:00,0,0,230,343,644,1144,896,1802,1092,2568,1478,2416,973,836,959,1339,722,2095,0,0,136,181,450,716,586,1136,716,1713,831,1466,487,527,607,1031,541,1798,14942,12916,1069,5,3521,0,0,5,1
2021-02-21T23:59:59+01:00,0,0,224,332,608,1077,846,1696,1049,2467,1398,2309,956,815,926,1287,669,2029,0,0,136,180,447,709,585,1132,716,1708,831,1464,486,527,606,1031,540,1797,14732,12889,1026,5,2925,0,0,5,1
2021-02-20T23:59:59+01:00,0,0,224,329,605,1076,844,1691,1045,2461,1383,2290,920,786,893,1264,661,2027,0,0,136,180,447,709,585,1132,716,1708,831,1464,486,526,605,1031,540,1797,14730,12888,866,5,2898,0,0,5,0
2021-02-19T23:59:59+01:00,0,0,214,321,596,1068,831,1676,1024,2444,1350,2247,675,683,750,1200,636,2010,0,0,136,180,447,708,585,1129,715,1705,828,1461,486,525,605,1030,539,1797,14252,12872,677,4,2791,0,0,5,0
2021-02-18T23:59:59+01:00,0,0,198,272,557,946,746,1450,894,2186,1099,1872,596,615,709,1158,616,1993,0,0,131,180,434,696,570,1111,709,1679,812,1433,483,522,604,1029,539,1797,14093,12725,577,4,1233,0,0,4,0
2021-02-17T23:59:59+01:00,0,0,192,232,536,897,709,1354,835,2018,1014,1740,574,594,709,1155,614,1990,0,0,124,177,422,685,562,1095,690,1647,799,1410,480,520,602,1026,539,1796,14074,12571,577,3,508,0,0,4,0
2021-02-16T23:59:59+01:00,0,0,185,229,528,881,694,1323,816,1979,981,1700,562,589,703,1153,613,1987,0,0,119,172,408,680,551,1079,677,1629,789,1396,474,514,595,1012,531,1765,14043,12389,577,2,299,0,0,4,0
2021-02-15T23:59:59+01:00,0,0,171,220,523,854,688,1289,802,1944,952,1653,561,586,701,1153,613,1987,0,0,116,171,401,670,540,1060,648,1602,775,1378,472,511,595,1012,531,1765,14040,12245,538,2,115,0,0,4,0
2021-02-14T23:59:59+01:00,0,0,166,212,519,841,687,1280,799,1935,934,1645,560,585,701,1150,612,1987,0,0,109,167,390,659,523,1042,629,1587,768,1365,472,509,593,1010,531,1765,14034,12117,536,2,39,0,0,4,0
2021-02-13T23:59:59+01:00,0,0,165,212,518,841,687,1280,799,1935,934,1645,560,585,701,1150,612,1987,0,0,109,167,389,658,523,1042,629,1587,768,1365,472,509,593,1010,531,1765,14033,12115,536,2,38,0,0,4,0
2021-02-12T23:59:59+01:00,0,0,163,211,513,839,686,1277,795,1934,932,1642,559,585,701,1150,612,1987,0,0,106,165,386,652,518,1035,615,1572,765,1348,470,508,581,990,526,1736,14026,11971,535,2,21,0,0,4,0
2021-02-11T23:59:59+01:00,0,0,160,210,509,832,678,1273,793,1930,926,1640,554,579,694,1144,607,1981,0,0,87,129,357,582,471,955,563,1455,721,1254,446,463,537,936,482,1640,13975,11077,523,1,8,0,0,4,0
2021-02-10T23:59:59+01:00,0,0,157,208,499,815,661,1258,781,1902,911,1616,545,573,683,1131,602,1971,0,0,78,118,329,522,444,847,522,1278,647,1097,397,413,470,819,433,1478,13849,9891,459,1,1,0,0,4,0
2021-02-09T23:59:59+01:00,0,0,156,202,491,777,645,1219,761,1841,899,1575,533,561,677,1115,593,1952,0,0,73,101,310,454,409,762,479,1175,583,998,366,358,427,731,399,1357,13735,8982,259,0,0,0,0,3,0
2021-02-08T23:59:59+01:00,0,0,152,198,474,752,623,1184,741,1791,879,1531,527,560,675,1109,589,1936,0,0,59,75,265,386,359,629,421,945,510,818,308,303,361,577,334,1151,13665,7501,53,0,0,0,0,3,0
2021-02-07T23:59:59+01:00,0,0,152,197,472,751,621,1183,740,1783,877,1529,526,560,675,1109,589,1935,0,0,58,67,247,351,340,584,405,913,490,783,308,296,359,570,332,1147,13643,7250,53,0,0,0,0,3,0
2021-02-06T23:59:59+01:00,0,0,152,197,472,751,621,1183,740,1783,877,1529,526,560,675,1109,589,1935,0,0,58,67,247,350,340,584,405,912,488,781,308,295,358,568,331,1147,13643,7239,53,0,0,0,0,3,0
2021-02-05T23:59:59+01:00,0,0,152,197,472,751,621,1183,740,1783,877,1527,526,560,674,1109,589,1935,0,0,56,67,246,347,333,580,397,889,478,761,298,290,347,544,313,1107,13640,7053,53,0,0,0,0,3,0
2021-02-04T23:59:59+01:00,0,0,146,192,468,743,614,1175,736,1769,871,1518,519,553,653,1084,580,1917,0,0,42,51,213,312,291,484,355,748,384,615,233,219,262,378,232,819,13483,5638,52,0,0,0,0,3,0
2021-02-03T23:59:59+01:00,0,0,144,191,462,736,606,1166,732,1756,863,1502,507,545,638,1071,573,1909,0,0,34,32,157,221,238,352,265,570,309,466,182,172,185,282,179,612,13349,4256,49,0,0,0,0,3,0
2021-02-02T23:59:59+01:00,0,0,144,188,460,735,606,1166,729,1750,856,1498,506,543,634,1068,572,1905,0,0,25,26,138,174,193,281,221,434,257,375,142,132,138,210,142,483,13309,3371,49,0,0,0,0,2,0
2021-02-01T23:59:59+01:00,0,0,142,188,459,734,601,1163,728,1742,854,1493,504,541,629,1065,571,1898,0,0,21,19,102,128,139,190,155,301,168,259,90,94,93,133,76,258,13261,2226,49,0,0,0,0,2,0
2021-01-31T23:59:59+01:00,0,0,141,187,459,731,598,1162,728,1738,854,1492,502,540,628,1063,571,1897,0,0,14,15,69,88,97,125,118,224,141,203,85,87,89,125,74,244,13241,1798,49,0,0,0,0,1,0
2021-01-30T23:59:59+01:00,0,0,141,187,458,731,596,1160,727,1737,854,1492,502,540,627,1063,571,1897,0,0,14,15,69,88,97,123,116,220,138,200,84,86,89,119,68,234,13240,1760,42,0,0,0,0,1,0
2021-01-29T23:59:59+01:00,0,0,141,187,458,729,595,1157,725,1735,852,1491,502,540,627,1063,571,1897,0,0,12,15,57,82,80,119,98,209,115,188,79,79,87,115,67,233,13235,1635,34,0,0,0,0,1,0
2021-01-28T23:59:59+01:00,0,0,134,183,445,712,578,1130,719,1708,829,1462,495,534,624,1060,568,1894,0,0,7,3,14,20,25,46,31,96,47,87,46,50,56,85,49,176,13049,838,25,0,0,0,0,1,0
2021-01-27T23:59:59+01:00,0,0,127,180,433,702,570,1120,703,1673,822,1438,492,532,620,1055,568,1889,0,0,3,1,6,12,11,25,13,41,23,31,13,17,24,35,20,55,12900,330,23,0,0,0,0,1,0
2021-01-26T23:59:59+01:00,0,0,121,176,419,691,557,1106,694,1650,810,1417,487,526,614,1038,560,1854,0,0,3,1,6,11,8,23,11,38,17,28,13,15,23,33,20,54,12704,304,15,0,0,0,0,1,0
2021-01-25T23:59:59+01:00,0,0,118,174,410,679,546,1087,667,1622,792,1400,485,522,612,1037,560,1854,0,0,2,1,5,9,8,18,6,29,12,22,9,6,13,22,10,35,12559,207,5,0,0,0,0,1,0
2021-01-24T23:59:59+01:00,0,0,111,171,400,669,531,1069,650,1609,779,1388,484,519,611,1037,560,1854,0,0,2,0,3,6,8,6,4,8,5,9,1,2,11,15,6,21,12436,107,5,0,0,0,0,1,0
2021-01-23T23:59:59+01:00,0,0,111,171,400,668,531,1069,650,1609,779,1388,484,519,611,1037,560,1854,0,0,1,0,3,6,8,6,4,8,5,9,1,2,11,15,6,21,12435,106,5,0,0,0,0,1,0
2021-01-22T23:59:59+01:00,0,0,108,169,393,662,527,1062,636,1594,773,1370,484,514,600,1016,553,1825,0,0,1,0,3,6,8,6,4,8,5,9,1,2,11,15,6,21,12282,106,4,0,0,0,0,0,0
2021-01-21T23:59:59+01:00,0,0,97,161,378,645,504,1028,606,1544,751,1327,467,476,566,972,517,1757,0,0,1,0,3,6,8,6,4,8,5,9,1,2,11,15,6,21,11792,106,4,0,0,0,0,0,0
2021-01-20T23:59:59+01:00,0,0,79,120,343,556,460,887,549,1310,663,1140,405,417,481,829,454,1534,0,0,1,0,2,5,8,6,4,8,5,9,1,2,11,15,6,21,10223,104,4,0,0,0,0,0,0
2021-01-19T23:59:59+01:00,0,0,74,106,316,478,419,798,506,1198,611,1037,381,379,444,750,424,1438,0,0,1,0,1,3,7,5,4,7,5,9,1,0,8,10,5,18,9355,84,4,0,0,0,0,0,0
2021-01-18T23:59:59+01:00,0,0,60,76,270,391,364,650,430,966,519,840,313,311,374,596,358,1230,0,0,1,0,1,3,7,5,4,7,5,8,1,0,8,10,5,18,7746,83,2,0,0,0,0,0,0
2021-01-17T23:59:59+01:00,0,0,59,67,251,356,343,597,411,923,495,801,310,302,372,589,355,1222,0,0,0,0,0,0,0,1,0,0,0,0,0,0,0,0,0,0,7451,1,2,0,0,0,0,0,0
2021-01-16T23:59:59+01:00,0,0,59,67,251,355,343,597,411,922,493,799,310,301,370,585,354,1222,0,0,0,0,0,0,0,0,0,0,0,0,0,0,0,0,0,0,7437,0,2,0,0,0,0,0,0
2021-01-15T23:59:59+01:00,0,0,57,67,251,351,337,591,400,898,481,774,296,295,351,556,331,1180,0,0,0,0,0,0,0,0,0,0,0,0,0,0,0,0,0,0,7214,0,2,0,0,0,0,0,0
2021-01-14T23:59:59+01:00,0,0,44,54,237,326,312,516,366,773,393,629,233,221,261,380,238,847,0,0,0,0,0,0,0,0,0,0,0,0,0,0,0,0,0,0,5830,0,0,0,0,0,0,0,0
2021-01-13T23:59:59+01:00,0,0,38,43,212,269,272,415,300,618,322,503,178,178,189,289,192,655,0,0,0,0,0,0,0,0,0,0,0,0,0,0,0,0,0,0,4673,0,0,0,0,0,0,0,0
2021-01-12T23:59:59+01:00,0,0,33,41,207,254,257,381,276,537,290,457,141,136,143,221,150,514,0,0,0,0,0,0,0,0,0,0,0,0,0,0,0,0,0,0,4038,0,0,0,0,0,0,0,0
2021-01-11T23:59:59+01:00,0,0,28,37,197,233,239,328,229,449,240,382,110,106,107,144,88,320,0,0,0,0,0,0,0,0,0,0,0,0,0,0,0,0,0,0,3237,0,0,0,0,0,0,0,0
2021-01-10T23:59:59+01:00,0,0,26,31,159,172,196,253,191,353,198,305,98,99,104,139,86,305,0,0,0,0,0,0,0,0,0,0,0,0,0,0,0,0,0,0,2715,0,0,0,0,0,0,0,0
2021-01-09T23:59:59+01:00,0,0,26,31,152,168,194,245,187,345,196,300,98,99,104,139,86,305,0,0,0,0,0,0,0,0,0,0,0,0,0,0,0,0,0,0,2675,0,0,0,0,0,0,0,0
2021-01-08T23:59:59+01:00,0,0,23,28,121,144,173,232,162,316,168,279,93,89,102,135,85,304,0,0,0,0,0,0,0,0,0,0,0,0,0,0,0,0,0,0,2454,0,0,0,0,0,0,0,0
2021-01-07T23:59:59+01:00,0,0,8,3,18,26,32,57,37,108,61,111,48,51,63,93,54,212,0,0,0,0,0,0,0,0,0,0,0,0,0,0,0,0,0,0,982,0,0,0,0,0,0,0,0
2021-01-06T23:59:59+01:00,0,0,3,1,7,13,11,25,14,41,21,32,14,14,27,39,23,65,0,0,0,0,0,0,0,0,0,0,0,0,0,0,0,0,0,0,350,0,0,0,0,0,0,0,0
2021-01-05T23:59:59+01:00,0,0,3,1,6,10,10,21,11,33,15,27,11,14,23,34,21,57,0,0,0,0,0,0,0,0,0,0,0,0,0,0,0,0,0,0,297,0,0,0,0,0,0,0,0
2021-01-04T23:59:59+01:00,0,0,2,1,4,7,9,13,4,17,8,17,5,3,12,20,8,31,0,0,0,0,0,0,0,0,0,0,0,0,0,0,0,0,0,0,161,0,0,0,0,0,0,0,0
2021-01-03T23:59:59+01:00,0,0,2,0,3,6,8,7,4,9,5,10,1,2,12,16,7,21,0,0,0,0,0,0,0,0,0,0,0,0,0,0,0,0,0,0,113,0,0,0,0,0,0,0,0
2021-01-02T23:59:59+01:00,0,0,2,0,3,6,8,7,4,9,5,10,1,2,12,16,7,21,0,0,0,0,0,0,0,0,0,0,0,0,0,0,0,0,0,0,113,0,0,0,0,0,0,0,0
2021-01-01T23:59:59+01:00,0,0,1,0,3,6,8,6,4,9,5,10,1,2,12,15,7,21,0,0,0,0,0,0,0,0,0,0,0,0,0,0,0,0,0,0,110,0,0,0,0,0,0,0,0
2020-12-31T23:59:59+01:00,0,0,1,0,3,5,8,6,4,9,5,10,1,2,12,15,7,21,0,0,0,0,0,0,0,0,0,0,0,0,0,0,0,0,0,0,109,0,0,0,0,0,0,0,0
2020-12-30T23:59:59+01:00,0,0,1,0,2,5,8,6,4,9,5,10,1,2,12,15,7,21,0,0,0,0,0,0,0,0,0,0,0,0,0,0,0,0,0,0,108,0,0,0,0,0,0,0,0
2020-12-29T23:59:59+01:00,0,0,1,0,1,3,8,5,4,8,5,10,1,0,9,10,6,18,0,0,0,0,0,0,0,0,0,0,0,0,0,0,0,0,0,0,89,0,0,0,0,0,0,0,0
2020-12-28T23:59:59+01:00,0,0,1,0,1,3,8,5,4,8,5,9,1,0,9,10,6,18,0,0,0,0,0,0,0,0,0,0,0,0,0,0,0,0,0,0,88,0,0,0,0,0,0,0,0
2020-12-27T23:59:59+01:00,0,0,1,0,1,3,8,4,4,8,5,9,1,0,9,10,6,18,0,0,0,0,0,0,0,0,0,0,0,0,0,0,0,0,0,0,87,0,0,0,0,0,0,0,0
