Datum,<15_m,<15_w,15-24_1_m,15-24_1_w,25-34_1_m,25-34_1_w,35-44_1_m,35-44_1_w,45-54_1_m,45-54_1_w,55-64_1_m,55-64_1_w,65-74_1_m,65-74_1_w,75-84_1_m,75-84_1_w,>84_1_m,>84_1_w,<24_2_m,<24_2_w,25-34_2_m,25-34_2_w,35-44_2_m,35-44_2_w,45-54_2_m,45-54_2_w,55-64_2_m,55-64_2_w,65-74_2_m,65-74_2_w,75-84_2_m,75-84_2_w,>84_2_m,>84_2_w,bp_1,bp_2,mo_1,mo_2,az_1,az_2,ja,unb_1,unb_2
2021-08-13T23:59:59+02:00,1188,1077,14538,13463,20173,18598,22458,22081,26261,26952,29605,30594,21049,24073,15090,18996,4290,7478,12408,11632,18475,16933,20916,20458,24784,25319,28231,29168,20330,23232,14620,18297,4154,7219,218326,203847,32049,29516,55022,51674,12541,26,27
2021-08-12T23:59:59+02:00,1168,1057,14480,13412,20134,18559,22434,22050,26237,26926,29575,30573,21038,24055,15087,18990,4290,7473,12238,11492,18337,16828,20823,20371,24706,25237,28166,29114,20309,23201,14608,18285,4151,7213,218026,203078,32038,29325,55022,51603,12426,26,27
2021-08-11T23:59:59+02:00,1152,1035,14414,13352,20098,18510,22392,22010,26208,26902,29547,30537,21026,24038,15084,18979,4288,7469,12103,11354,18259,16742,20744,20301,24656,25167,28124,29054,20278,23175,14602,18275,4149,7208,217650,202204,31966,29320,55022,51598,12377,26,27
2021-08-10T23:59:59+02:00,1137,1018,14339,13282,20049,18468,22364,21970,26180,26874,29517,30510,21016,24030,15084,18971,4287,7467,12001,11246,18169,16675,20686,20240,24605,25113,28083,29004,20255,23147,14588,18257,4148,7202,217237,201472,31937,29300,55022,51573,12341,26,27
2021-08-09T23:59:59+02:00,1119,1000,14255,13222,19969,18414,22317,21922,26127,26831,29482,30477,20998,24013,15078,18962,4282,7465,11820,11090,18003,16580,20568,20160,24512,25018,28004,28930,20219,23108,14574,18245,4145,7193,216794,200507,31919,29191,55021,51480,12173,26,27
2021-08-08T23:59:59+02:00,1106,993,14214,13186,19950,18380,22291,21902,26112,26812,29467,30463,20991,24007,15075,18958,4281,7464,11738,11004,17917,16500,20504,20105,24448,24973,27958,28886,20197,23085,14562,18234,4145,7189,216575,199860,31887,29117,55020,51461,12144,26,27
2021-08-07T23:59:59+02:00,1106,993,14199,13180,19940,18375,22284,21897,26100,26798,29454,30451,20989,24003,15071,18953,4280,7464,11724,10999,17901,16495,20498,20099,24435,24958,27942,28874,20195,23081,14558,18229,4144,7189,216570,199847,31887,29116,55020,51461,12034,26,27
2021-08-06T23:59:59+02:00,1106,992,14188,13168,19928,18357,22270,21883,26078,26789,29442,30440,20986,23999,15068,18950,4280,7464,11711,10985,17881,16476,20483,20084,24413,24949,27930,28863,20192,23077,14555,18227,4144,7189,216563,199824,31883,29116,55020,51460,11896,26,27
2021-08-05T23:59:59+02:00,1095,976,14121,13132,19883,18326,22227,21844,26044,26736,29416,30417,20976,23985,15062,18942,4278,7461,11550,10882,17777,16382,20380,19992,24312,24861,27864,28816,20168,23053,14545,18217,4142,7187,216281,199085,31845,29025,55019,51341,11750,26,27
2021-08-04T23:59:59+02:00,1081,960,14059,13063,19782,18247,22164,21787,26008,26696,29367,30371,20953,23967,15052,18930,4278,7458,11363,10712,17550,16247,20207,19866,24197,24738,27757,28720,20141,23020,14532,18205,4139,7185,216026,198050,31689,28970,55019,51098,11463,26,27
2021-08-03T23:59:59+02:00,1057,942,13989,13004,19748,18200,22130,21748,25975,26655,29338,30344,20939,23944,15042,18917,4275,7448,11180,10540,17379,16123,20070,19737,24052,24617,27642,28618,20100,22975,14514,18174,4137,7179,215657,196628,31660,28937,55019,51043,11333,26,27
2021-08-02T23:59:59+02:00,1033,922,13902,12937,19693,18145,22079,21708,25922,26595,29286,30294,20908,23914,15033,18897,4272,7446,11012,10372,17211,15999,19928,19626,23937,24502,27556,28517,20053,22922,14495,18155,4134,7169,215186,195443,31629,28900,55019,50967,11126,26,27
2021-08-01T23:59:59+02:00,1023,907,13842,12888,19656,18128,22060,21688,25897,26575,29267,30277,20899,23902,15029,18890,4272,7445,10870,10230,17055,15891,19781,19518,23794,24397,27451,28439,20039,22898,14487,18142,4134,7165,214954,194563,31573,28818,55019,50618,11073,26,27
2021-07-31T23:59:59+02:00,1023,907,13816,12879,19639,18121,22043,21678,25885,26564,29259,30266,20897,23897,15028,18889,4271,7445,10843,10218,17035,15878,19763,19506,23782,24385,27443,28428,20037,22893,14486,18141,4133,7165,214951,194543,31573,28818,55019,50618,10938,26,27
2021-07-30T23:59:59+02:00,1015,898,13757,12835,19594,18100,22014,21659,25856,26542,29232,30248,20890,23889,15022,18887,4269,7444,10756,10146,16970,15836,19704,19471,23715,24344,27395,28404,20022,22871,14477,18137,4130,7163,214775,194154,31572,28818,55019,50552,10759,26,27
2021-07-29T23:59:59+02:00,993,884,13655,12761,19536,18042,21946,21617,25812,26489,29186,30215,20872,23880,15015,18880,4269,7442,10492,9893,16680,15598,19414,19262,23420,24119,27149,28245,19967,22817,14465,18117,4130,7162,214366,192433,31501,28707,55019,49865,10582,26,27
2021-07-28T23:59:59+02:00,966,857,13524,12633,19415,17938,21864,21536,25732,26408,29110,30146,20851,23844,15002,18868,4267,7440,10201,9691,16421,15412,19156,19075,23191,23930,26993,28100,19918,22744,14446,18095,4127,7157,213730,191101,31468,28624,55015,49355,10162,26,27
2021-07-27T23:59:59+02:00,935,836,13411,12544,19361,17882,21808,21491,25680,26355,29078,30107,20839,23826,14999,18850,4266,7434,9951,9483,16177,15194,18938,18900,23011,23762,26838,27966,19879,22693,14426,18070,4121,7148,213142,189446,31415,28467,55015,49023,10104,26,27
2021-07-26T23:59:59+02:00,910,818,13311,12450,19309,17825,21735,21427,25632,26322,29024,30048,20811,23803,14981,18831,4266,7430,9714,9234,15944,14992,18691,18700,22785,23595,26686,27836,19808,22633,14399,18034,4116,7142,212547,187698,31344,28368,55014,48648,10002,26,27
2021-07-25T23:59:59+02:00,891,807,13236,12381,19231,17779,21678,21376,25592,26274,28988,30003,20795,23787,14975,18825,4263,7429,9528,9093,15743,14845,18491,18560,22616,23485,26537,27716,19758,22585,14384,18021,4113,7139,212254,186800,31284,28216,55014,48230,9732,26,27
2021-07-24T23:59:59+02:00,891,807,13227,12372,19221,17773,21669,21371,25577,26267,28983,29997,20791,23786,14974,18824,4263,7429,9519,9080,15734,14837,18480,18554,22599,23476,26531,27708,19755,22582,14383,18020,4113,7138,212250,186782,31284,28213,55014,48230,9648,26,27
2021-07-23T23:59:59+02:00,883,806,13164,12336,19143,17741,21632,21338,25540,26228,28950,29961,20777,23770,14966,18820,4261,7426,9471,9052,15652,14793,18428,18515,22546,23435,26487,27669,19740,22566,14376,18014,4111,7135,212126,186622,31283,28209,55014,48229,9293,26,27
2021-07-22T23:59:59+02:00,871,793,13066,12256,19087,17674,21584,21309,25490,26181,28926,29939,20765,23752,14964,18814,4258,7424,9154,8780,15251,14547,18065,18259,22214,23192,26282,27535,19683,22510,14363,17992,4108,7130,211663,184798,31197,27957,55010,47319,9257,26,27
2021-07-21T23:59:59+02:00,849,766,12865,12089,18939,17549,21452,21210,25383,26079,28851,29869,20723,23717,14947,18791,4254,7419,8771,8459,14815,14218,17689,17988,21859,22864,26011,27326,19590,22422,14338,17955,4105,7121,211045,182896,31087,27606,55005,46662,8589,26,27
2021-07-20T23:59:59+02:00,819,742,12721,11956,18835,17466,21383,21133,25323,26015,28815,29818,20698,23685,14939,18775,4251,7416,8441,8152,14353,13883,17306,17715,21559,22634,25768,27141,19508,22313,14309,17920,4103,7115,210380,180752,30978,27446,55003,45785,8403,26,26
2021-07-19T23:59:59+02:00,790,714,12601,11842,18743,17395,21324,21073,25268,25962,28765,29781,20673,23657,14929,18761,4247,7410,8112,7893,13988,13629,16959,17466,21236,22433,25542,26999,19439,22238,14287,17898,4097,7109,209667,178717,30874,27281,55003,45077,8365,26,26
2021-07-18T23:59:59+02:00,772,695,12491,11738,18640,17320,21261,21021,25214,25912,28728,29727,20651,23637,14918,18750,4245,7408,7943,7740,13832,13511,16807,17343,21075,22321,25413,26920,19399,22198,14272,17882,4097,7106,209101,177784,30724,27177,55003,44715,8274,26,26
2021-07-17T23:59:59+02:00,772,695,12487,11738,18639,17317,21261,21021,25214,25912,28728,29727,20651,23637,14918,18750,4245,7408,7935,7739,13828,13506,16806,17342,21074,22320,25412,26918,19398,22198,14272,17882,4097,7106,209097,177764,30724,27176,55003,44714,8270,26,26
2021-07-16T23:59:59+02:00,765,690,12413,11682,18602,17286,21224,20994,25181,25889,28702,29708,20649,23634,14918,18748,4245,7408,7786,7637,13675,13433,16663,17284,20936,22262,25305,26870,19380,22179,14271,17876,4097,7103,208889,177318,30724,27104,55002,44322,8097,26,26
2021-07-15T23:59:59+02:00,750,670,12342,11611,18540,17228,21170,20944,25133,25850,28674,29680,20634,23616,14913,18739,4244,7405,7443,7319,13069,13030,15995,16862,20301,21893,24853,26558,19234,22038,14228,17830,4094,7096,208411,175092,30638,26209,54996,42549,8072,26,26
2021-07-14T23:59:59+02:00,721,650,12135,11478,18373,17122,21051,20849,25032,25750,28587,29582,20600,23583,14894,18723,4241,7402,7026,6956,12409,12572,15308,16380,19668,21436,24390,26215,19016,21812,14196,17782,4086,7085,207606,172258,30491,25877,54995,40606,7655,26,26
2021-07-13T23:59:59+02:00,677,616,11996,11348,18252,17041,20938,20751,24937,25655,28517,29517,20571,23544,14874,18713,4239,7392,6561,6522,11776,12076,14619,15872,19066,21022,23952,25890,18837,21597,14152,17719,4082,7076,206594,168600,30352,25704,54985,38936,7621,26,22
2021-07-12T23:59:59+02:00,644,585,11873,11210,18136,16951,20847,20643,24835,25557,28435,29451,20544,23510,14866,18701,4234,7385,6145,6106,11178,11542,14000,15332,18513,20530,23536,25527,18643,21407,14088,17661,4073,7072,205579,164928,30222,24878,54982,37981,7598,26,22
2021-07-11T23:59:59+02:00,608,558,11759,11118,18069,16889,20791,20586,24781,25511,28379,29403,20525,23490,14857,18692,4234,7384,5950,5937,10919,11340,13769,15133,18269,20341,23327,25342,18571,21327,14061,17635,4072,7066,204949,163542,30101,24407,54980,37556,7585,19,19
2021-07-10T23:59:59+02:00,607,558,11752,11117,18065,16887,20788,20586,24778,25510,28378,29403,20525,23490,14856,18690,4234,7384,5943,5936,10917,11334,13760,15129,18268,20339,23325,25340,18569,21326,14060,17635,4072,7066,204930,163516,30100,24406,54980,37549,7579,19,19
2021-07-09T23:59:59+02:00,579,535,11641,10995,17990,16803,20719,20524,24705,25434,28329,29358,20502,23470,14853,18681,4234,7383,5909,5906,10888,11301,13710,15107,18237,20306,23306,25317,18564,21316,14058,17632,4072,7065,204065,163281,30100,24356,54980,37516,7571,19,19
2021-07-08T23:59:59+02:00,544,510,11480,10861,17869,16701,20590,20427,24599,25308,28212,29281,20458,23420,14837,18653,4231,7375,5556,5648,10380,10908,13090,14654,17578,19750,22701,24855,18255,20932,13962,17549,4067,7055,203314,160980,30075,23550,54957,35443,6991,19,19
2021-07-07T23:59:59+02:00,484,457,11315,10719,17789,16616,20521,20358,24525,25230,28150,29217,20430,23385,14832,18641,4229,7367,5244,5355,9856,10459,12513,14177,16899,19232,22137,24357,17943,20568,13860,17452,4060,7032,202313,158526,30053,22089,54938,33604,6942,19,19
2021-07-06T23:59:59+02:00,444,423,11191,10570,17675,16522,20430,20257,24447,25139,28060,29138,20404,23347,14823,18624,4227,7364,4860,4935,9257,9948,11808,13580,16199,18624,21626,23863,17626,20264,13761,17339,4051,7022,201185,154408,30047,21144,54930,32311,6904,19,19
2021-07-05T23:59:59+02:00,422,396,11099,10484,17589,16452,20350,20186,24386,25087,28019,29100,20380,23326,14812,18616,4226,7361,4569,4617,8762,9497,11246,13027,15491,17982,21006,23256,17232,19870,13630,17183,4043,7014,200452,150519,30043,20468,54921,30582,6856,19,19
2021-07-04T23:59:59+02:00,409,390,11023,10429,17522,16399,20301,20137,24355,25051,28003,29082,20371,23315,14806,18613,4225,7360,4424,4524,8632,9331,11055,12851,15252,17772,20741,22984,16960,19578,13571,17092,4039,7010,199970,149209,30039,20161,54921,29604,6842,19,19
2021-07-03T23:59:59+02:00,408,389,11016,10420,17512,16391,20299,20134,24353,25050,28000,29081,20371,23314,14806,18613,4225,7359,4420,4518,8625,9330,11052,12851,15248,17772,20738,22981,16960,19575,13571,17092,4039,7010,199938,149197,30038,20161,54921,29599,6825,19,19
2021-07-02T23:59:59+02:00,364,326,10869,10310,17399,16289,20197,20059,24280,24985,27938,29021,20345,23288,14800,18599,4225,7356,4331,4437,8466,9190,10917,12741,15125,17665,20626,22877,16919,19546,13564,17077,4039,7007,199053,148206,30038,20160,54921,29542,6619,19,19
2021-07-01T23:59:59+02:00,317,282,10734,10173,17270,16196,20074,19969,24196,24909,27875,28970,20325,23264,14784,18584,4222,7352,4127,4235,8168,8852,10548,12329,14558,17169,20117,22335,16631,19247,13356,16864,4029,6985,197976,145149,29979,19475,54915,28317,6607,19,19
2021-06-30T23:59:59+02:00,235,220,10480,9935,17102,16047,19942,19837,24082,24787,27795,28881,20302,23232,14765,18566,4221,7351,3931,4038,7865,8512,10136,11866,14070,16610,19543,21702,16309,18909,13084,16588,4016,6959,196338,141470,29923,19219,54907,26853,6593,19,19
2021-06-29T23:59:59+02:00,190,183,10334,9759,16967,15950,19838,19745,24014,24712,27737,28811,20276,23205,14751,18546,4221,7347,3727,3777,7467,8063,9662,11330,13417,15944,18929,20998,15992,18583,12838,16298,4009,6945,195185,137188,29919,18921,54903,25305,6561,18,19
2021-06-28T23:59:59+02:00,140,131,10136,9576,16846,15843,19736,19644,23921,24618,27669,28750,20246,23175,14737,18527,4219,7345,3523,3519,7067,7622,9228,10837,12867,15406,18434,20483,15742,18318,12719,16166,4003,6934,194009,133361,29805,18496,54900,24478,6527,18,19
2021-06-27T23:59:59+02:00,122,114,9998,9464,16790,15785,19676,19593,23863,24568,27642,28726,20233,23159,14734,18523,4218,7342,3431,3451,6891,7429,9040,10636,12637,15166,18172,20223,15622,18214,12654,16081,4003,6930,193381,132171,29748,18148,54894,23746,6509,18,19
2021-06-26T23:59:59+02:00,122,114,9996,9459,16789,15781,19674,19592,23860,24567,27642,28726,20233,23159,14734,18523,4218,7342,3428,3451,6889,7428,9037,10634,12635,15163,18170,20222,15619,18213,12654,16080,4003,6930,193363,132151,29747,18148,54894,23742,6509,18,19
2021-06-25T23:59:59+02:00,118,111,9950,9418,16752,15749,19641,19563,23824,24539,27618,28708,20227,23152,14732,18520,4218,7342,3409,3405,6815,7317,8941,10479,12521,14967,18027,20015,15597,18184,12646,16077,4002,6929,193048,131972,29713,17796,54894,23048,6509,18,19
2021-06-24T23:59:59+02:00,108,100,9823,9292,16565,15626,19509,19441,23702,24450,27561,28648,20213,23136,14725,18511,4217,7340,3283,3258,6602,6989,8630,10023,11990,14346,17472,19310,15372,17955,12501,15948,3999,6917,192216,129579,29369,16938,54893,21600,6471,18,19
2021-06-23T23:59:59+02:00,102,94,9694,9154,16425,15500,19392,19335,23605,24345,27496,28601,20198,23114,14721,18506,4214,7339,3078,3017,6249,6503,8129,9457,11291,13525,16710,18329,15076,17613,12350,15805,3989,6892,191297,125031,29202,15967,54882,20572,6436,18,19
2021-06-22T23:59:59+02:00,71,68,9404,8848,16197,15299,19206,19187,23461,24219,27425,28516,20175,23089,14713,18487,4210,7333,2843,2728,5765,5956,7507,8696,10383,12487,15684,17128,14780,17254,12243,15681,3976,6869,189615,118601,28995,15477,54878,19497,6404,16,13
2021-06-21T23:59:59+02:00,67,61,9276,8685,16024,15153,19018,19033,23330,24096,27364,28437,20151,23061,14707,18477,4210,7329,2698,2535,5382,5489,7041,8110,9652,11608,14953,16194,14502,16941,12137,15560,3971,6853,188417,113888,28770,14918,54874,18417,6402,16,13
2021-06-20T23:59:59+02:00,64,60,9141,8553,15887,15037,18908,18942,23256,24025,27324,28386,20140,23041,14696,18470,4207,7328,2640,2466,5214,5306,6827,7844,9344,11277,14590,15793,14368,16808,12097,15523,3966,6848,187528,112191,28649,14694,54874,17627,6398,16,13
2021-06-19T23:59:59+02:00,64,60,9141,8551,15886,15031,18906,18942,23255,24025,27324,28385,20140,23041,14696,18470,4207,7328,2637,2465,5213,5302,6826,7844,9344,11276,14588,15789,14366,16808,12097,15523,3966,6848,187517,112175,28647,14692,54874,17626,6398,16,13
2021-06-18T23:59:59+02:00,64,56,9113,8539,15873,15022,18891,18934,23248,24016,27317,28380,20140,23038,14695,18470,4207,7328,2608,2431,5158,5243,6748,7744,9245,11120,14416,15561,14287,16707,12087,15502,3964,6845,187398,111390,28646,14691,54873,17186,6398,16,13
2021-06-17T23:59:59+02:00,57,53,8938,8377,15639,14854,18693,18778,23092,23885,27181,28288,20116,23016,14688,18458,4205,7325,2471,2278,4831,4944,6361,7341,8695,10514,13585,14690,14050,16416,12014,15381,3960,6833,186072,108522,28641,13732,54865,16060,6049,16,13
2021-06-16T23:59:59+02:00,49,51,8707,8162,15403,14629,18482,18578,22902,23718,27075,28178,20087,22973,14674,18438,4201,7319,2357,2170,4589,4742,6008,6995,8170,10028,12869,13851,13700,16033,11929,15292,3955,6821,184285,105075,28542,12932,54862,15580,5921,16,13
2021-06-15T23:59:59+02:00,40,38,8358,7823,15023,14271,18161,18287,22653,23505,26916,28044,20057,22939,14661,18422,4199,7308,2173,2003,4237,4388,5500,6431,7289,9142,11676,12577,13160,15418,11807,15129,3940,6798,181676,98838,28506,12269,54861,14914,5646,16,13
2021-06-14T23:59:59+02:00,34,33,8177,7655,14767,14040,17958,18114,22502,23385,26804,27963,20036,22906,14648,18414,4195,7300,2058,1878,3983,4142,5113,5960,6633,8420,10750,11523,12844,15071,11735,15035,3930,6779,180096,94004,28482,11907,54859,14462,5478,16,13
2021-06-13T23:59:59+02:00,34,33,8100,7600,14687,13955,17843,18003,22421,23305,26774,27933,20023,22895,14644,18408,4195,7300,2010,1850,3902,4044,4993,5820,6402,8177,10456,11189,12687,14893,11677,14979,3929,6778,179342,92616,28473,11615,54855,14084,5467,16,12
2021-06-12T23:59:59+02:00,34,33,8099,7599,14686,13955,17843,18003,22419,23304,26773,27930,20023,22894,14644,18408,4195,7300,2009,1848,3901,4044,4991,5819,6399,8174,10453,11183,12684,14892,11677,14977,3929,6778,179331,92597,28473,11615,54855,14075,5467,16,12
2021-06-11T23:59:59+02:00,34,32,8033,7558,14597,13907,17768,17953,22349,23270,26729,27907,20021,22890,14644,18407,4195,7300,1993,1839,3865,3986,4949,5752,6338,8092,10354,11078,12645,14857,11666,14971,3929,6778,178994,92383,28395,11609,54854,13761,5335,16,12
2021-06-10T23:59:59+02:00,29,25,7691,7259,14202,13543,17339,17577,22019,22989,26535,27727,19977,22845,14631,18390,4192,7288,1888,1756,3649,3824,4676,5482,6019,7724,9739,10466,12130,14198,11598,14863,3921,6771,176396,89227,27900,11229,54844,13141,5102,16,11
2021-06-09T23:59:59+02:00,28,22,7321,6908,13735,13101,16821,17109,21628,22620,26321,27514,19904,22774,14613,18355,4189,7280,1718,1642,3449,3648,4422,5214,5635,7319,8967,9753,11466,13368,11479,14723,3911,6759,173138,84993,27351,10593,54831,12975,4907,16,11
2021-06-08T23:59:59+02:00,23,18,6943,6500,13221,12618,16352,16641,21270,22282,26105,27312,19846,22696,14583,18320,4186,7273,1626,1566,3226,3419,4104,4861,5128,6831,8081,8833,10583,12291,11338,14566,3907,6744,169724,79342,26863,10297,54822,12697,4764,16,10
2021-06-07T23:59:59+02:00,20,15,6663,6208,12793,12243,15951,16242,20943,21985,25943,27156,19810,22643,14562,18301,4179,7267,1564,1494,3037,3246,3826,4633,4728,6455,7369,8082,9674,11146,11228,14420,3896,6726,167160,74603,26436,9926,54802,12481,4510,16,10
2021-06-06T23:59:59+02:00,20,15,6521,6075,12650,12092,15788,16082,20778,21822,25857,27069,19790,22606,14551,18291,4178,7263,1549,1471,2964,3205,3731,4569,4622,6374,7227,7953,9417,10878,11182,14370,3893,6721,165928,73922,26332,9501,54781,12308,4391,16,10
2021-06-05T23:59:59+02:00,20,15,6512,6072,12641,12080,15779,16075,20776,21820,25857,27067,19790,22606,14551,18291,4178,7263,1547,1469,2961,3204,3730,4568,4619,6374,7223,7948,9411,10874,11182,14370,3893,6721,165873,73895,26332,9500,54781,12304,4391,16,10
2021-06-04T23:59:59+02:00,20,15,6481,6032,12583,12029,15719,16027,20748,21788,25840,27050,19786,22600,14548,18291,4178,7263,1546,1464,2948,3194,3711,4554,4609,6360,7188,7905,9379,10804,11144,14329,3892,6720,165778,73621,26072,9488,54759,12261,4373,16,10
2021-06-03T23:59:59+02:00,20,14,6247,5808,12284,11781,15397,15714,20415,21449,25585,26837,19740,22526,14528,18271,4177,7259,1504,1419,2876,3129,3614,4477,4497,6261,6987,7724,9003,10358,11092,14256,3892,6715,163294,72324,25825,9192,54758,12124,4159,16,10
2021-06-02T23:59:59+02:00,20,14,6186,5748,12218,11715,15323,15647,20343,21388,25568,26813,19735,22523,14525,18268,4176,7258,1490,1409,2860,3116,3598,4463,4463,6244,6954,7686,8924,10248,11083,14231,3891,6714,162950,71963,25639,9186,54757,12115,4106,16,9
2021-06-01T23:59:59+02:00,16,14,5728,5250,11475,11016,14497,14915,19625,20720,25158,26428,19644,22433,14491,18221,4168,7250,1377,1301,2560,2848,3220,4127,3975,5784,6127,6884,7737,8628,10839,13885,3877,6697,157900,66567,24984,8280,54729,11596,3420,16,8
2021-05-31T23:59:59+02:00,14,14,5479,4949,11030,10591,13968,14421,19146,20222,24852,26088,19550,22348,14452,18175,4159,7234,1317,1247,2407,2716,3019,3957,3699,5494,5573,6354,6736,7364,10598,13566,3868,6663,154422,62541,24293,7405,54725,11393,3236,16,8
2021-05-30T23:59:59+02:00,14,14,5399,4872,10847,10466,13804,14242,18799,19903,24609,25841,19519,22318,14444,18155,4158,7232,1296,1234,2382,2686,2972,3911,3631,5439,5470,6265,6565,7134,10561,13492,3866,6653,152928,61811,23791,7344,54698,11196,3203,16,8
2021-05-29T23:59:59+02:00,14,14,5397,4872,10847,10462,13800,14239,18799,19902,24608,25839,19519,22318,14444,18155,4158,7232,1295,1231,2381,2685,2970,3908,3631,5437,5469,6263,6560,7130,10561,13492,3866,6653,152912,61801,23791,7341,54697,11184,3203,16,8
2021-05-28T23:59:59+02:00,14,14,5380,4860,10825,10426,13774,14220,18783,19885,24600,25830,19518,22317,14442,18152,4158,7231,1290,1231,2381,2679,2969,3906,3625,5431,5455,6247,6544,7113,10552,13470,3865,6649,152727,61697,23789,7341,54696,11165,3201,16,8
2021-05-27T23:59:59+02:00,11,14,5087,4577,10308,9973,13188,13688,18094,19272,24019,25293,19420,22204,14409,18106,4147,7218,1121,1091,2098,2489,2670,3618,3330,5075,5125,5969,6247,6697,10324,13188,3860,6634,149474,59856,22795,7304,54591,10221,2152,16,7
2021-05-26T23:59:59+02:00,11,14,4822,4316,9870,9593,12667,13167,17481,18663,23385,24615,19296,22055,14363,18051,4141,7201,1041,1009,1941,2336,2470,3421,3068,4830,4736,5619,5691,6048,9956,12657,3844,6598,145363,56718,22040,7267,54469,9452,1825,14,7
2021-05-25T23:59:59+02:00,11,13,4607,4086,9455,9116,12205,12662,16944,18085,22863,23976,19164,21882,14332,17972,4132,7187,990,964,1879,2247,2359,3285,2896,4627,4391,5245,5114,5315,9508,12056,3828,6573,141306,53170,21210,7252,54339,9029,1823,14,7
2021-05-24T23:59:59+02:00,11,13,4493,3927,9243,8912,12001,12402,16643,17764,22534,23578,19089,21803,14317,17952,4130,7186,974,916,1820,2205,2286,3224,2810,4546,4271,5129,4969,5156,9418,11929,3826,6565,139803,52465,20252,7200,54160,8607,1769,14,7
2021-05-23T23:59:59+02:00,11,13,4482,3926,9237,8908,11989,12392,16632,17757,22518,23557,19083,21798,14316,17950,4130,7186,973,912,1818,2201,2283,3222,2804,4542,4264,5113,4961,5142,9411,11916,3825,6564,139694,52390,20249,7187,54159,8602,1769,14,7
2021-05-22T23:59:59+02:00,11,13,4477,3923,9234,8905,11981,12386,16630,17753,22516,23555,19083,21798,14316,17950,4130,7186,973,912,1817,2200,2281,3222,2803,4542,4264,5111,4959,5141,9410,11916,3825,6564,139668,52384,20249,7187,54147,8597,1769,14,7
2021-05-21T23:59:59+02:00,11,13,4444,3884,9166,8830,11908,12297,16539,17678,22452,23487,19063,21780,14312,17943,4130,7184,928,902,1784,2188,2250,3213,2772,4517,4216,5083,4934,5118,9398,11909,3824,6563,139011,52319,20249,7187,54128,8371,1719,14,7
2021-05-20T23:59:59+02:00,8,12,4187,3700,8721,8476,11426,11880,15869,17175,21868,22907,18878,21613,14281,17903,4125,7173,781,837,1527,2028,2007,3057,2530,4298,3966,4851,4777,4955,9283,11765,3816,6538,135607,51586,19874,7089,53712,7343,995,14,7
2021-05-19T23:59:59+02:00,8,12,3940,3455,8223,8008,10845,11331,15196,16471,21189,22182,18677,21382,14240,17853,4119,7156,729,791,1467,1947,1930,2954,2463,4174,3824,4693,4603,4744,9080,11537,3796,6509,130192,50504,19691,6957,53413,6800,977,14,7
2021-05-18T23:59:59+02:00,7,11,3652,3188,7674,7468,10113,10631,14236,15536,20242,21125,18418,21099,14185,17793,4113,7134,674,743,1413,1862,1856,2844,2335,4034,3648,4490,4335,4453,8878,11288,3783,6482,123138,49276,19597,6759,52971,6175,905,14,7
2021-05-17T23:59:59+02:00,7,11,3461,2977,7211,7000,9605,10091,13505,14745,19555,20324,18232,20837,14138,17728,4103,7120,615,688,1332,1799,1782,2762,2226,3960,3511,4377,4087,4222,8735,11076,3770,6453,117886,48477,19356,6545,52505,5481,889,14,7
2021-05-16T23:59:59+02:00,7,10,3332,2903,7003,6822,9402,9877,13251,14510,19328,20096,18154,20758,14124,17709,4102,7114,602,643,1293,1749,1736,2701,2189,3867,3446,4294,3996,4121,8715,11051,3768,6451,116265,48334,19114,6378,52224,5022,885,14,7
2021-05-15T23:59:59+02:00,7,10,3331,2900,6997,6815,9400,9871,13247,14508,19325,20087,18152,20757,14124,17709,4102,7114,602,643,1291,1749,1734,2701,2187,3867,3445,4294,3994,4119,8715,11051,3768,6451,116222,48328,19114,6377,52222,5019,884,14,7
2021-05-14T23:59:59+02:00,7,10,3291,2856,6884,6673,9271,9734,13098,14326,19153,19952,18128,20732,14123,17701,4101,7111,580,631,1270,1730,1706,2680,2153,3841,3401,4258,3944,4065,8708,11044,3768,6450,115819,48290,18366,6228,52140,4895,813,13,7
2021-05-13T23:59:59+02:00,7,10,3167,2692,6558,6353,8833,9338,12552,13844,18549,19356,17998,20588,14090,17665,4096,7109,544,606,1215,1676,1648,2607,2065,3735,3251,4139,3840,3929,8687,11024,3765,6446,112943,48196,17670,5841,51534,4489,646,12,7
2021-05-12T23:59:59+02:00,7,10,3140,2660,6525,6315,8786,9284,12414,13731,18364,19152,17965,20554,14082,17655,4096,7109,543,604,1214,1674,1643,2604,2057,3729,3237,4131,3827,3916,8679,11018,3765,6445,112232,48171,17443,5814,51516,4450,646,12,7
2021-05-11T23:59:59+02:00,5,10,2748,2404,5724,5813,7817,8470,11023,12571,16794,17677,17459,19992,14000,17550,4078,7086,506,546,1083,1567,1479,2448,1871,3551,3015,3871,3719,3803,8610,10926,3761,6440,104830,47942,16821,5619,49439,3510,120,11,7
2021-05-10T23:59:59+02:00,5,8,2560,2235,5249,5432,7120,7844,9989,11654,15499,16305,17081,19542,13937,17436,4071,7062,479,520,1040,1528,1435,2397,1811,3449,2896,3740,3637,3730,8571,10879,3757,6436,99012,47827,15914,5390,47973,2965,119,11,6
2021-05-09T23:59:59+02:00,5,8,2476,2205,5111,5348,6934,7725,9581,11315,14953,15778,16963,19404,13917,17408,4068,7057,463,502,1007,1472,1364,2313,1753,3327,2785,3586,3553,3638,8548,10847,3754,6433,97438,47742,15332,5122,47358,2360,117,11,6
2021-05-08T23:59:59+02:00,5,8,2472,2204,5110,5348,6934,7723,9577,11312,14952,15777,16963,19404,13917,17408,4068,7057,462,501,1007,1472,1364,2312,1753,3327,2784,3585,3551,3638,8548,10847,3754,6433,97424,47738,15331,5122,47356,2357,117,11,6
2021-05-07T23:59:59+02:00,5,8,2300,2142,4838,5254,6572,7569,9128,11097,14509,15457,16786,19202,13905,17379,4068,7055,450,499,996,1461,1349,2297,1718,3317,2735,3550,3506,3598,8472,10766,3754,6430,96717,47715,14814,4779,45619,2287,113,11,6
2021-05-06T23:59:59+02:00,5,8,2063,2009,4286,4904,5919,7192,8361,10539,13532,14635,16390,18752,13856,17285,4056,7042,420,451,954,1362,1263,2136,1612,3093,2513,3267,3328,3398,8294,10575,3745,6417,94143,47277,13573,4175,43064,1328,44,10,6
2021-05-05T23:59:59+02:00,5,8,1938,1896,4001,4680,5486,6821,7670,9953,12414,13577,15714,17917,13753,17183,4047,7018,411,439,941,1335,1233,2092,1576,3017,2453,3183,3278,3358,8216,10479,3739,6407,89732,47146,12248,4030,42062,948,29,10,6
2021-05-04T23:59:59+02:00,5,8,1852,1811,3733,4444,5076,6463,7009,9379,11196,12334,14796,16790,13643,17046,4043,7004,406,431,922,1316,1214,2048,1558,2980,2408,3128,3235,3311,8127,10368,3733,6393,83922,47011,11610,3832,41075,717,15,10,5
2021-05-03T23:59:59+02:00,4,8,1799,1759,3583,4320,4844,6251,6625,9047,10468,11598,14074,15812,13557,16930,4034,6987,400,422,919,1303,1200,2014,1538,2939,2375,3082,3183,3271,8014,10266,3728,6387,79496,46886,11406,3613,40776,526,13,9,5
2021-05-02T23:59:59+02:00,4,8,1789,1740,3509,4295,4763,6198,6555,8986,10353,11484,13887,15618,13525,16903,4033,6982,398,414,913,1288,1197,1997,1535,2926,2359,3065,3168,3254,7978,10234,3727,6383,78940,46867,11129,3516,40545,441,9,9,5
2021-05-01T23:59:59+02:00,4,8,1787,1740,3508,4294,4763,6197,6552,8985,10348,11480,13884,15618,13524,16902,4033,6979,397,414,913,1288,1197,1996,1535,2926,2359,3065,3168,3254,7978,10234,3727,6382,78914,46864,11129,3516,40545,441,9,9,5
2021-04-30T23:59:59+02:00,4,8,1785,1734,3502,4284,4756,6184,6531,8970,10310,11442,13832,15544,13498,16871,4032,6978,397,412,912,1286,1197,1996,1535,2926,2357,3064,3168,3252,7977,10232,3727,6382,78585,46857,11129,3515,40535,437,8,8,5
2021-04-29T23:59:59+02:00,4,7,1657,1692,3262,4169,4482,6035,6218,8721,9896,11052,13253,14841,13395,16717,4026,6970,389,401,904,1264,1176,1962,1510,2889,2327,3016,3153,3240,7964,10214,3725,6378,75812,46738,10743,3514,39827,249,8,7,5
2021-04-28T23:59:59+02:00,4,7,1529,1645,3086,4069,4245,5857,5859,8449,9308,10562,12377,13660,13239,16508,4017,6956,380,391,888,1252,1160,1933,1474,2845,2257,2947,3000,3108,7852,10098,3718,6367,71319,46324,10556,3103,39489,234,6,7,5
2021-04-27T23:59:59+02:00,4,7,1489,1600,2977,3951,4042,5714,5552,8190,8687,9891,11338,12354,13010,16153,4006,6934,368,376,879,1231,1145,1898,1447,2773,2211,2886,2961,3065,7825,10068,3712,6363,66514,46114,10368,2931,39004,154,6,7,5
2021-04-26T23:59:59+02:00,4,7,1462,1567,2864,3874,3869,5570,5241,7977,8198,9450,10583,11428,12866,15949,3995,6916,367,371,869,1220,1129,1887,1417,2753,2184,2856,2912,3015,7780,10019,3706,6358,63104,46018,10178,2683,38525,133,6,7,5
2021-04-25T23:59:59+02:00,4,7,1451,1561,2797,3844,3774,5510,5106,7930,8002,9344,10387,11193,12829,15895,3994,6911,366,366,860,1213,1111,1873,1402,2734,2162,2829,2870,2982,7731,9971,3705,6353,62600,45939,9975,2473,37951,107,6,7,5
2021-04-24T23:59:59+02:00,4,7,1450,1561,2797,3843,3774,5509,5104,7928,7998,9340,10381,11191,12829,15895,3994,6911,366,366,860,1213,1111,1871,1400,2733,2161,2829,2870,2982,7731,9971,3705,6353,62578,45935,9975,2472,37950,106,6,7,5
2021-04-23T23:59:59+02:00,4,7,1434,1552,2729,3809,3692,5479,4986,7880,7864,9280,10295,11082,12805,15854,3992,6907,365,366,859,1211,1111,1871,1399,2733,2161,2829,2870,2982,7730,9971,3705,6353,62448,45931,9696,2471,37494,105,6,7,5
2021-04-22T23:59:59+02:00,4,7,1391,1523,2622,3742,3534,5375,4755,7727,7512,9044,9727,10390,12539,15556,3986,6884,358,365,850,1200,1099,1859,1383,2706,2131,2806,2823,2933,7638,9864,3694,6337,60835,45526,9037,2420,36433,91,6,7,5
2021-04-21T23:59:59+02:00,4,7,1357,1485,2540,3664,3416,5273,4538,7546,7103,8717,8841,9359,12128,14977,3973,6843,354,363,845,1184,1090,1838,1365,2676,2101,2778,2765,2876,7525,9700,3677,6309,58114,45050,8168,2296,35476,91,6,7,5
2021-04-20T23:59:59+02:00,4,7,1334,1459,2470,3590,3314,5175,4363,7364,6717,8387,7950,8231,11666,14386,3959,6829,349,358,833,1171,1081,1816,1341,2653,2068,2735,2704,2819,7377,9517,3647,6256,55260,44340,7403,2291,34531,86,5,6,5
2021-04-19T23:59:59+02:00,4,7,1318,1444,2432,3552,3253,5108,4257,7262,6477,8155,7318,7457,11414,14031,3949,6811,347,356,829,1161,1075,1804,1318,2640,2034,2710,2651,2776,7262,9353,3624,6217,53317,43788,7031,2278,33890,83,5,6,5
2021-04-18T23:59:59+02:00,4,6,1309,1432,2400,3526,3214,5087,4204,7204,6343,8026,6963,7069,11320,13927,3946,6799,347,355,827,1157,1074,1797,1316,2627,2028,2705,2645,2763,7236,9321,3622,6214,52802,43667,6570,2276,33396,83,5,6,5
2021-04-17T23:59:59+02:00,4,6,1308,1430,2400,3525,3213,5083,4199,7201,6336,8016,6949,7059,11318,13925,3946,6799,347,355,826,1156,1074,1797,1314,2626,2027,2703,2642,2761,7235,9321,3622,6214,52780,43654,6568,2275,33358,83,5,6,5
2021-04-16T23:59:59+02:00,4,6,1305,1429,2390,3518,3205,5075,4179,7183,6285,7983,6873,6974,11306,13911,3944,6797,347,354,823,1154,1072,1797,1311,2625,2024,2703,2641,2754,7232,9319,3621,6214,52722,43631,6332,2270,33302,82,5,6,5
2021-04-15T23:59:59+02:00,2,4,1268,1408,2335,3470,3108,5016,4019,7055,6027,7751,6329,6416,11058,13622,3930,6765,339,352,805,1133,1033,1738,1266,2553,1950,2608,2564,2684,7144,9232,3611,6197,51636,43042,5944,2084,31992,77,5,6,3
2021-04-14T23:59:59+02:00,2,4,1246,1395,2300,3442,3039,4954,3912,6949,5836,7542,5687,5714,10670,13137,3898,6714,331,349,793,1124,1016,1713,1236,2512,1899,2558,2487,2615,6996,9037,3592,6171,50234,42383,5737,1964,30460,77,4,6,3
2021-04-13T23:59:59+02:00,2,4,1232,1386,2268,3412,2984,4891,3802,6867,5588,7320,5155,5168,10329,12724,3875,6686,310,335,775,1096,993,1693,1211,2477,1863,2517,2421,2550,6878,8901,3556,6110,49219,41700,5533,1907,28931,74,4,6,3
2021-04-12T23:59:59+02:00,2,4,1216,1380,2243,3389,2934,4846,3676,6787,5378,7170,4828,4873,10080,12443,3866,6663,294,331,762,1092,976,1677,1197,2454,1814,2471,2345,2492,6764,8760,3541,6088,48756,41128,5335,1859,27678,67,3,6,3
2021-04-11T23:59:59+02:00,2,4,1209,1367,2224,3370,2901,4826,3614,6716,5233,7061,4597,4674,9895,12245,3861,6652,287,329,757,1084,966,1663,1186,2426,1792,2441,2291,2433,6681,8652,3527,6068,48673,40713,5099,1801,26671,66,2,6,3
2021-04-10T23:59:59+02:00,2,4,1209,1366,2221,3366,2899,4822,3608,6713,5223,7050,4592,4665,9887,12232,3861,6651,284,325,742,1077,953,1658,1163,2406,1722,2389,2208,2347,6625,8605,3526,6064,48618,40548,5099,1480,26646,63,2,6,3
2021-04-09T23:59:59+02:00,2,4,1206,1363,2214,3364,2891,4813,3599,6702,5193,7026,4568,4639,9862,12202,3860,6651,275,322,722,1067,938,1637,1130,2359,1631,2314,1990,2078,6471,8448,3505,6031,48545,39698,5094,1154,26512,63,2,6,3
2021-04-08T23:59:59+02:00,2,4,1181,1343,2159,3308,2807,4723,3458,6573,4957,6793,4181,4231,9321,11631,3842,6598,250,302,670,1006,880,1564,1057,2262,1498,2194,1715,1744,6011,7891,3418,5888,48088,37146,4569,1151,24447,50,2,6,3
2021-04-07T23:59:59+02:00,2,4,1171,1329,2127,3291,2765,4685,3369,6511,4793,6658,3888,3931,8760,11081,3825,6567,216,272,610,952,820,1493,998,2201,1393,2095,1575,1569,5415,7196,3328,5736,47882,34672,4096,1146,22772,49,1,6,3
2021-04-06T23:59:59+02:00,2,4,1150,1312,2084,3266,2726,4653,3304,6464,4666,6566,3637,3677,8271,10571,3809,6537,209,266,582,933,795,1444,954,2144,1310,2008,1431,1383,4840,6407,3218,5531,47687,32269,3560,1138,21445,46,1,6,3
2021-04-05T23:59:59+02:00,2,4,1147,1308,2080,3263,2716,4651,3290,6450,4644,6548,3605,3650,8244,10534,3805,6535,206,253,575,917,776,1420,938,2108,1270,1968,1384,1320,4627,6137,3170,5476,47601,31361,3555,1136,21313,46,1,6,3
2021-04-04T23:59:59+02:00,2,4,1147,1308,2080,3262,2716,4650,3290,6450,4643,6547,3601,3648,8242,10532,3805,6535,206,253,574,917,776,1420,938,2108,1270,1967,1384,1320,4626,6137,3170,5476,47595,31358,3555,1136,21305,46,1,6,3
2021-04-03T23:59:59+02:00,2,4,1147,1308,2079,3262,2716,4650,3290,6450,4643,6547,3600,3646,8242,10530,3805,6535,206,253,574,917,776,1420,938,2108,1270,1967,1384,1320,4626,6137,3170,5476,47593,31358,3554,1136,21302,46,1,6,3
2021-04-02T23:59:59+02:00,2,4,1147,1308,2079,3260,2716,4649,3290,6447,4643,6545,3598,3642,8240,10529,3805,6535,206,253,574,917,776,1418,938,2108,1270,1966,1384,1318,4624,6136,3169,5476,47577,31350,3554,1135,21301,46,1,6,3
2021-04-01T23:59:59+02:00,1,4,1134,1271,2014,3138,2608,4450,3142,6198,4486,6307,3554,3606,8142,10424,3795,6519,201,244,570,909,765,1412,928,2094,1247,1950,1363,1290,4385,5817,3051,5311,47211,30365,3549,1131,20026,39,1,6,3
2021-03-31T23:59:59+02:00,1,4,1116,1239,1975,3037,2532,4307,3052,5985,4357,6077,3473,3525,7991,10226,3776,6485,193,241,563,897,761,1394,916,2074,1206,1916,1307,1227,3900,5223,2924,5078,46612,28651,3422,1131,19117,38,1,6,1
2021-03-30T23:59:59+02:00,1,3,1094,1205,1926,2856,2430,4081,2901,5627,4155,5689,3380,3431,7827,10022,3750,6434,189,236,555,885,750,1372,893,2054,1158,1871,1223,1144,3379,4515,2702,4746,45979,26512,3260,1131,17566,29,1,6,1
2021-03-29T23:59:59+02:00,1,3,1078,1161,1865,2720,2346,3921,2763,5373,3993,5415,3283,3333,7667,9794,3721,6387,188,233,549,874,740,1358,876,2030,1123,1842,1149,1059,2802,3838,2523,4452,45338,24490,3033,1127,16446,19,1,6,1
2021-03-28T23:59:59+02:00,1,3,1058,1128,1793,2555,2262,3715,2642,5073,3841,5138,3218,3268,7602,9729,3717,6381,188,233,547,871,739,1356,874,2024,1120,1840,1140,1047,2747,3770,2510,4425,45231,24293,2822,1124,15064,14,1,6,1
2021-03-27T23:59:59+01:00,1,3,1058,1128,1793,2554,2261,3714,2639,5073,3838,5138,3214,3268,7601,9729,3717,6381,188,233,546,871,739,1356,873,2024,1118,1840,1140,1047,2747,3770,2510,4425,45222,24289,2822,1124,15059,14,1,6,1
2021-03-26T23:59:59+01:00,1,3,1054,1106,1750,2439,2197,3556,2577,4862,3752,4914,3193,3251,7598,9724,3716,6380,188,232,545,871,738,1356,873,2024,1118,1837,1136,1046,2744,3762,2509,4422,45196,24265,2819,1124,14051,12,1,6,1
2021-03-25T23:59:59+01:00,1,3,1028,1074,1699,2336,2114,3388,2471,4634,3641,4717,3092,3161,7471,9593,3709,6366,186,229,540,870,731,1346,867,2007,1103,1813,1090,1002,2518,3416,2312,4130,44941,23024,2487,1124,13064,12,1,5,1
2021-03-24T23:59:59+01:00,1,3,1006,1055,1679,2294,2083,3338,2436,4567,3597,4648,3005,3092,7343,9422,3692,6347,186,225,534,866,724,1336,856,1992,1084,1792,1050,960,2134,2873,1923,3620,44406,21021,2358,1122,12838,12,1,5,1
2021-03-23T23:59:59+01:00,1,3,996,1049,1660,2262,2060,3304,2400,4524,3557,4597,2938,3019,7250,9321,3674,6319,184,222,530,861,717,1324,842,1973,1047,1762,969,870,1773,2384,1581,3157,43893,19096,2348,1088,12688,12,1,4,1
2021-03-22T23:59:59+01:00,1,3,993,1041,1645,2246,2046,3286,2378,4496,3520,4556,2893,2985,7188,9251,3659,6302,181,219,529,851,701,1301,828,1959,1018,1735,923,799,1304,1811,1236,2677,43557,17026,2328,1034,12599,12,1,4,1
2021-03-21T23:59:59+01:00,1,3,993,1041,1644,2243,2046,3285,2374,4492,3509,4549,2880,2976,7140,9195,3653,6296,181,216,528,849,700,1297,826,1955,1007,1730,900,780,1228,1726,1183,2608,43412,16725,2325,977,12578,12,1,4,1
2021-03-20T23:59:59+01:00,1,3,992,1040,1643,2242,2046,3285,2374,4492,3507,4547,2880,2975,7140,9194,3653,6296,181,216,528,849,700,1297,826,1955,995,1717,865,752,1197,1703,1175,2606,43411,16723,2321,827,12573,12,1,4,1
2021-03-19T23:59:59+01:00,1,3,991,1032,1636,2230,2035,3281,2372,4486,3500,4540,2870,2964,7127,9177,3652,6293,181,215,527,849,700,1295,826,1954,988,1712,821,715,1140,1653,1165,2596,43348,16681,2316,644,12521,12,1,4,1
2021-03-18T23:59:59+01:00,1,3,952,1000,1562,2119,1911,3114,2224,4240,3272,4289,2718,2806,6825,8812,3586,6194,180,214,522,844,693,1288,817,1943,966,1696,803,693,1065,1547,1025,2397,41953,16114,2007,567,11663,12,1,4,1
2021-03-17T23:59:59+01:00,1,3,898,967,1491,2062,1848,3048,2159,4178,3177,4193,2583,2673,6400,8321,3522,6080,179,212,519,839,691,1284,813,1938,961,1689,774,674,930,1394,869,2185,40187,15373,2004,566,11408,12,1,4,1
2021-03-16T23:59:59+01:00,1,3,873,944,1458,2023,1809,2999,2106,4123,3083,4095,2449,2514,5930,7675,3434,5930,173,209,514,838,687,1277,808,1929,954,1676,769,661,843,1268,727,2022,38204,14775,1945,566,11295,12,1,4,1
2021-03-15T23:59:59+01:00,1,3,856,937,1440,2001,1771,2944,2068,4051,2983,3986,2317,2344,5448,7133,3362,5817,172,208,514,831,685,1268,804,1919,944,1660,758,651,773,1157,579,1825,36440,14207,1849,528,11169,12,0,4,1
2021-03-14T23:59:59+01:00,1,3,851,923,1415,1972,1747,2915,2038,3991,2922,3920,2140,2151,5262,6907,3330,5786,172,208,513,828,683,1257,803,1912,941,1650,741,642,757,1138,555,1770,35421,14063,1752,503,11097,3,0,4,1
2021-03-13T23:59:59+01:00,1,3,843,916,1394,1961,1731,2902,2013,3963,2850,3872,2071,2077,5215,6854,3328,5785,172,208,513,827,683,1257,803,1912,941,1650,739,642,757,1135,554,1770,35171,14056,1513,503,11091,3,0,4,1
2021-03-12T23:59:59+01:00,1,3,819,901,1350,1904,1669,2803,1916,3811,2694,3705,1874,1840,5031,6632,3298,5742,172,208,512,827,683,1257,802,1912,941,1649,731,639,744,1120,547,1767,33847,14005,1274,502,10868,3,0,4,1
2021-03-11T23:59:59+01:00,1,3,784,842,1281,1822,1586,2656,1832,3610,2531,3533,1611,1531,4665,6163,3165,5560,163,202,506,818,673,1248,787,1877,920,1609,604,578,675,1079,527,1736,31739,13507,1179,492,10254,2,0,4,1
2021-03-10T23:59:59+01:00,1,3,768,791,1258,1764,1553,2597,1781,3539,2450,3443,1541,1443,4197,5625,3047,5310,163,200,497,796,655,1235,779,1857,913,1593,535,563,642,1070,520,1730,29932,13357,1172,388,10003,2,0,4,1
2021-03-09T23:59:59+01:00,1,3,756,768,1238,1734,1525,2551,1741,3488,2377,3391,1450,1347,3637,4877,2863,5005,161,198,492,775,645,1211,765,1825,901,1565,531,561,640,1065,517,1724,27773,13297,1169,276,9806,2,0,4,1
2021-03-08T23:59:59+01:00,0,3,752,741,1225,1715,1509,2531,1715,3452,2339,3348,1358,1247,2969,4050,2627,4635,157,195,478,751,623,1178,746,1775,877,1528,527,559,640,1064,517,1724,25328,13289,1169,49,9715,0,0,4,1
2021-03-07T23:59:59+01:00,0,3,749,737,1217,1706,1501,2517,1705,3444,2328,3340,1345,1231,2868,3930,2604,4585,157,195,478,751,623,1178,746,1775,877,1528,527,559,640,1064,517,1724,24977,13289,1167,49,9662,0,0,4,1
2021-03-06T23:59:59+01:00,0,3,748,737,1216,1703,1498,2514,1701,3441,2325,3339,1342,1231,2868,3930,2604,4585,156,195,478,751,623,1178,746,1775,877,1528,527,559,640,1064,517,1724,24973,13288,1167,49,9641,0,0,4,1
2021-03-05T23:59:59+01:00,0,3,683,711,1190,1689,1477,2505,1676,3426,2296,3330,1337,1228,2860,3922,2601,4580,156,195,478,750,623,1177,746,1775,877,1526,526,559,640,1064,517,1724,24943,13283,1163,49,9404,0,0,4,1
2021-03-04T23:59:59+01:00,0,3,617,662,1123,1620,1420,2423,1635,3347,2222,3253,1287,1180,2644,3558,2418,4293,154,190,475,736,611,1165,735,1747,868,1513,516,548,628,1054,512,1715,23726,13118,1156,48,8819,0,0,4,1
2021-03-03T23:59:59+01:00,0,3,581,623,1055,1556,1323,2341,1535,3261,2097,3169,1243,1135,2277,3038,2065,3849,154,190,473,733,611,1165,734,1745,866,1512,514,547,626,1051,512,1713,21871,13098,1155,47,8123,0,0,2,1
2021-03-02T23:59:59+01:00,0,3,563,590,1017,1510,1267,2298,1478,3209,2001,3108,1160,1035,1911,2559,1677,3327,152,188,468,727,606,1154,724,1735,861,1492,505,538,615,1030,493,1683,19808,12923,1152,47,7751,0,0,2,1
2021-03-01T23:59:59+01:00,0,3,556,542,999,1471,1221,2237,1432,3144,1946,3035,1116,961,1419,1964,1302,2791,150,188,468,727,606,1153,724,1732,860,1492,503,538,612,1021,489,1672,17545,12887,1149,47,7443,0,0,2,1
2021-02-28T23:59:59+01:00,0,3,549,529,982,1432,1195,2176,1404,3086,1891,2962,1095,939,1305,1823,1230,2702,150,188,467,726,606,1153,723,1730,859,1491,501,538,612,1021,489,1672,17067,12878,1147,47,7087,0,0,2,1
2021-02-27T23:59:59+01:00,0,3,549,527,981,1432,1195,2174,1404,3085,1891,2961,1095,939,1305,1822,1229,2702,150,188,466,725,603,1151,721,1728,857,1490,501,538,612,1021,489,1672,17065,12878,1147,33,7080,0,0,2,1
2021-02-26T23:59:59+01:00,0,3,400,476,851,1388,1111,2131,1337,3044,1832,2919,1090,932,1302,1821,1229,2701,150,188,466,725,603,1151,721,1727,857,1489,501,538,612,1021,489,1672,17055,12877,1147,32,6363,0,0,2,1
2021-02-25T23:59:59+01:00,0,3,308,422,756,1294,1027,2042,1238,2870,1693,2757,1052,900,1221,1697,1116,2513,143,178,454,712,587,1126,714,1702,837,1465,489,524,584,990,475,1653,16467,12610,1147,22,5293,0,0,2,1
2021-02-24T23:59:59+01:00,0,2,259,377,684,1219,953,1954,1184,2753,1628,2639,1025,880,1098,1552,960,2300,141,178,451,709,583,1125,713,1696,836,1461,484,519,576,985,472,1641,15762,12550,1145,19,4558,0,0,2,1
2021-02-23T23:59:59+01:00,0,2,247,356,662,1161,925,1875,1136,2641,1553,2531,1000,852,1021,1424,823,2142,141,177,451,707,583,1125,713,1693,834,1460,483,517,574,984,472,1640,15213,12539,1114,14,4022,0,0,2,1
2021-02-22T23:59:59+01:00,0,0,233,337,639,1131,893,1792,1087,2549,1469,2408,955,823,903,1281,642,1890,141,177,450,706,581,1124,711,1693,828,1458,482,516,573,982,471,1638,14473,12527,1045,3,3512,0,0,2,1
2021-02-21T23:59:59+01:00,0,0,227,326,605,1066,843,1686,1044,2448,1390,2301,938,802,872,1230,590,1826,141,176,447,699,580,1120,711,1688,828,1457,481,516,572,982,470,1637,14267,12501,1005,3,2920,0,0,2,1
2021-02-20T23:59:59+01:00,0,0,227,323,602,1065,841,1681,1041,2443,1377,2284,902,773,841,1207,582,1824,141,176,447,699,580,1120,711,1688,828,1457,481,515,571,982,470,1637,14267,12500,851,3,2893,0,0,2,0
2021-02-19T23:59:59+01:00,0,0,217,315,592,1057,828,1666,1020,2426,1344,2241,659,671,704,1145,557,1807,141,176,447,698,580,1117,710,1686,825,1454,481,515,571,981,469,1637,13791,12485,671,3,2785,0,0,2,0
2021-02-18T23:59:59+01:00,0,0,200,265,553,936,744,1439,889,2167,1096,1866,579,603,666,1105,538,1790,136,176,434,686,565,1100,704,1660,809,1426,478,512,570,979,469,1637,13635,12338,575,3,1224,0,0,2,0
2021-02-17T23:59:59+01:00,0,0,195,227,533,887,708,1342,831,2000,1011,1734,557,583,666,1102,536,1787,129,174,423,676,557,1084,685,1629,796,1404,475,510,568,976,469,1636,13619,12188,575,3,503,0,0,2,0
2021-02-16T23:59:59+01:00,0,0,189,224,526,872,692,1311,812,1961,978,1694,545,578,660,1100,535,1785,124,169,409,670,546,1068,673,1611,787,1390,468,505,561,963,463,1609,13591,12014,575,2,294,0,0,2,0
2021-02-15T23:59:59+01:00,0,0,174,215,520,845,686,1277,798,1926,949,1647,544,575,658,1100,535,1785,121,168,402,661,536,1049,644,1584,773,1372,466,502,561,963,463,1609,13588,11872,536,2,108,0,0,2,0
2021-02-14T23:59:59+01:00,0,0,169,207,517,833,685,1268,795,1917,931,1638,543,574,658,1097,534,1785,114,165,391,650,519,1031,626,1570,766,1360,466,500,559,961,463,1609,13582,11748,534,2,33,0,0,2,0
2021-02-13T23:59:59+01:00,0,0,168,207,516,833,685,1268,795,1917,931,1638,543,574,658,1097,534,1785,114,165,390,649,519,1031,626,1570,766,1360,466,500,559,961,463,1609,13581,11746,534,2,32,0,0,2,0
2021-02-12T23:59:59+01:00,0,0,167,206,512,832,684,1265,791,1916,929,1635,542,574,658,1097,534,1785,110,163,387,643,515,1025,612,1556,762,1343,464,499,548,941,460,1584,13574,11610,533,2,18,0,0,2,0
2021-02-11T23:59:59+01:00,0,0,165,205,508,825,677,1261,789,1912,923,1633,537,568,651,1091,529,1779,90,127,358,572,469,946,561,1439,718,1249,439,454,507,887,419,1491,13522,10725,521,1,8,0,0,2,0
2021-02-10T23:59:59+01:00,0,0,162,203,498,808,661,1246,777,1885,908,1609,529,562,641,1079,524,1769,80,115,330,513,442,839,519,1264,644,1093,391,404,441,775,373,1336,13399,9558,459,1,1,0,0,2,0
2021-02-09T23:59:59+01:00,0,0,161,196,490,769,645,1207,757,1824,897,1567,517,550,635,1065,516,1753,75,99,311,447,407,755,479,1160,579,993,361,351,402,691,343,1223,13290,8676,257,0,0,0,0,2,0
2021-02-08T23:59:59+01:00,0,0,157,192,473,744,622,1172,737,1774,877,1523,511,549,633,1059,512,1740,62,73,266,378,359,619,419,931,506,814,304,296,339,543,288,1032,13223,7229,50,0,0,0,0,2,0
2021-02-07T23:59:59+01:00,0,0,157,191,472,743,620,1171,736,1766,875,1521,510,549,633,1059,512,1739,61,65,248,343,340,575,403,899,487,780,303,288,337,536,286,1029,13202,6980,50,0,0,0,0,2,0
2021-02-06T23:59:59+01:00,0,0,157,191,472,743,620,1171,736,1766,875,1521,510,549,633,1059,512,1739,61,65,248,343,340,575,403,898,485,778,303,287,336,534,285,1029,13202,6970,50,0,0,0,0,2,0
2021-02-05T23:59:59+01:00,0,0,157,191,472,743,620,1170,736,1766,875,1520,510,549,633,1059,512,1739,59,65,246,341,333,571,395,876,476,758,293,282,326,512,270,993,13201,6796,50,0,0,0,0,1,0
2021-02-04T23:59:59+01:00,0,0,151,186,468,735,613,1162,732,1752,869,1511,503,542,612,1034,503,1721,43,50,212,308,292,475,354,735,384,612,229,215,243,352,201,735,13044,5440,49,0,0,0,0,1,0
2021-02-03T23:59:59+01:00,0,0,149,186,462,729,605,1153,728,1740,860,1495,494,534,599,1021,496,1713,35,32,156,217,238,348,265,561,309,464,180,169,171,264,153,554,12915,4116,48,0,0,0,0,1,0
2021-02-02T23:59:59+01:00,0,0,149,183,460,728,605,1153,725,1734,853,1491,493,533,595,1018,495,1709,26,26,137,170,193,279,221,427,258,374,140,130,129,199,119,437,12875,3265,48,0,0,0,0,1,0
2021-02-01T23:59:59+01:00,0,0,147,183,459,727,600,1150,724,1726,851,1486,492,531,590,1015,494,1704,21,19,100,125,137,188,154,299,169,259,89,93,87,126,65,238,12830,2169,48,0,0,0,0,1,0
2021-01-31T23:59:59+01:00,0,0,147,183,459,724,597,1149,724,1722,851,1485,490,530,589,1013,494,1703,15,15,67,84,95,123,117,222,142,203,84,87,83,118,63,224,12812,1742,48,0,0,0,0,0,0
2021-01-30T23:59:59+01:00,0,0,147,183,458,724,595,1147,723,1721,851,1485,490,530,588,1013,494,1703,15,15,67,84,95,121,115,218,139,200,83,86,83,112,57,214,12811,1704,41,0,0,0,0,0,0
2021-01-29T23:59:59+01:00,0,0,147,183,458,722,594,1144,721,1719,849,1484,490,530,588,1013,494,1703,13,15,55,79,78,117,97,207,116,188,78,79,82,108,56,213,12806,1581,33,0,0,0,0,0,0
2021-01-28T23:59:59+01:00,0,0,140,179,445,705,577,1119,715,1692,826,1455,483,524,585,1010,491,1700,8,3,12,19,24,45,30,95,48,89,45,50,54,78,41,158,12621,799,25,0,0,0,0,0,0
2021-01-27T23:59:59+01:00,0,0,133,177,434,695,569,1110,699,1658,819,1432,480,522,581,1005,491,1695,4,1,4,11,10,23,13,40,23,31,12,17,24,31,18,48,12477,310,23,0,0,0,0,0,0
2021-01-26T23:59:59+01:00,0,0,127,173,420,682,556,1096,690,1635,808,1411,474,517,575,988,484,1661,4,1,4,10,7,21,11,37,17,28,12,15,23,30,18,47,12283,285,14,0,0,0,0,0,0
2021-01-25T23:59:59+01:00,0,0,124,171,411,670,545,1077,662,1607,790,1394,472,513,573,987,484,1661,3,1,3,9,7,16,6,28,12,22,9,6,13,19,9,29,12138,192,3,0,0,0,0,0,0
2021-01-24T23:59:59+01:00,0,0,117,168,401,660,531,1059,645,1594,777,1383,471,510,572,987,484,1661,2,0,1,6,7,4,4,7,5,9,1,2,11,12,6,16,12017,93,3,0,0,0,0,0,0
2021-01-23T23:59:59+01:00,0,0,117,168,401,659,531,1059,645,1594,777,1383,471,510,572,987,484,1661,1,0,1,6,7,4,4,7,5,9,1,2,11,12,6,16,12016,92,3,0,0,0,0,0,0
2021-01-22T23:59:59+01:00,0,0,113,166,394,653,528,1053,631,1580,771,1366,471,507,561,966,479,1635,1,0,1,6,7,4,4,7,5,9,1,2,11,12,6,16,11871,92,3,0,0,0,0,0,0
2021-01-21T23:59:59+01:00,0,0,101,158,379,635,505,1020,601,1531,748,1324,455,469,528,922,446,1570,1,0,1,6,7,4,4,7,5,9,1,2,11,12,6,16,11389,92,3,0,0,0,0,0,0
2021-01-20T23:59:59+01:00,0,0,82,116,345,546,461,880,543,1297,660,1137,397,410,445,787,387,1358,1,0,1,5,7,4,4,7,5,9,1,2,11,12,6,16,9848,91,3,0,0,0,0,0,0
2021-01-19T23:59:59+01:00,0,0,77,104,316,470,421,791,503,1183,608,1034,374,373,410,710,358,1268,1,0,1,3,7,4,4,7,5,9,1,0,8,8,5,15,8997,78,3,0,0,0,0,0,0
2021-01-18T23:59:59+01:00,0,0,63,74,271,383,366,641,429,951,515,837,308,306,345,562,305,1080,1,0,1,3,7,4,4,7,5,9,1,0,8,8,5,15,7434,78,2,0,0,0,0,0,0
2021-01-17T23:59:59+01:00,0,0,61,65,252,348,344,589,410,909,492,799,305,297,344,555,303,1072,0,0,0,0,0,0,0,0,0,0,0,0,0,0,0,0,7143,0,2,0,0,0,0,0,0
2021-01-16T23:59:59+01:00,0,0,61,65,252,348,344,589,410,908,490,797,305,296,342,551,302,1072,0,0,0,0,0,0,0,0,0,0,0,0,0,0,0,0,7130,0,2,0,0,0,0,0,0
2021-01-15T23:59:59+01:00,0,0,59,65,251,345,338,583,399,885,479,772,291,290,325,524,281,1034,0,0,0,0,0,0,0,0,0,0,0,0,0,0,0,0,6919,0,2,0,0,0,0,0,0
2021-01-14T23:59:59+01:00,0,0,45,52,237,322,314,508,365,760,392,626,228,218,242,353,205,751,0,0,0,0,0,0,0,0,0,0,0,0,0,0,0,0,5618,0,0,0,0,0,0,0,0
2021-01-13T23:59:59+01:00,0,0,39,42,212,266,273,409,300,611,321,501,177,175,174,269,163,587,0,0,0,0,0,0,0,0,0,0,0,0,0,0,0,0,4519,0,0,0,0,0,0,0,0
2021-01-12T23:59:59+01:00,0,0,35,40,207,251,259,377,277,533,290,456,141,134,135,206,127,458,0,0,0,0,0,0,0,0,0,0,0,0,0,0,0,0,3926,0,0,0,0,0,0,0,0
2021-01-11T23:59:59+01:00,0,0,29,36,196,230,240,325,229,444,240,382,110,105,101,133,75,291,0,0,0,0,0,0,0,0,0,0,0,0,0,0,0,0,3166,0,0,0,0,0,0,0,0
2021-01-10T23:59:59+01:00,0,0,27,31,158,168,197,250,191,348,198,305,98,99,98,128,73,277,0,0,0,0,0,0,0,0,0,0,0,0,0,0,0,0,2646,0,0,0,0,0,0,0,0
2021-01-09T23:59:59+01:00,0,0,27,31,151,164,195,242,187,341,196,300,98,99,98,128,73,277,0,0,0,0,0,0,0,0,0,0,0,0,0,0,0,0,2607,0,0,0,0,0,0,0,0
2021-01-08T23:59:59+01:00,0,0,24,28,121,141,174,229,162,312,168,279,93,89,97,124,72,276,0,0,0,0,0,0,0,0,0,0,0,0,0,0,0,0,2389,0,0,0,0,0,0,0,0
2021-01-07T23:59:59+01:00,0,0,9,3,16,24,32,55,37,104,61,112,48,51,60,84,46,187,0,0,0,0,0,0,0,0,0,0,0,0,0,0,0,0,929,0,0,0,0,0,0,0,0
2021-01-06T23:59:59+01:00,0,0,4,1,5,11,10,22,13,39,20,31,13,14,25,35,20,55,0,0,0,0,0,0,0,0,0,0,0,0,0,0,0,0,318,0,0,0,0,0,0,0,0
2021-01-05T23:59:59+01:00,0,0,3,1,4,9,9,18,10,31,15,26,10,14,22,30,19,49,0,0,0,0,0,0,0,0,0,0,0,0,0,0,0,0,270,0,0,0,0,0,0,0,0
2021-01-04T23:59:59+01:00,0,0,2,1,2,7,9,10,4,15,8,16,5,3,11,16,8,26,0,0,0,0,0,0,0,0,0,0,0,0,0,0,0,0,143,0,0,0,0,0,0,0,0
2021-01-03T23:59:59+01:00,0,0,2,0,1,6,8,4,4,7,5,9,1,2,11,12,7,16,0,0,0,0,0,0,0,0,0,0,0,0,0,0,0,0,95,0,0,0,0,0,0,0,0
2021-01-02T23:59:59+01:00,0,0,2,0,1,6,8,4,4,7,5,9,1,2,11,12,7,16,0,0,0,0,0,0,0,0,0,0,0,0,0,0,0,0,95,0,0,0,0,0,0,0,0
2021-01-01T23:59:59+01:00,0,0,1,0,1,6,8,4,4,7,5,9,1,2,11,12,7,16,0,0,0,0,0,0,0,0,0,0,0,0,0,0,0,0,94,0,0,0,0,0,0,0,0
2020-12-31T23:59:59+01:00,0,0,1,0,1,5,8,4,4,7,5,9,1,2,11,12,7,16,0,0,0,0,0,0,0,0,0,0,0,0,0,0,0,0,93,0,0,0,0,0,0,0,0
2020-12-30T23:59:59+01:00,0,0,1,0,1,5,8,4,4,7,5,9,1,2,11,12,7,16,0,0,0,0,0,0,0,0,0,0,0,0,0,0,0,0,93,0,0,0,0,0,0,0,0
2020-12-29T23:59:59+01:00,0,0,1,0,1,3,8,4,4,7,5,9,1,0,8,8,6,15,0,0,0,0,0,0,0,0,0,0,0,0,0,0,0,0,80,0,0,0,0,0,0,0,0
2020-12-28T23:59:59+01:00,0,0,1,0,1,3,8,4,4,7,5,9,1,0,8,8,6,15,0,0,0,0,0,0,0,0,0,0,0,0,0,0,0,0,80,0,0,0,0,0,0,0,0
2020-12-27T23:59:59+01:00,0,0,1,0,1,3,8,4,4,7,5,9,1,0,8,8,6,15,0,0,0,0,0,0,0,0,0,0,0,0,0,0,0,0,80,0,0,0,0,0,0,0,0
