Datum,<15_1_m,<15_1_w,15-24_1_m,15-24_1_w,25-34_1_m,25-34_1_w,35-44_1_m,35-44_1_w,45-54_1_m,45-54_1_w,55-64_1_m,55-64_1_w,65-74_1_m,65-74_1_w,75-84_1_m,75-84_1_w,>84_1_m,>84_1_w,<15_2_m,<15_2_w,15-24_2_m,15-24_2_w,25-34_2_m,25-34_2_w,35-44_2_m,35-44_2_w,45-54_2_m,45-54_2_w,55-64_2_m,55-64_2_w,65-74_2_m,65-74_2_w,75-84_2_m,75-84_2_w,>84_2_m,>84_2_w,bp_1,bp_2,mo_1,mo_2,az_1,az_2,ja,unb_1,unb_2
2021-12-05T23:59:59+01:00,5346,5039,21350,19572,26682,24739,27598,26921,30553,31063,32744,33720,22367,25660,15841,20035,4615,8130,2652,2553,18233,16854,23686,21662,25078,24347,28380,28757,31057,31844,21634,24685,15411,19331,4428,7742,275225,245601,33432,32245,55124,52273,18160,43,55
2021-12-04T23:59:59+01:00,5213,4953,21333,19558,26673,24726,27589,26913,30541,31055,32739,33714,22365,25658,15839,20034,4614,8130,2646,2548,18193,16826,23643,21638,25055,24334,28359,28750,31045,31830,21632,24682,15409,19329,4428,7740,274898,245355,33432,32245,55124,52273,18159,43,55
2021-12-03T23:59:59+01:00,4972,4766,21298,19530,26643,24695,27574,26894,30523,31033,32729,33695,22360,25652,15839,20028,4613,8129,2624,2524,18107,16756,23568,21581,24981,24270,28311,28704,31012,31807,21624,24674,15404,19323,4425,7740,274234,244727,33422,32222,55124,52272,18159,43,55
2021-12-02T23:59:59+01:00,4715,4514,21259,19493,26594,24635,27533,26851,30499,31008,32702,33665,22348,25638,15822,20015,4605,8122,2572,2450,17984,16665,23460,21486,24890,24191,28220,28633,30953,31756,21601,24647,15395,19306,4421,7731,273283,243663,33418,32212,55124,52272,18159,43,55
2021-12-01T23:59:59+01:00,4518,4316,21218,19438,26557,24562,27486,26801,30462,30947,32667,33623,22332,25609,15812,19994,4602,8112,2526,2401,17824,16506,23311,21343,24764,24079,28113,28549,30876,31672,21575,24624,15379,19288,4421,7725,272327,242304,33412,32187,55124,52271,18159,43,55
2021-11-30T23:59:59+01:00,4336,4140,21179,19397,26509,24494,27453,26752,30431,30916,32636,33583,22320,25594,15799,19973,4600,8103,2495,2377,17743,16425,23231,21245,24692,24006,28047,28490,30820,31625,21555,24592,15368,19274,4421,7722,271491,241462,33407,32182,55124,52270,18159,43,55
2021-11-29T23:59:59+01:00,4112,3964,21118,19352,26460,24415,27402,26699,30388,30865,32601,33534,22289,25550,15790,19947,4597,8092,2464,2350,17627,16316,23085,21111,24593,23936,27964,28411,30754,31565,21525,24553,15360,19246,4420,7713,270460,240359,33399,32150,55123,52270,18159,43,55
2021-11-28T23:59:59+01:00,3947,3812,21078,19322,26418,24360,27371,26658,30361,30838,32582,33499,22279,25529,15783,19931,4594,8085,2448,2332,17567,16256,23009,21065,24528,23889,27924,28365,30719,31526,21505,24531,15351,19240,4418,7711,269742,239751,33389,32149,55123,52270,18159,43,55
2021-11-27T23:59:59+01:00,3920,3792,21058,19309,26405,24347,27353,26644,30352,30827,32574,33493,22277,25523,15782,19929,4594,8085,2447,2332,17554,16252,22998,21056,24515,23879,27916,28360,30711,31518,21504,24531,15349,19238,4418,7711,269561,239658,33389,32149,55123,52270,18157,43,55
2021-11-26T23:59:59+01:00,3816,3703,21015,19283,26371,24305,27322,26615,30330,30803,32550,33476,22270,25510,15779,19925,4594,8083,2434,2310,17495,16221,22945,21026,24475,23833,27875,28339,30690,31504,21499,24525,15346,19234,4418,7711,269053,239260,33383,32139,55123,52269,18157,43,55
2021-11-25T23:59:59+01:00,3668,3561,20958,19205,26326,24216,27274,26548,30281,30750,32514,33423,22261,25484,15774,19909,4592,8078,2397,2275,17417,16160,22834,20958,24416,23780,27818,28286,30651,31467,21489,24507,15337,19223,4414,7709,268141,238548,33367,32110,55123,52268,18157,43,55
2021-11-24T23:59:59+01:00,3580,3469,20883,19139,26257,24125,27202,26470,30236,30688,32471,33372,22241,25452,15767,19888,4583,8065,2367,2248,17342,16071,22723,20862,24338,23718,27736,28225,30595,31407,21468,24483,15325,19214,4411,7706,267211,237680,33363,32083,55123,52264,18157,43,55
2021-11-23T23:59:59+01:00,3491,3384,20809,19074,26186,24056,27139,26407,30174,30630,32425,33321,22220,25423,15748,19855,4577,8039,2348,2230,17259,16017,22634,20783,24274,23649,27686,28178,30557,31381,21457,24460,15308,19196,4408,7694,266295,236971,33352,32075,55123,52264,18154,43,55
2021-11-22T23:59:59+01:00,3407,3302,20721,18999,26066,23941,27059,26305,30109,30546,32354,33253,22195,25387,15740,19826,4568,8028,2328,2212,17206,15952,22557,20730,24216,23592,27637,28124,30511,31340,21433,24434,15295,19182,4404,7690,265153,236315,33345,32059,55123,52263,18151,43,55
2021-11-21T23:59:59+01:00,3368,3252,20651,18944,25995,23863,27001,26241,30050,30482,32302,33195,22175,25359,15733,19807,4564,8021,2322,2205,17182,15938,22528,20712,24192,23574,27621,28114,30496,31325,21425,24428,15290,19175,4404,7684,264356,236096,33341,32052,55123,52263,18149,43,55
2021-11-20T23:59:59+01:00,3356,3240,20622,18910,25952,23834,26961,26218,30026,30458,32287,33178,22166,25352,15730,19803,4564,8019,2317,2202,17167,15933,22519,20703,24175,23563,27614,28103,30492,31322,21423,24427,15290,19173,4404,7684,264032,235994,33339,32051,55123,52263,18148,43,55
2021-11-19T23:59:59+01:00,3277,3165,20538,18828,25863,23755,26897,26164,29967,30406,32249,33137,22154,25328,15728,19797,4563,8016,2306,2194,17130,15900,22467,20671,24125,23536,27574,28074,30471,31311,21411,24422,15286,19169,4402,7683,263201,235629,33326,32041,55123,52259,18148,43,55
2021-11-18T23:59:59+01:00,3163,3068,20448,18706,25752,23626,26807,26051,29892,30319,32203,33068,22117,25283,15717,19778,4563,8007,2286,2160,17056,15823,22403,20605,24076,23478,27524,28042,30421,31274,21399,24407,15277,19151,4399,7668,261944,234982,33319,32010,55123,52254,18148,43,55
2021-11-17T23:59:59+01:00,3100,2996,20323,18584,25636,23480,26705,25942,29806,30255,32147,32998,22095,25243,15706,19757,4560,8000,2265,2132,16970,15766,22306,20534,24008,23400,27445,27988,30377,31237,21383,24389,15268,19135,4397,7663,260721,234219,33309,31992,55123,52251,18146,43,55
2021-11-16T23:59:59+01:00,3054,2939,20201,18491,25505,23347,26620,25845,29734,30172,32084,32926,22073,25211,15695,19738,4558,7988,2244,2116,16926,15741,22259,20493,23963,23368,27406,27941,30345,31204,21367,24375,15255,19125,4397,7660,259577,233749,33303,31988,55123,52249,18144,43,55
2021-11-15T23:59:59+01:00,3003,2898,20003,18339,25325,23190,26490,25718,29642,30064,32000,32847,22042,25178,15679,19716,4555,7980,2228,2107,16877,15720,22214,20461,23919,23338,27381,27913,30323,31185,21350,24356,15248,19111,4395,7656,258086,233372,33285,31965,55123,52249,18141,43,55
2021-11-14T23:59:59+01:00,2975,2862,19878,18241,25210,23066,26401,25645,29574,29987,31939,32783,22017,25148,15669,19701,4552,7974,2217,2093,16847,15679,22188,20430,23891,23320,27365,27892,30304,31168,21343,24353,15242,19100,4395,7654,257047,233077,33279,31962,55123,52248,18139,43,55
2021-11-13T23:59:59+01:00,2962,2845,19812,18193,25150,23026,26333,25608,29539,29962,31916,32764,22012,25143,15669,19699,4550,7973,2214,2092,16839,15674,22182,20423,23880,23316,27358,27889,30299,31165,21342,24352,15242,19099,4395,7654,256584,233018,33279,31958,55123,52248,18136,43,55
2021-11-12T23:59:59+01:00,2922,2805,19618,18059,24989,22899,26191,25485,29467,29881,31856,32724,22000,25121,15661,19693,4548,7973,2201,2081,16779,15647,22137,20388,23841,23287,27332,27871,30267,31151,21335,24341,15235,19094,4395,7652,255353,232658,33250,31945,55123,52244,18132,43,55
2021-11-11T23:59:59+01:00,2860,2739,19483,17939,24859,22761,26071,25373,29378,29787,31788,32675,21976,25097,15653,19683,4546,7967,2184,2061,16738,15595,22095,20335,23807,23260,27305,27838,30248,31115,21317,24331,15230,19083,4393,7646,254136,232230,33219,31930,55122,52242,18124,43,55
2021-11-10T23:59:59+01:00,2806,2674,19232,17735,24630,22564,25912,25222,29220,29674,31700,32575,21946,25067,15636,19663,4544,7957,2169,2037,16676,15519,22018,20278,23755,23212,27256,27801,30201,31077,21297,24310,15221,19066,4388,7640,252317,231601,33176,31915,55121,52241,18109,43,55
2021-11-09T23:59:59+01:00,2762,2632,19090,17590,24470,22444,25801,25107,29146,29598,31636,32506,21924,25036,15620,19646,4541,7942,2150,2022,16644,15483,21980,20253,23732,23184,27231,27771,30175,31035,21278,24292,15214,19049,4386,7635,251065,231205,33165,31911,55121,52237,18106,43,55
2021-11-08T23:59:59+01:00,2714,2592,18833,17369,24239,22224,25623,24966,28996,29469,31529,32417,21889,24982,15598,19622,4540,7934,2127,2001,16593,15435,21934,20213,23704,23143,27193,27743,30152,31009,21254,24278,15205,19035,4382,7631,249162,230758,33129,31895,55121,52234,18090,43,55
2021-11-07T23:59:59+01:00,2686,2560,18725,17260,24111,22110,25513,24873,28924,29395,31479,32357,21867,24961,15590,19618,4538,7931,2112,1987,16569,15419,21911,20186,23682,23129,27178,27725,30139,30997,21250,24272,15200,19027,4382,7629,248127,230522,33127,31895,55121,52233,18089,43,55
2021-11-06T23:59:59+01:00,2686,2557,18723,17257,24107,22110,25509,24870,28922,29392,31478,32355,21867,24961,15590,19618,4537,7931,2112,1986,16565,15417,21911,20184,23681,23129,27175,27722,30137,30997,21250,24271,15200,19027,4382,7629,248099,230505,33127,31893,55121,52233,18089,43,55
2021-11-05T23:59:59+01:00,2657,2518,18623,17175,24017,22013,25438,24802,28857,29338,31438,32323,21866,24954,15587,19611,4537,7930,2107,1980,16553,15400,21902,20171,23670,23122,27168,27708,30129,30989,21245,24266,15200,19026,4381,7628,247349,230386,33093,31888,55121,52229,18087,43,55
2021-11-04T23:59:59+01:00,2611,2481,18542,17083,23906,21916,25369,24745,28785,29291,31399,32284,21855,24942,15579,19601,4535,7925,2078,1956,16493,15351,21852,20125,23635,23092,27144,27678,30106,30967,21240,24257,15195,19016,4379,7627,246542,229980,33083,31872,55121,52215,18069,43,55
2021-11-03T23:59:59+01:00,2575,2455,18393,16952,23736,21775,25255,24647,28703,29229,31351,32227,21834,24929,15573,19595,4535,7923,2050,1933,16419,15282,21795,20058,23595,23051,27099,27642,30080,30937,21222,24233,15184,19005,4377,7621,245413,229396,33057,31857,55121,52213,18062,43,55
2021-11-02T23:59:59+01:00,2547,2432,18257,16868,23585,21668,25160,24581,28626,29173,31302,32192,21825,24909,15566,19586,4534,7914,2035,1913,16361,15245,21757,20011,23557,23011,27070,27617,30057,30914,21214,24220,15176,19002,4376,7618,244468,228984,33051,31851,55121,52213,18051,43,55
2021-11-01T23:59:59+01:00,2526,2412,18171,16795,23497,21608,25097,24537,28577,29132,31275,32165,21812,24899,15563,19585,4534,7913,2021,1899,16324,15190,21720,19972,23530,22978,27040,27579,30039,30895,21206,24215,15175,18992,4376,7616,243851,228614,33046,31839,55121,52213,18046,43,55
2021-10-31T23:59:59+01:00,2526,2412,18171,16795,23496,21606,25096,24537,28577,29132,31275,32165,21812,24899,15563,19585,4534,7913,2020,1898,16324,15190,21720,19972,23530,22977,27040,27579,30039,30894,21206,24215,15175,18992,4376,7616,243847,228610,33046,31839,55121,52213,18046,43,55
2021-10-30T23:59:59+02:00,2526,2412,18171,16795,23495,21606,25096,24537,28577,29132,31275,32165,21812,24899,15563,19585,4534,7913,2020,1898,16324,15190,21720,19972,23530,22977,27040,27579,30039,30894,21206,24215,15175,18992,4376,7616,243846,228610,33046,31839,55121,52213,18046,43,55
2021-10-29T23:59:59+02:00,2513,2398,18104,16752,23418,21566,25020,24494,28512,29093,31249,32145,21808,24890,15556,19580,4533,7912,2015,1893,16310,15178,21705,19957,23520,22962,27029,27566,30031,30891,21204,24213,15175,18990,4376,7616,243340,228484,33004,31835,55121,52213,18044,43,55
2021-10-28T23:59:59+02:00,2488,2374,18020,16684,23333,21500,24969,24438,28472,29055,31214,32117,21802,24883,15552,19572,4533,7909,1984,1874,16250,15127,21668,19912,23489,22930,27002,27544,30008,30864,21194,24204,15171,18987,4376,7611,242750,228074,32974,31820,55121,52210,18036,43,55
2021-10-27T23:59:59+02:00,2454,2337,17901,16601,23178,21397,24859,24349,28375,28995,31166,32085,21793,24859,15545,19563,4533,7908,1959,1845,16179,15079,21619,19851,23455,22891,26967,27505,29981,30839,21183,24191,15164,18977,4375,7607,241781,227583,32934,31795,55121,52206,18028,43,55
2021-10-26T23:59:59+02:00,2429,2313,17843,16554,23132,21348,24812,24310,28328,28953,31139,32066,21791,24849,15542,19561,4533,7905,1941,1821,16139,15033,21587,19819,23423,22860,26956,27484,29968,30828,21175,24189,15162,18975,4375,7607,241305,227271,32933,31795,55121,52206,18015,43,55
2021-10-25T23:59:59+02:00,2428,2309,17842,16550,23130,21346,24810,24307,28327,28949,31138,32066,21791,24849,15542,19561,4533,7905,1941,1820,16139,15032,21587,19818,23421,22859,26956,27484,29968,30828,21175,24189,15162,18975,4375,7607,241281,227266,32933,31795,55121,52206,18014,43,55
2021-10-24T23:59:59+02:00,2419,2300,17825,16523,23113,21326,24784,24291,28318,28943,31131,32061,21789,24847,15540,19560,4533,7905,1931,1803,16118,14994,21564,19795,23407,22830,26945,27473,29958,30820,21172,24184,15160,18969,4375,7607,241122,227051,32919,31781,55121,52206,18012,43,55
2021-10-23T23:59:59+02:00,2419,2300,17824,16523,23112,21326,24784,24291,28317,28943,31131,32061,21789,24847,15540,19560,4533,7905,1931,1803,16118,14994,21563,19795,23407,22830,26945,27473,29958,30820,21172,24184,15160,18969,4375,7607,241119,227050,32919,31781,55121,52206,18012,43,55
2021-10-22T23:59:59+02:00,2398,2282,17760,16483,23061,21280,24734,24235,28285,28914,31097,32038,21782,24838,15535,19558,4532,7903,1924,1796,16099,14982,21552,19786,23391,22813,26937,27469,29949,30814,21170,24182,15160,18969,4375,7607,240649,226935,32910,31780,55121,52204,18001,43,55
2021-10-21T23:59:59+02:00,2383,2255,17717,16438,23004,21231,24696,24201,28239,28886,31079,32016,21775,24832,15532,19554,4531,7895,1879,1758,16036,14904,21507,19726,23354,22765,26898,27431,29935,30793,21163,24170,15151,18950,4373,7602,240239,226417,32884,31733,55121,52204,17986,43,55
2021-10-20T23:59:59+02:00,2352,2214,17637,16374,22911,21164,24619,24157,28200,28839,31045,31989,21763,24823,15528,19545,4529,7893,1824,1713,15949,14832,21459,19659,23293,22719,26853,27375,29907,30765,21142,24158,15144,18932,4367,7599,239588,225751,32864,31708,55121,52201,17975,43,55
2021-10-19T23:59:59+02:00,2331,2200,17603,16348,22890,21149,24605,24140,28187,28827,31037,31967,21756,24812,15526,19537,4528,7892,1794,1674,15890,14782,21417,19612,23272,22695,26833,27356,29887,30746,21132,24144,15139,18926,4367,7596,239346,225328,32864,31708,55120,52200,17971,43,55
2021-10-18T23:59:59+02:00,2318,2190,17582,16327,22875,21123,24586,24122,28175,28817,31024,31955,21750,24810,15524,19530,4526,7889,1770,1651,15848,14735,21398,19587,23249,22666,26812,27330,29867,30731,21126,24139,15135,18920,4366,7595,239135,224993,32864,31707,55120,52200,17970,43,55
2021-10-17T23:59:59+02:00,2309,2184,17556,16293,22847,21093,24567,24108,28155,28808,31013,31947,21742,24806,15523,19527,4526,7887,1752,1622,15805,14688,21366,19544,23228,22640,26793,27309,29853,30727,21120,24130,15135,18915,4364,7593,238914,224677,32858,31686,55119,52200,17966,43,55
2021-10-16T23:59:59+02:00,2309,2184,17555,16293,22847,21093,24567,24108,28155,28808,31013,31947,21742,24806,15523,19527,4526,7887,1752,1622,15805,14688,21366,19543,23228,22640,26793,27309,29853,30727,21120,24130,15135,18915,4364,7593,238913,224676,32858,31686,55119,52200,17966,43,55
2021-10-15T23:59:59+02:00,2299,2174,17530,16277,22828,21078,24541,24090,28139,28793,31007,31943,21736,24799,15523,19527,4526,7886,1744,1607,15792,14671,21354,19532,23219,22633,26790,27302,29848,30722,21117,24128,15134,18915,4364,7593,238734,224560,32845,31686,55119,52200,17964,43,55
2021-10-14T23:59:59+02:00,2289,2156,17486,16242,22792,21044,24517,24065,28120,28773,30996,31929,21730,24796,15520,19524,4525,7883,1723,1581,15730,14619,21325,19487,23184,22594,26772,27266,29826,30699,21106,24120,15129,18905,4362,7591,238432,224154,32844,31672,55119,52181,17957,43,55
2021-10-13T23:59:59+02:00,2259,2136,17399,16165,22730,20980,24472,24022,28082,28727,30967,31899,21715,24786,15514,19519,4524,7879,1685,1550,15628,14526,21273,19435,23141,22557,26730,27226,29797,30671,21098,24102,15127,18890,4362,7587,237903,223606,32820,31645,55119,52181,17898,43,55
2021-10-12T23:59:59+02:00,2249,2117,17356,16121,22707,20952,24445,23994,28066,28707,30954,31878,21711,24781,15510,19511,4523,7877,1661,1530,15576,14465,21254,19401,23115,22536,26705,27201,29773,30650,21090,24093,15125,18887,4360,7586,237590,223246,32819,31633,55118,52177,17897,43,55
2021-10-11T23:59:59+02:00,2238,2105,17327,16090,22692,20931,24430,23973,28047,28688,30939,31868,21705,24773,15508,19506,4520,7872,1643,1519,15533,14430,21216,19347,23092,22496,26679,27161,29744,30634,21079,24083,15119,18880,4356,7583,237347,222836,32819,31633,55118,52177,17893,43,55
2021-10-10T23:59:59+02:00,2234,2096,17310,16070,22674,20917,24425,23965,28038,28673,30934,31861,21698,24769,15508,19504,4520,7869,1627,1508,15476,14385,21152,19288,23053,22457,26634,27135,29722,30612,21069,24072,15113,18873,4356,7583,237208,222385,32815,31610,55118,52176,17889,43,55
2021-10-09T23:59:59+02:00,2232,2096,17310,16069,22672,20916,24425,23965,28038,28673,30934,31861,21698,24769,15508,19504,4520,7869,1626,1505,15475,14383,21152,19287,23053,22457,26634,27134,29722,30612,21069,24072,15113,18873,4356,7583,237202,222376,32815,31610,55118,52176,17889,43,55
2021-10-08T23:59:59+02:00,2227,2088,17299,16044,22650,20905,24407,23956,28023,28657,30919,31852,21696,24764,15508,19504,4520,7869,1619,1501,15468,14370,21139,19273,23042,22449,26624,27117,29717,30605,21067,24066,15111,18872,4356,7583,237065,222272,32805,31610,55117,52176,17866,43,55
2021-10-07T23:59:59+02:00,2203,2068,17245,15999,22624,20858,24382,23928,27991,28632,30898,31825,21691,24761,15506,19495,4519,7863,1584,1469,15398,14292,21079,19203,22999,22401,26594,27080,29689,30581,21056,24051,15106,18862,4352,7582,236683,221733,32795,31561,55114,52168,17861,43,55
2021-10-06T23:59:59+02:00,2179,2045,17185,15952,22577,20805,24356,23887,27959,28602,30882,31799,21680,24749,15499,19489,4518,7859,1547,1442,15339,14219,21029,19142,22961,22364,26563,27039,29665,30551,21045,24037,15095,18855,4350,7580,236263,221233,32776,31533,55114,52168,17834,43,55
2021-10-05T23:59:59+02:00,2159,2028,17140,15913,22528,20777,24321,23846,27937,28577,30869,31782,21675,24741,15499,19484,4517,7858,1535,1425,15311,14188,20973,19117,22931,22335,26535,27013,29640,30526,21037,24018,15092,18847,4347,7580,235994,220966,32776,31531,55114,52168,17730,43,55
2021-10-04T23:59:59+02:00,2132,1993,17086,15874,22476,20747,24297,23820,27921,28542,30849,31764,21671,24732,15497,19480,4516,7855,1529,1413,15273,14163,20947,19088,22917,22310,26517,26994,29628,30512,21030,24008,15088,18842,4347,7572,235650,220753,32776,31529,55114,52166,17675,43,55
2021-10-03T23:59:59+02:00,2127,1981,17056,15833,22446,20714,24259,23796,27907,28522,30832,31754,21668,24725,15496,19475,4516,7853,1509,1391,15241,14124,20922,19058,22891,22290,26502,26971,29614,30502,21020,23995,15086,18839,4347,7572,235435,220531,32770,31516,55110,52164,17608,43,55
2021-10-02T23:59:59+02:00,2127,1981,17056,15833,22446,20714,24258,23796,27907,28522,30832,31754,21668,24725,15496,19475,4516,7853,1509,1391,15241,14124,20922,19058,22891,22290,26502,26971,29614,30501,21020,23995,15086,18839,4347,7572,235434,220530,32770,31516,55110,52164,17608,43,55
2021-10-01T23:59:59+02:00,2122,1976,17043,15816,22443,20702,24244,23775,27902,28515,30828,31749,21665,24723,15496,19473,4515,7853,1507,1388,15237,14122,20919,19056,22889,22290,26500,26969,29614,30497,21019,23993,15086,18839,4347,7572,235318,220503,32769,31516,55110,52164,17606,43,55
2021-09-30T23:59:59+02:00,2101,1960,16986,15764,22399,20645,24203,23740,27872,28482,30805,31725,21653,24717,15491,19466,4513,7847,1470,1357,15168,14057,20881,19020,22855,22249,26477,26935,29595,30476,21015,23984,15083,18831,4343,7567,234929,220114,32755,31496,55110,52160,17538,43,55
2021-09-29T23:59:59+02:00,2033,1915,16893,15687,22328,20575,24146,23689,27809,28430,30767,31695,21637,24703,15484,19452,4510,7845,1448,1325,15098,14000,20838,18966,22819,22196,26439,26905,29560,30448,21006,23972,15072,18823,4342,7564,234287,219708,32738,31474,55109,52157,17427,43,55
2021-09-28T23:59:59+02:00,2016,1898,16811,15622,22256,20522,24081,23647,27770,28387,30750,31678,21627,24689,15479,19442,4510,7842,1434,1313,15032,13954,20779,18925,22774,22170,26409,26870,29539,30427,20993,23956,15066,18813,4340,7560,233854,219379,32737,31474,55109,52156,17290,43,55
2021-09-27T23:59:59+02:00,1953,1829,16744,15561,22220,20486,24056,23620,27741,28351,30730,31661,21620,24682,15477,19439,4509,7840,1423,1298,15003,13923,20757,18888,22759,22145,26390,26858,29521,30411,20989,23946,15062,18805,4339,7557,233356,219109,32736,31474,55109,52155,17281,43,55
2021-09-26T23:59:59+02:00,1932,1808,16673,15497,22167,20425,24017,23569,27712,28325,30715,31652,21610,24675,15476,19436,4509,7838,1407,1284,14932,13854,20704,18833,22709,22087,26348,26821,29502,30384,20982,23936,15054,18802,4339,7554,232986,218702,32719,31447,55108,52142,17186,43,55
2021-09-25T23:59:59+02:00,1932,1808,16671,15497,22165,20424,24014,23568,27712,28325,30715,31652,21610,24675,15476,19436,4509,7838,1407,1284,14931,13854,20702,18833,22708,22087,26347,26818,29502,30384,20981,23936,15054,18802,4339,7554,232980,218697,32719,31446,55108,52142,17183,43,55
2021-09-24T23:59:59+02:00,1931,1805,16645,15477,22121,20395,23981,23547,27692,28303,30698,31637,21608,24671,15474,19435,4509,7838,1400,1277,14904,13827,20652,18801,22668,22061,26319,26797,29480,30364,20976,23930,15052,18800,4338,7553,232916,218569,32719,31446,55108,52142,16987,43,55
2021-09-23T23:59:59+02:00,1901,1767,16569,15391,22061,20320,23932,23478,27647,28249,30672,31597,21596,24660,15466,19420,4506,7836,1373,1249,14825,13763,20590,18758,22639,22015,26285,26754,29454,30337,20972,23919,15046,18792,4338,7552,232358,218166,32680,31413,55108,52142,16885,43,55
2021-09-22T23:59:59+02:00,1867,1736,16466,15312,21969,20243,23855,23424,27579,28188,30630,31561,21580,24637,15464,19407,4504,7833,1318,1198,14699,13656,20500,18680,22574,21944,26223,26693,29405,30301,20951,23909,15040,18784,4335,7543,231743,217485,32659,31370,55108,52135,16708,43,55
2021-09-21T23:59:59+02:00,1837,1692,16386,15235,21910,20183,23803,23374,27536,28153,30590,31521,21569,24617,15461,19397,4498,7825,1309,1182,14643,13608,20440,18641,22531,21900,26188,26667,29380,30276,20938,23895,15033,18773,4332,7539,231263,217195,32659,31370,55107,52135,16520,43,55
2021-09-20T23:59:59+02:00,1810,1677,16312,15170,21852,20136,23755,23333,27499,28110,30556,31503,21560,24604,15456,19392,4497,7823,1297,1172,14586,13556,20394,18597,22494,21872,26141,26635,29354,30251,20930,23883,15031,18767,4329,7536,230853,216878,32657,31369,55107,52134,16389,43,55
2021-09-19T23:59:59+02:00,1783,1654,16249,15120,21803,20075,23720,23299,27468,28082,30535,31478,21551,24593,15453,19381,4497,7820,1289,1162,14529,13513,20349,18544,22442,21849,26116,26603,29337,30237,20923,23870,15027,18764,4328,7532,230487,216597,32635,31336,55107,52134,16292,43,55
2021-09-18T23:59:59+02:00,1783,1654,16247,15118,21801,20074,23717,23297,27468,28081,30535,31478,21551,24593,15453,19381,4497,7820,1289,1162,14528,13512,20348,18544,22441,21848,26116,26601,29337,30237,20923,23870,15027,18764,4328,7532,230479,216596,32635,31335,55107,52134,16287,43,55
2021-09-17T23:59:59+02:00,1777,1647,16224,15100,21779,20054,23697,23285,27454,28066,30526,31472,21547,24590,15450,19378,4496,7820,1281,1153,14507,13497,20338,18538,22431,21843,26109,26597,29327,30231,20920,23867,15026,18763,4328,7532,230308,216491,32634,31335,55107,52134,16273,43,55
2021-09-16T23:59:59+02:00,1738,1616,16123,15000,21698,19955,23627,23201,27388,28006,30487,31434,21534,24573,15445,19368,4491,7820,1248,1124,14422,13423,20293,18484,22395,21791,26078,26553,29306,30200,20909,23857,15019,18755,4325,7528,229500,216031,32612,31257,55107,52122,16245,43,55
2021-09-15T23:59:59+02:00,1707,1599,16054,14921,21642,19900,23583,23156,27356,27972,30463,31410,21521,24551,15433,19358,4490,7818,1219,1096,14344,13337,20225,18424,22356,21739,26038,26509,29275,30177,20896,23842,15007,18747,4324,7526,228969,215472,32593,31212,55107,52117,16225,43,55
2021-09-14T23:59:59+02:00,1693,1583,16020,14875,21595,19862,23553,23121,27324,27936,30438,31386,21506,24540,15430,19346,4487,7817,1201,1081,14306,13299,20200,18401,22334,21713,26018,26494,29263,30166,20885,23834,15004,18740,4323,7524,228560,215188,32590,31211,55107,52117,16215,43,55
2021-09-13T23:59:59+02:00,1672,1570,15978,14821,21568,19830,23522,23088,27307,27899,30424,31370,21505,24530,15425,19344,4486,7814,1195,1073,14278,13284,20173,18385,22314,21693,26003,26482,29254,30143,20876,23823,15003,18733,4321,7522,228212,214965,32587,31211,55107,52117,16207,43,55
2021-09-12T23:59:59+02:00,1662,1557,15954,14797,21552,19808,23505,23063,27292,27884,30413,31362,21498,24522,15425,19339,4486,7814,1181,1068,14245,13255,20148,18347,22293,21667,25990,26458,29243,30135,20869,23814,14998,18726,4319,7517,228018,214723,32568,31180,55107,52115,16200,43,55
2021-09-11T23:59:59+02:00,1661,1557,15942,14792,21544,19800,23504,23062,27290,27883,30410,31360,21497,24521,15425,19339,4486,7814,1181,1068,14240,13252,20146,18344,22291,21667,25990,26457,29243,30135,20868,23814,14998,18726,4319,7517,227981,214712,32568,31180,55104,52115,16194,43,55
2021-09-10T23:59:59+02:00,1661,1557,15919,14787,21531,19789,23486,23059,27272,27873,30397,31355,21496,24519,15421,19337,4486,7813,1179,1068,14217,13245,20131,18334,22277,21663,25975,26444,29225,30132,20867,23810,14995,18723,4318,7516,227950,214673,32568,31180,55104,52115,16096,43,55
2021-09-09T23:59:59+02:00,1616,1518,15839,14708,21471,19723,23432,23009,27212,27823,30369,31326,21487,24502,15407,19323,4484,7811,1151,1043,14135,13169,20061,18265,22209,21608,25925,26404,29190,30100,20851,23782,14978,18709,4316,7514,227421,214205,32537,31097,55103,52095,15959,43,54
2021-09-08T23:59:59+02:00,1578,1470,15712,14614,21401,19647,23379,22933,27161,27780,30329,31278,21470,24484,15398,19312,4483,7811,1134,1018,14047,13078,19978,18214,22144,21555,25878,26365,29154,30050,20832,23761,14974,18701,4315,7513,226875,213803,32466,31008,55103,52090,15756,43,54
2021-09-07T23:59:59+02:00,1565,1450,15660,14563,21346,19620,23343,22910,27134,27748,30312,31262,21459,24462,15392,19304,4481,7811,1117,1004,13977,13029,19914,18174,22100,21524,25842,26333,29125,30022,20821,23747,14970,18694,4314,7513,226634,213516,32459,30978,55103,52086,15586,43,54
2021-09-06T23:59:59+02:00,1552,1440,15609,14517,21323,19588,23320,22882,27109,27729,30296,31240,21449,24459,15388,19297,4481,7809,1105,995,13946,12990,19892,18149,22070,21502,25822,26314,29110,30007,20812,23739,14966,18690,4314,7510,226380,213308,32458,30978,55103,52086,15507,43,54
2021-09-05T23:59:59+02:00,1532,1424,15578,14491,21304,19566,23310,22856,27100,27716,30291,31232,21444,24453,15382,19295,4481,7805,1097,981,13908,12954,19861,18112,22045,21474,25804,26297,29097,29987,20808,23731,14963,18688,4314,7510,226167,213089,32446,30898,55102,52085,15505,43,54
2021-09-04T23:59:59+02:00,1532,1424,15569,14488,21290,19560,23303,22851,27094,27710,30285,31229,21443,24450,15382,19294,4481,7805,1097,981,13899,12951,19847,18104,22038,21469,25797,26291,29091,29983,20807,23728,14963,18687,4314,7510,226166,213088,32446,30895,55102,52085,15435,43,54
2021-09-03T23:59:59+02:00,1529,1421,15552,14474,21258,19535,23272,22831,27071,27697,30270,31214,21436,24442,15382,19288,4481,7804,1097,981,13882,12937,19821,18085,22014,21454,25781,26281,29076,29972,20801,23721,14963,18684,4314,7510,226092,213069,32445,30890,55102,52084,15277,43,54
2021-09-02T23:59:59+02:00,1513,1401,15481,14415,21212,19486,23237,22782,27031,27656,30233,31188,21423,24432,15376,19275,4479,7798,1072,960,13789,12873,19777,18024,21969,21411,25739,26236,29037,29945,20790,23710,14958,18672,4313,7509,225673,212616,32440,30885,55100,52065,15164,43,54
2021-09-01T23:59:59+02:00,1462,1344,15344,14261,21093,19389,23168,22726,26964,27585,30181,31137,21405,24407,15368,19261,4476,7793,1040,920,13643,12750,19648,17927,21885,21342,25681,26166,28987,29882,20765,23680,14946,18659,4309,7504,224900,212031,32416,30688,55099,52053,14908,43,54
2021-08-31T23:59:59+02:00,1438,1329,15282,14190,21029,19337,23123,22684,26913,27542,30147,31105,21392,24394,15362,19252,4476,7792,1026,907,13569,12682,19601,17885,21852,21306,25648,26143,28959,29856,20759,23670,14943,18651,4308,7503,224438,211683,32415,30688,55098,52048,14795,43,54
2021-08-30T23:59:59+02:00,1415,1310,15214,14144,20982,19281,23091,22645,26876,27509,30114,31075,21379,24385,15358,19243,4474,7785,1021,892,13512,12640,19556,17834,21819,21281,25618,26106,28925,29831,20748,23655,14933,18642,4307,7499,224073,211381,32415,30685,55098,52046,14653,43,54
2021-08-29T23:59:59+02:00,1399,1298,15171,14098,20943,19250,23067,22621,26858,27485,30096,31060,21375,24376,15358,19241,4474,7784,1010,884,13459,12594,19533,17812,21792,21261,25597,26086,28912,29814,20740,23647,14930,18638,4305,7498,223784,211111,32414,30685,55098,52045,14617,43,54
2021-08-28T23:59:59+02:00,1399,1298,15165,14095,20932,19243,23061,22617,26855,27476,30093,31059,21374,24376,15358,19241,4474,7784,1010,884,13452,12590,19522,17805,21786,21257,25594,26077,28909,29813,20739,23647,14930,18638,4305,7498,223784,211109,32414,30685,55098,52045,14563,43,54
2021-08-27T23:59:59+02:00,1390,1291,15134,14067,20905,19228,23028,22601,26829,27464,30077,31039,21368,24368,15354,19240,4471,7781,1004,879,13423,12558,19486,17788,21758,21235,25565,26063,28892,29795,20733,23638,14927,18637,4304,7498,223648,210965,32414,30683,55095,52044,14437,43,54
2021-08-26T23:59:59+02:00,1377,1274,15090,14022,20858,19189,22998,22564,26796,27426,30045,31002,21353,24352,15347,19232,4468,7773,992,868,13356,12497,19410,17731,21698,21175,25509,26015,28852,29759,20719,23617,14917,18624,4303,7494,223356,210674,32395,30559,55095,51970,14279,43,54
2021-08-25T23:59:59+02:00,1332,1229,14945,13898,20749,19094,22918,22472,26717,27342,29988,30946,21330,24326,15337,19222,4464,7767,964,838,13234,12411,19329,17654,21631,21104,25439,25961,28807,29715,20691,23596,14909,18610,4302,7491,222500,210098,32379,30512,55095,51961,14062,42,53
2021-08-24T23:59:59+02:00,1308,1205,14882,13847,20706,19042,22863,22425,26681,27306,29958,30914,21312,24311,15331,19212,4463,7766,939,817,13137,12348,19267,17573,21594,21053,25394,25918,28777,29677,20673,23576,14902,18598,4300,7486,222079,209609,32349,30455,55094,51946,13970,42,49
2021-08-23T23:59:59+02:00,1290,1186,14813,13809,20665,19013,22833,22399,26646,27286,29934,30888,21293,24297,15326,19199,4462,7765,913,792,13021,12269,19204,17512,21540,21004,25353,25863,28732,29635,20654,23559,14896,18586,4297,7486,221767,209086,32333,30365,55094,51946,13870,42,49
2021-08-22T23:59:59+02:00,1281,1178,14798,13789,20649,18993,22821,22379,26631,27271,29917,30884,21286,24293,15324,19191,4460,7764,890,775,12962,12198,19151,17478,21511,20968,25332,25837,28706,29614,20647,23546,14895,18582,4297,7486,221592,208759,32314,30255,55094,51943,13869,42,49
2021-08-21T23:59:59+02:00,1281,1178,14789,13779,20638,18985,22811,22373,26627,27266,29906,30878,21286,24291,15324,19191,4460,7764,890,775,12952,12188,19141,17470,21503,20962,25326,25832,28696,29608,20647,23544,14895,18582,4297,7486,221587,208755,32314,30255,55094,51943,13792,42,49
2021-08-20T23:59:59+02:00,1274,1173,14759,13745,20603,18955,22788,22350,26601,27243,29889,30862,21283,24282,15322,19185,4460,7764,889,774,12933,12174,19116,17450,21486,20941,25313,25815,28677,29589,20643,23538,14894,18579,4297,7486,221392,208651,32314,30253,55094,51943,13698,42,49
2021-08-19T23:59:59+02:00,1255,1158,14700,13696,20563,18925,22756,22315,26579,27214,29864,30838,21272,24274,15319,19180,4459,7761,860,761,12799,12056,19026,17373,21400,20883,25243,25749,28618,29540,20622,23525,14888,18570,4295,7483,221084,208016,32282,30117,55094,51881,13628,42,49
2021-08-18T23:59:59+02:00,1232,1139,14618,13607,20447,18864,22680,22253,26512,27157,29806,30780,21247,24253,15313,19168,4457,7758,832,740,12659,11938,18887,17290,21303,20793,25157,25666,28535,29471,20590,23480,14877,18555,4294,7478,220671,207407,32264,29994,55093,51872,13223,42,49
2021-08-17T23:59:59+02:00,1221,1126,14578,13568,20406,18818,22642,22218,26477,27130,29790,30760,21234,24238,15302,19159,4453,7757,811,716,12551,11854,18807,17229,21224,20731,25105,25613,28499,29430,20571,23465,14868,18542,4292,7476,220383,206875,32229,29865,55093,51864,13132,42,48
2021-08-16T23:59:59+02:00,1209,1115,14529,13519,20371,18789,22613,22185,26456,27102,29756,30729,21221,24227,15295,19147,4451,7755,783,702,12454,11754,18716,17156,21154,20646,25038,25554,28433,29366,20548,23443,14858,18524,4291,7473,220115,206249,32227,29740,55093,51863,12994,42,47
2021-08-15T23:59:59+02:00,1199,1102,14490,13493,20342,18760,22584,22166,26443,27086,29746,30715,21216,24215,15290,19145,4450,7753,759,686,12390,11685,18665,17126,21103,20607,25002,25510,28414,29344,20538,23429,14854,18518,4289,7471,219891,205798,32227,29739,55093,51862,12944,42,47
2021-08-14T23:59:59+02:00,1199,1101,14483,13487,20332,18754,22575,22159,26429,27079,29741,30707,21213,24213,15289,19144,4450,7753,759,686,12382,11678,18653,17118,21093,20599,24988,25503,28409,29335,20535,23428,14853,18517,4289,7471,219890,205795,32226,29734,55093,51861,12859,42,47
2021-08-13T23:59:59+02:00,1196,1098,14474,13478,20318,18744,22563,22154,26422,27069,29725,30699,21204,24208,15288,19144,4450,7753,756,685,12367,11667,18642,17109,21080,20590,24982,25487,28395,29331,20529,23421,14851,18517,4289,7470,219833,205730,32225,29734,55093,51861,12796,42,47
2021-08-12T23:59:59+02:00,1176,1076,14417,13422,20275,18704,22539,22119,26394,27039,29694,30678,21192,24189,15284,19137,4450,7748,729,659,12200,11523,18507,16999,20987,20507,24902,25402,28328,29275,20508,23389,14838,18505,4286,7464,219505,204938,32213,29548,55093,51792,12683,41,47
2021-08-11T23:59:59+02:00,1160,1054,14348,13359,20232,18650,22495,22080,26361,27014,29666,30638,21178,24172,15281,19126,4447,7744,705,637,12061,11384,18425,16909,20907,20434,24853,25330,28285,29211,20475,23361,14831,18494,4284,7459,219101,204037,32141,29543,55093,51787,12631,41,47
2021-08-10T23:59:59+02:00,1145,1036,14267,13283,20174,18602,22460,22036,26328,26984,29632,30607,21164,24161,15281,19118,4446,7742,686,615,11944,11264,18325,16837,20841,20368,24801,25272,28241,29157,20448,23332,14817,18476,4283,7453,218679,203284,32109,29521,55093,51762,12546,41,47
2021-08-09T23:59:59+02:00,1128,1017,14181,13221,20093,18546,22411,21988,26277,26940,29594,30574,21145,24144,15275,19109,4441,7740,641,574,11762,11102,18155,16741,20715,20286,24705,25176,28161,29082,20410,23291,14803,18464,4280,7444,218232,202293,32088,29414,55092,51668,12373,41,44
2021-08-08T23:59:59+02:00,1114,1010,14138,13182,20071,18510,22385,21969,26262,26920,29578,30560,21138,24138,15272,19105,4440,7739,615,556,11679,11015,18069,16657,20648,20228,24642,25129,28115,29038,20388,23268,14790,18453,4280,7440,218002,201638,32057,29336,55091,51650,12342,41,44
2021-08-07T23:59:59+02:00,1114,1010,14123,13176,20061,18505,22380,21964,26250,26906,29563,30548,21136,24134,15268,19100,4439,7739,615,555,11664,11009,18053,16652,20643,20222,24629,25114,28098,29026,20386,23264,14786,18448,4279,7440,217999,201622,32056,29335,55090,51650,12232,41,44
2021-08-06T23:59:59+02:00,1114,1010,14113,13164,20048,18486,22366,21949,26228,26897,29550,30537,21133,24130,15265,19098,4439,7738,615,555,11653,10995,18030,16629,20627,20205,24608,25105,28085,29014,20383,23260,14783,18446,4279,7440,217991,201592,32052,29334,55090,51649,12093,41,44
2021-08-05T23:59:59+02:00,1102,991,14042,13122,19997,18452,22323,21906,26192,26840,29522,30513,21119,24115,15258,19089,4437,7735,580,525,11480,10886,17917,16529,20517,20106,24501,25015,28016,28965,20357,23235,14772,18432,4276,7438,217675,200806,32008,29243,55087,51508,11946,41,44
2021-08-04T23:59:59+02:00,1086,974,13978,13054,19892,18367,22258,21847,26151,26797,29471,30465,21096,24097,15248,19076,4437,7732,542,491,11294,10712,17686,16387,20341,19979,24383,24891,27906,28868,20329,23202,14759,18420,4273,7436,217405,199759,31846,29182,55086,51264,11650,41,44
2021-08-03T23:59:59+02:00,1062,956,13906,12990,19852,18316,22223,21805,26114,26755,29436,30434,21079,24072,15237,19062,4434,7722,485,449,11108,10540,17508,16259,20199,19844,24234,24767,27786,28759,20285,23154,14741,18388,4271,7430,217025,198319,31818,29147,55085,51209,11488,41,44
2021-08-02T23:59:59+02:00,1038,936,13821,12922,19793,18258,22171,21764,26058,26693,29384,30384,21050,24041,15227,19042,4431,7721,459,419,10940,10371,17334,16134,20051,19731,24116,24652,27699,28656,20240,23101,14722,18369,4268,7421,216543,197128,31787,29098,55085,51133,11280,41,44
2021-08-01T23:59:59+02:00,1028,921,13760,12875,19758,18241,22150,21742,26033,26672,29365,30368,21041,24029,15223,19035,4431,7720,423,388,10795,10226,17175,16026,19900,19623,23972,24548,27590,28576,20226,23077,14713,18355,4268,7417,216306,196240,31738,29007,55085,50784,11223,41,44
2021-07-31T23:59:59+02:00,1028,921,13735,12866,19740,18233,22134,21730,26019,26660,29357,30357,21038,24024,15222,19034,4430,7720,422,388,10769,10213,17154,16012,19882,19609,23959,24535,27582,28565,20223,23072,14712,18354,4267,7417,216302,196217,31738,29007,55085,50784,11083,41,44
2021-07-30T23:59:59+02:00,1020,911,13674,12819,19694,18211,22103,21711,25989,26638,29330,30339,21031,24016,15216,19032,4428,7719,401,370,10682,10138,17089,15968,19823,19573,23892,24494,27534,28539,20208,23050,14703,18350,4264,7415,216121,195824,31734,29007,55085,50717,10901,41,44
2021-07-29T23:59:59+02:00,996,892,13567,12733,19630,18150,22030,21658,25938,26582,29277,30301,21014,24006,15209,19025,4428,7717,356,330,10414,9877,16786,15726,19528,19354,23588,24263,27282,28375,20153,22995,14691,18329,4264,7414,215676,194067,31661,28895,55085,50028,10691,41,44
2021-07-28T23:59:59+02:00,968,862,13437,12605,19506,18042,21944,21575,25858,26503,29200,30233,20991,23970,15196,19013,4426,7715,321,290,10125,9673,16526,15535,19268,19166,23360,24070,27127,28232,20105,22921,14672,18306,4261,7409,215025,192722,31625,28813,55081,49515,10273,41,44
2021-07-27T23:59:59+02:00,937,841,13318,12512,19441,17981,21877,21522,25792,26446,29160,30188,20976,23950,15191,18993,4425,7709,273,235,9869,9459,16272,15305,19039,18979,23166,23895,26963,28096,20063,22868,14650,18279,4255,7400,214431,191051,31570,28654,55080,49178,10139,40,44
2021-07-26T23:59:59+02:00,913,823,13213,12417,19388,17924,21804,21457,25741,26413,29106,30127,20946,23926,15173,18974,4425,7705,225,206,9635,9208,16031,15097,18791,18779,22936,23728,26813,27968,19992,22807,14621,18243,4251,7394,213821,189290,31500,28553,55078,48800,10038,39,44
2021-07-25T23:59:59+02:00,894,812,13138,12346,19308,17873,21746,21404,25700,26365,29070,30082,20929,23909,15166,18968,4422,7704,202,186,9449,9067,15832,14943,18587,18640,22768,23619,26665,27848,19942,22759,14604,18230,4248,7391,213519,188382,31436,28404,55078,48385,9765,39,44
2021-07-24T23:59:59+02:00,894,812,13128,12336,19297,17866,21735,21400,25686,26358,29065,30076,20925,23908,15165,18967,4422,7704,202,186,9439,9051,15821,14935,18573,18635,22753,23609,26659,27840,19939,22756,14603,18229,4248,7391,213516,188362,31434,28400,55078,48385,9678,39,44
2021-07-23T23:59:59+02:00,886,810,13062,12298,19220,17832,21695,21367,25651,26320,29031,30040,20910,23891,15157,18963,4420,7701,202,185,9386,9022,15737,14893,18519,18594,22703,23569,26615,27801,19922,22739,14596,18223,4246,7388,213387,188200,31433,28394,55078,48384,9318,39,44
2021-07-22T23:59:59+02:00,874,796,12966,12216,19164,17762,21649,21337,25602,26273,29007,30017,20897,23873,15155,18957,4417,7699,148,142,9069,8745,15340,14644,18152,18337,22372,23322,26409,27666,19865,22682,14583,18201,4243,7383,212919,186369,31347,28139,55075,47469,9282,39,44
2021-07-21T23:59:59+02:00,852,768,12766,12048,19017,17638,21516,21238,25496,26169,28931,29945,20855,23838,15138,18934,4413,7694,125,122,8692,8430,14908,14319,17772,18063,22015,22987,26134,27456,19772,22594,14557,18163,4240,7374,212290,184465,31238,27787,55072,46809,8618,39,44
2021-07-20T23:59:59+02:00,822,743,12617,11912,18909,17551,21447,21160,25435,26104,28891,29894,20830,23805,15130,18918,4410,7691,95,95,8361,8124,14444,13984,17389,17787,21710,22757,25887,27269,19691,22485,14528,18128,4238,7368,211604,182308,31128,27624,55069,45935,8430,39,43
2021-07-19T23:59:59+02:00,793,716,12497,11795,18822,17481,21386,21101,25381,26050,28841,29857,20804,23775,15120,18904,4406,7685,74,64,8038,7870,14079,13731,17041,17539,21382,22551,25659,27127,19621,22409,14506,18106,4232,7362,210890,180264,31025,27466,55069,45224,8394,37,43
2021-07-18T23:59:59+02:00,775,698,12382,11686,18724,17403,21318,21048,25325,25996,28804,29803,20782,23754,15108,18893,4404,7683,61,53,7867,7719,13925,13607,16889,17415,21218,22438,25529,27045,19581,22369,14492,18090,4232,7359,210302,179329,30878,27359,55069,44857,8301,37,43
2021-07-17T23:59:59+02:00,775,698,12379,11686,18723,17400,21317,21048,25325,25996,28804,29803,20782,23754,15108,18893,4404,7683,61,53,7860,7718,13921,13602,16888,17414,21217,22437,25528,27043,19578,22368,14492,18090,4232,7359,210297,179307,30878,27358,55069,44855,8298,37,43
2021-07-16T23:59:59+02:00,768,693,12306,11632,18681,17369,21282,21021,25292,25973,28779,29784,20780,23751,15108,18891,4404,7683,57,50,7704,7617,13762,13532,16744,17355,21078,22378,25422,26995,19559,22346,14491,18084,4232,7356,210088,178850,30878,27285,55069,44458,8126,37,43
2021-07-15T23:59:59+02:00,753,673,12234,11560,18619,17310,21225,20973,25243,25932,28751,29756,20765,23734,15103,18882,4403,7680,55,47,7362,7299,13153,13123,16071,16929,20442,22006,24965,26682,19413,22205,14449,18038,4229,7349,209606,176613,30792,26379,55062,42682,8100,37,43
2021-07-14T23:59:59+02:00,724,653,12026,11421,18448,17201,21106,20877,25138,25830,28663,29656,20731,23700,15084,18866,4400,7677,47,36,6945,6943,12489,12670,15381,16440,19809,21548,24499,26339,19195,21980,14417,17990,4221,7338,208791,173784,30631,26040,55059,40736,7684,37,43
2021-07-13T23:59:59+02:00,680,618,11889,11287,18325,17116,20993,20781,25042,25737,28593,29590,20702,23661,15064,18856,4398,7667,37,25,6486,6518,11856,12171,14685,15937,19206,21136,24061,26016,19013,21764,14373,17929,4217,7329,207769,170128,30494,25867,55048,39072,7652,37,40
2021-07-12T23:59:59+02:00,645,587,11764,11150,18209,17027,20899,20673,24942,25638,28512,29523,20676,23627,15056,18844,4393,7660,33,19,6071,6106,11247,11636,14061,15401,18650,20642,23642,25655,18816,21574,14308,17871,4208,7325,206750,166442,30366,25043,55045,38112,7628,37,40
2021-07-11T23:59:59+02:00,609,560,11649,11059,18147,16964,20842,20617,24887,25591,28454,29474,20657,23607,15047,18835,4393,7659,30,18,5881,5938,10991,11431,13829,15201,18404,20453,23434,25468,18743,21492,14281,17845,4207,7319,206112,165052,30249,24573,55043,37687,7613,35,40
2021-07-10T23:59:59+02:00,608,559,11641,11058,18143,16963,20838,20615,24884,25590,28453,29474,20657,23607,15046,18833,4393,7659,30,18,5874,5937,10986,11425,13819,15197,18404,20451,23432,25466,18741,21491,14280,17845,4207,7319,206092,165023,30245,24572,55043,37680,7607,35,40
2021-07-09T23:59:59+02:00,580,536,11531,10931,18068,16880,20768,20553,24809,25514,28403,29428,20634,23587,15043,18823,4393,7658,30,17,5839,5903,10956,11392,13769,15176,18373,20419,23413,25443,18736,21481,14278,17842,4207,7318,205220,164790,30244,24522,55043,37642,7598,35,40
2021-07-08T23:59:59+02:00,545,508,11366,10795,17941,16774,20634,20452,24700,25386,28285,29349,20590,23539,15027,18794,4390,7650,27,14,5493,5646,10442,10994,13149,14725,17708,19859,22805,24974,18417,21083,14181,17759,4202,7308,204445,162471,30216,23714,55015,35546,7015,35,40
2021-07-07T23:59:59+02:00,485,456,11197,10647,17856,16688,20562,20384,24627,25308,28224,29286,20562,23503,15022,18782,4388,7642,22,14,5187,5354,9917,10545,12570,14242,17024,19338,22239,24472,18102,20718,14079,17662,4195,7285,203431,160006,30191,22251,54997,33702,6966,35,40
2021-07-06T23:59:59+02:00,444,422,11071,10495,17741,16593,20468,20281,24549,25215,28133,29207,20536,23463,15013,18765,4386,7639,15,8,4789,4923,9315,10024,11862,13638,16314,18723,21724,23978,17783,20412,13978,17545,4186,7275,202286,155810,30185,21303,54988,32411,6928,35,40
2021-07-05T23:59:59+02:00,422,395,10985,10406,17651,16522,20390,20209,24489,25163,28092,29170,20513,23442,15001,18757,4385,7636,12,7,4505,4604,8822,9575,11303,13084,15605,18078,21100,23371,17389,20014,13844,17387,4178,7267,201545,151919,30182,20623,54979,30675,6888,35,40
2021-07-04T23:59:59+02:00,409,389,10913,10351,17585,16467,20341,20160,24458,25128,28076,29152,20504,23431,14996,18754,4384,7635,12,7,4359,4514,8691,9408,11112,12910,15361,17866,20833,23098,17116,19723,13784,17295,4174,7263,201070,150600,30176,20315,54978,29696,6875,35,40
2021-07-03T23:59:59+02:00,407,388,10905,10339,17573,16461,20339,20157,24457,25127,28073,29151,20504,23430,14996,18754,4384,7635,12,7,4354,4505,8684,9404,11109,12910,15356,17866,20829,23094,17116,19717,13784,17295,4174,7263,201040,150583,30174,20315,54978,29687,6854,35,40
2021-07-02T23:59:59+02:00,364,325,10761,10229,17457,16362,20234,20081,24383,25063,28010,29092,20478,23404,14990,18740,4384,7632,12,7,4268,4426,8522,9267,10971,12798,15234,17758,20717,22990,17074,19686,13777,17280,4174,7260,200159,149594,30174,20314,54978,29629,6644,35,40
2021-07-01T23:59:59+02:00,317,282,10628,10094,17333,16268,20110,19991,24299,24988,27946,29040,20458,23380,14974,18725,4381,7628,12,5,4062,4227,8216,8933,10600,12386,14664,17257,20205,22450,16785,19387,13571,17065,4164,7238,199085,146520,30117,19631,54972,28402,6634,35,40
2021-06-30T23:59:59+02:00,234,221,10375,9855,17158,16119,19976,19859,24183,24864,27867,28951,20436,23348,14955,18707,4380,7627,12,4,3867,4034,7912,8597,10193,11922,14173,16702,19628,21815,16463,19043,13298,16787,4151,7211,197437,142842,30062,19379,54964,26933,6618,35,40
2021-06-29T23:59:59+02:00,190,184,10227,9680,17022,16024,19873,19767,24114,24788,27809,28884,20409,23321,14941,18687,4380,7623,11,4,3665,3776,7515,8148,9717,11386,13517,16031,19011,21113,16144,18715,13048,16497,4144,7197,196288,138566,30057,19079,54960,25369,6585,34,40
2021-06-28T23:59:59+02:00,141,132,10033,9496,16898,15918,19769,19664,24019,24692,27741,28822,20379,23291,14927,18668,4378,7621,10,3,3464,3522,7114,7708,9278,10895,12968,15494,18513,20593,15892,18450,12929,16364,4138,7186,195104,134729,29943,18659,54957,24541,6552,34,40
2021-06-27T23:59:59+02:00,123,115,9893,9385,16841,15857,19708,19614,23960,24642,27714,28797,20367,23275,14924,18664,4377,7618,10,3,3374,3457,6936,7510,9087,10694,12737,15254,18251,20332,15769,18344,12864,16277,4138,7182,194470,133530,29885,18312,54953,23804,6533,34,40
2021-06-26T23:59:59+02:00,123,115,9892,9379,16839,15853,19705,19613,23958,24641,27714,28796,20367,23275,14924,18664,4377,7618,10,3,3372,3456,6933,7509,9084,10692,12734,15251,18249,20330,15766,18343,12864,16274,4138,7182,194452,133509,29884,18312,54953,23798,6531,34,40
2021-06-25T23:59:59+02:00,119,112,9845,9340,16797,15817,19671,19580,23922,24613,27689,28777,20361,23268,14922,18661,4377,7618,10,3,3351,3410,6859,7398,8985,10534,12619,15054,18100,20121,15741,18313,12856,16271,4137,7181,194126,133319,29848,17956,54952,23098,6530,34,40
2021-06-24T23:59:59+02:00,109,101,9717,9216,16613,15691,19537,19455,23800,24524,27631,28716,20347,23252,14915,18652,4376,7616,9,3,3226,3268,6639,7067,8672,10081,12084,14428,17546,19410,15517,18081,12708,16140,4134,7169,193285,130912,29507,17097,54951,21641,6492,34,40
2021-06-23T23:59:59+02:00,103,96,9588,9077,16471,15563,19419,19353,23703,24418,27564,28669,20332,23230,14911,18647,4373,7615,9,3,3023,3031,6283,6584,8169,9510,11380,13603,16781,18425,15220,17738,12557,15998,4124,7144,192360,126350,29343,16118,54940,20620,6455,34,39
2021-06-22T23:59:59+02:00,72,70,9299,8775,16238,15364,19234,19202,23556,24293,27493,28585,20307,23204,14903,18628,4369,7609,9,3,2789,2747,5800,6039,7545,8748,10464,12558,15759,17220,14923,17379,12450,15874,4111,7121,190671,119910,29139,15627,54936,19545,6422,33,35
2021-06-21T23:59:59+02:00,68,62,9172,8620,16063,15211,19044,19049,23424,24170,27432,28507,20283,23175,14898,18618,4369,7605,9,3,2642,2556,5419,5578,7082,8162,9733,11682,15030,16288,14645,17065,12341,15753,4106,7104,189468,115213,28918,15069,54933,18464,6418,33,34
2021-06-20T23:59:59+02:00,65,60,9035,8493,15925,15091,18932,18962,23350,24099,27392,28456,20272,23154,14887,18611,4366,7604,9,3,2582,2488,5249,5396,6868,7896,9425,11345,14663,15883,14509,16930,12301,15716,4101,7098,188573,113503,28803,14834,54932,17678,6413,33,34
2021-06-19T23:59:59+02:00,65,60,9034,8486,15921,15082,18929,18962,23348,24098,27392,28455,20272,23154,14887,18611,4366,7604,9,3,2579,2487,5248,5390,6866,7894,9424,11344,14661,15879,14507,16930,12301,15716,4101,7098,188549,113483,28800,14830,54931,17677,6413,33,34
2021-06-18T23:59:59+02:00,65,56,9002,8474,15908,15073,18913,18954,23341,24089,27386,28450,20272,23151,14886,18611,4366,7604,9,3,2551,2454,5192,5332,6788,7794,9327,11186,14490,15651,14428,16829,12290,15694,4099,7095,188426,112700,28799,14829,54930,17236,6413,33,34
2021-06-17T23:59:59+02:00,58,53,8821,8311,15677,14905,18713,18797,23184,23957,27251,28356,20248,23130,14879,18599,4364,7601,9,3,2411,2305,4869,5031,6398,7389,8782,10583,13660,14778,14190,16534,12217,15571,4095,7084,187087,109818,28794,13878,54923,16112,6067,33,34
2021-06-16T23:59:59+02:00,50,51,8595,8100,15445,14675,18502,18598,22992,23788,27145,28246,20219,23087,14865,18579,4360,7595,9,3,2298,2198,4628,4826,6043,7048,8250,10095,12942,13934,13839,16152,12132,15482,4090,7072,185306,106356,28691,13077,54920,15632,5942,33,34
2021-06-15T23:59:59+02:00,41,38,8252,7766,15069,14317,18181,18309,22741,23576,26985,28114,20189,23053,14852,18564,4358,7584,9,3,2118,2028,4278,4475,5537,6483,7368,9205,11747,12651,13297,15533,12011,15319,4075,7049,182714,100106,28653,12411,54918,14964,5671,33,34
2021-06-14T23:59:59+02:00,35,33,8071,7601,14809,14082,17977,18136,22589,23454,26872,28032,20166,23020,14838,18556,4354,7576,7,3,2005,1905,4021,4224,5149,6012,6709,8482,10821,11593,12979,15183,11940,15222,4065,7030,181127,95255,28627,12049,54915,14513,5499,33,34
2021-06-13T23:59:59+02:00,35,33,7997,7546,14725,13992,17861,18025,22506,23376,26843,28002,20153,23009,14834,18550,4354,7576,5,3,1963,1879,3939,4127,5030,5872,6475,8244,10526,11260,12822,15005,11882,15165,4064,7029,180369,93877,28616,11758,54911,14133,5488,33,34
2021-06-12T23:59:59+02:00,35,33,7996,7544,14725,13990,17861,18025,22504,23375,26842,27999,20152,23008,14834,18550,4354,7576,5,3,1962,1877,3937,4127,5028,5871,6472,8239,10522,11254,12819,15004,11882,15163,4064,7029,180356,93853,28616,11758,54910,14125,5488,33,34
2021-06-11T23:59:59+02:00,35,32,7931,7503,14635,13943,17784,17974,22435,23339,26798,27976,20150,23004,14834,18549,4354,7576,5,3,1945,1863,3902,4069,4984,5804,6411,8156,10422,11148,12779,14968,11871,15157,4064,7029,180016,93634,28538,11750,54909,13806,5356,33,34
2021-06-10T23:59:59+02:00,30,25,7591,7207,14241,13578,17351,17597,22105,23058,26602,27795,20106,22959,14821,18531,4351,7564,3,3,1845,1782,3687,3903,4708,5529,6085,7787,9804,10538,12259,14308,11801,15049,4057,7022,177418,90468,28039,11370,54898,13176,5124,33,32
2021-06-09T23:59:59+02:00,29,22,7226,6859,13779,13147,16834,17132,21715,22688,26385,27581,20032,22889,14803,18496,4348,7556,3,3,1683,1667,3492,3724,4453,5261,5696,7379,9027,9823,11592,13471,11681,14907,4047,7010,174181,86214,27494,10737,54886,13009,4927,33,32
2021-06-08T23:59:59+02:00,24,18,6850,6458,13266,12659,16366,16661,21355,22347,26168,27379,19975,22809,14772,18461,4346,7549,3,3,1592,1593,3274,3492,4130,4908,5185,6890,8143,8901,10706,12392,11537,14748,4043,6994,170770,80551,26999,10439,54877,12729,4784,33,31
2021-06-07T23:59:59+02:00,21,15,6576,6176,12824,12285,15967,16262,21030,22050,26005,27221,19938,22755,14751,18441,4339,7543,3,3,1532,1522,3080,3320,3856,4680,4781,6512,7429,8147,9791,11244,11425,14601,4032,6976,168210,75804,26571,10064,54856,12506,4529,33,31
2021-06-06T23:59:59+02:00,21,15,6435,6044,12681,12130,15805,16106,20864,21887,25918,27134,19918,22718,14740,18431,4338,7539,3,3,1517,1499,3006,3279,3762,4615,4674,6431,7287,8015,9532,10975,11379,14552,4029,6971,166984,75117,26464,9640,54835,12333,4408,33,31
2021-06-05T23:59:59+02:00,21,15,6425,6040,12667,12115,15795,16097,20861,21882,25918,27131,19918,22718,14740,18431,4338,7539,3,3,1515,1497,3003,3277,3761,4614,4671,6431,7282,8009,9524,10970,11379,14552,4029,6971,166924,75085,26451,9638,54835,12329,4408,33,31
2021-06-04T23:59:59+02:00,21,15,6390,6000,12606,12066,15735,16046,20833,21850,25898,27114,19914,22712,14737,18431,4338,7539,3,3,1512,1491,2990,3265,3742,4598,4661,6415,7244,7965,9492,10900,11341,14511,4028,6970,166818,74802,26193,9624,54810,12283,4391,33,31
2021-06-03T23:59:59+02:00,21,14,6157,5776,12307,11816,15412,15735,20500,21511,25641,26902,19867,22638,14717,18410,4337,7535,2,3,1470,1448,2915,3198,3644,4517,4549,6314,7045,7779,9112,10448,11290,14437,4028,6965,164336,73491,25946,9324,54807,12144,4174,33,31
2021-06-02T23:59:59+02:00,21,14,6090,5717,12234,11753,15339,15666,20428,21449,25624,26878,19863,22635,14714,18407,4336,7534,2,3,1457,1437,2895,3181,3627,4502,4513,6296,7010,7741,9031,10337,11281,14412,4027,6964,163978,73120,25765,9315,54806,12133,4120,33,28
2021-06-01T23:59:59+02:00,17,14,5637,5224,11499,11054,14515,14932,19710,20783,25212,26495,19773,22546,14680,18360,4328,7526,2,3,1345,1329,2597,2909,3248,4169,4023,5837,6179,6935,7839,8708,11035,14066,4013,6947,158944,67697,25111,8407,54778,11616,3439,33,25
2021-05-31T23:59:59+02:00,15,14,5389,4925,11058,10629,13987,14439,19231,20283,24906,26157,19681,22460,14642,18314,4319,7510,2,3,1285,1274,2443,2776,3046,3998,3737,5543,5619,6400,6820,7421,10790,13747,4004,6913,155479,63649,24422,7486,54771,11407,3254,33,25
2021-05-30T23:59:59+02:00,15,14,5311,4850,10871,10505,13820,14261,18882,19959,24663,25909,19650,22430,14634,18294,4318,7508,2,3,1266,1260,2414,2741,2998,3952,3669,5487,5515,6309,6644,7189,10752,13672,4001,6903,153982,62902,23917,7423,54743,11208,3219,33,25
2021-05-29T23:59:59+02:00,15,14,5308,4850,10871,10501,13815,14258,18882,19958,24662,25906,19650,22430,14634,18294,4318,7508,2,3,1265,1256,2412,2738,2994,3949,3669,5485,5513,6307,6639,7186,10752,13672,4001,6903,153963,62890,23917,7419,54742,11194,3219,33,24
2021-05-28T23:59:59+02:00,15,14,5292,4836,10850,10464,13788,14238,18865,19940,24653,25896,19648,22427,14632,18291,4318,7507,2,3,1259,1255,2411,2731,2991,3947,3662,5479,5498,6291,6622,7169,10743,13650,4000,6899,153772,62784,23915,7419,54738,11170,3216,33,23
2021-05-27T23:59:59+02:00,12,13,4999,4557,10322,10008,13202,13709,18175,19326,24072,25360,19548,22312,14599,18245,4307,7495,2,3,1096,1115,2125,2536,2690,3658,3365,5123,5169,6011,6321,6752,10515,13366,3995,6883,150505,60927,22928,7382,54630,10228,2165,33,23
2021-05-26T23:59:59+02:00,12,13,4736,4304,9889,9629,12685,13189,17561,18717,23438,24684,19424,22162,14552,18190,4301,7478,2,3,1017,1033,1964,2384,2490,3459,3102,4879,4781,5659,5761,6102,10140,12828,3979,6847,146413,57769,22171,7344,54508,9455,1839,33,23
2021-05-25T23:59:59+02:00,12,12,4522,4077,9477,9157,12228,12681,17024,18139,22918,24045,19292,21990,14520,18111,4292,7464,2,3,970,988,1901,2294,2380,3322,2929,4674,4435,5281,5174,5368,9686,12227,3963,6822,142379,54202,21337,7329,54377,9030,1835,33,23
2021-05-24T23:59:59+02:00,12,12,4410,3920,9266,8953,12024,12421,16722,17820,22588,23641,19216,21911,14505,18091,4290,7463,2,3,953,938,1840,2250,2305,3261,2842,4592,4312,5164,5028,5208,9596,12099,3960,6814,140872,53488,20379,7274,54201,8603,1780,33,22
2021-05-23T23:59:59+02:00,12,12,4398,3920,9260,8950,12011,12411,16711,17813,22572,23620,19211,21906,14504,18089,4290,7463,2,3,951,933,1838,2245,2301,3259,2835,4587,4304,5147,5021,5194,9587,12086,3959,6813,140765,53407,20376,7261,54200,8597,1779,33,21
2021-05-22T23:59:59+02:00,12,12,4394,3917,9256,8947,12003,12405,16706,17809,22569,23618,19211,21906,14504,18089,4290,7463,2,3,951,933,1837,2242,2298,3259,2834,4587,4304,5145,5019,5193,9586,12086,3959,6813,140735,53400,20376,7261,54188,8590,1779,33,21
2021-05-21T23:59:59+02:00,12,12,4362,3881,9185,8871,11929,12318,16616,17734,22504,23550,19192,21887,14500,18082,4290,7461,2,3,905,924,1805,2232,2265,3249,2802,4562,4255,5116,4995,5169,9573,12079,3958,6812,140077,53327,20376,7261,54169,8366,1731,33,21
2021-05-20T23:59:59+02:00,9,11,4108,3702,8733,8511,11448,11902,15947,17230,21921,22970,19007,21719,14468,18043,4285,7450,2,3,759,861,1546,2071,2023,3090,2559,4340,4005,4883,4838,5006,9457,11933,3950,6788,136680,52596,19998,7162,53749,7332,1004,33,20
2021-05-19T23:59:59+02:00,9,11,3866,3463,8234,8046,10871,11356,15274,16521,21243,22245,18807,21488,14427,17993,4279,7432,2,3,712,814,1485,1988,1946,2987,2492,4212,3860,4722,4661,4793,9254,11703,3930,6759,131284,51507,19815,7029,53451,6784,983,32,20
2021-05-18T23:59:59+02:00,8,10,3577,3200,7691,7512,10143,10661,14315,15580,20300,21188,18546,21203,14371,17933,4273,7410,2,3,658,766,1431,1902,1870,2876,2362,4070,3682,4519,4389,4501,9051,11452,3917,6732,124250,50272,19716,6828,53013,6156,910,32,17
2021-05-17T23:59:59+02:00,8,10,3388,2992,7232,7047,9637,10119,13586,14793,19615,20387,18360,20940,14323,17867,4262,7395,2,3,602,710,1350,1839,1795,2795,2249,3994,3545,4405,4142,4270,8907,11238,3904,6703,119013,49464,19475,6614,52547,5464,894,32,17
2021-05-16T23:59:59+02:00,8,9,3260,2919,7028,6873,9434,9904,13332,14558,19386,20157,18283,20860,14309,17848,4261,7389,2,3,589,665,1310,1790,1751,2733,2211,3901,3480,4321,4051,4168,8886,11209,3902,6701,117394,49313,19236,6446,52266,5007,890,32,17
2021-05-15T23:59:59+02:00,8,9,3259,2915,7021,6864,9432,9898,13329,14556,19383,20147,18281,20859,14309,17848,4261,7389,2,3,589,665,1307,1788,1747,2732,2208,3901,3479,4321,4049,4166,8886,11209,3902,6700,117349,49303,19236,6445,52263,5001,888,32,17
2021-05-14T23:59:59+02:00,8,9,3218,2870,6902,6722,9301,9760,13176,14372,19211,20010,18256,20833,14308,17840,4260,7386,2,3,569,652,1285,1766,1717,2710,2174,3874,3433,4284,3997,4107,8878,11202,3902,6699,116932,49259,18486,6289,52177,4874,815,32,17
2021-05-13T23:59:59+02:00,8,9,3102,2712,6576,6399,8863,9362,12626,13890,18609,19413,18127,20689,14275,17803,4255,7384,1,2,536,628,1234,1710,1661,2637,2087,3769,3282,4164,3893,3970,8855,11182,3899,6695,114044,49161,17790,5898,51571,4465,666,31,15
2021-05-12T23:59:59+02:00,8,9,3075,2681,6542,6361,8814,9308,12485,13777,18425,19209,18094,20655,14267,17793,4255,7384,1,2,535,626,1232,1705,1655,2633,2077,3763,3268,4156,3880,3956,8847,11175,3899,6694,113331,49132,17564,5868,51553,4426,663,31,15
2021-05-11T23:59:59+02:00,6,9,2689,2425,5747,5866,7840,8495,11090,12609,16858,17732,17590,20091,14183,17688,4237,7361,0,2,497,567,1103,1598,1489,2477,1891,3585,3047,3893,3771,3842,8779,11082,3894,6689,105926,48890,16940,5671,49482,3492,138,30,15
2021-05-10T23:59:59+02:00,6,7,2504,2259,5271,5486,7147,7869,10059,11694,15559,16361,17210,19639,14120,17574,4229,7337,0,2,473,542,1059,1559,1445,2423,1829,3483,2928,3762,3688,3769,8740,11034,3890,6685,100113,48770,16030,5440,48025,2953,133,30,15
2021-05-09T23:59:59+02:00,6,7,2424,2227,5134,5402,6962,7750,9648,11354,15013,15831,17092,19499,14100,17545,4226,7332,0,2,458,524,1025,1501,1374,2339,1770,3361,2816,3608,3602,3676,8717,11001,3887,6682,98535,48683,15441,5169,47416,2346,130,30,15
2021-05-08T23:59:59+02:00,6,7,2420,2225,5132,5402,6960,7747,9643,11350,15011,15830,17092,19499,14100,17545,4226,7332,0,2,457,523,1024,1501,1374,2338,1770,3361,2815,3607,3600,3676,8716,11001,3887,6682,98515,48677,15438,5169,47414,2343,130,30,15
2021-05-07T23:59:59+02:00,6,7,2250,2162,4861,5307,6596,7594,9193,11137,14568,15509,16915,19297,14088,17516,4226,7330,0,2,447,521,1013,1488,1359,2324,1735,3351,2766,3573,3554,3636,8636,10920,3887,6679,97807,48653,14919,4818,45680,2279,126,30,15
2021-05-06T23:59:59+02:00,6,7,2018,2029,4314,4963,5937,7219,8422,10577,13595,14689,16517,18847,14039,17422,4214,7317,0,2,417,473,972,1388,1272,2160,1627,3127,2543,3291,3376,3436,8457,10727,3878,6665,95220,48211,13685,4210,43141,1318,57,29,15
2021-05-05T23:59:59+02:00,6,7,1895,1920,4033,4739,5507,6848,7729,9986,12476,13632,15839,18011,13935,17320,4205,7293,0,2,409,459,958,1360,1244,2118,1592,3051,2482,3207,3325,3396,8378,10628,3872,6655,90811,48076,12365,4060,42136,944,41,28,15
2021-05-04T23:59:59+02:00,6,7,1810,1835,3768,4503,5097,6492,7063,9411,11258,12388,14921,16883,13826,17183,4201,7279,0,2,404,449,940,1339,1225,2075,1574,3012,2438,3152,3279,3347,8290,10516,3866,6641,85000,47933,11728,3861,41149,712,28,26,15
2021-05-03T23:59:59+02:00,5,7,1760,1781,3616,4378,4865,6280,6680,9079,10530,11652,14194,15902,13738,17068,4192,7262,0,2,398,439,934,1324,1210,2042,1553,2970,2405,3106,3226,3307,8175,10414,3861,6635,80570,47802,11524,3640,40847,523,22,26,14
2021-05-02T23:59:59+02:00,5,7,1750,1763,3542,4351,4780,6227,6609,9018,10411,11537,14007,15708,13706,17041,4191,7257,0,2,396,429,927,1309,1206,2025,1549,2956,2389,3089,3208,3288,8137,10382,3860,6631,80007,47774,11247,3540,40613,438,17,26,14
2021-05-01T23:59:59+02:00,5,7,1747,1763,3540,4350,4779,6225,6606,9016,10406,11533,14004,15708,13705,17040,4191,7254,0,2,395,429,927,1309,1205,2024,1549,2955,2389,3089,3208,3288,8137,10382,3860,6630,79978,47770,11247,3540,40612,438,16,26,14
2021-04-30T23:59:59+02:00,5,7,1744,1755,3534,4341,4772,6213,6585,9001,10367,11494,13953,15634,13679,17009,4190,7253,0,2,395,427,925,1307,1205,2024,1549,2955,2386,3087,3208,3286,8136,10380,3860,6630,79648,47762,11246,3539,40602,432,15,25,14
2021-04-29T23:59:59+02:00,5,7,1624,1714,3294,4226,4496,6058,6266,8750,9950,11100,13370,14929,13575,16852,4184,7245,0,2,386,416,916,1284,1185,1990,1524,2919,2357,3039,3194,3275,8123,10362,3857,6626,76859,47647,10860,3537,39888,243,14,24,14
2021-04-28T23:59:59+02:00,5,7,1499,1666,3119,4125,4263,5879,5909,8477,9362,10608,12490,13747,13419,16642,4175,7231,0,2,377,405,899,1271,1169,1961,1486,2875,2286,2969,3037,3139,8009,10246,3850,6615,72357,47220,10675,3121,39556,229,12,23,14
2021-04-27T23:59:59+02:00,5,7,1461,1621,3010,4007,4060,5737,5603,8219,8739,9938,11452,12435,13189,16285,4164,7209,0,2,365,389,889,1250,1154,1925,1459,2802,2239,2908,2998,3094,7981,10214,3843,6610,67548,47002,10489,2947,39072,147,12,20,14
2021-04-26T23:59:59+02:00,5,7,1436,1586,2899,3929,3888,5594,5290,8005,8247,9496,10694,11507,13044,16080,4153,7191,0,2,364,384,879,1239,1137,1914,1429,2781,2210,2877,2948,3042,7931,10164,3837,6605,64128,46898,10299,2693,38592,126,12,20,14
2021-04-25T23:59:59+02:00,5,7,1425,1579,2829,3897,3791,5534,5152,7958,8051,9387,10496,11270,13007,16026,4152,7186,0,2,363,379,870,1233,1119,1898,1414,2762,2186,2850,2906,3009,7883,10116,3836,6600,63612,46815,10096,2485,38012,100,12,20,14
2021-04-24T23:59:59+02:00,5,7,1424,1579,2829,3894,3790,5533,5150,7956,8047,9383,10489,11266,13007,16026,4152,7186,0,2,363,379,870,1232,1119,1895,1412,2761,2185,2850,2906,3009,7883,10116,3836,6600,63584,46809,10096,2484,38011,99,12,20,14
2021-04-23T23:59:59+02:00,5,7,1407,1568,2760,3860,3707,5503,5032,7908,7910,9323,10402,11152,12983,15985,4150,7182,0,2,362,379,869,1229,1119,1895,1411,2761,2185,2850,2905,3009,7882,10116,3836,6600,63445,46803,9816,2483,37551,98,12,20,14
2021-04-22T23:59:59+02:00,5,7,1364,1538,2652,3796,3546,5396,4799,7753,7557,9086,9827,10455,12716,15686,4144,7158,0,2,356,378,860,1220,1109,1882,1399,2734,2157,2829,2869,2976,7792,10006,3824,6583,61809,46387,9156,2474,36488,89,12,20,14
2021-04-21T23:59:59+02:00,5,7,1332,1501,2571,3714,3427,5294,4580,7573,7145,8759,8934,9422,12300,15107,4131,7116,0,2,351,376,855,1203,1100,1861,1381,2704,2126,2801,2810,2919,7677,9838,3806,6555,59065,45901,8287,2349,35534,89,12,20,14
2021-04-20T23:59:59+02:00,4,7,1309,1474,2500,3640,3327,5197,4406,7390,6760,8425,8040,8292,11835,14517,4117,7102,0,2,345,371,843,1190,1090,1839,1356,2681,2092,2758,2749,2862,7526,9649,3774,6500,56203,45176,7521,2343,34588,83,11,19,14
2021-04-19T23:59:59+02:00,4,7,1292,1457,2465,3603,3266,5130,4296,7287,6521,8190,7403,7516,11582,14161,4106,7084,0,2,343,369,837,1180,1084,1827,1333,2668,2058,2730,2694,2818,7409,9482,3751,6461,54246,44613,7147,2329,33947,79,11,19,14
2021-04-18T23:59:59+02:00,4,6,1282,1445,2432,3577,3226,5108,4243,7231,6385,8059,7049,7128,11488,14057,4103,7072,0,2,343,367,835,1176,1083,1819,1331,2655,2052,2725,2688,2804,7382,9449,3749,6457,53721,44487,6688,2326,33456,79,11,19,14
2021-04-17T23:59:59+02:00,4,6,1281,1443,2432,3575,3225,5104,4238,7228,6378,8049,7034,7118,11486,14055,4103,7072,0,2,343,367,834,1175,1083,1819,1329,2654,2051,2723,2685,2801,7381,9449,3749,6457,53699,44474,6686,2325,33417,79,11,18,13
2021-04-16T23:59:59+02:00,4,6,1278,1441,2421,3566,3217,5096,4219,7209,6327,8016,6957,7033,11473,14041,4101,7070,0,2,343,365,829,1173,1081,1819,1327,2653,2048,2723,2684,2794,7379,9447,3748,6457,53640,44448,6448,2321,33358,79,11,18,13
2021-04-15T23:59:59+02:00,2,4,1242,1421,2366,3517,3122,5037,4058,7081,6069,7783,6415,6476,11223,13753,4086,7038,0,2,336,363,810,1153,1042,1759,1282,2581,1974,2628,2604,2722,7290,9358,3738,6440,52552,43853,6058,2135,32054,73,11,18,10
2021-04-14T23:59:59+02:00,2,4,1221,1407,2330,3489,3052,4974,3950,6977,5879,7574,5771,5773,10830,13261,4054,6988,0,2,328,360,798,1143,1024,1732,1250,2540,1923,2576,2525,2652,7140,9162,3719,6414,51142,43184,5850,2011,30516,73,10,18,10
2021-04-13T23:59:59+02:00,2,4,1206,1396,2297,3458,2995,4910,3839,6897,5630,7353,5232,5221,10489,12848,4031,6960,0,2,307,346,779,1113,1002,1711,1226,2504,1885,2535,2459,2586,7021,9024,3683,6353,50110,42494,5645,1952,28985,70,10,18,10
2021-04-12T23:59:59+02:00,2,4,1191,1389,2270,3435,2944,4865,3710,6815,5421,7203,4903,4928,10237,12567,4022,6936,0,2,291,342,766,1108,985,1695,1212,2481,1834,2489,2381,2525,6906,8882,3669,6330,49639,41914,5445,1903,27733,63,8,17,10
2021-04-11T23:59:59+02:00,2,4,1185,1375,2250,3414,2911,4845,3649,6744,5277,7092,4670,4728,10051,12368,4016,6925,0,2,284,340,761,1100,976,1680,1201,2453,1812,2457,2327,2466,6822,8774,3655,6310,49551,41499,5208,1842,26726,62,7,14,10
2021-04-10T23:59:59+02:00,2,4,1185,1374,2247,3409,2908,4841,3643,6740,5267,7080,4664,4717,10043,12355,4016,6925,0,2,281,336,745,1093,962,1675,1177,2432,1740,2405,2239,2380,6763,8727,3653,6306,49495,41327,5206,1512,26699,61,6,14,10
2021-04-09T23:59:59+02:00,2,4,1181,1371,2240,3407,2899,4831,3634,6729,5238,7056,4639,4689,10016,12324,4015,6925,0,2,272,333,725,1083,946,1654,1143,2385,1648,2329,2019,2111,6608,8567,3631,6273,49417,40472,5200,1180,26563,61,6,14,10
2021-04-08T23:59:59+02:00,2,4,1157,1351,2187,3351,2813,4741,3492,6599,5001,6823,4246,4281,9471,11749,3996,6871,0,2,247,311,675,1024,888,1581,1070,2289,1512,2209,1741,1774,6139,8004,3543,6126,48951,37892,4670,1177,24494,50,6,14,10
2021-04-07T23:59:59+02:00,2,4,1147,1337,2153,3333,2771,4704,3403,6536,4836,6688,3953,3977,8908,11197,3979,6842,0,2,214,282,615,969,827,1508,1010,2229,1406,2110,1600,1598,5539,7301,3454,5969,48736,35397,4194,1173,22822,49,4,14,10
2021-04-06T23:59:59+02:00,2,4,1125,1319,2109,3307,2732,4671,3338,6488,4710,6594,3696,3722,8417,10686,3963,6811,0,2,206,277,586,949,802,1460,964,2171,1323,2023,1453,1409,4949,6507,3339,5763,48537,32960,3658,1165,21482,46,3,14,9
2021-04-05T23:59:59+02:00,2,4,1122,1315,2102,3304,2722,4669,3322,6473,4687,6575,3664,3695,8386,10648,3959,6809,0,2,203,265,579,932,783,1436,948,2134,1283,1984,1406,1346,4734,6238,3291,5706,48444,32049,3652,1163,21345,46,3,14,9
2021-04-04T23:59:59+02:00,2,4,1122,1314,2102,3302,2722,4667,3322,6473,4685,6574,3657,3691,8384,10646,3959,6809,0,2,203,265,578,932,783,1436,948,2134,1283,1983,1406,1346,4733,6238,3291,5706,48433,32046,3650,1163,21335,46,3,14,9
2021-04-03T23:59:59+02:00,2,4,1122,1314,2101,3302,2722,4667,3322,6473,4685,6574,3656,3689,8384,10645,3959,6809,0,2,203,265,578,931,783,1436,948,2134,1283,1983,1406,1346,4733,6238,3291,5706,48432,32045,3649,1163,21332,46,3,14,9
2021-04-02T23:59:59+02:00,2,4,1122,1314,2101,3300,2722,4666,3321,6469,4685,6572,3653,3685,8382,10644,3959,6809,0,2,203,265,578,931,783,1434,948,2133,1283,1982,1406,1344,4730,6236,3290,5706,48413,32034,3649,1162,21331,46,3,14,9
2021-04-01T23:59:59+02:00,1,4,1109,1279,2035,3181,2613,4466,3172,6219,4525,6333,3609,3648,8282,10537,3948,6792,0,2,198,256,574,922,772,1428,938,2119,1260,1967,1385,1317,4490,5916,3170,5539,48037,31044,3643,1158,20056,39,3,14,9
2021-03-31T23:59:59+02:00,1,4,1092,1250,1996,3082,2538,4323,3081,6007,4394,6103,3524,3565,8129,10340,3928,6756,0,2,190,253,567,911,768,1410,926,2099,1219,1934,1329,1254,3995,5310,3042,5303,47427,29306,3514,1158,19155,38,3,14,7
2021-03-30T23:59:59+02:00,1,3,1069,1217,1944,2899,2436,4099,2931,5649,4193,5714,3430,3470,7964,10135,3901,6702,0,2,186,248,558,901,757,1388,904,2079,1170,1889,1242,1169,3466,4589,2818,4966,46786,27135,3348,1158,17606,29,3,14,7
2021-03-29T23:59:59+02:00,1,3,1052,1174,1880,2771,2352,3942,2793,5395,4030,5437,3330,3370,7801,9905,3872,6654,0,2,185,243,552,890,746,1374,886,2055,1133,1861,1165,1081,2881,3905,2641,4671,46138,25091,3112,1152,16496,19,2,14,7
2021-03-28T23:59:59+02:00,1,3,1033,1142,1809,2608,2270,3738,2672,5100,3878,5160,3265,3304,7736,9842,3868,6649,0,2,185,243,550,887,745,1372,884,2049,1130,1858,1156,1069,2826,3838,2628,4644,46031,24894,2903,1150,15128,14,2,14,6
2021-03-27T23:59:59+01:00,1,3,1033,1142,1809,2607,2269,3737,2669,5100,3875,5160,3261,3303,7735,9842,3868,6649,0,2,185,243,549,887,745,1372,883,2049,1127,1858,1156,1069,2826,3838,2628,4644,46022,24889,2903,1150,15123,14,2,13,6
2021-03-26T23:59:59+01:00,1,3,1028,1117,1766,2492,2205,3579,2606,4889,3789,4936,3240,3287,7732,9837,3867,6648,0,2,185,242,549,887,744,1372,883,2049,1127,1855,1152,1068,2823,3832,2627,4641,45994,24868,2900,1150,14113,12,2,13,6
2021-03-25T23:59:59+01:00,1,3,1003,1086,1715,2389,2122,3410,2498,4660,3676,4738,3138,3195,7604,9703,3860,6634,0,2,183,240,544,885,737,1363,877,2031,1110,1831,1106,1024,2594,3484,2428,4348,45734,23618,2562,1150,13127,12,1,11,6
2021-03-24T23:59:59+01:00,1,3,980,1066,1695,2346,2091,3361,2461,4593,3633,4668,3050,3124,7474,9531,3841,6616,0,2,183,235,538,880,729,1352,865,2016,1091,1811,1066,981,2198,2936,2033,3825,45190,21574,2432,1148,12900,12,1,11,6
2021-03-23T23:59:59+01:00,1,3,969,1060,1677,2313,2067,3327,2426,4549,3592,4618,2983,3051,7380,9427,3823,6588,0,2,181,232,534,875,722,1340,851,1997,1054,1779,984,889,1832,2445,1681,3358,44672,19623,2421,1114,12750,12,1,10,6
2021-03-22T23:59:59+01:00,1,3,967,1051,1663,2295,2053,3309,2404,4520,3555,4576,2939,3017,7317,9357,3809,6571,0,2,178,229,532,864,706,1317,837,1983,1025,1752,935,817,1354,1869,1326,2865,44337,17515,2399,1057,12660,12,1,10,6
2021-03-21T23:59:59+01:00,1,3,967,1050,1662,2292,2053,3306,2400,4516,3543,4568,2925,3008,7270,9302,3802,6565,0,2,178,226,530,862,705,1313,835,1979,1014,1747,912,798,1276,1784,1270,2796,44188,17212,2395,996,12639,12,1,10,6
2021-03-20T23:59:59+01:00,1,3,966,1049,1661,2291,2053,3306,2400,4515,3541,4566,2924,3007,7270,9301,3802,6565,0,2,178,226,530,862,705,1313,835,1979,1001,1732,877,770,1244,1761,1261,2794,44184,17209,2391,842,12635,12,1,10,6
2021-03-19T23:59:59+01:00,1,3,965,1041,1654,2277,2042,3302,2397,4509,3534,4559,2914,2996,7258,9284,3801,6562,0,2,178,224,529,862,705,1311,835,1978,994,1727,833,732,1181,1709,1251,2783,44122,17165,2387,650,12579,12,1,10,6
2021-03-18T23:59:59+01:00,1,3,929,1009,1577,2163,1918,3133,2248,4260,3305,4309,2761,2838,6956,8919,3735,6460,0,2,177,223,524,857,698,1303,826,1967,971,1710,815,709,1104,1600,1106,2577,42726,16579,2075,571,11712,12,1,10,6
2021-03-17T23:59:59+01:00,1,3,876,977,1506,2103,1855,3067,2183,4200,3209,4214,2623,2703,6529,8425,3670,6345,0,2,176,221,520,852,696,1299,822,1962,966,1702,786,690,969,1447,951,2361,40948,15833,2070,570,11460,12,1,10,6
2021-03-16T23:59:59+01:00,1,3,851,953,1472,2061,1817,3017,2129,4143,3113,4116,2489,2544,6050,7773,3579,6194,0,0,170,218,516,851,692,1292,817,1953,958,1689,781,677,881,1321,807,2196,38945,15230,2007,570,11343,12,1,9,6
2021-03-15T23:59:59+01:00,1,3,834,947,1454,2036,1779,2961,2091,4072,3012,4007,2355,2373,5562,7228,3506,6077,0,0,169,217,516,843,690,1283,813,1943,948,1673,770,667,811,1210,651,1991,37168,14645,1906,532,11215,12,0,9,6
2021-03-14T23:59:59+01:00,1,3,829,932,1430,2009,1754,2932,2060,4012,2949,3938,2176,2176,5377,7001,3475,6044,0,0,169,217,515,840,688,1272,812,1936,945,1664,752,658,795,1191,627,1936,36143,14500,1805,508,11141,3,0,9,6
2021-03-13T23:59:59+01:00,1,3,821,924,1409,1998,1737,2919,2032,3984,2874,3890,2104,2102,5328,6946,3473,6043,0,0,169,217,515,839,688,1272,811,1936,945,1664,752,658,795,1191,627,1936,35889,14498,1557,508,11133,3,0,9,6
2021-03-12T23:59:59+01:00,1,3,797,908,1363,1939,1673,2821,1933,3833,2716,3723,1907,1863,5141,6722,3441,6000,0,0,169,217,514,839,688,1272,810,1936,945,1663,743,655,782,1175,619,1933,34555,14444,1314,507,10906,3,0,9,6
2021-03-11T23:59:59+01:00,1,3,763,847,1294,1854,1589,2672,1849,3633,2554,3551,1640,1553,4772,6249,3305,5817,0,0,160,210,508,830,677,1263,795,1900,925,1621,612,593,712,1132,599,1901,32436,13937,1214,494,10287,2,0,9,5
2021-03-10T23:59:59+01:00,1,3,748,795,1271,1796,1557,2615,1798,3562,2472,3462,1568,1464,4299,5704,3186,5563,0,0,160,208,499,809,659,1249,785,1880,918,1605,543,577,679,1123,592,1895,30614,13784,1208,390,10033,2,0,9,5
2021-03-09T23:59:59+01:00,1,3,734,774,1249,1766,1530,2569,1758,3511,2398,3410,1473,1366,3736,4949,2993,5253,0,0,157,206,493,788,649,1225,771,1848,906,1577,539,575,677,1118,589,1889,28425,13722,1205,278,9834,2,0,9,5
2021-03-08T23:59:59+01:00,0,3,730,746,1236,1746,1512,2548,1730,3472,2358,3367,1379,1264,3058,4117,2756,4883,0,0,153,203,479,765,627,1193,752,1798,882,1540,536,573,677,1117,589,1889,25955,13714,1205,54,9736,0,0,9,5
2021-03-07T23:59:59+01:00,0,3,727,742,1226,1736,1504,2532,1719,3464,2346,3359,1366,1248,2956,3994,2733,4834,0,0,153,203,479,765,627,1193,752,1798,882,1540,536,573,677,1117,589,1889,25601,13714,1203,54,9676,0,0,9,5
2021-03-06T23:59:59+01:00,0,3,726,742,1224,1731,1501,2529,1715,3461,2341,3358,1363,1248,2956,3994,2733,4834,0,0,152,203,479,765,627,1193,752,1798,882,1540,536,573,677,1117,589,1889,25596,13713,1203,54,9651,0,0,9,5
2021-03-05T23:59:59+01:00,0,3,665,718,1199,1716,1480,2519,1690,3446,2312,3348,1357,1245,2948,3988,2730,4829,0,0,152,203,479,764,627,1192,752,1798,882,1537,535,573,677,1117,589,1889,25569,13707,1198,54,9417,0,0,9,5
2021-03-04T23:59:59+01:00,0,3,599,672,1131,1646,1424,2436,1649,3365,2238,3270,1306,1197,2727,3622,2544,4541,0,0,150,197,476,750,616,1180,741,1770,873,1524,524,562,664,1107,584,1880,24338,13542,1190,52,8833,0,0,9,4
2021-03-03T23:59:59+01:00,0,3,562,632,1064,1583,1328,2355,1548,3279,2112,3184,1263,1150,2352,3099,2188,4089,0,0,150,197,474,747,616,1180,740,1766,870,1523,520,559,662,1104,584,1877,22461,13516,1188,50,8135,0,0,7,3
2021-03-02T23:59:59+01:00,0,3,544,598,1026,1537,1270,2311,1490,3227,2015,3122,1179,1047,1983,2620,1793,3566,0,0,148,195,469,741,611,1169,730,1756,865,1502,511,550,651,1081,564,1844,20380,13334,1185,50,7759,0,0,7,3
2021-03-01T23:59:59+01:00,0,3,537,549,1005,1498,1224,2250,1444,3163,1960,3049,1134,973,1484,2024,1405,3020,0,0,146,195,469,740,611,1168,730,1753,864,1502,509,550,647,1072,560,1833,18085,13296,1182,50,7448,0,0,7,3
2021-02-28T23:59:59+01:00,0,3,529,535,987,1458,1198,2188,1416,3105,1905,2976,1113,951,1369,1884,1331,2932,0,0,146,195,468,739,611,1168,729,1751,863,1501,507,550,647,1072,560,1833,17604,13287,1180,50,7089,0,0,7,3
2021-02-27T23:59:59+01:00,0,3,529,533,986,1455,1198,2187,1416,3104,1905,2975,1113,951,1369,1883,1329,2932,0,0,145,195,467,738,608,1166,727,1749,861,1500,507,550,647,1072,560,1833,17601,13286,1180,36,7080,0,0,7,3
2021-02-26T23:59:59+01:00,0,3,389,483,857,1411,1115,2144,1348,3063,1846,2933,1108,945,1366,1882,1329,2930,0,0,145,195,467,738,608,1166,727,1748,861,1499,507,550,647,1072,560,1833,17589,13285,1180,35,6376,0,0,7,3
2021-02-25T23:59:59+01:00,0,3,301,429,762,1316,1031,2053,1248,2890,1707,2770,1070,913,1284,1757,1209,2738,0,0,138,185,455,725,592,1140,720,1722,841,1475,493,536,619,1040,546,1814,16986,13015,1180,24,5308,0,0,7,2
2021-02-24T23:59:59+01:00,0,2,256,385,689,1240,957,1966,1194,2772,1641,2653,1043,893,1161,1611,1053,2519,0,0,135,185,451,721,588,1139,719,1717,840,1471,488,531,611,1035,543,1802,16274,12954,1178,20,4576,0,0,7,2
2021-02-23T23:59:59+01:00,0,2,244,364,669,1181,928,1887,1147,2660,1565,2542,1017,865,1080,1483,910,2354,0,0,135,183,451,720,588,1139,719,1714,838,1470,487,528,609,1034,543,1801,15711,12942,1143,16,4037,0,0,7,1
2021-02-22T23:59:59+01:00,0,0,230,345,646,1151,896,1804,1097,2568,1479,2419,971,835,961,1340,723,2097,0,0,135,183,450,719,586,1138,718,1714,832,1467,486,527,608,1032,542,1799,14957,12930,1070,5,3528,0,0,7,1
2021-02-21T23:59:59+01:00,0,0,224,334,610,1083,846,1698,1054,2467,1399,2311,954,814,928,1288,670,2031,0,0,135,182,447,711,585,1134,718,1709,832,1465,485,527,607,1032,541,1798,14747,12902,1027,5,2930,0,0,7,1
2021-02-20T23:59:59+01:00,0,0,224,331,607,1082,844,1693,1050,2461,1384,2292,918,785,895,1265,662,2029,0,0,135,182,447,711,585,1134,718,1709,832,1465,485,526,606,1032,541,1798,14745,12901,867,5,2903,0,0,7,0
2021-02-19T23:59:59+01:00,0,0,214,323,598,1074,831,1678,1029,2444,1351,2249,673,683,752,1201,637,2012,0,0,135,182,447,709,585,1131,717,1706,829,1462,485,525,606,1031,540,1798,14267,12884,679,4,2796,0,0,7,0
2021-02-18T23:59:59+01:00,0,0,198,274,559,952,746,1451,899,2186,1100,1874,594,615,711,1159,617,1994,0,0,130,182,434,697,570,1113,711,1680,813,1434,482,522,605,1030,540,1798,14107,12737,579,4,1237,0,0,6,0
2021-02-17T23:59:59+01:00,0,0,192,233,537,902,709,1355,840,2018,1015,1742,572,594,711,1156,615,1991,0,0,124,179,422,686,562,1097,692,1648,800,1411,479,520,603,1027,540,1797,14087,12584,579,3,510,0,0,6,0
2021-02-16T23:59:59+01:00,0,0,185,230,529,886,694,1324,820,1979,982,1702,560,589,705,1154,614,1988,0,0,119,174,408,681,551,1081,679,1630,790,1397,473,514,596,1013,532,1766,14056,12402,579,2,300,0,0,6,0
2021-02-15T23:59:59+01:00,0,0,171,221,524,859,688,1290,805,1945,953,1655,559,586,703,1154,614,1988,0,0,116,173,401,671,540,1062,650,1603,776,1379,471,511,596,1013,532,1766,14053,12258,540,2,116,0,0,6,0
2021-02-14T23:59:59+01:00,0,0,166,213,520,846,687,1281,802,1936,935,1647,558,585,703,1151,613,1988,0,0,109,169,390,660,523,1044,631,1588,769,1366,471,509,594,1011,532,1766,14047,12130,538,2,40,0,0,6,0
2021-02-13T23:59:59+01:00,0,0,165,213,519,846,687,1281,802,1936,935,1647,558,585,703,1151,613,1988,0,0,109,169,389,659,523,1044,631,1588,769,1366,471,509,594,1011,532,1766,14046,12128,538,2,39,0,0,6,0
2021-02-12T23:59:59+01:00,0,0,163,212,514,844,686,1278,798,1935,933,1644,557,585,703,1151,613,1988,0,0,106,167,386,653,518,1037,617,1573,766,1349,469,508,582,991,527,1737,14039,11984,537,2,22,0,0,6,0
2021-02-11T23:59:59+01:00,0,0,160,211,510,836,678,1274,795,1931,927,1642,552,579,695,1145,608,1982,0,0,87,131,357,584,471,957,565,1456,722,1255,445,463,538,937,483,1641,13988,11091,524,1,8,0,0,5,0
2021-02-10T23:59:59+01:00,0,0,157,209,500,819,661,1259,783,1903,912,1618,543,573,684,1132,603,1972,0,0,78,120,329,524,445,849,524,1279,647,1097,396,413,471,820,433,1478,13862,9902,460,1,1,0,0,5,0
2021-02-09T23:59:59+01:00,0,0,156,203,492,781,645,1220,763,1842,900,1577,532,561,678,1116,594,1953,0,0,73,103,310,454,410,763,481,1176,583,998,365,358,428,732,399,1357,13748,8990,261,0,0,0,0,4,0
2021-02-08T23:59:59+01:00,0,0,152,199,475,755,623,1185,743,1792,880,1533,526,560,676,1110,590,1937,0,0,59,77,265,386,360,630,422,946,510,818,307,303,362,578,334,1151,13677,7508,55,0,0,0,0,4,0
2021-02-07T23:59:59+01:00,0,0,152,198,473,754,621,1184,742,1784,878,1531,525,560,676,1110,590,1936,0,0,58,69,246,351,341,586,406,914,490,783,307,296,360,571,332,1147,13655,7257,55,0,0,0,0,4,0
2021-02-06T23:59:59+01:00,0,0,152,198,473,754,621,1184,742,1784,878,1531,525,560,676,1110,590,1936,0,0,58,69,246,350,341,586,406,913,488,781,307,295,359,569,331,1147,13655,7246,55,0,0,0,0,4,0
2021-02-05T23:59:59+01:00,0,0,152,198,473,754,621,1184,742,1784,878,1529,525,560,675,1110,590,1936,0,0,56,69,245,347,334,582,398,890,478,761,297,290,348,545,313,1107,13652,7060,55,0,0,0,0,4,0
2021-02-04T23:59:59+01:00,0,0,146,193,469,746,614,1176,738,1770,872,1520,518,553,654,1085,581,1918,0,0,42,52,212,313,292,486,356,749,384,615,232,219,263,379,232,820,13495,5646,54,0,0,0,0,4,0
2021-02-03T23:59:59+01:00,0,0,144,192,462,739,606,1167,734,1756,864,1504,506,545,639,1072,574,1910,0,0,34,33,157,220,238,354,265,572,309,466,182,172,186,283,179,613,13360,4263,51,0,0,0,0,3,0
2021-02-02T23:59:59+01:00,0,0,144,189,460,738,606,1167,731,1750,857,1500,505,543,635,1069,573,1906,0,0,25,27,138,174,193,283,221,436,257,375,142,132,139,211,142,484,13320,3379,51,0,0,0,0,2,0
2021-02-01T23:59:59+01:00,0,0,142,189,459,737,601,1164,730,1742,855,1495,503,541,630,1066,572,1899,0,0,21,19,102,128,139,192,155,303,168,259,90,94,94,134,76,258,13272,2232,51,0,0,0,0,2,0
2021-01-31T23:59:59+01:00,0,0,141,188,459,734,598,1163,730,1738,855,1494,501,540,629,1064,572,1898,0,0,14,15,69,88,97,127,118,226,141,203,85,87,90,126,74,244,13252,1804,51,0,0,0,0,1,0
2021-01-30T23:59:59+01:00,0,0,141,188,458,734,596,1161,729,1737,855,1494,501,540,628,1064,572,1898,0,0,14,15,69,88,97,125,116,222,138,200,84,86,90,120,68,234,13251,1766,44,0,0,0,0,1,0
2021-01-29T23:59:59+01:00,0,0,141,188,458,731,595,1158,727,1735,853,1493,501,540,628,1064,572,1898,0,0,12,15,57,82,80,121,98,211,115,188,79,79,88,116,67,233,13245,1641,36,0,0,0,0,1,0
2021-01-28T23:59:59+01:00,0,0,134,184,445,714,578,1131,721,1708,830,1464,494,534,625,1061,569,1895,0,0,7,3,14,20,25,47,31,97,47,87,46,50,57,86,49,176,13059,842,27,0,0,0,0,1,0
2021-01-27T23:59:59+01:00,0,0,127,181,433,703,570,1121,705,1673,823,1440,491,532,621,1056,569,1890,0,0,3,1,6,12,11,26,13,41,23,31,13,17,25,35,20,55,12909,332,25,0,0,0,0,1,0
2021-01-26T23:59:59+01:00,0,0,120,177,419,692,557,1107,696,1650,811,1419,486,526,615,1039,561,1855,0,0,3,1,6,11,8,24,11,38,17,28,13,15,24,33,20,54,12713,306,16,0,0,0,0,1,0
2021-01-25T23:59:59+01:00,0,0,117,175,410,680,546,1088,669,1622,793,1401,484,522,613,1038,561,1855,0,0,2,1,5,9,8,19,6,29,12,22,9,6,14,22,10,35,12568,209,5,0,0,0,0,1,0
2021-01-24T23:59:59+01:00,0,0,111,172,400,670,531,1070,652,1609,780,1389,483,519,612,1038,561,1855,0,0,2,0,3,6,8,7,4,8,5,9,1,2,12,15,6,21,12446,109,5,0,0,0,0,1,0
2021-01-23T23:59:59+01:00,0,0,111,172,400,669,531,1070,652,1609,780,1389,483,519,612,1038,561,1855,0,0,1,0,3,6,8,7,4,8,5,9,1,2,12,15,6,21,12445,108,5,0,0,0,0,1,0
2021-01-22T23:59:59+01:00,0,0,108,170,393,663,527,1063,638,1594,774,1371,483,514,601,1017,554,1826,0,0,1,0,3,6,8,7,4,8,5,9,1,2,12,15,6,21,12292,108,4,0,0,0,0,0,0
2021-01-21T23:59:59+01:00,0,0,97,162,378,647,504,1029,608,1544,752,1328,466,476,567,973,518,1758,0,0,1,0,3,6,8,6,4,8,5,9,1,2,12,15,6,21,11803,107,4,0,0,0,0,0,0
2021-01-20T23:59:59+01:00,0,0,79,121,343,557,461,888,551,1310,663,1140,404,417,482,830,454,1534,0,0,1,0,2,5,8,6,4,8,5,9,1,2,12,15,6,21,10230,105,4,0,0,0,0,0,0
2021-01-19T23:59:59+01:00,0,0,74,107,316,478,420,799,508,1198,611,1037,380,379,445,751,424,1438,0,0,1,0,1,3,7,5,4,7,5,9,1,0,9,10,5,18,9361,85,4,0,0,0,0,0,0
2021-01-18T23:59:59+01:00,0,0,60,77,270,391,365,651,431,966,519,840,312,311,375,597,358,1230,0,0,1,0,1,3,7,5,4,7,5,8,1,0,9,10,5,18,7751,84,2,0,0,0,0,0,0
2021-01-17T23:59:59+01:00,0,0,59,68,251,356,344,599,412,923,495,801,309,302,373,590,355,1222,0,0,0,0,0,0,0,1,0,0,0,0,0,0,0,0,0,0,7457,1,2,0,0,0,0,0,0
2021-01-16T23:59:59+01:00,0,0,59,68,251,355,344,599,412,922,493,799,309,301,371,586,354,1222,0,0,0,0,0,0,0,0,0,0,0,0,0,0,0,0,0,0,7443,0,2,0,0,0,0,0,0
2021-01-15T23:59:59+01:00,0,0,57,68,251,351,338,593,401,898,481,774,295,295,352,557,331,1180,0,0,0,0,0,0,0,0,0,0,0,0,0,0,0,0,0,0,7220,0,2,0,0,0,0,0,0
2021-01-14T23:59:59+01:00,0,0,44,55,237,327,313,518,367,773,393,629,232,221,262,381,238,848,0,0,0,0,0,0,0,0,0,0,0,0,0,0,0,0,0,0,5838,0,0,0,0,0,0,0,0
2021-01-13T23:59:59+01:00,0,0,38,44,213,268,272,417,300,619,322,503,177,178,190,290,192,656,0,0,0,0,0,0,0,0,0,0,0,0,0,0,0,0,0,0,4679,0,0,0,0,0,0,0,0
2021-01-12T23:59:59+01:00,0,0,33,41,208,253,257,382,276,538,290,457,140,136,144,222,150,515,0,0,0,0,0,0,0,0,0,0,0,0,0,0,0,0,0,0,4042,0,0,0,0,0,0,0,0
2021-01-11T23:59:59+01:00,0,0,28,37,198,232,239,329,229,450,240,382,109,106,108,145,88,320,0,0,0,0,0,0,0,0,0,0,0,0,0,0,0,0,0,0,3240,0,0,0,0,0,0,0,0
2021-01-10T23:59:59+01:00,0,0,26,31,159,172,196,254,191,354,198,305,98,99,105,140,86,305,0,0,0,0,0,0,0,0,0,0,0,0,0,0,0,0,0,0,2719,0,0,0,0,0,0,0,0
2021-01-09T23:59:59+01:00,0,0,26,31,152,168,194,246,187,346,196,300,98,99,105,140,86,305,0,0,0,0,0,0,0,0,0,0,0,0,0,0,0,0,0,0,2679,0,0,0,0,0,0,0,0
2021-01-08T23:59:59+01:00,0,0,23,28,121,144,173,233,162,317,168,279,93,89,103,136,85,304,0,0,0,0,0,0,0,0,0,0,0,0,0,0,0,0,0,0,2458,0,0,0,0,0,0,0,0
2021-01-07T23:59:59+01:00,0,0,8,3,18,26,32,57,37,108,61,111,48,51,64,94,54,212,0,0,0,0,0,0,0,0,0,0,0,0,0,0,0,0,0,0,984,0,0,0,0,0,0,0,0
2021-01-06T23:59:59+01:00,0,0,3,1,7,13,11,25,14,41,21,32,14,14,28,40,23,65,0,0,0,0,0,0,0,0,0,0,0,0,0,0,0,0,0,0,352,0,0,0,0,0,0,0,0
2021-01-05T23:59:59+01:00,0,0,3,1,6,10,10,21,11,33,15,27,11,14,24,35,21,57,0,0,0,0,0,0,0,0,0,0,0,0,0,0,0,0,0,0,299,0,0,0,0,0,0,0,0
2021-01-04T23:59:59+01:00,0,0,2,1,4,7,9,13,4,17,8,17,5,3,13,21,8,31,0,0,0,0,0,0,0,0,0,0,0,0,0,0,0,0,0,0,163,0,0,0,0,0,0,0,0
2021-01-03T23:59:59+01:00,0,0,2,0,3,6,8,7,4,9,5,10,1,2,13,17,7,21,0,0,0,0,0,0,0,0,0,0,0,0,0,0,0,0,0,0,115,0,0,0,0,0,0,0,0
2021-01-02T23:59:59+01:00,0,0,2,0,3,6,8,7,4,9,5,10,1,2,13,17,7,21,0,0,0,0,0,0,0,0,0,0,0,0,0,0,0,0,0,0,115,0,0,0,0,0,0,0,0
2021-01-01T23:59:59+01:00,0,0,1,0,3,6,8,6,4,9,5,10,1,2,13,16,7,21,0,0,0,0,0,0,0,0,0,0,0,0,0,0,0,0,0,0,112,0,0,0,0,0,0,0,0
2020-12-31T23:59:59+01:00,0,0,1,0,3,5,8,6,4,9,5,10,1,2,13,16,7,21,0,0,0,0,0,0,0,0,0,0,0,0,0,0,0,0,0,0,111,0,0,0,0,0,0,0,0
2020-12-30T23:59:59+01:00,0,0,1,0,2,5,8,6,4,9,5,10,1,2,13,16,7,21,0,0,0,0,0,0,0,0,0,0,0,0,0,0,0,0,0,0,110,0,0,0,0,0,0,0,0
2020-12-29T23:59:59+01:00,0,0,1,0,1,3,8,5,4,8,5,10,1,0,10,11,6,18,0,0,0,0,0,0,0,0,0,0,0,0,0,0,0,0,0,0,91,0,0,0,0,0,0,0,0
2020-12-28T23:59:59+01:00,0,0,1,0,1,3,8,5,4,8,5,9,1,0,10,11,6,18,0,0,0,0,0,0,0,0,0,0,0,0,0,0,0,0,0,0,90,0,0,0,0,0,0,0,0
2020-12-27T23:59:59+01:00,0,0,1,0,1,3,8,4,4,8,5,9,1,0,9,10,6,18,0,0,0,0,0,0,0,0,0,0,0,0,0,0,0,0,0,0,87,0,0,0,0,0,0,0,0
