Datum,<15_1_m,<15_1_w,15-24_1_m,15-24_1_w,25-34_1_m,25-34_1_w,35-44_1_m,35-44_1_w,45-54_1_m,45-54_1_w,55-64_1_m,55-64_1_w,65-74_1_m,65-74_1_w,75-84_1_m,75-84_1_w,>84_1_m,>84_1_w,<15_2_m,<15_2_w,15-24_2_m,15-24_2_w,25-34_2_m,25-34_2_w,35-44_2_m,35-44_2_w,45-54_2_m,45-54_2_w,55-64_2_m,55-64_2_w,65-74_2_m,65-74_2_w,75-84_2_m,75-84_2_w,>84_2_m,>84_2_w,bp_1,bp_2,mo_1,mo_2,az_1,az_2,ja,unb_1,unb_2
2021-12-08T23:59:59+01:00,5679,5367,21481,19708,26823,24914,27704,27049,30636,31156,32800,33805,22400,25718,15864,20069,4620,8150,2732,2634,18542,17128,23990,21946,25299,24566,28575,28956,31196,31990,21708,24776,15448,19369,4435,7760,277125,248243,33477,32297,55136,52284,18169,45,57
2021-12-07T23:59:59+01:00,5599,5285,21464,19703,26809,24898,27699,27035,30628,31151,32798,33796,22398,25714,15861,20066,4620,8149,2729,2627,18512,17106,23970,21926,25286,24551,28557,28945,31187,31978,21700,24773,15447,19367,4435,7760,276855,248049,33477,32297,55136,52284,18169,45,57
2021-12-06T23:59:59+01:00,5467,5149,21413,19649,26745,24835,27659,26999,30604,31119,32778,33764,22383,25690,15850,20049,4617,8140,2685,2581,18348,16971,23832,21777,25186,24443,28470,28846,31125,31918,21670,24727,15425,19348,4432,7748,276094,246744,33475,32278,55136,52284,18169,45,57
2021-12-05T23:59:59+01:00,5364,5051,21391,19611,26721,24793,27630,26970,30581,31091,32762,33740,22376,25675,15843,20037,4616,8131,2656,2557,18256,16884,23734,21697,25115,24380,28408,28787,31076,31867,21641,24696,15415,19333,4428,7742,275568,245887,33474,32275,55136,52284,18169,45,57
2021-12-04T23:59:59+01:00,5230,4965,21374,19597,26712,24780,27621,26962,30569,31083,32757,33734,22374,25673,15841,20036,4615,8131,2650,2552,18216,16856,23690,21673,25092,24367,28387,28780,31064,31853,21639,24693,15413,19331,4428,7740,275240,245640,33474,32275,55136,52284,18168,45,57
2021-12-03T23:59:59+01:00,4987,4777,21339,19568,26682,24748,27606,26943,30550,31060,32747,33714,22369,25667,15841,20029,4613,8130,2628,2527,18128,16782,23610,21616,25009,24300,28334,28734,31031,31828,21630,24685,15408,19325,4425,7740,274566,244980,33464,32252,55136,52283,18168,45,57
2021-12-02T23:59:59+01:00,4725,4525,21300,19530,26630,24683,27562,26897,30523,31033,32719,33684,22357,25652,15824,20015,4605,8123,2575,2452,18001,16685,23499,21519,24915,24217,28239,28659,30969,31775,21607,24658,15399,19308,4421,7731,273592,243885,33455,32236,55136,52283,18168,45,57
2021-12-01T23:59:59+01:00,4526,4325,21258,19475,26593,24610,27514,26847,30486,30972,32684,33643,22341,25622,15814,19994,4602,8113,2529,2403,17837,16524,23347,21371,24787,24105,28132,28570,30891,31690,21580,24635,15383,19290,4421,7725,272631,242506,33448,32207,55136,52282,18168,45,57
2021-11-30T23:59:59+01:00,4342,4145,21219,19433,26545,24542,27481,26798,30455,30941,32653,33603,22329,25607,15801,19973,4600,8104,2498,2379,17756,16443,23267,21273,24715,24032,28066,28511,30834,31643,21560,24603,15372,19276,4421,7722,271788,241663,33443,32202,55136,52281,18168,45,57
2021-11-29T23:59:59+01:00,4118,3969,21157,19388,26495,24462,27430,26743,30410,30890,32618,33554,22298,25563,15792,19947,4597,8093,2467,2352,17640,16333,23115,21136,24611,23958,27983,28431,30767,31582,21529,24564,15364,19248,4420,7713,270750,240541,33435,32166,55135,52281,18168,45,57
2021-11-28T23:59:59+01:00,3953,3817,21117,19358,26453,24407,27399,26702,30383,30863,32599,33519,22288,25542,15785,19931,4594,8086,2451,2334,17580,16273,23039,21090,24546,23911,27942,28385,30732,31542,21509,24542,15355,19242,4418,7711,270032,239931,33425,32165,55135,52281,18168,45,57
2021-11-27T23:59:59+01:00,3926,3797,21097,19345,26440,24394,27381,26688,30374,30852,32591,33513,22286,25536,15784,19929,4594,8086,2450,2334,17567,16269,23028,21081,24533,23901,27934,28380,30724,31534,21508,24542,15353,19240,4418,7711,269851,239838,33425,32165,55135,52281,18166,45,57
2021-11-26T23:59:59+01:00,3822,3708,21053,19318,26403,24350,27350,26659,30351,30827,32567,33495,22279,25523,15781,19925,4594,8084,2437,2312,17507,16237,22973,21050,24493,23855,27892,28359,30703,31520,21503,24536,15350,19236,4418,7711,269333,239436,33419,32153,55135,52280,18166,45,57
2021-11-25T23:59:59+01:00,3673,3566,20996,19240,26358,24260,27300,26591,30300,30773,32531,33442,22270,25497,15776,19909,4592,8079,2400,2277,17429,16176,22861,20982,24433,23800,27834,28306,30664,31483,21493,24518,15341,19225,4414,7709,268414,238719,33402,32124,55135,52279,18166,45,57
2021-11-24T23:59:59+01:00,3585,3473,20920,19173,26287,24167,27227,26512,30255,30710,32488,33391,22250,25465,15769,19888,4583,8066,2370,2250,17354,16087,22746,20886,24352,23736,27751,28245,30608,31423,21472,24494,15329,19216,4411,7706,267475,237841,33397,32097,55135,52275,18166,45,57
2021-11-23T23:59:59+01:00,3496,3388,20846,19106,26215,24098,27164,26449,30193,30652,32442,33340,22229,25436,15750,19855,4577,8040,2351,2232,17269,16033,22657,20806,24287,23667,27701,28198,30567,31396,21461,24471,15312,19198,4408,7694,266556,237124,33386,32089,55135,52275,18163,45,57
2021-11-22T23:59:59+01:00,3412,3306,20757,19030,26093,23983,27082,26343,30128,30568,32371,33272,22204,25400,15742,19826,4568,8029,2331,2214,17215,15968,22578,20751,24226,23610,27651,28140,30521,31354,21437,24445,15299,19184,4404,7690,265404,236454,33379,32073,55135,52274,18160,45,57
2021-11-21T23:59:59+01:00,3373,3256,20687,18975,26022,23905,27022,26278,30069,30504,32319,33214,22184,25372,15735,19807,4564,8022,2325,2207,17191,15954,22549,20733,24202,23592,27634,28130,30506,31339,21429,24438,15294,19177,4404,7684,264604,236234,33375,32065,55135,52274,18158,45,57
2021-11-20T23:59:59+01:00,3361,3244,20657,18941,25978,23875,26982,26255,30045,30480,32304,33196,22174,25365,15732,19803,4564,8020,2320,2204,17176,15949,22540,20724,24185,23581,27627,28119,30502,31336,21427,24437,15294,19175,4404,7684,264275,236132,33373,32064,55135,52274,18157,45,57
2021-11-19T23:59:59+01:00,3282,3169,20572,18859,25887,23795,26918,26197,29985,30428,32265,33155,22161,25340,15730,19797,4563,8017,2309,2196,17139,15916,22485,20690,24135,23554,27586,28089,30480,31325,21415,24431,15289,19171,4402,7683,263434,235758,33358,32053,55135,52270,18157,45,57
2021-11-18T23:59:59+01:00,3168,3072,20482,18737,25776,23664,26828,26083,29909,30341,32218,33086,22124,25295,15719,19778,4563,8008,2289,2161,17064,15839,22421,20623,24085,23495,27535,28057,30430,31288,21403,24415,15280,19153,4399,7668,262172,235110,33351,32016,55135,52265,18157,45,57
2021-11-17T23:59:59+01:00,3105,2999,20356,18614,25659,23518,26726,25973,29823,30276,32161,33016,22102,25253,15708,19757,4560,8001,2268,2133,16977,15779,22322,20551,24016,23416,27456,28002,30386,31251,21387,24397,15271,19137,4397,7663,260941,234337,33340,31998,55135,52262,18155,45,57
2021-11-16T23:59:59+01:00,3058,2942,20234,18520,25528,23384,26641,25875,29750,30192,32098,32944,22080,25221,15697,19738,4558,7989,2247,2117,16932,15754,22275,20509,23971,23384,27416,27954,30354,31218,21371,24383,15258,19127,4397,7660,259792,233863,33333,31994,55135,52260,18153,45,57
2021-11-15T23:59:59+01:00,3007,2901,20032,18367,25345,23224,26509,25744,29657,30083,32013,32865,22048,25188,15681,19716,4555,7981,2231,2108,16882,15733,22227,20476,23927,23352,27391,27926,30331,31199,21354,24364,15251,19113,4395,7656,258282,233478,33313,31971,55135,52260,18150,45,57
2021-11-14T23:59:59+01:00,2979,2865,19907,18268,25230,23100,26420,25670,29589,30006,31952,32800,22022,25158,15671,19701,4552,7975,2220,2094,16852,15692,22201,20445,23899,23334,27375,27905,30312,31182,21347,24361,15245,19102,4395,7654,257239,233183,33307,31968,55135,52259,18148,45,57
2021-11-13T23:59:59+01:00,2966,2848,19841,18220,25169,23060,26352,25633,29554,29981,31929,32781,22017,25153,15671,19699,4550,7974,2217,2093,16844,15687,22195,20438,23888,23330,27368,27902,30307,31179,21346,24360,15245,19101,4395,7654,256775,233124,33307,31964,55135,52259,18145,45,57
2021-11-12T23:59:59+01:00,2925,2808,19643,18081,25008,22929,26207,25505,29479,29900,31869,32742,22005,25130,15663,19693,4548,7974,2204,2082,16784,15660,22149,20403,23849,23300,27342,27884,30275,31165,21339,24349,15238,19096,4395,7652,255519,232762,33278,31951,55135,52255,18141,45,57
2021-11-11T23:59:59+01:00,2862,2741,19504,17960,24878,22791,26085,25392,29389,29805,31801,32692,21981,25106,15655,19683,4546,7968,2187,2062,16743,15606,22107,20350,23815,23273,27314,27849,30256,31129,21321,24339,15233,19085,4393,7646,254290,232329,33246,31936,55134,52253,18133,45,57
2021-11-10T23:59:59+01:00,2808,2676,19249,17751,24648,22592,25923,25235,29231,29689,31712,32589,21951,25076,15638,19663,4544,7958,2172,2038,16681,15529,22029,20293,23763,23224,27265,27812,30209,31091,21301,24318,15224,19068,4388,7640,252449,231698,33198,31921,55133,52252,18117,45,57
2021-11-09T23:59:59+01:00,2764,2634,19105,17606,24488,22469,25812,25120,29157,29613,31646,32519,21928,25045,15622,19646,4541,7942,2153,2023,16648,15492,21991,20268,23740,23196,27240,27782,30183,31049,21282,24300,15217,19051,4386,7635,251189,231300,33185,31917,55133,52248,18114,45,57
2021-11-08T23:59:59+01:00,2715,2593,18843,17385,24254,22241,25633,24975,29005,29482,31538,32429,21893,24991,15600,19622,4540,7934,2130,2002,16597,15444,21945,20226,23711,23154,27202,27754,30159,31023,21258,24286,15208,19037,4382,7631,249260,230849,33146,31900,55133,52245,18098,45,57
2021-11-07T23:59:59+01:00,2687,2561,18734,17276,24124,22126,25523,24882,28933,29408,31487,32369,21871,24969,15592,19618,4538,7931,2115,1988,16573,15428,21922,20199,23689,23139,27187,27736,30146,31011,21254,24280,15203,19029,4382,7629,248219,230612,33144,31900,55133,52244,18097,45,57
2021-11-06T23:59:59+01:00,2687,2558,18732,17273,24120,22126,25519,24879,28931,29405,31486,32367,21871,24969,15592,19618,4537,7931,2115,1987,16569,15426,21922,20197,23688,23139,27184,27733,30144,31011,21254,24279,15203,19029,4382,7629,248191,230595,33144,31898,55133,52244,18097,45,57
2021-11-05T23:59:59+01:00,2658,2519,18632,17190,24028,22029,25444,24810,28865,29349,31446,32335,21870,24962,15589,19611,4537,7930,2110,1981,16557,15409,21913,20184,23677,23131,27177,27719,30136,31002,21249,24274,15203,19028,4381,7628,247434,230474,33106,31893,55133,52240,18095,45,57
2021-11-04T23:59:59+01:00,2612,2482,18551,17098,23917,21932,25375,24753,28793,29302,31407,32296,21859,24950,15581,19601,4535,7925,2081,1957,16496,15359,21863,20138,23642,23101,27153,27689,30113,30980,21244,24265,15198,19018,4379,7627,246627,230066,33096,31877,55133,52226,18077,45,57
2021-11-03T23:59:59+01:00,2576,2456,18401,16967,23747,21791,25261,24655,28710,29240,31359,32239,21838,24937,15575,19595,4535,7923,2053,1934,16422,15290,21806,20071,23602,23060,27108,27653,30087,30950,21226,24241,15187,19007,4377,7621,245497,229482,33069,31862,55133,52224,18070,45,57
2021-11-02T23:59:59+01:00,2548,2433,18265,16883,23596,21684,25166,24589,28633,29184,31310,32204,21829,24917,15568,19586,4534,7914,2038,1914,16364,15253,21768,20024,23564,23020,27079,27628,30064,30927,21218,24228,15179,19004,4376,7618,244552,229070,33063,31856,55133,52224,18059,45,57
2021-11-01T23:59:59+01:00,2527,2413,18178,16810,23507,21623,25103,24545,28583,29143,31282,32177,21816,24907,15565,19585,4534,7913,2024,1900,16327,15198,21731,19985,23537,22987,27049,27590,30046,30907,21210,24223,15178,18994,4376,7616,243930,228699,33058,31844,55133,52224,18054,45,57
2021-10-31T23:59:59+01:00,2527,2413,18178,16810,23506,21621,25102,24545,28583,29143,31282,32177,21816,24907,15565,19585,4534,7913,2023,1899,16327,15198,21731,19985,23537,22986,27049,27590,30046,30906,21210,24223,15178,18994,4376,7616,243926,228695,33058,31844,55133,52224,18054,45,57
2021-10-30T23:59:59+02:00,2527,2413,18178,16810,23505,21621,25102,24545,28583,29143,31282,32177,21816,24907,15565,19585,4534,7913,2023,1899,16327,15198,21731,19985,23537,22986,27049,27590,30046,30906,21210,24223,15178,18994,4376,7616,243925,228695,33058,31844,55133,52224,18054,45,57
2021-10-29T23:59:59+02:00,2514,2399,18111,16765,23427,21581,25026,24501,28518,29104,31256,32156,21812,24898,15558,19580,4533,7912,2018,1894,16312,15186,21716,19970,23527,22971,27038,27577,30038,30903,21208,24221,15178,18992,4376,7616,243418,228568,33012,31840,55133,52224,18052,45,57
2021-10-28T23:59:59+02:00,2489,2375,18027,16697,23342,21515,24975,24445,28478,29066,31221,32128,21806,24891,15554,19572,4533,7909,1987,1875,16252,15135,21679,19925,23495,22939,27011,27555,30015,30876,21198,24212,15174,18989,4376,7611,242828,228157,32982,31825,55133,52221,18044,45,57
2021-10-27T23:59:59+02:00,2455,2338,17908,16614,23187,21411,24865,24356,28381,29006,31173,32096,21797,24867,15547,19563,4533,7908,1961,1846,16181,15087,21630,19864,23461,22900,26976,27516,29988,30851,21187,24199,15167,18979,4375,7607,241858,227665,32942,31800,55133,52217,18036,45,57
2021-10-26T23:59:59+02:00,2430,2314,17850,16567,23141,21362,24818,24317,28334,28964,31146,32077,21795,24857,15544,19561,4533,7905,1943,1822,16141,15041,21598,19832,23429,22869,26965,27495,29975,30840,21179,24197,15165,18977,4375,7607,241382,227353,32941,31800,55133,52217,18023,45,57
2021-10-25T23:59:59+02:00,2429,2310,17849,16561,23139,21360,24816,24314,28332,28959,31145,32077,21795,24857,15544,19561,4533,7905,1943,1821,16141,15040,21598,19831,23427,22868,26965,27495,29975,30840,21179,24197,15165,18977,4375,7607,241358,227348,32937,31800,55133,52217,18022,45,57
2021-10-24T23:59:59+02:00,2420,2301,17832,16534,23122,21340,24790,24298,28323,28953,31138,32072,21793,24855,15542,19560,4533,7905,1933,1804,16120,15002,21575,19808,23413,22839,26954,27484,29965,30832,21176,24192,15163,18971,4375,7607,241199,227133,32923,31786,55133,52217,18020,45,57
2021-10-23T23:59:59+02:00,2420,2301,17831,16534,23121,21340,24790,24298,28322,28953,31138,32072,21793,24855,15542,19560,4533,7905,1933,1804,16120,15002,21574,19808,23413,22839,26954,27484,29965,30832,21176,24192,15163,18971,4375,7607,241196,227132,32923,31786,55133,52217,18020,45,57
2021-10-22T23:59:59+02:00,2399,2283,17766,16494,23070,21294,24740,24241,28290,28924,31104,32049,21786,24846,15537,19558,4532,7903,1926,1797,16101,14990,21563,19799,23397,22822,26946,27480,29956,30826,21174,24190,15163,18971,4375,7607,240724,227017,32914,31785,55133,52215,18009,45,57
2021-10-21T23:59:59+02:00,2384,2256,17723,16449,23013,21245,24702,24207,28244,28896,31086,32027,21779,24840,15534,19554,4531,7895,1881,1759,16038,14912,21518,19739,23360,22774,26907,27442,29942,30805,21167,24178,15154,18952,4373,7602,240314,226499,32888,31738,55133,52215,17994,45,57
2021-10-20T23:59:59+02:00,2353,2215,17642,16385,22920,21177,24625,24163,28205,28849,31051,32000,21767,24831,15530,19545,4529,7893,1826,1714,15951,14840,21470,19672,23299,22728,26862,27386,29914,30777,21146,24166,15147,18934,4367,7599,239660,225833,32868,31713,55133,52212,17983,45,57
2021-10-19T23:59:59+02:00,2332,2201,17607,16359,22899,21162,24611,24146,28192,28837,31043,31978,21760,24820,15528,19537,4528,7892,1796,1675,15892,14790,21428,19625,23278,22704,26842,27367,29894,30758,21135,24152,15142,18928,4367,7596,239417,225410,32868,31712,55132,52211,17979,45,57
2021-10-18T23:59:59+02:00,2319,2191,17586,16338,22884,21136,24592,24128,28180,28827,31030,31966,21754,24818,15526,19530,4526,7889,1772,1652,15850,14743,21409,19600,23255,22675,26821,27340,29874,30743,21129,24147,15138,18922,4366,7595,239206,225075,32868,31711,55132,52210,17978,45,57
2021-10-17T23:59:59+02:00,2310,2185,17560,16303,22855,21106,24573,24114,28160,28818,31019,31958,21746,24814,15525,19527,4526,7887,1754,1623,15807,14696,21376,19557,23234,22649,26802,27319,29860,30739,21123,24138,15138,18917,4364,7593,238984,224759,32862,31690,55131,52210,17973,45,57
2021-10-16T23:59:59+02:00,2310,2185,17559,16303,22855,21106,24573,24114,28160,28818,31019,31958,21746,24814,15525,19527,4526,7887,1754,1623,15807,14696,21376,19556,23234,22649,26802,27319,29860,30739,21123,24138,15138,18917,4364,7593,238983,224758,32862,31690,55131,52210,17973,45,57
2021-10-15T23:59:59+02:00,2300,2175,17534,16287,22836,21091,24547,24096,28144,28803,31013,31954,21740,24807,15525,19527,4526,7886,1746,1608,15794,14679,21364,19545,23225,22642,26799,27312,29855,30734,21120,24136,15137,18917,4364,7593,238804,224642,32849,31690,55131,52210,17971,45,57
2021-10-14T23:59:59+02:00,2290,2157,17490,16252,22800,21057,24523,24071,28125,28783,31002,31940,21734,24804,15522,19524,4525,7883,1725,1582,15732,14627,21335,19500,23190,22603,26781,27276,29833,30711,21109,24128,15132,18907,4362,7591,238502,224236,32848,31676,55131,52191,17964,45,57
2021-10-13T23:59:59+02:00,2260,2137,17401,16175,22738,20993,24478,24028,28087,28737,30973,31910,21719,24794,15516,19519,4524,7879,1687,1551,15630,14534,21283,19448,23147,22566,26739,27236,29804,30683,21101,24110,15130,18892,4362,7587,237971,223688,32824,31649,55131,52191,17905,45,57
2021-10-12T23:59:59+02:00,2250,2118,17358,16131,22715,20965,24451,24000,28071,28717,30960,31889,21715,24789,15512,19511,4523,7877,1663,1531,15578,14473,21264,19414,23121,22545,26714,27211,29780,30662,21093,24101,15128,18889,4360,7586,237658,223328,32823,31637,55130,52187,17904,45,57
2021-10-11T23:59:59+02:00,2239,2106,17329,16100,22700,20944,24436,23979,28052,28698,30945,31879,21709,24781,15510,19506,4520,7872,1645,1520,15535,14438,21226,19360,23098,22505,26688,27171,29751,30646,21082,24091,15122,18882,4356,7583,237415,222918,32823,31637,55130,52187,17900,45,57
2021-10-10T23:59:59+02:00,2235,2097,17312,16080,22682,20930,24430,23971,28043,28683,30940,31872,21702,24777,15510,19504,4520,7869,1629,1509,15478,14393,21162,19301,23059,22466,26643,27145,29729,30624,21072,24080,15116,18875,4356,7583,237275,222467,32819,31614,55130,52186,17896,45,57
2021-10-09T23:59:59+02:00,2233,2097,17312,16079,22680,20929,24430,23971,28043,28683,30940,31872,21702,24777,15510,19504,4520,7869,1628,1506,15477,14391,21162,19300,23059,22466,26643,27144,29729,30624,21072,24080,15116,18875,4356,7583,237269,222458,32819,31614,55130,52186,17896,45,57
2021-10-08T23:59:59+02:00,2228,2089,17301,16054,22658,20918,24412,23962,28028,28667,30925,31863,21700,24772,15510,19504,4520,7869,1621,1502,15470,14378,21149,19285,23048,22458,26633,27127,29724,30617,21070,24074,15114,18874,4356,7583,237132,222354,32809,31613,55129,52186,17873,45,57
2021-10-07T23:59:59+02:00,2204,2069,17247,16009,22632,20871,24387,23934,27996,28642,30904,31836,21695,24769,15508,19495,4519,7863,1586,1470,15400,14300,21089,19215,23005,22410,26603,27090,29696,30593,21059,24059,15109,18864,4352,7582,236750,221815,32799,31564,55126,52178,17868,45,57
2021-10-06T23:59:59+02:00,2180,2046,17187,15962,22585,20818,24361,23893,27964,28612,30888,31810,21684,24757,15501,19489,4518,7859,1549,1443,15341,14227,21039,19154,22967,22373,26572,27049,29672,30563,21048,24045,15098,18857,4350,7580,236330,221315,32780,31536,55126,52178,17841,45,57
2021-10-05T23:59:59+02:00,2160,2029,17142,15923,22536,20790,24326,23852,27942,28587,30875,31793,21679,24749,15501,19484,4517,7858,1537,1426,15313,14196,20983,19129,22937,22344,26544,27023,29647,30538,21040,24026,15095,18849,4347,7580,236061,221048,32780,31534,55126,52178,17737,45,57
2021-10-04T23:59:59+02:00,2133,1994,17088,15884,22484,20760,24302,23826,27926,28552,30855,31775,21675,24740,15499,19480,4516,7855,1531,1414,15275,14171,20957,19100,22923,22319,26526,27004,29635,30524,21033,24016,15091,18844,4347,7572,235717,220835,32780,31532,55126,52176,17682,45,57
2021-10-03T23:59:59+02:00,2128,1982,17058,15843,22454,20727,24264,23802,27912,28532,30838,31765,21672,24733,15498,19475,4516,7853,1511,1392,15243,14132,20932,19070,22897,22299,26511,26981,29621,30514,21023,24003,15089,18841,4347,7572,235502,220613,32774,31519,55122,52174,17615,45,57
2021-10-02T23:59:59+02:00,2128,1982,17058,15843,22454,20727,24263,23802,27912,28532,30838,31765,21672,24733,15498,19475,4516,7853,1511,1392,15243,14132,20932,19070,22897,22299,26511,26981,29621,30513,21023,24003,15089,18841,4347,7572,235501,220612,32774,31519,55122,52174,17615,45,57
2021-10-01T23:59:59+02:00,2123,1977,17045,15826,22451,20715,24249,23781,27907,28525,30834,31760,21669,24731,15498,19473,4515,7853,1509,1389,15239,14130,20929,19068,22895,22299,26509,26979,29621,30509,21022,24001,15089,18841,4347,7572,235385,220585,32773,31519,55122,52174,17613,45,57
2021-09-30T23:59:59+02:00,2102,1961,16988,15774,22407,20658,24208,23746,27877,28492,30811,31736,21657,24725,15493,19466,4513,7847,1472,1358,15170,14065,20890,19032,22861,22258,26486,26945,29602,30487,21018,23992,15086,18833,4343,7567,234996,220194,32759,31499,55122,52170,17545,45,57
2021-09-29T23:59:59+02:00,2034,1916,16895,15697,22336,20588,24151,23695,27814,28440,30773,31706,21641,24711,15486,19452,4510,7845,1450,1326,15100,14008,20847,18978,22825,22205,26448,26915,29567,30459,21009,23980,15075,18825,4342,7564,234354,219788,32742,31477,55121,52167,17434,45,57
2021-09-28T23:59:59+02:00,2017,1899,16813,15632,22264,20535,24086,23653,27776,28397,30756,31688,21631,24697,15481,19442,4510,7842,1436,1314,15034,13962,20788,18937,22780,22179,26417,26880,29546,30438,20996,23964,15069,18815,4340,7560,233921,219458,32741,31477,55121,52166,17297,45,57
2021-09-27T23:59:59+02:00,1954,1830,16746,15571,22228,20499,24061,23626,27747,28361,30736,31671,21624,24690,15479,19439,4509,7840,1425,1299,15005,13931,20766,18900,22765,22154,26398,26868,29528,30422,20992,23954,15065,18807,4339,7557,233423,219188,32740,31477,55121,52165,17288,45,57
2021-09-26T23:59:59+02:00,1933,1809,16675,15507,22175,20438,24022,23575,27718,28335,30721,31662,21614,24683,15478,19436,4509,7838,1409,1285,14934,13862,20713,18845,22715,22096,26356,26831,29509,30395,20985,23944,15057,18804,4339,7554,233053,218781,32723,31450,55120,52152,17193,45,57
2021-09-25T23:59:59+02:00,1933,1809,16673,15507,22173,20437,24019,23574,27718,28335,30721,31662,21614,24683,15478,19436,4509,7838,1409,1285,14933,13862,20711,18845,22714,22095,26355,26828,29509,30395,20984,23944,15057,18804,4339,7554,233047,218776,32723,31449,55120,52151,17190,45,57
2021-09-24T23:59:59+02:00,1932,1806,16647,15487,22129,20408,23986,23553,27698,28313,30704,31647,21612,24679,15476,19435,4509,7838,1402,1278,14906,13835,20661,18813,22674,22069,26327,26807,29487,30375,20979,23938,15055,18802,4338,7553,232983,218648,32723,31449,55120,52151,16994,45,57
2021-09-23T23:59:59+02:00,1902,1768,16571,15401,22069,20333,23937,23484,27653,28259,30678,31607,21600,24668,15468,19420,4506,7836,1375,1250,14827,13771,20598,18770,22644,22023,26293,26764,29461,30348,20975,23927,15049,18794,4338,7552,232425,218243,32684,31416,55120,52151,16892,45,57
2021-09-22T23:59:59+02:00,1868,1737,16468,15322,21977,20256,23860,23430,27585,28198,30636,31571,21584,24645,15466,19407,4504,7833,1320,1199,14701,13664,20508,18692,22579,21952,26231,26703,29412,30312,20954,23917,15043,18786,4335,7543,231810,217562,32663,31373,55120,52144,16715,45,57
2021-09-21T23:59:59+02:00,1838,1693,16388,15245,21918,20196,23808,23380,27542,28163,30596,31531,21573,24625,15463,19397,4498,7825,1311,1183,14645,13616,20448,18653,22536,21908,26196,26677,29387,30287,20941,23903,15036,18775,4332,7539,231330,217272,32663,31373,55119,52144,16527,45,57
2021-09-20T23:59:59+02:00,1811,1678,16314,15180,21860,20149,23760,23339,27505,28120,30562,31513,21564,24612,15458,19392,4497,7823,1299,1173,14588,13564,20402,18609,22499,21880,26149,26645,29361,30262,20933,23891,15034,18769,4329,7536,230920,216955,32661,31372,55119,52143,16396,45,57
2021-09-19T23:59:59+02:00,1784,1655,16251,15130,21811,20088,23725,23305,27474,28092,30541,31488,21555,24601,15455,19381,4497,7820,1291,1163,14531,13521,20357,18556,22447,21857,26124,26613,29344,30248,20926,23878,15030,18766,4328,7532,230554,216674,32639,31339,55119,52143,16299,45,57
2021-09-18T23:59:59+02:00,1784,1655,16249,15128,21809,20087,23722,23303,27474,28091,30541,31488,21555,24601,15455,19381,4497,7820,1291,1163,14530,13520,20356,18556,22446,21856,26124,26611,29344,30248,20926,23878,15030,18766,4328,7532,230546,216673,32639,31338,55119,52143,16294,45,57
2021-09-17T23:59:59+02:00,1778,1648,16226,15110,21787,20067,23702,23291,27460,28076,30532,31482,21551,24598,15452,19378,4496,7820,1283,1154,14509,13505,20346,18550,22436,21851,26117,26607,29334,30242,20923,23875,15029,18765,4328,7532,230375,216568,32638,31338,55119,52143,16280,45,57
2021-09-16T23:59:59+02:00,1739,1617,16125,15010,21706,19968,23632,23207,27394,28016,30493,31444,21538,24581,15447,19368,4491,7820,1250,1125,14424,13431,20301,18496,22401,21799,26086,26563,29313,30211,20912,23865,15022,18757,4325,7528,229567,216109,32616,31260,55119,52131,16252,45,57
2021-09-15T23:59:59+02:00,1708,1600,16056,14931,21650,19913,23588,23162,27362,27982,30469,31420,21525,24559,15435,19358,4490,7818,1221,1097,14346,13345,20233,18436,22362,21747,26046,26519,29282,30187,20899,23850,15010,18749,4324,7526,229036,215549,32597,31215,55119,52126,16232,45,57
2021-09-14T23:59:59+02:00,1694,1584,16022,14885,21603,19875,23558,23127,27330,27946,30444,31396,21509,24548,15432,19346,4487,7817,1203,1082,14308,13307,20208,18413,22340,21721,26026,26504,29270,30176,20888,23842,15007,18742,4323,7524,228627,215265,32593,31214,55119,52126,16222,45,57
2021-09-13T23:59:59+02:00,1673,1571,15980,14831,21576,19843,23527,23094,27313,27909,30430,31380,21508,24538,15427,19344,4486,7814,1197,1074,14280,13292,20181,18397,22320,21701,26011,26492,29261,30153,20879,23831,15006,18735,4321,7522,228279,215042,32590,31214,55119,52126,16214,45,57
2021-09-12T23:59:59+02:00,1663,1558,15956,14807,21560,19821,23510,23069,27298,27894,30419,31372,21501,24530,15427,19339,4486,7814,1183,1069,14247,13263,20156,18359,22299,21675,25998,26468,29250,30145,20872,23822,15001,18728,4319,7517,228085,214800,32571,31183,55119,52124,16207,45,57
2021-09-11T23:59:59+02:00,1662,1558,15944,14802,21552,19813,23509,23068,27296,27893,30416,31370,21500,24529,15427,19339,4486,7814,1183,1069,14242,13260,20154,18356,22297,21675,25998,26467,29250,30145,20871,23822,15001,18728,4319,7517,228048,214789,32571,31183,55116,52124,16201,45,57
2021-09-10T23:59:59+02:00,1662,1558,15921,14797,21539,19802,23491,23065,27278,27883,30403,31365,21499,24527,15423,19337,4486,7813,1181,1069,14219,13253,20139,18346,22283,21671,25983,26454,29232,30142,20870,23818,14998,18725,4318,7516,228017,214750,32571,31183,55116,52124,16103,45,57
2021-09-09T23:59:59+02:00,1617,1519,15841,14718,21479,19736,23437,23015,27218,27833,30375,31336,21490,24510,15409,19323,4484,7811,1153,1044,14137,13177,20069,18277,22215,21616,25933,26414,29197,30110,20854,23790,14981,18711,4316,7514,227488,214282,32540,31100,55115,52104,15966,45,56
2021-09-08T23:59:59+02:00,1579,1471,15714,14624,21409,19660,23384,22939,27167,27790,30335,31288,21473,24492,15400,19312,4483,7811,1136,1019,14048,13086,19986,18226,22150,21563,25886,26375,29161,30060,20835,23769,14977,18703,4315,7513,226942,213879,32469,31011,55115,52099,15763,45,56
2021-09-07T23:59:59+02:00,1566,1451,15662,14573,21354,19633,23348,22916,27140,27758,30318,31272,21462,24470,15394,19304,4481,7811,1119,1005,13978,13037,19922,18186,22106,21532,25850,26343,29132,30032,20824,23755,14973,18696,4314,7513,226701,213592,32462,30981,55115,52095,15593,45,56
2021-09-06T23:59:59+02:00,1553,1441,15611,14527,21331,19601,23325,22888,27114,27739,30302,31250,21452,24467,15390,19297,4481,7809,1107,996,13947,12998,19900,18161,22076,21510,25830,26324,29117,30017,20815,23747,14969,18692,4314,7510,226446,213384,32461,30981,55115,52095,15514,45,56
2021-09-05T23:59:59+02:00,1533,1425,15580,14501,21312,19579,23315,22862,27105,27726,30297,31242,21447,24461,15384,19295,4481,7805,1099,982,13909,12962,19869,18124,22051,21482,25812,26307,29104,29997,20811,23739,14966,18690,4314,7510,226233,213165,32449,30901,55114,52094,15512,45,56
2021-09-04T23:59:59+02:00,1533,1425,15571,14498,21298,19573,23308,22857,27099,27720,30291,31239,21446,24458,15384,19294,4481,7805,1099,982,13900,12959,19855,18116,22044,21477,25805,26301,29098,29993,20810,23736,14966,18689,4314,7510,226232,213164,32449,30898,55114,52094,15442,45,56
2021-09-03T23:59:59+02:00,1530,1422,15554,14484,21266,19548,23277,22837,27076,27707,30276,31224,21439,24450,15384,19288,4481,7804,1099,982,13883,12945,19829,18097,22020,21462,25789,26291,29083,29982,20804,23729,14966,18686,4314,7510,226158,213145,32448,30893,55114,52093,15284,45,56
2021-09-02T23:59:59+02:00,1514,1402,15483,14425,21220,19499,23242,22788,27036,27666,30239,31198,21426,24440,15378,19275,4479,7798,1074,960,13790,12880,19785,18036,21975,21418,25746,26246,29044,29955,20793,23718,14961,18674,4313,7509,225739,212688,32443,30888,55112,52074,15171,45,56
2021-09-01T23:59:59+02:00,1463,1345,15346,14271,21100,19402,23173,22732,26969,27595,30187,31147,21408,24415,15370,19261,4476,7793,1042,920,13644,12757,19656,17939,21891,21349,25688,26176,28994,29892,20768,23688,14949,18661,4309,7504,224965,212103,32419,30691,55111,52062,14915,45,56
2021-08-31T23:59:59+02:00,1439,1330,15284,14200,21036,19350,23128,22690,26918,27552,30153,31115,21395,24402,15364,19252,4476,7792,1028,907,13570,12689,19609,17897,21858,21313,25655,26153,28966,29866,20762,23678,14946,18653,4308,7503,224503,211755,32418,30691,55110,52057,14802,45,56
2021-08-30T23:59:59+02:00,1416,1311,15216,14154,20989,19294,23096,22651,26881,27519,30120,31085,21382,24393,15360,19243,4474,7785,1023,892,13513,12647,19564,17846,21825,21288,25625,26116,28932,29841,20751,23663,14936,18644,4307,7499,224138,211453,32418,30688,55110,52055,14660,45,56
2021-08-29T23:59:59+02:00,1400,1299,15173,14108,20950,19263,23072,22627,26863,27495,30102,31070,21378,24384,15360,19241,4474,7784,1012,884,13460,12601,19541,17824,21798,21268,25604,26096,28919,29824,20743,23655,14933,18640,4305,7498,223849,211183,32417,30688,55110,52054,14624,45,56
2021-08-28T23:59:59+02:00,1400,1299,15167,14105,20939,19256,23066,22623,26860,27486,30099,31069,21377,24384,15360,19241,4474,7784,1012,884,13453,12597,19530,17817,21792,21264,25601,26087,28916,29823,20742,23655,14933,18640,4305,7498,223849,211181,32417,30688,55110,52054,14570,45,56
2021-08-27T23:59:59+02:00,1391,1292,15136,14077,20912,19241,23033,22607,26834,27474,30083,31049,21371,24376,15356,19240,4471,7781,1006,879,13424,12565,19494,17800,21764,21242,25572,26073,28899,29805,20736,23646,14930,18639,4304,7498,223713,211037,32417,30686,55107,52053,14444,45,56
2021-08-26T23:59:59+02:00,1378,1275,15092,14032,20865,19202,23003,22570,26801,27436,30051,31012,21356,24360,15349,19232,4468,7773,994,868,13357,12504,19418,17743,21704,21182,25516,26025,28859,29769,20722,23625,14920,18626,4303,7494,223421,210746,32398,30562,55107,51979,14286,45,56
2021-08-25T23:59:59+02:00,1333,1230,14947,13908,20756,19107,22923,22478,26722,27352,29994,30956,21333,24334,15339,19222,4464,7767,966,838,13235,12418,19337,17666,21637,21111,25446,25971,28814,29725,20694,23604,14912,18612,4302,7491,222565,210170,32382,30515,55107,51970,14069,44,55
2021-08-24T23:59:59+02:00,1309,1206,14884,13857,20713,19055,22868,22431,26686,27316,29964,30924,21315,24319,15333,19212,4463,7766,941,817,13138,12355,19275,17585,21600,21060,25401,25928,28784,29687,20676,23584,14905,18600,4300,7486,222144,209681,32352,30458,55106,51955,13977,44,51
2021-08-23T23:59:59+02:00,1291,1187,14815,13819,20671,19026,22838,22405,26651,27296,29940,30897,21296,24305,15328,19199,4462,7765,915,792,13022,12276,19212,17524,21546,21011,25360,25873,28739,29645,20657,23567,14899,18588,4297,7486,221830,209158,32336,30368,55106,51955,13877,44,51
2021-08-22T23:59:59+02:00,1282,1179,14800,13799,20654,19006,22826,22385,26636,27281,29923,30893,21289,24301,15326,19191,4460,7764,892,775,12963,12205,19159,17490,21517,20975,25339,25847,28713,29624,20650,23554,14898,18584,4297,7486,221654,208831,32317,30258,55106,51952,13876,44,51
2021-08-21T23:59:59+02:00,1282,1179,14791,13789,20643,18998,22816,22379,26632,27276,29912,30887,21289,24299,15326,19191,4460,7764,892,775,12953,12195,19149,17482,21509,20969,25333,25842,28703,29618,20650,23552,14898,18584,4297,7486,221649,208827,32317,30258,55106,51952,13799,44,51
2021-08-20T23:59:59+02:00,1275,1174,14761,13755,20608,18968,22793,22356,26606,27253,29895,30871,21286,24290,15324,19185,4460,7764,891,774,12934,12181,19124,17462,21492,20948,25320,25825,28684,29599,20646,23546,14897,18581,4297,7486,221454,208723,32317,30256,55106,51952,13705,44,51
2021-08-19T23:59:59+02:00,1256,1159,14702,13706,20568,18938,22761,22321,26584,27224,29870,30847,21275,24282,15321,19180,4459,7761,862,761,12800,12063,19034,17385,21405,20890,25250,25759,28625,29550,20625,23533,14891,18572,4295,7483,221146,208087,32285,30120,55106,51890,13635,44,51
2021-08-18T23:59:59+02:00,1233,1140,14620,13617,20452,18877,22685,22259,26517,27167,29812,30789,21250,24261,15315,19168,4457,7758,834,740,12660,11945,18895,17302,21308,20800,25164,25676,28542,29481,20593,23488,14880,18557,4294,7478,220733,207478,32267,29997,55105,51881,13230,44,51
2021-08-17T23:59:59+02:00,1222,1127,14580,13578,20411,18831,22647,22224,26482,27140,29796,30769,21237,24246,15304,19159,4453,7757,813,716,12552,11861,18815,17241,21229,20738,25112,25623,28506,29440,20574,23473,14871,18544,4292,7476,220445,206946,32232,29868,55105,51873,13139,44,50
2021-08-16T23:59:59+02:00,1210,1116,14531,13529,20376,18802,22618,22191,26461,27112,29762,30738,21224,24235,15297,19147,4451,7755,785,702,12455,11761,18724,17168,21159,20653,25045,25564,28440,29376,20551,23451,14861,18526,4291,7473,220177,206320,32230,29743,55105,51872,13001,44,49
2021-08-15T23:59:59+02:00,1200,1103,14492,13503,20347,18773,22589,22172,26448,27096,29752,30724,21219,24223,15292,19145,4450,7753,761,686,12391,11692,18673,17138,21108,20614,25009,25520,28421,29354,20541,23437,14857,18520,4289,7471,219953,205869,32230,29742,55105,51871,12951,44,49
2021-08-14T23:59:59+02:00,1200,1102,14485,13497,20337,18767,22580,22165,26434,27089,29747,30716,21216,24221,15291,19144,4450,7753,761,686,12383,11685,18661,17130,21098,20606,24995,25513,28416,29345,20538,23436,14856,18519,4289,7471,219952,205866,32229,29737,55105,51870,12866,44,49
2021-08-13T23:59:59+02:00,1197,1099,14476,13488,20323,18757,22568,22160,26427,27079,29731,30708,21207,24216,15290,19144,4450,7753,758,685,12368,11674,18650,17121,21085,20597,24989,25497,28402,29341,20532,23429,14854,18519,4289,7470,219895,205801,32228,29737,55105,51870,12803,44,49
2021-08-12T23:59:59+02:00,1177,1077,14419,13432,20280,18717,22544,22125,26399,27049,29700,30687,21195,24197,15286,19137,4450,7748,731,659,12201,11530,18515,17011,20992,20514,24909,25412,28335,29285,20511,23397,14841,18507,4286,7464,219567,205009,32216,29551,55105,51801,12690,43,49
2021-08-11T23:59:59+02:00,1161,1055,14350,13369,20237,18663,22500,22086,26366,27024,29672,30647,21181,24180,15283,19126,4447,7744,707,637,12062,11391,18433,16921,20912,20441,24860,25340,28292,29221,20478,23369,14834,18496,4284,7459,219163,204108,32144,29546,55105,51796,12638,43,49
2021-08-10T23:59:59+02:00,1146,1037,14269,13293,20179,18615,22465,22042,26333,26994,29638,30616,21167,24169,15283,19118,4446,7742,688,615,11945,11271,18333,16849,20846,20375,24808,25282,28248,29167,20451,23340,14820,18478,4283,7453,218741,203355,32112,29524,55105,51771,12553,43,49
2021-08-09T23:59:59+02:00,1129,1018,14183,13231,20098,18559,22416,21994,26282,26950,29600,30583,21148,24152,15277,19109,4441,7740,643,574,11763,11109,18163,16753,20720,20293,24712,25186,28168,29092,20413,23299,14806,18466,4280,7444,218294,202364,32091,29417,55104,51677,12380,43,46
2021-08-08T23:59:59+02:00,1115,1011,14140,13192,20076,18523,22390,21975,26267,26930,29584,30569,21141,24146,15274,19105,4440,7739,617,556,11680,11022,18077,16669,20653,20235,24649,25139,28122,29048,20391,23276,14793,18455,4280,7440,218064,201709,32060,29339,55103,51659,12349,43,46
2021-08-07T23:59:59+02:00,1115,1011,14125,13186,20066,18518,22385,21970,26255,26916,29569,30557,21139,24142,15270,19100,4439,7739,617,555,11665,11016,18061,16664,20648,20229,24636,25124,28105,29036,20389,23272,14789,18450,4279,7440,218061,201693,32059,29338,55102,51659,12239,43,46
2021-08-06T23:59:59+02:00,1115,1011,14115,13174,20053,18499,22371,21955,26233,26907,29556,30546,21136,24138,15267,19098,4439,7738,617,555,11654,11002,18038,16641,20632,20212,24615,25115,28092,29024,20386,23268,14786,18448,4279,7440,218053,201663,32055,29337,55102,51658,12100,43,46
2021-08-05T23:59:59+02:00,1103,992,14044,13132,20002,18465,22328,21912,26197,26850,29528,30522,21122,24123,15260,19089,4437,7735,582,525,11481,10893,17925,16541,20523,20113,24508,25025,28023,28975,20360,23243,14775,18434,4276,7438,217737,200878,32011,29246,55099,51517,11953,43,46
2021-08-04T23:59:59+02:00,1087,975,13980,13064,19897,18380,22263,21853,26156,26807,29477,30474,21099,24105,15250,19076,4437,7732,544,491,11295,10719,17694,16399,20347,19986,24390,24901,27913,28878,20332,23210,14762,18422,4273,7436,217467,199831,31849,29185,55098,51273,11657,43,46
2021-08-03T23:59:59+02:00,1063,957,13908,13000,19857,18329,22228,21811,26119,26765,29442,30443,21082,24080,15239,19062,4434,7722,487,449,11109,10547,17516,16271,20205,19851,24241,24777,27793,28769,20288,23162,14744,18390,4271,7430,217087,198391,31821,29150,55097,51218,11495,43,46
2021-08-02T23:59:59+02:00,1039,937,13823,12932,19798,18271,22176,21770,26063,26703,29390,30393,21053,24049,15229,19042,4431,7721,461,419,10941,10378,17342,16146,20057,19738,24123,24662,27706,28666,20243,23109,14725,18371,4268,7421,216605,197200,31790,29101,55097,51142,11287,43,46
2021-08-01T23:59:59+02:00,1029,922,13762,12885,19763,18254,22155,21748,26038,26682,29371,30377,21044,24037,15225,19035,4431,7720,425,388,10796,10233,17183,16038,19906,19630,23979,24558,27597,28586,20229,23085,14716,18357,4268,7417,216368,196312,31741,29010,55097,50793,11230,43,46
2021-07-31T23:59:59+02:00,1029,922,13737,12876,19745,18246,22139,21736,26024,26670,29363,30366,21041,24032,15224,19034,4430,7720,424,388,10770,10220,17162,16024,19888,19616,23966,24545,27589,28575,20226,23080,14715,18356,4267,7417,216364,196289,31741,29010,55097,50793,11090,43,46
2021-07-30T23:59:59+02:00,1021,912,13676,12829,19699,18224,22108,21717,25994,26648,29336,30348,21034,24024,15218,19032,4428,7719,403,370,10683,10144,17097,15980,19829,19580,23899,24504,27541,28549,20211,23058,14706,18352,4264,7415,216183,195895,31737,29010,55097,50726,10908,43,46
2021-07-29T23:59:59+02:00,997,893,13569,12743,19635,18163,22035,21664,25943,26592,29283,30310,21017,24014,15211,19025,4428,7717,358,330,10415,9883,16794,15738,19534,19361,23595,24273,27289,28385,20156,23003,14694,18331,4264,7414,215738,194138,31664,28898,55097,50037,10698,43,46
2021-07-28T23:59:59+02:00,969,863,13439,12615,19511,18055,21949,21581,25863,26513,29206,30242,20994,23978,15198,19013,4426,7715,323,290,10126,9678,16534,15547,19274,19173,23367,24080,27134,28241,20108,22929,14675,18308,4261,7409,215087,192791,31628,28816,55093,49524,10280,43,46
2021-07-27T23:59:59+02:00,938,842,13320,12522,19446,17994,21882,21528,25797,26456,29166,30197,20979,23958,15193,18993,4425,7709,275,235,9870,9464,16280,15317,19045,18986,23173,23905,26970,28105,20066,22876,14653,18281,4255,7400,214493,191120,31573,28657,55092,49187,10146,42,46
2021-07-26T23:59:59+02:00,914,824,13215,12427,19393,17937,21809,21463,25746,26423,29112,30136,20949,23934,15175,18974,4425,7705,226,206,9637,9213,16039,15109,18797,18786,22943,23738,26820,27977,19995,22815,14624,18245,4251,7394,213883,189359,31503,28556,55090,48809,10045,41,46
2021-07-25T23:59:59+02:00,895,812,13140,12355,19313,17886,21751,21409,25704,26375,29076,30091,20932,23917,15168,18968,4422,7704,203,186,9451,9072,15840,14955,18593,18647,22775,23629,26672,27857,19945,22767,14607,18232,4248,7391,213577,188451,31439,28407,55090,48394,9772,41,46
2021-07-24T23:59:59+02:00,895,812,13130,12345,19302,17879,21740,21405,25690,26368,29071,30085,20928,23916,15167,18967,4422,7704,203,186,9441,9056,15829,14947,18579,18642,22760,23619,26666,27849,19942,22764,14606,18231,4248,7391,213574,188431,31437,28403,55090,48394,9685,41,46
2021-07-23T23:59:59+02:00,887,810,13064,12307,19225,17845,21700,21372,25655,26330,29037,30049,20913,23899,15159,18963,4420,7701,203,185,9388,9027,15745,14904,18525,18601,22710,23579,26622,27810,19925,22747,14599,18225,4246,7388,213445,188268,31436,28397,55090,48393,9325,41,46
2021-07-22T23:59:59+02:00,875,796,12968,12225,19169,17775,21654,21342,25606,26282,29013,30026,20900,23881,15157,18957,4417,7699,149,142,9071,8750,15348,14655,18158,18344,22379,23332,26416,27675,19868,22690,14586,18203,4243,7383,212977,186437,31350,28142,55086,47478,9289,41,46
2021-07-21T23:59:59+02:00,853,768,12768,12057,19022,17651,21521,21243,25500,26178,28937,29954,20858,23846,15140,18934,4413,7694,126,122,8694,8434,14916,14330,17778,18070,22022,22997,26141,27465,19775,22602,14560,18165,4240,7374,212348,184533,31241,27789,55083,46818,8625,41,46
2021-07-20T23:59:59+02:00,823,743,12619,11921,18914,17564,21452,21165,25439,26113,28897,29903,20833,23813,15132,18918,4410,7691,96,95,8363,8128,14452,13995,17395,17794,21717,22767,25894,27278,19694,22493,14531,18130,4238,7368,211662,182376,31131,27626,55080,45944,8437,41,45
2021-07-19T23:59:59+02:00,794,716,12499,11804,18827,17494,21391,21106,25385,26059,28847,29866,20807,23783,15122,18904,4406,7685,75,64,8040,7874,14087,13742,17047,17546,21389,22561,25666,27136,19624,22417,14509,18108,4232,7362,210948,180332,31028,27468,55080,45233,8401,39,45
2021-07-18T23:59:59+02:00,776,698,12384,11695,18729,17416,21323,21053,25329,26005,28810,29812,20785,23762,15110,18893,4404,7683,62,53,7869,7723,13933,13618,16895,17422,21225,22448,25536,27054,19584,22377,14495,18092,4232,7359,210360,179397,30881,27361,55080,44866,8308,39,45
2021-07-17T23:59:59+02:00,776,698,12381,11695,18728,17413,21322,21053,25329,26005,28810,29812,20785,23762,15110,18893,4404,7683,62,53,7862,7722,13929,13613,16894,17421,21224,22447,25535,27052,19581,22376,14495,18092,4232,7359,210355,179375,30881,27360,55080,44864,8305,39,45
2021-07-16T23:59:59+02:00,769,693,12308,11641,18686,17382,21287,21026,25296,25982,28785,29793,20783,23759,15110,18891,4404,7683,58,50,7706,7621,13770,13543,16750,17362,21084,22388,25429,27004,19562,22354,14494,18086,4232,7356,210146,178918,30881,27286,55080,44467,8133,39,45
2021-07-15T23:59:59+02:00,754,673,12236,11569,18624,17323,21231,20978,25247,25941,28757,29765,20768,23742,15105,18882,4403,7680,56,47,7364,7303,13161,13133,16077,16936,20448,22016,24971,26691,19416,22213,14452,18040,4229,7349,209665,176680,30795,26379,55073,42691,8107,39,45
2021-07-14T23:59:59+02:00,725,653,12028,11430,18453,17214,21112,20882,25142,25839,28669,29665,20734,23708,15086,18866,4400,7677,48,36,6947,6945,12497,12680,15387,16447,19815,21558,24505,26348,19198,21988,14420,17992,4221,7338,208850,173849,30634,26040,55070,40745,7691,39,45
2021-07-13T23:59:59+02:00,681,618,11891,11296,18330,17129,20999,20786,25046,25746,28599,29599,20705,23669,15066,18856,4398,7667,38,25,6488,6520,11864,12181,14691,15944,19212,21146,24067,26025,19016,21772,14376,17931,4217,7329,207828,170193,30497,25867,55059,39081,7659,39,42
2021-07-12T23:59:59+02:00,646,587,11766,11159,18214,17040,20905,20678,24946,25647,28518,29532,20679,23635,15058,18844,4393,7660,33,19,6073,6108,11255,11646,14067,15408,18656,20651,23648,25664,18819,21582,14311,17873,4208,7325,206809,166506,30369,25043,55056,38120,7635,39,42
2021-07-11T23:59:59+02:00,610,560,11651,11068,18152,16976,20848,20622,24891,25599,28460,29483,20660,23615,15049,18835,4393,7659,30,18,5883,5940,10999,11440,13835,15208,18410,20462,23440,25477,18746,21500,14284,17847,4207,7319,206170,165115,30251,24573,55054,37695,7620,37,42
2021-07-10T23:59:59+02:00,609,559,11643,11067,18148,16975,20844,20620,24888,25598,28459,29483,20660,23615,15048,18833,4393,7659,30,18,5876,5939,10994,11434,13825,15204,18410,20460,23438,25475,18744,21499,14283,17847,4207,7319,206150,165086,30247,24572,55054,37688,7614,37,42
2021-07-09T23:59:59+02:00,581,536,11533,10940,18073,16892,20774,20558,24813,25522,28409,29437,20637,23595,15045,18823,4393,7658,30,17,5841,5905,10964,11401,13775,15182,18379,20428,23419,25452,18739,21489,14281,17844,4207,7318,205278,164853,30246,24522,55054,37650,7605,37,41
2021-07-08T23:59:59+02:00,546,508,11368,10804,17946,16786,20640,20457,24704,25394,28291,29358,20593,23547,15029,18794,4390,7650,27,14,5495,5648,10449,11003,13155,14731,17714,19868,22811,24983,18420,21091,14184,17761,4202,7308,204503,162534,30218,23714,55026,35553,7022,37,41
2021-07-07T23:59:59+02:00,486,456,11199,10656,17861,16700,20568,20389,24631,25316,28230,29295,20565,23511,15024,18782,4388,7642,22,14,5189,5356,9924,10554,12576,14248,17030,19347,22245,24481,18105,20726,14082,17664,4195,7285,203489,160069,30193,22251,55008,33709,6973,37,41
2021-07-06T23:59:59+02:00,445,422,11073,10504,17746,16605,20474,20286,24553,25223,28139,29216,20539,23471,15015,18765,4386,7639,15,8,4791,4925,9322,10033,11868,13644,16320,18732,21730,23987,17786,20420,13981,17547,4186,7275,202344,155873,30187,21303,54999,32418,6935,37,41
2021-07-05T23:59:59+02:00,423,395,10987,10415,17656,16534,20396,20214,24493,25171,28098,29179,20516,23450,15003,18757,4385,7636,12,7,4507,4606,8828,9584,11309,13089,15611,18087,21106,23380,17392,20022,13846,17389,4178,7267,201603,151979,30184,20623,54990,30682,6895,37,41
2021-07-04T23:59:59+02:00,410,389,10915,10360,17590,16479,20347,20165,24462,25136,28082,29161,20507,23439,14998,18754,4384,7635,12,7,4361,4516,8697,9417,11118,12915,15367,17875,20839,23107,17119,19731,13786,17297,4174,7263,201128,150660,30178,20315,54989,29703,6882,37,41
2021-07-03T23:59:59+02:00,408,388,10907,10348,17578,16473,20345,20162,24461,25135,28079,29160,20507,23438,14998,18754,4384,7635,12,7,4356,4507,8690,9413,11115,12915,15361,17875,20835,23103,17119,19725,13786,17297,4174,7263,201098,150643,30176,20315,54989,29693,6861,37,41
2021-07-02T23:59:59+02:00,365,325,10763,10238,17462,16374,20240,20086,24387,25071,28016,29101,20481,23412,14992,18740,4384,7632,12,7,4270,4428,8528,9276,10977,12803,15239,17767,20723,22999,17077,19694,13779,17282,4174,7260,200217,149654,30176,20314,54989,29635,6651,37,41
2021-07-01T23:59:59+02:00,318,282,10630,10103,17338,16280,20116,19996,24303,24996,27952,29049,20461,23388,14976,18725,4381,7628,12,5,4064,4229,8222,8942,10606,12391,14669,17266,20211,22459,16788,19393,13573,17067,4164,7238,199143,146579,30119,19631,54983,28407,6641,37,41
2021-06-30T23:59:59+02:00,235,221,10377,9863,17163,16131,19982,19864,24187,24872,27873,28960,20439,23356,14957,18707,4380,7627,12,4,3869,4036,7918,8606,10199,11927,14177,16711,19634,21825,16466,19049,13300,16789,4151,7211,197494,142900,30064,19379,54975,26939,6625,37,41
2021-06-29T23:59:59+02:00,191,184,10229,9688,17027,16036,19879,19772,24118,24796,27815,28893,20412,23329,14943,18687,4380,7623,11,4,3667,3778,7521,8157,9723,11391,13522,16039,19017,21123,16147,18721,13050,16499,4144,7197,196345,138622,30059,19081,54971,25375,6592,36,41
2021-06-28T23:59:59+02:00,142,132,10035,9503,16903,15930,19775,19669,24023,24700,27747,28831,20382,23299,14929,18668,4378,7621,10,3,3466,3523,7120,7717,9284,10899,12971,15502,18518,20603,15895,18456,12931,16366,4138,7186,195160,134780,29945,18661,54968,24547,6559,36,41
2021-06-27T23:59:59+02:00,124,115,9895,9392,16846,15869,19714,19619,23964,24650,27720,28806,20370,23283,14926,18664,4377,7618,10,3,3376,3458,6942,7519,9093,10698,12740,15262,18256,20342,15772,18350,12866,16279,4138,7182,194526,133581,29887,18314,54964,23810,6540,36,41
2021-06-26T23:59:59+02:00,124,115,9894,9386,16844,15865,19711,19618,23962,24649,27720,28805,20370,23283,14926,18664,4377,7618,10,3,3374,3457,6939,7517,9090,10696,12737,15259,18254,20340,15769,18349,12866,16276,4138,7182,194508,133559,29886,18314,54964,23804,6538,36,41
2021-06-25T23:59:59+02:00,120,112,9847,9347,16802,15829,19677,19585,23926,24621,27695,28786,20364,23276,14924,18661,4377,7618,10,3,3353,3411,6865,7406,8991,10538,12622,15062,18105,20131,15744,18319,12858,16273,4137,7181,194182,133369,29850,17958,54963,23104,6537,36,41
2021-06-24T23:59:59+02:00,110,101,9719,9223,16618,15703,19543,19460,23804,24532,27636,28725,20350,23260,14917,18652,4376,7616,9,3,3228,3268,6645,7075,8678,10085,12087,14436,17551,19419,15520,18087,12710,16142,4134,7169,193340,130959,29509,17099,54962,21648,6499,36,41
2021-06-23T23:59:59+02:00,104,96,9590,9082,16476,15575,19424,19358,23707,24426,27569,28678,20335,23238,14913,18647,4373,7615,9,3,3025,3031,6288,6593,8174,9513,11383,13611,16786,18434,15223,17744,12559,16000,4124,7144,192413,126395,29345,16121,54951,20627,6461,36,40
2021-06-22T23:59:59+02:00,73,70,9301,8780,16243,15376,19239,19207,23560,24301,27498,28593,20310,23212,14905,18628,4369,7609,9,3,2791,2747,5805,6046,7550,8751,10467,12566,15763,17228,14926,17385,12452,15876,4111,7121,190723,119952,29141,15629,54947,19552,6428,35,36
2021-06-21T23:59:59+02:00,68,62,9174,8625,16068,15223,19049,19054,23428,24178,27437,28515,20286,23183,14900,18618,4369,7605,9,3,2644,2556,5424,5585,7087,8165,9736,11690,15034,16296,14648,17071,12343,15755,4106,7104,189519,115255,28920,15071,54944,18471,6424,35,35
2021-06-20T23:59:59+02:00,65,60,9037,8498,15930,15103,18937,18967,23354,24107,27397,28464,20275,23162,14889,18611,4366,7604,9,3,2584,2488,5254,5403,6872,7899,9428,11351,14667,15891,14511,16935,12303,15718,4101,7098,188624,113541,28805,14835,54943,17685,6419,35,35
2021-06-19T23:59:59+02:00,65,60,9036,8491,15926,15094,18934,18967,23352,24106,27397,28463,20275,23162,14889,18611,4366,7604,9,3,2581,2487,5253,5397,6870,7897,9427,11350,14665,15887,14509,16935,12303,15718,4101,7098,188600,113521,28802,14831,54942,17684,6419,35,35
2021-06-18T23:59:59+02:00,65,56,9004,8479,15913,15085,18918,18959,23345,24097,27391,28458,20275,23159,14888,18611,4366,7604,9,3,2553,2454,5197,5339,6791,7796,9329,11192,14494,15659,14430,16834,12292,15696,4099,7095,188477,112735,28801,14830,54941,17243,6419,35,35
2021-06-17T23:59:59+02:00,58,53,8823,8316,15682,14917,18718,18802,23188,23965,27256,28364,20251,23138,14881,18599,4364,7601,9,3,2413,2305,4873,5038,6401,7391,8784,10588,13664,14785,14192,16539,12219,15573,4095,7084,187138,109850,28796,13879,54934,16119,6073,35,35
2021-06-16T23:59:59+02:00,50,51,8597,8105,15450,14687,18507,18603,22996,23796,27150,28254,20222,23095,14867,18579,4360,7595,9,3,2300,2198,4632,4833,6046,7050,8252,10100,12946,13940,13841,16157,12134,15484,4090,7072,185357,106389,28693,13077,54931,15638,5948,35,35
2021-06-15T23:59:59+02:00,41,38,8254,7771,15074,14329,18186,18314,22745,23584,26990,28122,20192,23061,14854,18564,4358,7584,9,3,2120,2028,4282,4482,5540,6484,7370,9210,11751,12657,13299,15538,12013,15321,4075,7049,182765,100138,28655,12411,54929,14970,5677,35,35
2021-06-14T23:59:59+02:00,35,33,8073,7606,14814,14094,17982,18140,22593,23462,26877,28040,20169,23028,14840,18556,4354,7576,7,3,2007,1905,4025,4231,5152,6013,6711,8487,10824,11599,12981,15188,11942,15224,4065,7030,181177,95286,28629,12049,54926,14519,5505,35,35
2021-06-13T23:59:59+02:00,35,33,7999,7551,14730,14004,17866,18028,22510,23384,26848,28010,20156,23017,14836,18550,4354,7576,5,3,1965,1879,3943,4134,5033,5873,6477,8249,10529,11266,12825,15010,11884,15167,4064,7029,180419,93909,28618,11758,54921,14139,5494,35,35
2021-06-12T23:59:59+02:00,35,33,7998,7549,14730,14001,17866,18028,22508,23383,26847,28007,20155,23016,14836,18550,4354,7576,5,3,1964,1877,3941,4134,5031,5872,6474,8244,10525,11260,12822,15009,11884,15165,4064,7029,180405,93885,28618,11758,54920,14131,5494,35,35
2021-06-11T23:59:59+02:00,35,32,7932,7508,14640,13954,17789,17977,22439,23347,26803,27984,20153,23012,14836,18549,4354,7576,5,3,1946,1863,3906,4076,4987,5805,6413,8161,10425,11154,12782,14973,11873,15159,4064,7029,180065,93666,28540,11750,54919,13812,5361,35,35
2021-06-10T23:59:59+02:00,30,25,7592,7212,14246,13589,17356,17600,22109,23066,26607,27803,20109,22967,14823,18531,4351,7564,3,3,1846,1782,3691,3910,4711,5530,6087,7792,9807,10544,12262,14312,11803,15051,4057,7022,177467,90500,28041,11370,54908,13182,5129,35,32
2021-06-09T23:59:59+02:00,29,22,7227,6863,13784,13158,16839,17135,21719,22696,26390,27589,20035,22897,14805,18496,4348,7556,3,3,1684,1668,3495,3731,4456,5262,5698,7382,9030,9827,11595,13475,11682,14909,4047,7010,174230,86242,27495,10737,54896,13014,4932,35,32
2021-06-08T23:59:59+02:00,24,18,6851,6462,13271,12670,16371,16664,21359,22355,26173,27387,19978,22817,14774,18461,4346,7549,3,3,1593,1594,3277,3499,4133,4909,5187,6893,8146,8905,10709,12396,11538,14750,4043,6994,170819,80579,27000,10439,54887,12734,4789,35,31
2021-06-07T23:59:59+02:00,21,15,6577,6180,12828,12295,15972,16264,21034,22058,26010,27229,19941,22763,14753,18441,4339,7543,3,3,1533,1523,3082,3327,3860,4681,4783,6514,7432,8151,9794,11248,11426,14603,4032,6976,168258,75832,26572,10065,54866,12510,4533,34,31
2021-06-06T23:59:59+02:00,21,15,6436,6048,12685,12140,15810,16108,20868,21895,25923,27142,19921,22726,14742,18431,4338,7539,3,3,1518,1500,3007,3285,3766,4616,4676,6433,7290,8019,9535,10979,11380,14554,4029,6971,167032,75143,26465,9641,54845,12337,4412,34,31
2021-06-05T23:59:59+02:00,21,15,6426,6044,12671,12125,15800,16099,20865,21890,25923,27139,19921,22726,14742,18431,4338,7539,3,3,1516,1498,3004,3283,3765,4615,4673,6433,7285,8013,9527,10974,11380,14554,4029,6971,166972,75111,26452,9639,54845,12333,4412,34,31
2021-06-04T23:59:59+02:00,21,15,6391,6004,12610,12075,15740,16048,20837,21858,25902,27122,19917,22720,14739,18431,4338,7539,3,3,1513,1492,2991,3271,3746,4599,4663,6417,7246,7969,9495,10904,11342,14513,4028,6970,166866,74828,26193,9625,54820,12287,4394,34,31
2021-06-03T23:59:59+02:00,21,14,6158,5780,12311,11825,15417,15737,20504,21519,25645,26910,19870,22645,14719,18410,4337,7535,2,3,1471,1449,2916,3204,3648,4518,4550,6316,7047,7783,9114,10452,11291,14439,4028,6965,164383,73516,25946,9325,54817,12147,4177,34,31
2021-06-02T23:59:59+02:00,21,14,6091,5720,12238,11762,15344,15668,20432,21457,25628,26886,19866,22642,14716,18407,4336,7534,2,3,1458,1438,2896,3187,3631,4503,4514,6298,7012,7744,9033,10341,11282,14414,4027,6964,164024,73144,25765,9316,54816,12136,4123,34,28
2021-06-01T23:59:59+02:00,17,14,5638,5227,11503,11063,14520,14934,19714,20791,25216,26503,19776,22553,14682,18360,4328,7526,2,3,1346,1330,2598,2915,3252,4170,4024,5839,6181,6938,7841,8712,11035,14067,4013,6947,158990,67719,25111,8408,54788,11619,3442,34,25
2021-05-31T23:59:59+02:00,15,14,5390,4928,11062,10638,13992,14441,19235,20291,24910,26165,19684,22467,14644,18314,4319,7510,2,3,1286,1275,2444,2782,3049,3999,3738,5544,5621,6403,6822,7425,10790,13748,4004,6913,155525,63669,24422,7487,54781,11410,3257,34,25
2021-05-30T23:59:59+02:00,15,14,5312,4853,10875,10514,13825,14263,18886,19967,24667,25917,19652,22436,14636,18294,4318,7508,2,3,1267,1261,2415,2747,3000,3953,3670,5488,5516,6312,6646,7193,10752,13673,4001,6903,154026,62920,23917,7424,54753,11211,3222,34,25
2021-05-29T23:59:59+02:00,15,14,5309,4853,10875,10510,13820,14260,18886,19966,24666,25914,19652,22436,14636,18294,4318,7508,2,3,1266,1257,2413,2744,2996,3950,3670,5486,5514,6310,6641,7190,10752,13673,4001,6903,154007,62908,23917,7420,54752,11197,3222,34,24
2021-05-28T23:59:59+02:00,15,14,5293,4839,10854,10473,13793,14239,18869,19948,24657,25904,19650,22433,14634,18291,4318,7507,2,3,1260,1256,2412,2737,2993,3948,3663,5480,5499,6294,6624,7173,10743,13651,4000,6899,153815,62802,23915,7420,54748,11173,3219,34,23
2021-05-27T23:59:59+02:00,12,13,5000,4560,10326,10017,13207,13710,18179,19334,24076,25367,19550,22318,14601,18245,4307,7495,2,3,1097,1116,2126,2542,2691,3659,3366,5124,5170,6013,6323,6756,10515,13367,3995,6883,150548,60945,22928,7383,54640,10230,2167,34,23
2021-05-26T23:59:59+02:00,12,13,4737,4307,9893,9638,12690,13190,17565,18725,23442,24691,19426,22168,14554,18190,4301,7478,2,3,1018,1034,1965,2390,2491,3460,3103,4880,4782,5661,5763,6106,10140,12828,3979,6847,146456,57786,22171,7345,54518,9457,1841,34,23
2021-05-25T23:59:59+02:00,12,12,4523,4080,9481,9166,12233,12682,17028,18147,22922,24052,19294,21996,14522,18111,4292,7464,2,3,971,989,1902,2300,2381,3323,2930,4675,4436,5283,5176,5372,9686,12227,3963,6822,142422,54219,21337,7330,54387,9032,1837,34,23
2021-05-24T23:59:59+02:00,12,12,4411,3923,9270,8962,12029,12422,16726,17828,22592,23649,19218,21917,14507,18091,4290,7463,2,3,954,939,1841,2256,2306,3262,2843,4593,4313,5165,5029,5211,9596,12099,3960,6814,140916,53502,20379,7275,54211,8605,1782,34,22
2021-05-23T23:59:59+02:00,12,12,4399,3923,9264,8959,12016,12412,16715,17821,22576,23628,19213,21912,14506,18089,4290,7463,2,3,952,934,1839,2251,2301,3260,2836,4588,4305,5148,5022,5197,9587,12086,3959,6813,140809,53420,20376,7262,54210,8599,1781,34,21
2021-05-22T23:59:59+02:00,12,12,4395,3920,9260,8956,12008,12406,16710,17817,22573,23626,19213,21912,14506,18089,4290,7463,2,3,952,934,1838,2248,2298,3260,2835,4588,4305,5146,5020,5196,9586,12086,3959,6813,140779,53413,20376,7262,54198,8592,1781,34,21
2021-05-21T23:59:59+02:00,12,12,4363,3884,9189,8880,11934,12319,16620,17742,22508,23558,19194,21893,14502,18082,4290,7461,2,3,906,925,1806,2238,2265,3250,2803,4563,4256,5117,4996,5172,9573,12079,3958,6812,140121,53340,20376,7262,54179,8368,1733,34,21
2021-05-20T23:59:59+02:00,9,11,4109,3705,8737,8520,11453,11903,15951,17238,21925,22978,19009,21724,14470,18043,4285,7450,2,3,760,862,1547,2077,2023,3091,2560,4341,4006,4884,4839,5009,9457,11933,3950,6788,136724,52609,19998,7163,53759,7334,1006,33,20
2021-05-19T23:59:59+02:00,9,11,3867,3466,8238,8055,10876,11357,15278,16529,21246,22253,18809,21493,14429,17993,4279,7432,2,3,713,815,1486,1994,1946,2988,2493,4213,3861,4723,4662,4796,9254,11703,3930,6759,131327,51520,19815,7030,53461,6786,985,32,20
2021-05-18T23:59:59+02:00,8,10,3578,3203,7695,7520,10148,10662,14319,15587,20303,21195,18548,21208,14373,17933,4273,7410,2,3,659,767,1432,1908,1870,2877,2363,4071,3683,4520,4390,4504,9051,11452,3917,6732,124290,50285,19716,6829,53023,6158,912,32,17
2021-05-17T23:59:59+02:00,8,10,3389,2995,7236,7055,9642,10120,13590,14800,19618,20394,18362,20944,14324,17867,4262,7395,2,3,603,711,1351,1845,1795,2796,2250,3995,3546,4406,4143,4273,8907,11238,3904,6703,119052,49477,19476,6615,52555,5466,896,32,17
2021-05-16T23:59:59+02:00,8,9,3261,2921,7032,6881,9439,9905,13336,14565,19389,20163,18285,20864,14310,17848,4261,7389,2,3,590,666,1311,1796,1751,2734,2212,3902,3481,4322,4052,4171,8886,11209,3902,6701,117431,49326,19237,6447,52274,5009,892,32,17
2021-05-15T23:59:59+02:00,8,9,3260,2917,7025,6871,9437,9899,13333,14563,19386,20153,18283,20863,14310,17848,4261,7389,2,3,590,666,1308,1794,1747,2733,2209,3902,3480,4322,4050,4169,8886,11209,3902,6700,117385,49316,19237,6446,52271,5003,890,32,17
2021-05-14T23:59:59+02:00,8,9,3219,2872,6906,6729,9305,9760,13180,14379,19214,20016,18258,20837,14309,17840,4260,7386,2,3,570,653,1286,1771,1717,2711,2175,3875,3434,4285,3998,4110,8878,11202,3902,6699,116966,49272,18487,6290,52185,4875,817,32,17
2021-05-13T23:59:59+02:00,8,9,3103,2714,6580,6405,8867,9362,12630,13897,18612,19419,18129,20693,14276,17803,4255,7384,1,2,537,629,1235,1714,1661,2638,2088,3770,3283,4165,3894,3973,8855,11182,3899,6695,114078,49173,17790,5899,51579,4466,668,31,15
2021-05-12T23:59:59+02:00,8,9,3076,2683,6545,6367,8818,9308,12489,13784,18428,19215,18096,20659,14268,17793,4255,7384,1,2,536,627,1233,1709,1655,2634,2078,3764,3269,4157,3881,3959,8847,11175,3899,6694,113364,49144,17564,5869,51561,4427,665,31,15
2021-05-11T23:59:59+02:00,6,9,2690,2426,5750,5873,7844,8495,11094,12616,16861,17738,17592,20095,14184,17688,4237,7361,0,2,498,568,1104,1602,1489,2478,1892,3586,3048,3894,3772,3845,8779,11082,3894,6689,105958,48902,16941,5672,49490,3493,140,30,15
2021-05-10T23:59:59+02:00,6,7,2505,2260,5274,5493,7151,7869,10063,11701,15562,16365,17212,19643,14121,17574,4229,7337,0,2,474,543,1060,1563,1445,2424,1830,3484,2929,3763,3689,3772,8740,11034,3890,6685,100143,48782,16031,5441,48033,2954,135,30,15
2021-05-09T23:59:59+02:00,6,7,2424,2228,5137,5409,6965,7750,9652,11359,15016,15835,17094,19503,14101,17545,4226,7332,0,2,459,525,1025,1504,1374,2340,1771,3362,2817,3609,3603,3679,8717,11001,3887,6682,98563,48693,15441,5170,47423,2347,132,30,15
2021-05-08T23:59:59+02:00,6,7,2420,2226,5135,5409,6963,7747,9647,11355,15014,15834,17094,19503,14100,17545,4226,7332,0,2,458,524,1024,1503,1374,2339,1771,3362,2816,3608,3601,3679,8716,11001,3887,6682,98542,48686,15438,5170,47421,2344,132,30,15
2021-05-07T23:59:59+02:00,6,7,2250,2163,4864,5314,6599,7594,9197,11142,14571,15513,16917,19301,14088,17516,4226,7330,0,2,448,522,1013,1490,1359,2325,1736,3352,2767,3574,3555,3639,8636,10920,3887,6679,97834,48662,14919,4819,45687,2280,128,30,15
2021-05-06T23:59:59+02:00,6,7,2018,2030,4317,4970,5939,7219,8425,10582,13598,14693,16519,18851,14039,17422,4214,7317,0,2,418,474,972,1390,1272,2161,1628,3128,2544,3292,3377,3439,8457,10727,3878,6665,95246,48220,13684,4211,43148,1319,59,29,15
2021-05-05T23:59:59+02:00,6,7,1895,1921,4036,4746,5509,6848,7732,9989,12479,13636,15841,18015,13935,17320,4205,7293,0,2,410,460,958,1362,1244,2119,1593,3052,2483,3208,3326,3399,8378,10628,3872,6655,90836,48085,12364,4061,42142,945,43,28,15
2021-05-04T23:59:59+02:00,6,7,1810,1836,3771,4510,5099,6492,7065,9413,11261,12392,14923,16887,13826,17183,4201,7279,0,2,405,450,940,1341,1225,2076,1574,3013,2439,3152,3280,3350,8290,10516,3866,6641,85025,47941,11727,3862,41154,713,29,26,15
2021-05-03T23:59:59+02:00,5,7,1760,1782,3619,4385,4867,6280,6682,9081,10532,11656,14196,15906,13738,17068,4192,7262,0,2,399,440,934,1325,1210,2043,1553,2971,2406,3106,3227,3310,8175,10414,3861,6635,80594,47810,11523,3641,40852,523,23,26,14
2021-05-02T23:59:59+02:00,5,7,1750,1764,3544,4358,4782,6227,6611,9020,10413,11541,14009,15712,13706,17041,4191,7257,0,2,397,430,927,1310,1206,2026,1549,2957,2390,3089,3209,3291,8137,10382,3860,6631,80030,47782,11246,3541,40618,438,18,26,14
2021-05-01T23:59:59+02:00,5,7,1747,1764,3542,4357,4781,6225,6608,9018,10408,11537,14006,15712,13705,17040,4191,7254,0,2,396,430,927,1310,1205,2025,1549,2956,2390,3089,3209,3291,8137,10382,3860,6630,80001,47778,11246,3541,40617,438,17,26,14
2021-04-30T23:59:59+02:00,5,7,1744,1756,3536,4348,4774,6213,6587,9003,10369,11498,13955,15638,13679,17009,4190,7253,0,2,396,427,925,1308,1205,2025,1549,2956,2387,3087,3209,3289,8136,10380,3860,6630,79671,47769,11245,3540,40607,432,16,25,14
2021-04-29T23:59:59+02:00,5,7,1624,1715,3296,4233,4499,6058,6268,8752,9952,11104,13372,14933,13575,16852,4184,7245,0,2,387,416,916,1285,1185,1991,1524,2920,2358,3039,3195,3278,8123,10362,3857,6626,76882,47654,10860,3538,39893,243,15,24,14
2021-04-28T23:59:59+02:00,5,7,1499,1667,3120,4132,4266,5879,5910,8478,9364,10612,12491,13751,13419,16642,4175,7231,0,2,377,405,899,1272,1169,1962,1486,2876,2287,2969,3038,3142,8009,10246,3850,6615,72377,47226,10675,3122,39560,229,13,23,14
2021-04-27T23:59:59+02:00,5,7,1461,1622,3011,4014,4063,5737,5604,8220,8741,9942,11453,12439,13189,16285,4164,7209,0,2,365,389,889,1251,1154,1926,1459,2803,2240,2908,2999,3097,7981,10214,3843,6610,67568,47008,10489,2948,39076,147,13,20,14
2021-04-26T23:59:59+02:00,5,7,1436,1587,2900,3936,3891,5594,5291,8006,8249,9500,10695,11511,13044,16080,4153,7191,0,2,364,384,879,1240,1137,1914,1429,2782,2211,2877,2949,3045,7931,10164,3837,6605,64148,46904,10299,2693,38596,126,13,20,14
2021-04-25T23:59:59+02:00,5,7,1425,1580,2830,3903,3793,5534,5153,7959,8053,9391,10497,11274,13007,16026,4152,7186,0,2,363,379,870,1234,1119,1898,1414,2763,2187,2850,2907,3012,7883,10116,3836,6600,63630,46821,10096,2485,38016,100,13,20,14
2021-04-24T23:59:59+02:00,5,7,1424,1580,2830,3900,3792,5533,5151,7957,8049,9387,10490,11270,13007,16026,4152,7186,0,2,363,379,870,1233,1119,1895,1412,2762,2186,2850,2907,3012,7883,10116,3836,6600,63602,46815,10096,2484,38015,99,13,20,14
2021-04-23T23:59:59+02:00,5,7,1407,1569,2761,3866,3709,5503,5033,7909,7912,9327,10403,11156,12983,15985,4150,7182,0,2,362,379,869,1230,1119,1895,1411,2762,2186,2850,2906,3012,7882,10116,3836,6600,63463,46809,9816,2483,37555,98,13,20,14
2021-04-22T23:59:59+02:00,5,7,1364,1539,2653,3802,3548,5396,4800,7754,7559,9089,9828,10459,12716,15686,4144,7158,0,2,356,378,860,1221,1109,1882,1399,2735,2158,2829,2870,2979,7792,10006,3824,6583,61826,46393,9156,2474,36492,89,13,20,14
2021-04-21T23:59:59+02:00,5,7,1332,1502,2572,3720,3429,5294,4581,7574,7147,8762,8935,9426,12300,15107,4131,7116,0,2,351,376,855,1204,1100,1861,1381,2705,2127,2801,2811,2922,7677,9838,3806,6555,59082,45907,8287,2349,35538,89,13,20,14
2021-04-20T23:59:59+02:00,4,7,1309,1475,2501,3645,3329,5197,4407,7391,6762,8428,8041,8296,11835,14517,4117,7102,0,2,345,371,843,1191,1090,1839,1356,2682,2093,2758,2750,2865,7526,9649,3774,6500,56219,45182,7521,2343,34592,83,12,19,14
2021-04-19T23:59:59+02:00,4,7,1292,1458,2466,3608,3268,5130,4297,7288,6523,8192,7404,7519,11582,14161,4106,7084,0,2,343,369,837,1181,1084,1827,1333,2669,2059,2730,2695,2821,7409,9482,3751,6461,54260,44619,7147,2329,33951,79,12,19,14
2021-04-18T23:59:59+02:00,4,6,1282,1446,2432,3581,3228,5108,4244,7232,6386,8061,7050,7131,11488,14057,4103,7072,0,2,343,367,835,1177,1083,1819,1331,2656,2053,2725,2689,2807,7382,9449,3749,6457,53732,44493,6688,2326,33460,79,12,19,14
2021-04-17T23:59:59+02:00,4,6,1281,1444,2432,3579,3227,5104,4239,7229,6379,8051,7035,7121,11486,14055,4103,7072,0,2,343,367,834,1176,1083,1819,1329,2655,2052,2723,2686,2804,7381,9449,3749,6457,53710,44480,6686,2325,33421,79,12,18,13
2021-04-16T23:59:59+02:00,4,6,1278,1442,2421,3570,3219,5096,4220,7210,6328,8018,6958,7036,11473,14041,4101,7070,0,2,343,365,829,1174,1081,1819,1327,2654,2049,2723,2685,2797,7379,9447,3748,6457,53651,44454,6448,2321,33362,79,12,18,13
2021-04-15T23:59:59+02:00,2,4,1242,1422,2366,3521,3124,5037,4059,7082,6070,7785,6416,6479,11223,13753,4086,7038,0,2,336,363,810,1153,1042,1759,1282,2582,1975,2628,2605,2725,7290,9358,3738,6440,52563,43858,6058,2135,32058,73,12,18,10
2021-04-14T23:59:59+02:00,2,4,1221,1408,2330,3493,3054,4974,3951,6978,5880,7575,5772,5776,10830,13261,4054,6988,0,2,328,360,798,1143,1024,1732,1250,2541,1924,2576,2526,2655,7140,9162,3719,6414,51152,43189,5850,2011,30520,73,11,18,10
2021-04-13T23:59:59+02:00,2,4,1206,1397,2297,3462,2997,4910,3840,6898,5631,7354,5233,5224,10489,12848,4031,6960,0,2,307,346,779,1113,1002,1711,1226,2505,1886,2535,2460,2589,7021,9024,3683,6353,50120,42499,5645,1952,28989,70,11,18,10
2021-04-12T23:59:59+02:00,2,4,1191,1390,2270,3439,2946,4865,3711,6816,5422,7204,4904,4931,10237,12567,4022,6936,0,2,291,342,766,1108,985,1695,1212,2482,1835,2489,2382,2528,6906,8882,3669,6330,49649,41919,5445,1903,27737,63,9,17,10
2021-04-11T23:59:59+02:00,2,4,1185,1376,2250,3418,2912,4845,3650,6745,5278,7093,4671,4731,10051,12368,4016,6925,0,2,284,340,761,1100,976,1680,1201,2454,1813,2457,2328,2469,6822,8774,3655,6310,49560,41504,5208,1842,26730,62,8,14,10
2021-04-10T23:59:59+02:00,2,4,1185,1375,2247,3413,2909,4841,3644,6741,5268,7081,4665,4720,10043,12355,4016,6925,0,2,281,336,745,1093,962,1675,1177,2433,1741,2405,2240,2382,6763,8727,3653,6306,49504,41331,5206,1512,26703,61,7,14,10
2021-04-09T23:59:59+02:00,2,4,1181,1371,2240,3411,2900,4831,3635,6730,5239,7057,4640,4692,10016,12324,4015,6925,0,2,272,333,725,1083,946,1654,1143,2386,1649,2329,2020,2113,6608,8567,3631,6273,49425,40476,5200,1180,26567,61,7,14,10
2021-04-08T23:59:59+02:00,2,4,1157,1351,2187,3354,2814,4741,3493,6600,5002,6824,4247,4284,9471,11749,3996,6871,0,2,247,311,675,1024,888,1581,1070,2290,1513,2209,1742,1776,6139,8004,3543,6126,48958,37896,4670,1177,24498,50,7,14,10
2021-04-07T23:59:59+02:00,2,4,1147,1337,2153,3336,2772,4704,3404,6537,4837,6689,3954,3980,8908,11197,3979,6842,0,2,214,282,615,969,827,1508,1010,2230,1407,2110,1601,1600,5539,7301,3454,5969,48743,35401,4194,1173,22826,49,5,14,10
2021-04-06T23:59:59+02:00,2,4,1125,1319,2109,3310,2733,4671,3339,6489,4711,6595,3697,3725,8417,10686,3963,6811,0,2,206,277,586,949,802,1460,964,2172,1324,2023,1454,1411,4949,6507,3339,5763,48544,32964,3658,1165,21486,46,4,14,9
2021-04-05T23:59:59+02:00,2,4,1122,1315,2102,3307,2723,4669,3323,6474,4688,6576,3665,3698,8386,10648,3959,6809,0,2,203,265,579,932,783,1436,948,2135,1284,1984,1407,1348,4734,6238,3291,5706,48451,32053,3652,1163,21349,46,4,14,9
2021-04-04T23:59:59+02:00,2,4,1122,1314,2102,3305,2723,4667,3323,6474,4685,6575,3658,3694,8384,10646,3959,6809,0,2,203,265,578,932,783,1436,948,2135,1283,1983,1407,1348,4733,6238,3291,5706,48440,32050,3650,1163,21339,46,3,14,9
2021-04-03T23:59:59+02:00,2,4,1122,1314,2101,3305,2723,4667,3323,6474,4685,6575,3657,3692,8384,10645,3959,6809,0,2,203,265,578,931,783,1436,948,2135,1283,1983,1407,1348,4733,6238,3291,5706,48439,32049,3649,1163,21336,46,3,14,9
2021-04-02T23:59:59+02:00,2,4,1122,1314,2101,3303,2723,4666,3322,6470,4685,6573,3654,3688,8382,10644,3959,6809,0,2,203,265,578,931,783,1434,948,2134,1283,1982,1407,1346,4730,6236,3290,5706,48420,32038,3649,1162,21335,46,3,14,9
2021-04-01T23:59:59+02:00,1,4,1109,1279,2035,3184,2613,4466,3173,6220,4525,6334,3610,3651,8282,10537,3948,6792,0,2,198,256,574,922,772,1428,938,2120,1260,1967,1386,1319,4490,5916,3170,5539,48044,31048,3643,1158,20059,39,3,14,9
2021-03-31T23:59:59+02:00,1,4,1092,1250,1996,3085,2538,4323,3082,6008,4394,6104,3525,3568,8129,10340,3928,6756,0,2,190,253,567,911,768,1410,926,2100,1219,1934,1330,1256,3995,5310,3042,5303,47434,29310,3514,1158,19158,38,3,14,7
2021-03-30T23:59:59+02:00,1,3,1069,1217,1944,2902,2436,4099,2932,5650,4193,5715,3431,3473,7964,10135,3901,6702,0,2,186,248,558,901,757,1388,904,2080,1170,1889,1243,1171,3466,4589,2818,4966,46793,27139,3348,1158,17609,29,3,14,7
2021-03-29T23:59:59+02:00,1,3,1052,1174,1880,2774,2352,3942,2794,5396,4030,5438,3331,3373,7801,9905,3872,6654,0,2,185,243,552,890,746,1374,886,2056,1133,1861,1166,1083,2881,3905,2641,4671,46145,25095,3112,1152,16499,19,2,14,7
2021-03-28T23:59:59+02:00,1,3,1033,1142,1809,2611,2270,3738,2673,5101,3878,5161,3266,3307,7736,9842,3868,6649,0,2,185,243,550,887,745,1372,884,2050,1130,1858,1157,1071,2826,3838,2628,4644,46038,24898,2903,1150,15131,14,2,14,6
2021-03-27T23:59:59+01:00,1,3,1033,1142,1809,2610,2269,3737,2670,5101,3875,5161,3262,3306,7735,9842,3868,6649,0,2,185,243,549,887,745,1372,883,2050,1127,1858,1157,1071,2826,3838,2628,4644,46029,24893,2903,1150,15126,14,2,13,6
2021-03-26T23:59:59+01:00,1,3,1028,1117,1766,2495,2205,3579,2607,4890,3789,4937,3241,3290,7732,9837,3867,6648,0,2,185,242,549,887,744,1372,883,2050,1127,1855,1153,1070,2823,3832,2627,4641,46001,24872,2900,1150,14116,12,2,13,6
2021-03-25T23:59:59+01:00,1,3,1003,1086,1715,2392,2122,3410,2499,4661,3676,4739,3139,3198,7604,9703,3860,6634,0,2,183,240,544,885,737,1363,877,2032,1110,1831,1107,1026,2594,3484,2428,4348,45741,23622,2562,1150,13130,12,1,11,6
2021-03-24T23:59:59+01:00,1,3,980,1066,1695,2349,2091,3361,2462,4594,3633,4669,3051,3127,7474,9531,3841,6616,0,2,183,235,538,880,729,1352,865,2017,1091,1811,1067,983,2198,2936,2033,3825,45197,21578,2432,1148,12903,12,1,11,6
2021-03-23T23:59:59+01:00,1,3,969,1060,1677,2316,2067,3327,2427,4550,3592,4618,2984,3054,7380,9427,3823,6588,0,2,181,232,534,875,722,1340,851,1998,1054,1779,984,890,1832,2445,1681,3358,44678,19625,2421,1114,12753,12,1,10,6
2021-03-22T23:59:59+01:00,1,3,967,1051,1663,2298,2053,3309,2405,4521,3555,4576,2940,3020,7317,9357,3809,6571,0,2,178,229,532,864,706,1317,837,1984,1025,1752,935,817,1354,1869,1326,2865,44343,17516,2399,1057,12663,12,1,10,6
2021-03-21T23:59:59+01:00,1,3,967,1050,1662,2295,2053,3306,2401,4517,3543,4568,2926,3011,7270,9302,3802,6565,0,2,178,226,530,862,705,1313,835,1980,1014,1747,912,798,1276,1784,1270,2796,44194,17213,2395,996,12642,12,1,10,6
2021-03-20T23:59:59+01:00,1,3,966,1049,1661,2294,2053,3306,2401,4516,3541,4566,2925,3010,7270,9301,3802,6565,0,2,178,226,530,862,705,1313,835,1980,1001,1732,877,770,1244,1761,1261,2794,44190,17210,2391,842,12638,12,1,10,6
2021-03-19T23:59:59+01:00,1,3,965,1041,1654,2280,2042,3302,2398,4510,3534,4559,2915,2999,7258,9284,3801,6562,0,2,178,224,529,862,705,1311,835,1979,994,1727,833,732,1181,1709,1251,2783,44128,17166,2387,650,12582,12,1,10,6
2021-03-18T23:59:59+01:00,1,3,929,1009,1577,2165,1918,3133,2249,4261,3305,4309,2762,2841,6956,8919,3735,6460,0,2,177,223,524,857,698,1303,826,1968,971,1710,815,709,1104,1600,1106,2577,42731,16580,2075,571,11715,12,1,10,6
2021-03-17T23:59:59+01:00,1,3,876,977,1506,2105,1855,3067,2184,4201,3209,4214,2624,2706,6529,8425,3670,6345,0,2,176,221,520,852,696,1299,822,1963,966,1702,786,690,969,1447,951,2361,40953,15834,2070,570,11463,12,1,10,6
2021-03-16T23:59:59+01:00,1,3,851,953,1472,2063,1817,3017,2130,4144,3113,4116,2490,2547,6050,7773,3579,6194,0,0,170,218,516,851,692,1292,817,1954,958,1689,781,677,881,1321,807,2196,38950,15231,2007,570,11346,12,1,9,6
2021-03-15T23:59:59+01:00,1,3,834,947,1454,2038,1779,2961,2092,4073,3012,4007,2356,2376,5562,7228,3506,6077,0,0,169,217,516,843,690,1283,813,1944,948,1673,770,667,811,1210,651,1991,37173,14646,1906,532,11218,12,0,9,6
2021-03-14T23:59:59+01:00,1,3,829,932,1430,2011,1754,2932,2061,4013,2949,3938,2177,2179,5377,7001,3475,6044,0,0,169,217,515,840,688,1272,812,1937,945,1664,752,658,795,1191,627,1936,36148,14501,1805,508,11144,3,0,9,6
2021-03-13T23:59:59+01:00,1,3,821,924,1409,1999,1737,2919,2033,3985,2874,3890,2105,2104,5328,6946,3473,6043,0,0,169,217,515,839,688,1272,811,1937,945,1664,752,658,795,1191,627,1936,35893,14499,1557,508,11135,3,0,9,6
2021-03-12T23:59:59+01:00,1,3,797,908,1363,1940,1673,2821,1934,3834,2716,3723,1908,1865,5141,6722,3441,6000,0,0,169,217,514,839,688,1272,810,1937,945,1663,743,655,782,1175,619,1933,34559,14445,1314,507,10908,3,0,9,6
2021-03-11T23:59:59+01:00,1,3,763,847,1294,1855,1589,2672,1849,3634,2554,3551,1641,1555,4772,6249,3305,5817,0,0,160,210,508,830,677,1263,795,1901,925,1621,612,593,712,1132,599,1901,32440,13938,1214,494,10288,2,0,9,5
2021-03-10T23:59:59+01:00,1,3,748,795,1271,1797,1557,2615,1798,3563,2472,3462,1569,1466,4299,5704,3186,5563,0,0,160,208,499,809,659,1249,785,1881,918,1605,543,577,679,1123,592,1895,30618,13785,1208,390,10034,2,0,9,5
2021-03-09T23:59:59+01:00,1,3,734,774,1249,1767,1530,2569,1758,3512,2398,3410,1474,1368,3736,4949,2993,5253,0,0,157,206,493,788,649,1225,771,1849,906,1577,539,575,677,1118,589,1889,28429,13723,1205,278,9835,2,0,9,5
2021-03-08T23:59:59+01:00,0,3,730,746,1236,1747,1512,2548,1730,3473,2358,3367,1380,1266,3058,4117,2756,4883,0,0,153,203,479,765,627,1193,752,1799,882,1540,536,573,677,1117,589,1889,25959,13715,1205,54,9737,0,0,9,5
2021-03-07T23:59:59+01:00,0,3,727,742,1226,1737,1504,2532,1719,3465,2346,3359,1367,1250,2956,3994,2733,4834,0,0,153,203,479,765,627,1193,752,1799,882,1540,536,573,677,1117,589,1889,25605,13715,1203,54,9677,0,0,9,5
2021-03-06T23:59:59+01:00,0,3,726,742,1224,1732,1501,2529,1715,3462,2341,3358,1364,1250,2956,3994,2733,4834,0,0,152,203,479,765,627,1193,752,1799,882,1540,536,573,677,1117,589,1889,25600,13714,1203,54,9652,0,0,9,5
2021-03-05T23:59:59+01:00,0,3,665,718,1199,1717,1480,2519,1690,3447,2312,3348,1358,1247,2948,3988,2730,4829,0,0,152,203,479,764,627,1192,752,1799,882,1537,535,573,677,1117,589,1889,25573,13708,1198,54,9418,0,0,9,5
2021-03-04T23:59:59+01:00,0,3,599,672,1131,1647,1424,2436,1649,3366,2238,3270,1307,1199,2727,3622,2544,4541,0,0,150,197,476,750,616,1180,741,1771,873,1524,524,562,664,1107,584,1880,24342,13543,1190,52,8834,0,0,9,4
2021-03-03T23:59:59+01:00,0,3,562,632,1064,1584,1328,2355,1548,3280,2112,3184,1264,1152,2352,3099,2188,4089,0,0,150,197,474,747,616,1180,740,1767,870,1523,520,559,662,1104,584,1877,22465,13517,1188,50,8136,0,0,7,3
2021-03-02T23:59:59+01:00,0,3,544,598,1026,1538,1270,2311,1490,3228,2015,3122,1179,1048,1983,2620,1793,3566,0,0,148,195,469,741,611,1169,730,1757,865,1502,511,550,651,1081,564,1844,20382,13335,1185,50,7760,0,0,7,3
2021-03-01T23:59:59+01:00,0,3,537,549,1005,1499,1224,2250,1444,3164,1960,3049,1134,973,1484,2024,1405,3020,0,0,146,195,469,740,611,1168,730,1754,864,1502,509,550,647,1072,560,1833,18086,13297,1182,50,7449,0,0,7,3
2021-02-28T23:59:59+01:00,0,3,529,535,987,1459,1198,2188,1416,3106,1905,2976,1113,951,1369,1884,1331,2932,0,0,146,195,468,739,611,1168,729,1752,863,1501,507,550,647,1072,560,1833,17605,13288,1180,50,7090,0,0,7,3
2021-02-27T23:59:59+01:00,0,3,529,533,986,1456,1198,2187,1416,3105,1905,2975,1113,951,1369,1883,1329,2932,0,0,145,195,467,738,608,1166,727,1750,861,1500,507,550,647,1072,560,1833,17602,13287,1180,36,7081,0,0,7,3
2021-02-26T23:59:59+01:00,0,3,389,483,857,1412,1115,2144,1348,3064,1846,2933,1108,945,1366,1882,1329,2930,0,0,145,195,467,738,608,1166,727,1749,861,1499,507,550,647,1072,560,1833,17590,13286,1180,35,6377,0,0,7,3
2021-02-25T23:59:59+01:00,0,3,301,429,762,1317,1031,2053,1248,2891,1707,2770,1070,913,1284,1757,1209,2738,0,0,138,185,455,725,592,1140,720,1723,841,1475,493,536,619,1040,546,1814,16987,13016,1180,24,5309,0,0,7,2
2021-02-24T23:59:59+01:00,0,2,256,385,689,1241,957,1966,1194,2773,1641,2653,1043,893,1161,1611,1053,2519,0,0,135,185,451,721,588,1139,719,1718,840,1471,488,531,611,1035,543,1802,16275,12955,1178,20,4577,0,0,7,2
2021-02-23T23:59:59+01:00,0,2,244,364,669,1182,928,1887,1147,2661,1565,2542,1017,865,1080,1483,910,2354,0,0,135,183,451,720,588,1139,719,1715,838,1470,487,528,609,1034,543,1801,15712,12943,1143,16,4038,0,0,7,1
2021-02-22T23:59:59+01:00,0,0,230,345,646,1152,896,1804,1097,2569,1479,2419,971,835,961,1340,723,2097,0,0,135,183,450,719,586,1138,718,1715,832,1467,486,527,608,1032,542,1799,14958,12931,1070,5,3529,0,0,7,1
2021-02-21T23:59:59+01:00,0,0,224,334,610,1084,846,1698,1054,2468,1399,2311,954,814,928,1288,670,2031,0,0,135,182,447,711,585,1134,718,1710,832,1465,485,527,607,1032,541,1798,14748,12903,1027,5,2931,0,0,7,1
2021-02-20T23:59:59+01:00,0,0,224,331,607,1083,844,1693,1050,2462,1384,2292,918,785,895,1265,662,2029,0,0,135,182,447,711,585,1134,718,1710,832,1465,485,526,606,1032,541,1798,14746,12902,867,5,2904,0,0,7,0
2021-02-19T23:59:59+01:00,0,0,214,323,598,1075,831,1678,1029,2445,1351,2249,673,683,752,1201,637,2012,0,0,135,182,447,709,585,1131,717,1707,829,1462,485,525,606,1031,540,1798,14268,12885,679,4,2797,0,0,7,0
2021-02-18T23:59:59+01:00,0,0,198,274,559,953,746,1451,899,2187,1100,1874,594,615,711,1159,617,1994,0,0,130,182,434,697,570,1113,711,1681,813,1434,482,522,605,1030,540,1798,14108,12738,579,4,1238,0,0,6,0
2021-02-17T23:59:59+01:00,0,0,192,233,537,903,709,1355,840,2019,1015,1742,572,594,711,1156,615,1991,0,0,124,179,422,686,562,1097,692,1649,800,1411,479,520,603,1027,540,1797,14088,12585,579,3,511,0,0,6,0
2021-02-16T23:59:59+01:00,0,0,185,230,529,887,694,1324,820,1980,982,1702,560,589,705,1154,614,1988,0,0,119,174,408,681,551,1081,679,1631,790,1397,473,514,596,1013,532,1766,14057,12403,579,2,301,0,0,6,0
2021-02-15T23:59:59+01:00,0,0,171,221,524,860,688,1290,805,1946,953,1655,559,586,703,1154,614,1988,0,0,116,173,401,671,540,1062,650,1604,776,1379,471,511,596,1013,532,1766,14054,12259,540,2,117,0,0,6,0
2021-02-14T23:59:59+01:00,0,0,166,213,520,847,687,1281,802,1937,935,1647,558,585,703,1151,613,1988,0,0,109,169,390,660,523,1044,631,1589,769,1366,471,509,594,1011,532,1766,14048,12131,538,2,41,0,0,6,0
2021-02-13T23:59:59+01:00,0,0,165,213,519,847,687,1281,802,1937,935,1647,558,585,703,1151,613,1988,0,0,109,169,389,659,523,1044,631,1589,769,1366,471,509,594,1011,532,1766,14047,12129,538,2,40,0,0,6,0
2021-02-12T23:59:59+01:00,0,0,163,212,514,845,686,1278,798,1936,933,1644,557,585,703,1151,613,1988,0,0,106,167,386,653,518,1037,617,1574,766,1349,469,508,582,991,527,1737,14040,11985,537,2,23,0,0,6,0
2021-02-11T23:59:59+01:00,0,0,160,211,510,837,678,1274,795,1932,927,1642,552,579,695,1145,608,1982,0,0,87,131,357,584,471,957,565,1457,722,1255,445,463,538,937,483,1641,13989,11092,524,1,9,0,0,5,0
2021-02-10T23:59:59+01:00,0,0,157,209,500,819,661,1259,783,1904,912,1618,543,573,684,1132,603,1972,0,0,78,120,329,524,445,849,524,1280,647,1097,396,413,471,820,433,1478,13863,9903,460,1,1,0,0,5,0
2021-02-09T23:59:59+01:00,0,0,156,203,492,781,645,1220,763,1843,900,1577,532,561,678,1116,594,1953,0,0,73,103,310,454,410,763,481,1177,583,998,365,358,428,732,399,1357,13749,8991,261,0,0,0,0,4,0
2021-02-08T23:59:59+01:00,0,0,152,199,475,755,623,1185,743,1793,880,1533,526,560,676,1110,590,1937,0,0,59,77,265,386,360,630,422,947,510,818,307,303,362,578,334,1151,13678,7509,55,0,0,0,0,4,0
2021-02-07T23:59:59+01:00,0,0,152,198,473,754,621,1184,742,1785,878,1531,525,560,676,1110,590,1936,0,0,58,69,246,351,341,586,406,915,490,783,307,296,360,571,332,1147,13656,7258,55,0,0,0,0,4,0
2021-02-06T23:59:59+01:00,0,0,152,198,473,754,621,1184,742,1785,878,1531,525,560,676,1110,590,1936,0,0,58,69,246,350,341,586,406,914,488,781,307,295,359,569,331,1147,13656,7247,55,0,0,0,0,4,0
2021-02-05T23:59:59+01:00,0,0,152,198,473,754,621,1184,742,1785,878,1529,525,560,675,1110,590,1936,0,0,56,69,245,347,334,582,398,891,478,761,297,290,348,545,313,1107,13653,7061,55,0,0,0,0,4,0
2021-02-04T23:59:59+01:00,0,0,146,193,469,746,614,1176,738,1771,872,1520,518,553,654,1085,581,1918,0,0,42,52,212,313,292,486,356,750,384,615,232,219,263,379,232,820,13496,5647,54,0,0,0,0,4,0
2021-02-03T23:59:59+01:00,0,0,144,192,462,739,606,1167,734,1757,864,1504,506,545,639,1072,574,1910,0,0,34,33,157,220,238,354,265,573,309,465,182,172,186,283,179,613,13361,4263,51,0,0,0,0,3,0
2021-02-02T23:59:59+01:00,0,0,144,189,460,738,606,1167,731,1751,857,1500,505,543,635,1069,573,1906,0,0,25,27,138,174,193,283,221,437,257,375,142,132,139,211,142,484,13321,3380,51,0,0,0,0,2,0
2021-02-01T23:59:59+01:00,0,0,142,189,459,737,601,1164,730,1743,855,1495,503,541,630,1066,572,1899,0,0,21,19,102,128,139,192,155,304,168,259,90,94,94,134,76,258,13273,2233,51,0,0,0,0,2,0
2021-01-31T23:59:59+01:00,0,0,141,188,459,734,598,1163,730,1739,855,1494,501,540,629,1064,572,1898,0,0,14,15,69,88,97,127,118,227,141,203,85,87,90,126,74,244,13253,1805,51,0,0,0,0,1,0
2021-01-30T23:59:59+01:00,0,0,141,188,458,734,596,1161,729,1738,855,1494,501,540,628,1064,572,1898,0,0,14,15,69,88,97,125,116,223,138,200,84,86,90,120,68,234,13252,1767,44,0,0,0,0,1,0
2021-01-29T23:59:59+01:00,0,0,141,188,458,731,595,1158,727,1736,853,1493,501,540,628,1064,572,1898,0,0,12,15,57,82,80,121,98,212,115,188,79,79,88,116,67,233,13246,1642,36,0,0,0,0,1,0
2021-01-28T23:59:59+01:00,0,0,134,184,445,714,578,1131,721,1709,830,1464,494,534,625,1061,569,1895,0,0,7,3,14,20,25,47,31,98,47,87,46,50,57,86,49,176,13060,843,27,0,0,0,0,1,0
2021-01-27T23:59:59+01:00,0,0,127,181,433,703,570,1121,705,1674,823,1440,491,532,621,1056,569,1890,0,0,3,1,6,12,11,26,13,42,23,31,13,17,25,35,20,55,12910,333,25,0,0,0,0,1,0
2021-01-26T23:59:59+01:00,0,0,120,177,419,692,557,1107,696,1651,811,1419,486,526,615,1039,561,1855,0,0,3,1,6,11,8,24,11,39,17,28,13,15,24,33,20,54,12714,307,16,0,0,0,0,1,0
2021-01-25T23:59:59+01:00,0,0,117,175,410,680,546,1088,669,1623,793,1401,484,522,613,1038,561,1855,0,0,2,1,5,9,8,19,6,30,12,22,9,6,14,22,10,35,12569,210,5,0,0,0,0,1,0
2021-01-24T23:59:59+01:00,0,0,111,172,400,670,531,1070,652,1610,780,1389,483,519,612,1038,561,1855,0,0,2,0,3,6,8,7,4,8,5,9,1,2,12,15,6,21,12447,109,5,0,0,0,0,1,0
2021-01-23T23:59:59+01:00,0,0,111,172,400,669,531,1070,652,1610,780,1389,483,519,612,1038,561,1855,0,0,1,0,3,6,8,7,4,8,5,9,1,2,12,15,6,21,12446,108,5,0,0,0,0,1,0
2021-01-22T23:59:59+01:00,0,0,108,170,393,663,527,1063,638,1595,774,1371,483,514,601,1017,554,1826,0,0,1,0,3,6,8,7,4,8,5,9,1,2,12,15,6,21,12293,108,4,0,0,0,0,0,0
2021-01-21T23:59:59+01:00,0,0,97,162,378,647,504,1029,608,1545,752,1328,466,476,567,973,518,1758,0,0,1,0,3,6,8,6,4,8,5,9,1,2,12,15,6,21,11804,107,4,0,0,0,0,0,0
2021-01-20T23:59:59+01:00,0,0,79,121,343,557,461,888,551,1311,663,1140,404,417,482,830,454,1534,0,0,1,0,2,5,8,6,4,8,5,9,1,2,12,15,6,21,10231,105,4,0,0,0,0,0,0
2021-01-19T23:59:59+01:00,0,0,74,107,316,478,420,799,508,1199,611,1037,380,379,445,751,424,1438,0,0,1,0,1,3,7,5,4,7,5,9,1,0,9,10,5,18,9362,85,4,0,0,0,0,0,0
2021-01-18T23:59:59+01:00,0,0,60,77,270,391,365,651,431,967,519,840,312,311,375,597,358,1230,0,0,1,0,1,3,7,5,4,7,5,8,1,0,9,10,5,18,7752,84,2,0,0,0,0,0,0
2021-01-17T23:59:59+01:00,0,0,59,68,251,356,344,599,412,924,495,801,309,302,373,590,355,1222,0,0,0,0,0,0,0,1,0,0,0,0,0,0,0,0,0,0,7458,1,2,0,0,0,0,0,0
2021-01-16T23:59:59+01:00,0,0,59,68,251,355,344,599,412,923,493,799,309,301,371,586,354,1222,0,0,0,0,0,0,0,0,0,0,0,0,0,0,0,0,0,0,7444,0,2,0,0,0,0,0,0
2021-01-15T23:59:59+01:00,0,0,57,68,251,351,338,593,401,899,481,774,295,295,352,557,331,1180,0,0,0,0,0,0,0,0,0,0,0,0,0,0,0,0,0,0,7221,0,2,0,0,0,0,0,0
2021-01-14T23:59:59+01:00,0,0,44,55,237,327,313,518,367,774,393,629,232,221,262,381,238,848,0,0,0,0,0,0,0,0,0,0,0,0,0,0,0,0,0,0,5839,0,0,0,0,0,0,0,0
2021-01-13T23:59:59+01:00,0,0,38,44,213,268,272,417,300,620,322,503,177,178,190,290,192,656,0,0,0,0,0,0,0,0,0,0,0,0,0,0,0,0,0,0,4680,0,0,0,0,0,0,0,0
2021-01-12T23:59:59+01:00,0,0,33,41,208,253,257,382,276,539,290,457,140,136,144,222,150,515,0,0,0,0,0,0,0,0,0,0,0,0,0,0,0,0,0,0,4043,0,0,0,0,0,0,0,0
2021-01-11T23:59:59+01:00,0,0,28,37,198,232,239,329,229,451,240,382,109,106,108,145,88,320,0,0,0,0,0,0,0,0,0,0,0,0,0,0,0,0,0,0,3241,0,0,0,0,0,0,0,0
2021-01-10T23:59:59+01:00,0,0,26,31,159,172,196,254,191,355,198,305,98,99,105,140,86,305,0,0,0,0,0,0,0,0,0,0,0,0,0,0,0,0,0,0,2720,0,0,0,0,0,0,0,0
2021-01-09T23:59:59+01:00,0,0,26,31,152,168,194,246,187,347,196,300,98,99,105,140,86,305,0,0,0,0,0,0,0,0,0,0,0,0,0,0,0,0,0,0,2680,0,0,0,0,0,0,0,0
2021-01-08T23:59:59+01:00,0,0,23,28,121,144,173,233,162,318,168,279,93,89,103,136,85,304,0,0,0,0,0,0,0,0,0,0,0,0,0,0,0,0,0,0,2459,0,0,0,0,0,0,0,0
2021-01-07T23:59:59+01:00,0,0,8,3,18,26,32,57,37,109,61,111,48,51,64,94,54,212,0,0,0,0,0,0,0,0,0,0,0,0,0,0,0,0,0,0,985,0,0,0,0,0,0,0,0
2021-01-06T23:59:59+01:00,0,0,3,1,7,13,11,25,14,42,21,32,14,14,28,40,23,65,0,0,0,0,0,0,0,0,0,0,0,0,0,0,0,0,0,0,353,0,0,0,0,0,0,0,0
2021-01-05T23:59:59+01:00,0,0,3,1,6,10,10,21,11,34,15,27,11,14,24,35,21,57,0,0,0,0,0,0,0,0,0,0,0,0,0,0,0,0,0,0,300,0,0,0,0,0,0,0,0
2021-01-04T23:59:59+01:00,0,0,2,1,4,7,9,13,4,18,8,17,5,3,13,21,8,31,0,0,0,0,0,0,0,0,0,0,0,0,0,0,0,0,0,0,164,0,0,0,0,0,0,0,0
2021-01-03T23:59:59+01:00,0,0,2,0,3,6,8,7,4,10,5,10,1,2,13,17,7,21,0,0,0,0,0,0,0,0,0,0,0,0,0,0,0,0,0,0,116,0,0,0,0,0,0,0,0
2021-01-02T23:59:59+01:00,0,0,2,0,3,6,8,7,4,10,5,10,1,2,13,17,7,21,0,0,0,0,0,0,0,0,0,0,0,0,0,0,0,0,0,0,116,0,0,0,0,0,0,0,0
2021-01-01T23:59:59+01:00,0,0,1,0,3,6,8,6,4,10,5,10,1,2,13,16,7,21,0,0,0,0,0,0,0,0,0,0,0,0,0,0,0,0,0,0,113,0,0,0,0,0,0,0,0
2020-12-31T23:59:59+01:00,0,0,1,0,3,5,8,6,4,10,5,10,1,2,13,16,7,21,0,0,0,0,0,0,0,0,0,0,0,0,0,0,0,0,0,0,112,0,0,0,0,0,0,0,0
2020-12-30T23:59:59+01:00,0,0,1,0,2,5,8,6,4,10,5,10,1,2,13,16,7,21,0,0,0,0,0,0,0,0,0,0,0,0,0,0,0,0,0,0,111,0,0,0,0,0,0,0,0
2020-12-29T23:59:59+01:00,0,0,1,0,1,3,8,5,4,8,5,10,1,0,10,11,6,18,0,0,0,0,0,0,0,0,0,0,0,0,0,0,0,0,0,0,91,0,0,0,0,0,0,0,0
2020-12-28T23:59:59+01:00,0,0,1,0,1,3,8,5,4,8,5,9,1,0,10,11,6,18,0,0,0,0,0,0,0,0,0,0,0,0,0,0,0,0,0,0,90,0,0,0,0,0,0,0,0
2020-12-27T23:59:59+01:00,0,0,1,0,1,3,8,4,4,8,5,9,1,0,9,10,6,18,0,0,0,0,0,0,0,0,0,0,0,0,0,0,0,0,0,0,87,0,0,0,0,0,0,0,0
