Datum,<15_m,<15_w,15-24_1_m,15-24_1_w,25-34_1_m,25-34_1_w,35-44_1_m,35-44_1_w,45-54_1_m,45-54_1_w,55-64_1_m,55-64_1_w,65-74_1_m,65-74_1_w,75-84_1_m,75-84_1_w,>84_1_m,>84_1_w,<24_2_m,<24_2_w,25-34_2_m,25-34_2_w,35-44_2_m,35-44_2_w,45-54_2_m,45-54_2_w,55-64_2_m,55-64_2_w,65-74_2_m,65-74_2_w,75-84_2_m,75-84_2_w,>84_2_m,>84_2_w,bp_1,bp_2,mo_1,mo_2,az_1,az_2,ja,unb_1,unb_2
2021-09-18T23:59:59+02:00,1771,1642,16343,15137,21675,19970,23635,23251,27346,28011,30471,31409,21422,24479,15277,19253,4342,7553,14611,13511,20237,18414,22324,21772,25990,26504,29252,30139,20771,23725,14831,18592,4198,7288,229220,215171,32496,31189,55100,52051,16149,25,35
2021-09-17T23:59:59+02:00,1767,1635,16324,15121,21657,19950,23618,23240,27335,27999,30462,31404,21419,24477,15274,19250,4341,7553,14591,13499,20230,18407,22315,21768,25983,26500,29243,30134,20768,23722,14830,18591,4198,7288,229073,215076,32495,31189,55100,52051,16136,25,35
2021-09-16T23:59:59+02:00,1731,1607,16232,15028,21581,19858,23554,23157,27275,27942,30426,31367,21406,24460,15269,19241,4336,7553,14517,13435,20192,18357,22280,21723,25954,26457,29222,30105,20758,23712,14824,18586,4197,7284,228320,214660,32473,31120,55099,52040,16109,25,35
2021-09-15T23:59:59+02:00,1700,1590,16175,14952,21531,19808,23510,23111,27246,27909,30402,31342,21393,24439,15257,19233,4335,7551,14444,13349,20128,18298,22241,21671,25916,26414,29191,30083,20745,23697,14812,18577,4196,7282,227805,214103,32459,31075,55099,52036,16099,25,35
2021-09-14T23:59:59+02:00,1687,1576,16141,14906,21486,19771,23479,23076,27215,27873,30376,31318,21379,24428,15254,19221,4332,7550,14405,13312,20104,18276,22217,21645,25895,26400,29180,30073,20734,23689,14809,18570,4195,7280,227401,213822,32458,31074,55099,52036,16088,25,35
2021-09-13T23:59:59+02:00,1668,1564,16100,14855,21461,19738,23444,23045,27198,27837,30361,31305,21378,24418,15249,19219,4331,7547,14380,13298,20080,18261,22201,21626,25879,26388,29170,30050,20724,23678,14808,18562,4193,7278,227060,213609,32458,31074,55099,52036,16079,25,35
2021-09-12T23:59:59+02:00,1658,1551,16075,14833,21445,19717,23429,23020,27183,27823,30352,31297,21371,24410,15249,19214,4331,7547,14345,13269,20057,18225,22182,21601,25865,26367,29158,30041,20717,23670,14802,18555,4191,7272,226867,213367,32442,31043,55099,52035,16075,25,35
2021-09-11T23:59:59+02:00,1657,1551,16063,14829,21437,19709,23428,23019,27181,27822,30350,31296,21370,24409,15249,19214,4331,7547,14340,13267,20055,18222,22180,21601,25865,26366,29158,30041,20716,23670,14802,18555,4191,7272,226829,213356,32442,31043,55099,52035,16070,25,35
2021-09-10T23:59:59+02:00,1657,1551,16042,14824,21423,19697,23409,23016,27164,27812,30337,31290,21369,24407,15245,19212,4331,7546,14318,13260,20039,18212,22165,21597,25850,26352,29140,30037,20715,23666,14799,18552,4190,7271,226799,213315,32442,31043,55099,52035,15970,25,35
2021-09-09T23:59:59+02:00,1611,1512,15963,14748,21364,19630,23359,22968,27107,27762,30308,31260,21360,24390,15231,19199,4329,7544,14239,13187,19969,18148,22099,21542,25801,26311,29103,30006,20699,23638,14782,18538,4188,7270,226279,212855,32412,30961,55098,52017,15834,25,35
2021-09-08T23:59:59+02:00,1573,1464,15841,14656,21301,19558,23307,22893,27057,27719,30268,31214,21343,24372,15222,19188,4328,7544,14149,13101,19886,18094,22034,21491,25754,26272,29068,29957,20680,23617,14778,18530,4187,7269,225756,212458,32341,30873,55098,52012,15631,25,35
2021-09-07T23:59:59+02:00,1561,1444,15792,14604,21252,19530,23270,22870,27031,27685,30251,31199,21332,24350,15216,19180,4326,7544,14080,13056,19826,18055,21992,21461,25719,26238,29039,29929,20668,23603,14774,18523,4186,7269,225515,212177,32336,30844,55098,52008,15466,25,35
2021-09-06T23:59:59+02:00,1548,1434,15741,14559,21231,19501,23249,22839,27006,27666,30235,31177,21322,24347,15211,19173,4326,7542,14049,13019,19806,18031,21964,21440,25699,26218,29024,29914,20658,23594,14771,18519,4186,7266,225262,211974,32336,30844,55098,52007,15389,25,35
2021-09-05T23:59:59+02:00,1529,1420,15712,14533,21216,19479,23240,22814,26997,27654,30230,31169,21317,24341,15206,19171,4326,7539,14011,12983,19779,17996,21938,21412,25680,26201,29011,29895,20654,23586,14769,18517,4186,7266,225059,211759,32329,30767,55097,52006,15386,25,35
2021-09-04T23:59:59+02:00,1529,1420,15704,14530,21203,19474,23233,22810,26992,27648,30224,31166,21316,24338,15206,19170,4326,7539,14003,12980,19766,17991,21931,21408,25675,26195,29005,29891,20653,23583,14769,18516,4186,7266,225058,211758,32329,30767,55097,52006,15321,25,35
2021-09-03T23:59:59+02:00,1526,1417,15687,14516,21172,19449,23205,22791,26968,27636,30211,31151,21309,24330,15206,19164,4326,7538,13987,12967,19742,17971,21909,21394,25658,26186,28991,29880,20647,23575,14769,18513,4186,7266,224989,211742,32327,30762,55097,52005,15166,25,35
2021-09-02T23:59:59+02:00,1510,1397,15615,14458,21128,19401,23170,22744,26927,27595,30174,31125,21296,24320,15200,19151,4324,7532,13893,12903,19699,17914,21865,21351,25616,26142,28952,29853,20635,23564,14764,18500,4185,7263,224572,211291,32322,30757,55095,51985,15055,25,35
2021-09-01T23:59:59+02:00,1459,1341,15477,14308,21017,19307,23099,22689,26861,27524,30124,31075,21278,24295,15192,19137,4321,7527,13752,12785,19581,17823,21782,21284,25561,26073,28902,29790,20610,23535,14752,18485,4181,7257,223810,210719,32296,30571,55094,51973,14808,25,35
2021-08-31T23:59:59+02:00,1436,1326,15416,14237,20958,19253,23058,22649,26813,27485,30090,31043,21267,24283,15186,19128,4321,7526,13679,12720,19533,17781,21751,21250,25529,26050,28875,29764,20604,23524,14749,18477,4180,7256,223368,210380,32296,30571,55093,51968,14695,25,35
2021-08-30T23:59:59+02:00,1413,1307,15346,14193,20914,19197,23026,22611,26778,27452,30058,31014,21255,24275,15182,19119,4319,7519,13622,12678,19491,17733,21719,21225,25500,26012,28841,29739,20593,23510,14739,18468,4179,7253,223008,210079,32296,30571,55093,51966,14558,25,35
2021-08-29T23:59:59+02:00,1397,1296,15303,14149,20876,19168,23002,22587,26760,27429,30041,30999,21251,24266,15182,19117,4319,7518,13569,12634,19468,17709,21692,21205,25480,25993,28828,29722,20585,23502,14736,18464,4177,7252,222727,209813,32295,30569,55093,51965,14522,25,35
2021-08-28T23:59:59+02:00,1397,1296,15295,14146,20864,19161,22996,22583,26757,27420,30038,30998,21250,24266,15182,19117,4319,7518,13561,12630,19456,17702,21685,21201,25477,25984,28825,29721,20584,23502,14736,18464,4177,7252,222726,209810,32295,30569,55093,51965,14466,25,35
2021-08-27T23:59:59+02:00,1388,1289,15263,14120,20837,19145,22965,22567,26733,27409,30022,30979,21244,24258,15178,19116,4316,7515,13532,12598,19419,17685,21657,21180,25449,25971,28808,29703,20578,23493,14733,18462,4176,7252,222593,209664,32295,30568,55092,51964,14341,25,35
2021-08-26T23:59:59+02:00,1374,1271,15219,14075,20790,19107,22934,22529,26700,27371,29990,30942,21229,24242,15171,19108,4313,7507,13464,12538,19344,17629,21600,21122,25393,25923,28769,29667,20565,23472,14722,18447,4175,7248,222302,209381,32276,30444,55090,51893,14181,25,35
2021-08-25T23:59:59+02:00,1328,1226,15071,13957,20678,19016,22856,22437,26623,27288,29932,30887,21209,24216,15161,19098,4309,7501,13340,12455,19256,17553,21536,21049,25325,25868,28725,29625,20539,23451,14714,18433,4174,7245,221454,208807,32261,30396,55090,51885,13966,24,32
2021-08-24T23:59:59+02:00,1304,1202,15007,13906,20636,18964,22801,22392,26587,27253,29904,30856,21193,24201,15155,19088,4308,7500,13243,12394,19196,17472,21499,20998,25281,25826,28696,29587,20521,23431,14707,18421,4172,7240,221040,208324,32231,30340,55090,51870,13874,24,28
2021-08-23T23:59:59+02:00,1286,1183,14940,13868,20598,18935,22773,22368,26552,27234,29879,30830,21174,24187,15150,19075,4307,7499,13127,12317,19134,17414,21447,20949,25241,25772,28651,29544,20502,23414,14700,18409,4169,7240,220734,207806,32215,30250,55090,51870,13777,24,28
2021-08-22T23:59:59+02:00,1276,1175,14924,13848,20581,18915,22761,22349,26537,27219,29862,30826,21167,24183,15148,19067,4305,7498,13067,12246,19080,17380,21417,20915,25219,25746,28625,29523,20494,23403,14699,18405,4169,7240,220558,207483,32197,30139,55090,51867,13774,24,28
2021-08-21T23:59:59+02:00,1276,1175,14916,13839,20569,18907,22751,22343,26533,27214,29851,30819,21167,24181,15148,19067,4305,7498,13058,12237,19069,17372,21409,20909,25213,25741,28615,29516,20494,23401,14699,18405,4169,7240,220553,207479,32197,30139,55090,51867,13697,24,28
2021-08-20T23:59:59+02:00,1269,1170,14888,13806,20536,18879,22728,22321,26507,27191,29834,30803,21164,24172,15146,19061,4305,7498,13040,12220,19047,17353,21392,20888,25198,25723,28597,29497,20490,23395,14698,18402,4169,7240,220366,207376,32197,30137,55090,51866,13603,24,28
2021-08-19T23:59:59+02:00,1251,1154,14829,13756,20497,18849,22696,22287,26484,27162,29808,30779,21153,24164,15144,19056,4304,7495,12908,12105,18953,17279,21306,20830,25128,25656,28537,29447,20469,23382,14692,18393,4167,7237,220059,206743,32165,30001,55090,51804,13532,24,28
2021-08-18T23:59:59+02:00,1229,1136,14746,13664,20382,18788,22623,22227,26418,27105,29750,30722,21128,24144,15138,19044,4302,7492,12775,11987,18817,17195,21212,20741,25043,25573,28456,29380,20437,23338,14681,18378,4166,7232,219647,206142,32147,29882,55089,51796,13133,24,28
2021-08-17T23:59:59+02:00,1218,1123,14706,13626,20340,18744,22588,22193,26386,27078,29733,30702,21116,24130,15127,19035,4298,7491,12667,11903,18737,17133,21139,20680,24991,25520,28419,29339,20418,23323,14672,18365,4164,7230,219368,205614,32114,29755,55089,51788,13041,24,27
2021-08-16T23:59:59+02:00,1205,1112,14659,13578,20304,18716,22559,22161,26365,27049,29699,30671,21103,24119,15120,19023,4296,7489,12575,11803,18648,17062,21070,20594,24925,25461,28352,29277,20395,23301,14662,18347,4163,7227,219100,204997,32112,29628,55089,51787,12905,24,27
2021-08-15T23:59:59+02:00,1195,1099,14622,13549,20276,18685,22533,22141,26352,27033,29689,30657,21098,24107,15115,19021,4295,7487,12508,11735,18594,17031,21021,20554,24889,25418,28334,29255,20385,23288,14658,18341,4161,7225,218875,204543,32112,29627,55089,51786,12856,24,27
2021-08-14T23:59:59+02:00,1195,1098,14615,13545,20267,18679,22524,22134,26338,27026,29684,30649,21095,24106,15114,19020,4295,7487,12501,11731,18585,17024,21011,20547,24875,25411,28329,29246,20382,23287,14657,18340,4161,7225,218874,204541,32112,29626,55089,51786,12774,24,27
2021-08-13T23:59:59+02:00,1192,1095,14606,13535,20253,18669,22513,22129,26331,27016,29669,30641,21086,24101,15113,19020,4295,7487,12486,11717,18574,17016,20999,20539,24869,25395,28315,29241,20376,23280,14655,18340,4161,7224,218816,204473,32112,29626,55089,51786,12712,24,27
2021-08-12T23:59:59+02:00,1172,1073,14548,13482,20212,18629,22489,22097,26304,26986,29638,30619,21074,24082,15109,19014,4295,7482,12313,11574,18434,16908,20904,20452,24789,25310,28248,29185,20355,23248,14642,18328,4158,7218,218496,203677,32101,29434,55089,51716,12597,24,27
2021-08-11T23:59:59+02:00,1156,1051,14478,13420,20173,18576,22447,22057,26272,26961,29610,30582,21060,24065,15106,19003,4292,7478,12174,11435,18353,16821,20825,20377,24739,25238,28205,29123,20323,23221,14635,18317,4156,7213,218101,202779,32027,29429,55089,51711,12548,24,27
2021-08-10T23:59:59+02:00,1141,1034,14401,13350,20123,18532,22418,22014,26242,26932,29579,30554,21047,24056,15106,18995,4291,7476,12066,11322,18259,16753,20766,20312,24686,25182,28162,29071,20297,23193,14621,18299,4155,7207,217686,202033,31998,29407,55089,51686,12496,24,27
2021-08-09T23:59:59+02:00,1124,1015,14316,13289,20042,18478,22369,21966,26190,26888,29542,30521,21029,24039,15100,18986,4286,7474,11884,11162,18091,16658,20646,20230,24591,25086,28082,28997,20261,23154,14607,18287,4152,7198,217239,201055,31979,29298,55087,51592,12327,24,26
2021-08-08T23:59:59+02:00,1110,1008,14275,13252,20022,18444,22343,21946,26175,26868,29526,30507,21022,24033,15097,18982,4285,7473,11801,11073,18004,16577,20581,20174,24526,25040,28036,28953,20239,23131,14595,18276,4152,7194,217015,200398,31947,29224,55086,51573,12298,24,26
2021-08-07T23:59:59+02:00,1110,1008,14260,13246,20012,18439,22336,21941,26163,26854,29512,30495,21020,24029,15093,18977,4284,7473,11787,11068,17987,16572,20575,20168,24513,25025,28019,28941,20237,23127,14591,18271,4151,7194,217010,200384,31947,29223,55086,51573,12187,24,26
2021-08-06T23:59:59+02:00,1110,1007,14249,13234,20000,18420,22322,21927,26141,26845,29500,30484,21017,24025,15090,18974,4284,7473,11774,11054,17967,16552,20559,20152,24491,25016,28007,28930,20234,23123,14588,18269,4151,7194,217003,200359,31943,29223,55086,51572,12048,24,26
2021-08-05T23:59:59+02:00,1099,988,14179,13193,19950,18387,22279,21886,26107,26789,29472,30460,21004,24010,15082,18966,4282,7470,11600,10943,17856,16455,20446,20057,24384,24925,27937,28881,20209,23099,14577,18255,4148,7192,216692,199569,31904,29131,55084,51439,11901,24,26
2021-08-04T23:59:59+02:00,1085,972,14115,13124,19850,18305,22215,21830,26071,26748,29423,30413,20981,23992,15072,18953,4282,7467,11412,10770,17628,16320,20273,19929,24268,24801,27829,28785,20181,23066,14564,18243,4145,7190,216433,198527,31748,29072,55082,51196,11614,23,26
2021-08-03T23:59:59+02:00,1061,954,14044,13064,19816,18258,22180,21789,26037,26706,29389,30384,20965,23969,15062,18939,4279,7457,11227,10596,17456,16193,20133,19798,24121,24679,27709,28680,20138,23020,14546,18211,4143,7184,216057,197093,31722,29036,55082,51141,11471,23,26
2021-08-02T23:59:59+02:00,1037,934,13957,12996,19759,18200,22129,21749,25983,26646,29337,30334,20934,23938,15052,18919,4276,7455,11057,10426,17284,16066,19987,19685,24005,24563,27623,28579,20091,22967,14527,18192,4140,7174,215576,195902,31692,28986,55082,51065,11264,23,26
2021-08-01T23:59:59+02:00,1027,919,13897,12949,19724,18183,22110,21728,25959,26626,29318,30318,20925,23926,15048,18912,4276,7454,10914,10281,17123,15957,19838,19577,23861,24456,27516,28499,20077,22943,14519,18178,4140,7170,215342,195016,31645,28893,55082,50716,11208,23,26
2021-07-31T23:59:59+02:00,1027,919,13871,12940,19706,18175,22093,21717,25946,26614,29310,30307,20923,23921,15047,18911,4275,7454,10887,10269,17102,15944,19820,19564,23849,24443,27508,28488,20075,22938,14518,18177,4139,7170,215338,194997,31645,28893,55082,50716,11069,23,26
2021-07-30T23:59:59+02:00,1019,910,13811,12896,19661,18153,22064,21698,25916,26592,29282,30289,20916,23913,15041,18909,4273,7453,10800,10197,17037,15901,19761,19529,23782,24402,27459,28463,20060,22916,14509,18173,4136,7168,215160,194607,31644,28893,55082,50650,10888,23,26
2021-07-29T23:59:59+02:00,995,892,13704,12810,19595,18091,21992,21647,25865,26537,29231,30252,20898,23903,15034,18902,4273,7451,10535,9940,16740,15658,19469,19316,23480,24175,27208,28300,20005,22860,14497,18153,4136,7167,214716,192877,31572,28780,55082,49962,10680,23,26
2021-07-28T23:59:59+02:00,967,862,13572,12681,19472,17986,21907,21564,25784,26456,29155,30183,20875,23867,15021,18890,4271,7449,10244,9736,16479,15472,19209,19128,23251,23985,27052,28155,19956,22787,14478,18130,4133,7162,214066,191541,31538,28694,55078,49450,10258,23,26
2021-07-27T23:59:59+02:00,936,841,13452,12586,19409,17926,21842,21511,25718,26398,29115,30138,20860,23847,15016,18870,4270,7443,9988,9524,16229,15249,18983,18943,23059,23813,26888,28016,19914,22734,14456,18103,4127,7153,213470,189883,31484,28537,55077,49116,10126,22,26
2021-07-26T23:59:59+02:00,911,823,13350,12492,19356,17869,21769,21447,25669,26365,29060,30079,20831,23824,14998,18851,4270,7439,9751,9275,15997,15047,18735,18742,22833,23645,26736,27886,19843,22674,14428,18067,4122,7147,212869,188132,31413,28438,55076,48740,10024,22,26
2021-07-25T23:59:59+02:00,892,812,13272,12421,19276,17823,21712,21396,25629,26317,29023,30033,20814,23807,14991,18845,4267,7438,9564,9132,15795,14898,18534,18601,22664,23534,26587,27766,19793,22626,14412,18054,4119,7144,212565,187227,31353,28285,55076,48321,9753,22,26
2021-07-24T23:59:59+02:00,892,812,13262,12412,19266,17817,21703,21391,25614,26310,29018,30027,20810,23806,14990,18844,4267,7438,9554,9119,15786,14890,18523,18595,22647,23525,26581,27758,19790,22623,14411,18053,4119,7143,212561,187209,31353,28282,55076,48321,9668,22,26
2021-07-23T23:59:59+02:00,884,811,13199,12376,19188,17784,21665,21358,25577,26271,28985,29991,20796,23790,14982,18840,4265,7435,9506,9091,15704,14845,18470,18556,22594,23484,26537,27719,19775,22607,14404,18047,4117,7140,212437,187049,31352,28278,55076,48320,9311,22,26
2021-07-22T23:59:59+02:00,872,798,13102,12296,19130,17717,21617,21328,25528,26224,28961,29969,20784,23772,14980,18834,4262,7433,9187,8818,15301,14598,18105,18299,22260,23237,26332,27584,19718,22551,14391,18025,4114,7135,211970,185218,31268,28023,55073,47404,9275,22,26
2021-07-21T23:59:59+02:00,850,771,12901,12129,18982,17592,21485,21228,25421,26121,28884,29899,20742,23737,14963,18811,4258,7428,8803,8496,14865,14269,17728,18027,21904,22908,26059,27375,19625,22463,14365,17987,4111,7126,211348,183309,31158,27671,55069,46746,8606,22,26
2021-07-20T23:59:59+02:00,820,746,12755,11996,18875,17509,21416,21152,25359,26056,28847,29848,20717,23704,14955,18795,4255,7425,8474,8189,14400,13933,17345,17753,21604,22678,25816,27189,19543,22354,14336,17952,4109,7120,210674,181163,31050,27510,55065,45867,8420,22,25
2021-07-19T23:59:59+02:00,791,718,12633,11877,18783,17436,21358,21092,25304,26002,28796,29811,20692,23676,14945,18781,4251,7419,8142,7929,14033,13676,16996,17504,21280,22477,25589,27047,19474,22279,14314,17930,4103,7114,209953,179118,30944,27346,55065,45155,8382,22,25
2021-07-18T23:59:59+02:00,773,699,12522,11767,18682,17360,21295,21040,25248,25951,28758,29758,20670,23656,14934,18770,4249,7417,7972,7776,13876,13557,16844,17381,21119,22364,25459,26966,19434,22239,14300,17914,4103,7111,209377,178183,30796,27240,55065,44792,8290,22,25
2021-07-17T23:59:59+02:00,773,699,12518,11767,18681,17357,21295,21040,25248,25951,28758,29758,20670,23656,14934,18770,4249,7417,7964,7775,13872,13552,16843,17380,21118,22363,25458,26964,19433,22239,14300,17914,4103,7111,209373,178163,30796,27239,55065,44791,8286,22,25
2021-07-16T23:59:59+02:00,766,694,12444,11711,18642,17326,21258,21013,25215,25928,28732,29739,20668,23653,14934,18768,4249,7417,7814,7673,13719,13478,16700,17322,20980,22304,25351,26916,19415,22220,14299,17908,4103,7108,209163,177714,30796,27167,55064,44399,8113,22,25
2021-07-15T23:59:59+02:00,751,674,12373,11640,18579,17268,21203,20963,25167,25887,28703,29711,20653,23635,14929,18759,4248,7414,7471,7354,13112,13075,16031,16898,20344,21935,24897,26604,19269,22079,14256,17862,4100,7101,208681,175486,30710,26269,55057,42623,8088,22,25
2021-07-14T23:59:59+02:00,722,654,12162,11504,18407,17160,21082,20866,25064,25784,28613,29610,20619,23602,14910,18743,4245,7411,7053,6989,12446,12616,15343,16413,19710,21476,24433,26261,19051,21853,14224,17814,4092,7090,207872,172648,30542,25931,55054,40674,7669,22,25
2021-07-13T23:59:59+02:00,678,620,12022,11373,18285,17078,20969,20769,24968,25689,28543,29545,20590,23563,14890,18733,4243,7401,6586,6555,11811,12117,14649,15902,19108,21060,23994,25935,18872,21638,14180,17751,4088,7081,206856,168971,30404,25757,55043,39004,7635,22,22
2021-07-12T23:59:59+02:00,645,589,11898,11235,18168,16988,20878,20661,24864,25591,28461,29479,20563,23529,14882,18721,4238,7394,6170,6139,11212,11583,14029,15361,18554,20568,23577,25572,18676,21447,14116,17693,4079,7077,205838,165290,30273,24933,55040,38048,7612,22,22
2021-07-11T23:59:59+02:00,609,562,11781,11144,18101,16926,20820,20604,24809,25545,28404,29431,20544,23509,14873,18712,4238,7393,5975,5971,10954,11381,13797,15161,18307,20378,23368,25387,18604,21367,14089,17667,4078,7071,205197,163897,30152,24463,55038,37622,7599,20,22
2021-07-10T23:59:59+02:00,608,562,11774,11143,18098,16924,20817,20604,24806,25544,28403,29431,20544,23509,14872,18710,4238,7393,5968,5970,10952,11375,13788,15157,18306,20376,23366,25385,18602,21366,14088,17667,4078,7071,205179,163871,30151,24462,55038,37615,7593,20,22
2021-07-09T23:59:59+02:00,580,539,11664,11021,18023,16840,20747,20542,24732,25468,28354,29386,20521,23489,14869,18701,4238,7392,5935,5939,10922,11342,13738,15136,18275,20343,23347,25362,18597,21356,14086,17664,4078,7070,204313,163636,30151,24412,55038,37582,7585,20,22
2021-07-08T23:59:59+02:00,545,511,11501,10885,17901,16736,20617,20444,24624,25342,28237,29308,20477,23439,14853,18672,4235,7384,5580,5681,10408,10949,13118,14683,17613,19786,22738,24899,18280,20967,13990,17581,4073,7060,203548,161328,30126,23606,55013,35486,7005,20,22
2021-07-07T23:59:59+02:00,485,458,11335,10741,17819,16651,20548,20375,24551,25264,28175,29244,20449,23403,14848,18660,4233,7376,5269,5386,9883,10499,12539,14205,16932,19266,22173,24400,17967,20603,13888,17484,4066,7037,202543,158869,30103,22143,54994,33643,6956,20,22
2021-07-06T23:59:59+02:00,445,424,11210,10592,17705,16557,20456,20271,24473,25173,28085,29165,20423,23365,14839,18643,4231,7373,4868,4955,9272,9981,11827,13604,16225,18649,21656,23904,17648,20299,13787,17368,4057,7027,201411,154663,30097,21199,54985,32348,6918,20,22
2021-07-05T23:59:59+02:00,423,397,11118,10506,17618,16486,20375,20200,24412,25121,28044,29127,20399,23344,14827,18635,4230,7370,4575,4632,8777,9529,11265,13051,15515,18005,21035,23295,17254,19904,13654,17210,4049,7019,200674,150764,30093,20520,54976,30612,6870,20,22
2021-07-04T23:59:59+02:00,410,391,11042,10451,17551,16433,20325,20151,24381,25085,28028,29109,20390,23333,14821,18632,4229,7369,4429,4539,8646,9363,11073,12875,15274,17795,20770,23023,16982,19612,13594,17118,4045,7015,200192,149448,30089,20213,54975,29633,6856,20,22
2021-07-03T23:59:59+02:00,409,390,11035,10442,17541,16425,20323,20148,24379,25084,28025,29108,20390,23332,14821,18632,4229,7368,4425,4533,8639,9361,11070,12875,15270,17795,20767,23020,16982,19609,13594,17118,4045,7015,200160,149436,30088,20213,54975,29627,6839,20,22
2021-07-02T23:59:59+02:00,365,327,10888,10332,17427,16322,20221,20073,24306,25019,27962,29048,20364,23306,14815,18618,4229,7365,4336,4452,8479,9221,10934,12764,15147,17688,20655,22916,16941,19579,13587,17103,4045,7012,199272,148441,30088,20212,54975,29570,6633,20,22
2021-07-01T23:59:59+02:00,318,283,10751,10195,17298,16229,20098,19983,24222,24944,27899,28997,20344,23282,14799,18603,4226,7361,4132,4250,8181,8882,10563,12351,14578,17190,20147,22374,16653,19280,13379,16889,4035,6990,198194,145380,30029,19527,54969,28341,6621,20,22
2021-06-30T23:59:59+02:00,235,221,10497,9955,17129,16079,19966,19851,24107,24822,27818,28908,20321,23250,14780,18585,4225,7360,3936,4053,7878,8540,10151,11886,14088,16631,19573,21740,16331,18941,13106,16613,4022,6964,196550,141695,29972,19271,54961,26874,6607,20,22
2021-06-29T23:59:59+02:00,190,184,10349,9780,16994,15983,19862,19759,24039,24745,27760,28839,20295,23223,14766,18565,4225,7356,3732,3790,7480,8089,9677,11349,13433,15963,18959,21034,16014,18614,12858,16323,4015,6950,195397,137406,29967,18972,54957,25320,6575,19,22
2021-06-28T23:59:59+02:00,140,132,10151,9597,16873,15876,19757,19658,23946,24651,27692,28777,20265,23193,14752,18546,4223,7354,3528,3532,7080,7646,9244,10855,12882,15425,18462,20518,15764,18349,12739,16189,4009,6939,194217,133572,29853,18547,54954,24492,6541,19,22
2021-06-27T23:59:59+02:00,122,115,10013,9485,16816,15817,19697,19607,23888,24601,27665,28753,20252,23177,14749,18542,4222,7351,3435,3464,6904,7452,9055,10654,12652,15185,18199,20258,15644,18245,12674,16103,4009,6935,193589,132380,29794,18198,54948,23758,6523,19,22
2021-06-26T23:59:59+02:00,122,115,10011,9480,16815,15813,19695,19606,23885,24600,27665,28753,20252,23177,14749,18542,4222,7351,3432,3464,6902,7451,9052,10652,12649,15182,18197,20257,15641,18244,12674,16102,4009,6935,193571,132359,29793,18198,54948,23754,6523,19,22
2021-06-25T23:59:59+02:00,118,112,9964,9439,16778,15780,19662,19577,23849,24572,27641,28735,20246,23170,14747,18539,4222,7351,3412,3418,6828,7340,8956,10497,12535,14986,18052,20049,15618,18215,12666,16099,4008,6934,193254,132179,29759,17844,54948,23058,6523,19,22
2021-06-24T23:59:59+02:00,108,101,9836,9313,16590,15654,19530,19454,23726,24481,27584,28675,20232,23154,14740,18530,4221,7349,3286,3271,6615,7009,8644,10041,12001,14365,17497,19343,15393,17984,12521,15969,4005,6922,192415,129782,29414,16984,54947,21606,6484,19,22
2021-06-23T23:59:59+02:00,102,95,9707,9174,16450,15528,19413,19348,23629,24376,27519,28628,20217,23132,14736,18525,4218,7348,3079,3029,6262,6523,8141,9473,11302,13544,16734,18362,15096,17643,12370,15826,3995,6897,191495,125224,29247,16013,54936,20581,6448,19,22
2021-06-22T23:59:59+02:00,71,69,9416,8868,16221,15326,19227,19200,23485,24250,27448,28543,20194,23107,14728,18506,4214,7342,2845,2740,5777,5974,7517,8711,10394,12504,15709,17159,14801,17284,12263,15702,3982,6874,189810,118786,29040,15523,54932,19506,6416,17,17
2021-06-21T23:59:59+02:00,67,62,9288,8705,16048,15180,19039,19046,23354,24127,27387,28464,20170,23079,14723,18496,4214,7338,2700,2547,5394,5506,7051,8124,9663,11625,14978,16224,14523,16971,12156,15581,3977,6858,188612,114070,28815,14964,54929,18425,6414,17,17
2021-06-20T23:59:59+02:00,64,61,9151,8571,15912,15063,18927,18955,23280,24056,27347,28413,20159,23058,14712,18489,4211,7337,2642,2478,5223,5323,6836,7857,9355,11294,14611,15820,14388,16837,12116,15544,3972,6852,187715,112366,28695,14732,54929,17635,6410,17,17
2021-06-19T23:59:59+02:00,64,61,9150,8567,15910,15054,18925,18955,23278,24055,27347,28412,20159,23058,14712,18489,4211,7337,2639,2477,5222,5319,6835,7857,9355,11293,14609,15816,14386,16837,12116,15544,3972,6852,187696,112350,28693,14730,54928,17634,6410,17,17
2021-06-18T23:59:59+02:00,64,57,9122,8555,15896,15045,18910,18947,23271,24046,27340,28407,20159,23055,14711,18489,4211,7337,2610,2443,5167,5260,6757,7757,9256,11137,14437,15587,14307,16736,12105,15523,3970,6849,187576,111564,28692,14729,54927,17193,6410,17,17
2021-06-17T23:59:59+02:00,57,54,8947,8393,15661,14877,18712,18791,23115,23915,27204,28313,20135,23033,14704,18477,4209,7334,2473,2290,4840,4960,6370,7354,8706,10531,13606,14715,14070,16444,12032,15401,3966,6837,186247,108694,28687,13769,54919,16066,6061,17,17
2021-06-16T23:59:59+02:00,49,52,8717,8177,15425,14652,18500,18591,22925,23748,27098,28203,20106,22990,14690,18457,4205,7328,2359,2182,4598,4758,6017,7008,8181,10045,12888,13876,13720,16061,11947,15312,3961,6825,184459,105247,28588,12968,54916,15585,5933,17,17
2021-06-15T23:59:59+02:00,40,39,8368,7838,15045,14294,18179,18300,22676,23534,26939,28069,20076,22956,14677,18441,4203,7317,2175,2015,4246,4403,5509,6443,7300,9158,11694,12597,13180,15444,11825,15149,3946,6802,181850,99000,28552,12304,54914,14919,5658,17,17
2021-06-14T23:59:59+02:00,34,34,8187,7670,14789,14063,17976,18127,22525,23414,26827,27988,20055,22923,14664,18433,4199,7309,2060,1889,3991,4155,5121,5969,6644,8436,10766,11542,12863,15097,11753,15055,3936,6783,180270,94155,28528,11941,54912,14467,5490,17,17
2021-06-13T23:59:59+02:00,34,34,8110,7615,14708,13977,17859,18016,22444,23334,26797,27958,20042,22912,14660,18427,4199,7309,2012,1860,3908,4056,5001,5829,6412,8193,10472,11207,12706,14919,11695,14999,3935,6782,179512,92761,28519,11649,54908,14088,5479,17,17
2021-06-12T23:59:59+02:00,34,34,8109,7614,14707,13977,17859,18016,22442,23333,26796,27955,20042,22911,14660,18427,4199,7309,2011,1858,3907,4056,4999,5828,6409,8190,10469,11201,12703,14918,11695,14997,3935,6782,179501,92742,28519,11649,54908,14079,5479,17,17
2021-06-11T23:59:59+02:00,34,33,8043,7573,14618,13929,17784,17966,22372,23299,26752,27932,20040,22907,14660,18426,4199,7309,1995,1849,3871,3998,4957,5760,6348,8108,10370,11096,12664,14883,11684,14991,3935,6782,179164,92527,28441,11643,54907,13765,5347,17,17
2021-06-10T23:59:59+02:00,29,26,7701,7274,14221,13565,17355,17590,22042,23017,26557,27751,19996,22862,14647,18408,4196,7297,1890,1766,3656,3836,4684,5489,6028,7740,9754,10485,12148,14222,11615,14883,3927,6775,176563,89368,27946,11262,54894,13144,5114,17,16
2021-06-09T23:59:59+02:00,28,23,7330,6924,13755,13123,16838,17122,21650,22648,26343,27537,19923,22791,14629,18373,4193,7289,1720,1652,3456,3657,4429,5221,5642,7335,8979,9771,11482,13390,11496,14743,3917,6763,173305,85121,27397,10626,54881,12977,4919,17,16
2021-06-08T23:59:59+02:00,23,19,6952,6515,13241,12638,16369,16653,21292,22308,26127,27333,19865,22713,14598,18337,4190,7282,1628,1576,3233,3427,4110,4867,5135,6847,8093,8851,10599,12313,11353,14586,3913,6748,169882,79467,26909,10330,54872,12698,4775,17,15
2021-06-07T23:59:59+02:00,20,16,6672,6222,12811,12262,15969,16254,20965,22011,25965,27177,19829,22660,14577,18318,4183,7276,1566,1504,3043,3254,3833,4639,4735,6471,7379,8100,9691,11168,11242,14439,3902,6730,167316,74728,26482,9959,54852,12480,4520,17,15
2021-06-06T23:59:59+02:00,20,16,6530,6089,12668,12111,15806,16095,20800,21848,25879,27090,19809,22623,14566,18308,4182,7272,1551,1481,2970,3212,3737,4575,4628,6390,7237,7971,9434,10899,11196,14389,3899,6725,166085,74046,26378,9532,54831,12306,4401,17,15
2021-06-05T23:59:59+02:00,20,16,6521,6085,12656,12098,15797,16086,20797,21843,25879,27087,19809,22623,14566,18308,4182,7272,1549,1479,2967,3211,3736,4574,4625,6390,7232,7966,9428,10894,11196,14389,3899,6725,166030,74018,26366,9530,54831,12302,4401,17,15
2021-06-04T23:59:59+02:00,20,16,6490,6045,12598,12047,15737,16038,20769,21811,25860,27070,19805,22617,14563,18308,4182,7272,1548,1473,2954,3201,3717,4560,4615,6376,7196,7923,9396,10824,11158,14348,3898,6724,165935,73743,26106,9517,54807,12259,4383,17,15
2021-06-03T23:59:59+02:00,20,15,6256,5820,12299,11798,15415,15726,20436,21472,25604,26857,19759,22543,14543,18288,4181,7268,1506,1428,2882,3136,3620,4483,4503,6277,6995,7742,9019,10378,11106,14275,3898,6719,163450,72445,25859,9221,54805,12122,4169,17,15
2021-06-02T23:59:59+02:00,20,15,6194,5760,12233,11732,15341,15659,20364,21411,25587,26833,19754,22540,14540,18285,4180,7267,1492,1418,2865,3123,3603,4469,4468,6260,6962,7704,8940,10268,11097,14250,3897,6718,163106,72084,25673,9214,54803,12113,4116,17,12
2021-06-01T23:59:59+02:00,16,15,5735,5262,11490,11032,14515,14927,19646,20742,25176,26448,19663,22451,14506,18238,4172,7259,1379,1310,2565,2855,3225,4132,3980,5798,6134,6902,7752,8646,10853,13903,3883,6701,158053,66681,25018,8308,54775,11594,3430,17,10
2021-05-31T23:59:59+02:00,14,15,5485,4961,11044,10607,13986,14431,19166,20244,24870,26108,19569,22366,14467,18192,4163,7243,1319,1256,2412,2722,3023,3962,3700,5507,5579,6370,6746,7374,10611,13582,3874,6667,154574,62648,24323,7415,54771,11390,3246,17,10
2021-05-30T23:59:59+02:00,14,15,5405,4884,10861,10482,13822,14252,18818,19924,24627,25861,19538,22336,14459,18172,4162,7241,1298,1242,2387,2692,2976,3916,3632,5451,5476,6281,6575,7144,10574,13508,3872,6657,153078,61916,23821,7354,54744,11193,3213,17,10
2021-05-29T23:59:59+02:00,14,15,5403,4884,10861,10478,13818,14249,18818,19923,24626,25859,19538,22336,14459,18172,4162,7241,1297,1239,2386,2691,2974,3913,3632,5449,5475,6279,6570,7140,10574,13508,3872,6657,153062,61906,23821,7351,54743,11181,3213,17,10
2021-05-28T23:59:59+02:00,14,15,5386,4871,10839,10442,13792,14230,18801,19906,24618,25850,19537,22335,14457,18169,4162,7240,1292,1239,2386,2685,2973,3911,3626,5443,5461,6263,6554,7123,10565,13486,3871,6653,152876,61802,23819,7351,54741,11162,3211,17,10
2021-05-27T23:59:59+02:00,11,14,5093,4587,10321,9989,13206,13698,18111,19293,24037,25312,19438,22221,14424,18123,4151,7227,1123,1099,2104,2495,2673,3621,3330,5086,5130,5983,6255,6707,10337,13203,3866,6638,149621,59953,22823,7315,54635,10217,2160,17,9
2021-05-26T23:59:59+02:00,11,14,4828,4326,9883,9607,12685,13177,17498,18683,23403,24634,19314,22072,14377,18068,4145,7210,1043,1017,1944,2342,2473,3424,3068,4841,4741,5632,5699,6058,9967,12671,3850,6602,145505,56810,22067,7278,54513,9446,1833,17,9
2021-05-25T23:59:59+02:00,11,13,4613,4096,9468,9130,12224,12671,16961,18104,22881,23995,19182,21899,14346,17989,4136,7196,992,972,1882,2252,2362,3288,2896,4638,4395,5256,5118,5324,9519,12070,3834,6577,141448,53257,21236,7263,54383,9019,1831,17,9
2021-05-24T23:59:59+02:00,11,13,4499,3937,9256,8926,12019,12411,16659,17782,22552,23595,19106,21820,14331,17969,4134,7195,976,924,1822,2210,2289,3227,2810,4557,4274,5140,4973,5165,9428,11943,3832,6569,139943,52551,20274,7210,54204,8596,1777,17,9
2021-05-23T23:59:59+02:00,11,13,4488,3936,9250,8922,12007,12401,16648,17775,22536,23574,19100,21815,14330,17967,4134,7195,974,920,1820,2206,2286,3224,2804,4553,4267,5124,4965,5151,9421,11930,3831,6568,139834,52475,20271,7196,54203,8591,1777,17,9
2021-05-22T23:59:59+02:00,11,13,4483,3933,9247,8919,11999,12395,16645,17771,22534,23572,19100,21815,14330,17967,4134,7195,974,920,1819,2205,2284,3224,2803,4553,4267,5122,4963,5150,9420,11930,3831,6568,139807,52469,20271,7196,54191,8586,1777,17,9
2021-05-21T23:59:59+02:00,11,13,4450,3894,9179,8844,11926,12306,16554,17696,22470,23504,19080,21797,14326,17960,4134,7193,929,910,1786,2193,2253,3215,2772,4528,4219,5094,4938,5126,9407,11923,3830,6567,139150,52402,20271,7196,54172,8360,1727,17,9
2021-05-20T23:59:59+02:00,8,12,4193,3710,8734,8488,11443,11889,15884,17193,21887,22924,18895,21630,14295,17920,4129,7182,782,845,1529,2033,2009,3059,2531,4309,3968,4861,4781,4963,9292,11779,3822,6542,135745,51670,19895,7098,53757,7330,1002,17,9
2021-05-19T23:59:59+02:00,8,12,3946,3465,8236,8018,10862,11340,15211,16489,21209,22198,18694,21399,14254,17870,4123,7164,730,798,1469,1952,1932,2956,2465,4184,3826,4703,4606,4750,9089,11550,3802,6513,130325,50587,19712,6964,53460,6785,984,17,9
2021-05-18T23:59:59+02:00,7,11,3658,3198,7687,7479,10131,10640,14250,15553,20262,21140,18435,21116,14199,17810,4117,7142,676,750,1414,1866,1857,2845,2337,4044,3650,4500,4337,4457,8887,11301,3789,6486,123270,49357,19618,6764,53018,6158,912,17,9
2021-05-17T23:59:59+02:00,7,11,3467,2987,7225,7011,9623,10100,13519,14762,19575,20338,18249,20854,14152,17744,4107,7128,617,695,1333,1803,1783,2763,2228,3969,3513,4387,4089,4226,8744,11089,3776,6457,118017,48557,19377,6550,52552,5464,896,17,9
2021-05-16T23:59:59+02:00,7,10,3338,2913,7017,6833,9419,9885,13264,14527,19347,20109,18171,20775,14138,17725,4106,7122,604,650,1294,1754,1738,2702,2191,3876,3449,4304,3998,4125,8724,11062,3774,6455,116391,48413,19135,6383,52271,5007,892,17,9
2021-05-15T23:59:59+02:00,7,10,3337,2910,7011,6826,9417,9879,13260,14525,19344,20100,18169,20774,14138,17725,4106,7122,604,650,1292,1754,1735,2702,2189,3876,3448,4304,3996,4123,8724,11062,3774,6455,116348,48406,19135,6382,52269,5004,891,17,9
2021-05-14T23:59:59+02:00,7,10,3296,2866,6898,6683,9288,9742,13111,14343,19172,19965,18145,20749,14137,17717,4105,7119,582,637,1270,1735,1707,2681,2155,3850,3404,4266,3946,4069,8717,11055,3774,6454,115943,48367,18387,6232,52186,4878,820,17,9
2021-05-13T23:59:59+02:00,7,10,3172,2701,6572,6362,8850,9344,12564,13862,18567,19368,18015,20605,14104,17681,4100,7117,546,612,1215,1681,1649,2608,2067,3743,3254,4147,3842,3933,8696,11035,3771,6450,113065,48272,17690,5845,51577,4472,653,16,9
2021-05-12T23:59:59+02:00,7,10,3145,2669,6539,6324,8802,9290,12425,13749,18382,19164,17982,20571,14096,17671,4100,7117,545,610,1214,1679,1644,2605,2059,3737,3240,4139,3829,3919,8688,11029,3771,6449,112352,48246,17463,5818,51559,4433,653,16,9
2021-05-11T23:59:59+02:00,5,10,2753,2413,5737,5822,7833,8477,11033,12587,16812,17689,17476,20009,14014,17566,4082,7094,508,552,1086,1572,1480,2448,1872,3558,3019,3877,3722,3806,8619,10936,3767,6444,104949,48016,16841,5622,49482,3496,125,15,9
2021-05-10T23:59:59+02:00,5,8,2565,2244,5262,5441,7136,7851,9999,11670,15517,16317,17098,19559,13951,17452,4075,7070,481,526,1043,1533,1436,2397,1813,3456,2900,3746,3640,3733,8580,10889,3763,6440,99131,47901,15934,5393,48016,2952,124,15,8
2021-05-09T23:59:59+02:00,5,8,2481,2214,5124,5356,6949,7732,9591,11331,14971,15790,16980,19420,13931,17424,4072,7065,465,508,1010,1476,1365,2313,1755,3334,2789,3592,3555,3641,8557,10857,3760,6437,97556,47816,15349,5124,47402,2346,122,15,8
2021-05-08T23:59:59+02:00,5,8,2477,2213,5123,5356,6949,7730,9587,11328,14970,15789,16980,19420,13931,17424,4072,7065,464,507,1010,1476,1365,2312,1755,3334,2788,3591,3553,3641,8557,10857,3760,6437,97542,47812,15348,5124,47400,2343,122,15,8
2021-05-07T23:59:59+02:00,5,8,2305,2151,4850,5262,6587,7576,9138,11113,14526,15469,16803,19218,13919,17395,4072,7063,452,505,999,1465,1350,2297,1720,3324,2738,3556,3508,3601,8479,10776,3760,6434,96835,47789,14828,4776,45664,2275,118,15,8
2021-05-06T23:59:59+02:00,5,8,2068,2017,4298,4912,5934,7200,8369,10555,13549,14647,16407,18768,13870,17301,4060,7050,422,457,958,1365,1263,2135,1614,3100,2516,3273,3330,3401,8301,10585,3751,6421,94260,47349,13588,4171,43107,1317,49,14,8
2021-05-05T23:59:59+02:00,5,8,1943,1904,4011,4688,5501,6829,7678,9968,12432,13589,15731,17933,13767,17199,4051,7026,413,445,945,1338,1234,2092,1579,3024,2456,3189,3280,3361,8222,10487,3745,6411,89846,47218,12263,4023,42106,940,34,14,8
2021-05-04T23:59:59+02:00,5,8,1857,1819,3743,4452,5091,6470,7017,9394,11213,12346,14813,16806,13657,17062,4047,7012,408,436,926,1319,1214,2049,1561,2987,2412,3134,3237,3314,8133,10376,3739,6397,84036,47081,11625,3824,41118,711,20,13,8
2021-05-03T23:59:59+02:00,4,8,1804,1767,3593,4327,4858,6257,6633,9062,10484,11610,14088,15828,13571,16946,4038,6995,402,426,923,1306,1200,2015,1540,2946,2379,3088,3184,3274,8020,10274,3734,6391,79605,46955,11420,3603,40817,521,18,13,7
2021-05-02T23:59:59+02:00,4,8,1794,1748,3519,4302,4775,6204,6563,9001,10367,11495,13901,15634,13539,16919,4037,6990,400,418,917,1291,1197,1998,1537,2933,2363,3071,3169,3257,7984,10242,3733,6387,79047,46936,11143,3506,40583,436,14,13,7
2021-05-01T23:59:59+02:00,4,8,1791,1748,3518,4301,4775,6203,6560,9000,10362,11491,13898,15634,13538,16918,4037,6987,399,418,917,1291,1197,1997,1537,2933,2363,3071,3169,3257,7984,10242,3733,6386,79021,46933,11143,3506,40582,436,14,13,7
2021-04-30T23:59:59+02:00,4,8,1789,1742,3512,4291,4768,6190,6539,8985,10324,11453,13847,15560,13512,16887,4036,6986,399,416,916,1289,1197,1997,1537,2933,2361,3070,3169,3255,7983,10240,3733,6386,78693,46926,11143,3505,40572,432,13,12,7
2021-04-29T23:59:59+02:00,4,7,1661,1700,3269,4176,4491,6039,6225,8733,9910,11062,13268,14857,13408,16733,4030,6978,390,405,907,1268,1177,1963,1512,2896,2332,3022,3154,3243,7970,10222,3731,6382,75914,46810,10757,3503,39858,244,12,10,7
2021-04-28T23:59:59+02:00,4,7,1533,1652,3093,4076,4254,5861,5865,8461,9323,10572,12392,13676,13252,16524,4021,6964,381,395,891,1256,1161,1934,1476,2852,2262,2953,3002,3110,7858,10106,3724,6371,71420,46396,10570,3091,39520,230,10,10,7
2021-04-27T23:59:59+02:00,4,7,1493,1607,2983,3958,4050,5718,5558,8202,8703,9901,11353,12369,13023,16168,4010,6942,369,380,882,1235,1146,1899,1449,2780,2216,2892,2963,3067,7831,10076,3718,6367,66613,46186,10382,2919,39035,150,10,9,7
2021-04-26T23:59:59+02:00,4,7,1466,1574,2869,3881,3877,5574,5247,7988,8214,9460,10597,11443,12879,15964,3999,6924,368,375,872,1224,1130,1888,1419,2760,2189,2862,2914,3017,7785,10027,3712,6362,63200,46089,10192,2671,38556,129,10,9,7
2021-04-25T23:59:59+02:00,4,7,1454,1568,2802,3851,3782,5514,5112,7941,8018,9354,10401,11208,12842,15910,3998,6919,367,370,863,1217,1112,1874,1404,2741,2166,2835,2872,2984,7736,9979,3711,6357,62696,46009,9989,2461,37981,103,10,9,7
2021-04-24T23:59:59+02:00,4,7,1453,1568,2802,3850,3781,5513,5110,7939,8014,9350,10395,11205,12842,15910,3998,6919,367,370,863,1217,1112,1872,1402,2740,2165,2835,2872,2984,7736,9979,3711,6357,62672,46005,9989,2460,37980,102,10,9,7
2021-04-23T23:59:59+02:00,4,7,1437,1558,2734,3816,3699,5483,4992,7891,7880,9290,10309,11095,12818,15869,3996,6915,366,370,862,1214,1112,1872,1401,2740,2165,2835,2872,2984,7735,9979,3711,6357,62542,46000,9709,2459,37523,101,10,9,7
2021-04-22T23:59:59+02:00,4,7,1394,1529,2627,3749,3540,5379,4761,7737,7527,9054,9740,10403,12552,15570,3990,6892,359,369,853,1204,1101,1860,1386,2713,2137,2813,2830,2941,7644,9872,3700,6341,60924,45595,9050,2425,36462,88,10,9,7
2021-04-21T23:59:59+02:00,4,7,1360,1491,2545,3671,3422,5276,4544,7556,7117,8727,8854,9371,12141,14992,3977,6851,355,367,848,1187,1092,1839,1368,2683,2107,2785,2771,2884,7530,9707,3683,6313,58201,45115,8181,2301,35505,88,10,9,7
2021-04-20T23:59:59+02:00,4,7,1337,1465,2475,3596,3320,5178,4369,7374,6731,8397,7961,8243,11679,14401,3963,6837,350,362,836,1174,1083,1817,1344,2660,2074,2742,2710,2827,7382,9524,3652,6260,55344,44404,7416,2296,34560,83,9,8,7
2021-04-19T23:59:59+02:00,4,7,1320,1450,2437,3558,3259,5111,4263,7272,6491,8165,7329,7469,11427,14046,3953,6819,348,360,832,1164,1077,1805,1321,2647,2040,2717,2656,2783,7267,9360,3629,6221,53401,43850,7044,2283,33918,80,9,8,7
2021-04-18T23:59:59+02:00,4,6,1310,1438,2405,3532,3220,5090,4209,7215,6357,8036,6976,7080,11333,13942,3950,6807,348,359,830,1160,1076,1798,1319,2634,2034,2712,2650,2770,7241,9328,3627,6218,52886,43729,6584,2281,33423,80,9,8,7
2021-04-17T23:59:59+02:00,4,6,1309,1436,2405,3531,3219,5086,4204,7212,6350,8026,6962,7070,11331,13940,3950,6807,348,359,829,1159,1076,1798,1317,2633,2033,2710,2647,2768,7240,9328,3627,6218,52864,43716,6582,2280,33385,80,9,8,7
2021-04-16T23:59:59+02:00,4,6,1306,1435,2395,3524,3211,5078,4183,7194,6299,7993,6886,6985,11319,13926,3948,6805,348,358,826,1157,1074,1798,1315,2632,2030,2710,2646,2761,7237,9326,3626,6218,52806,43693,6346,2275,33328,80,9,8,7
2021-04-15T23:59:59+02:00,2,4,1269,1414,2340,3475,3115,5019,4023,7066,6043,7761,6342,6427,11071,13637,3934,6773,340,356,807,1136,1035,1739,1270,2560,1956,2615,2568,2692,7149,9239,3616,6201,51719,43104,5958,2089,32021,74,9,8,5
2021-04-14T23:59:59+02:00,2,4,1247,1401,2305,3447,3046,4957,3916,6960,5852,7552,5699,5724,10682,13151,3902,6722,332,353,795,1127,1018,1714,1240,2519,1905,2565,2491,2623,7001,9044,3597,6175,50315,42445,5751,1969,30487,74,8,8,5
2021-04-13T23:59:59+02:00,2,4,1233,1391,2273,3417,2990,4894,3806,6878,5603,7330,5166,5178,10341,12738,3879,6694,311,339,777,1099,995,1693,1215,2484,1869,2524,2425,2557,6883,8908,3561,6114,49299,41760,5546,1912,28956,71,8,8,5
2021-04-12T23:59:59+02:00,2,4,1217,1385,2247,3394,2940,4849,3679,6798,5393,7180,4838,4883,10092,12457,3870,6671,295,335,763,1095,978,1677,1201,2461,1819,2477,2348,2499,6769,8767,3546,6092,48835,41185,5348,1864,27703,64,6,7,5
2021-04-11T23:59:59+02:00,2,4,1210,1372,2228,3375,2907,4829,3617,6727,5248,7071,4607,4684,9907,12259,3865,6660,288,333,758,1087,968,1663,1190,2433,1797,2447,2294,2440,6686,8659,3532,6072,48752,40770,5112,1806,26696,63,5,7,5
2021-04-10T23:59:59+02:00,2,4,1210,1371,2225,3371,2905,4825,3611,6724,5238,7059,4602,4675,9899,12246,3865,6659,285,329,743,1080,955,1658,1167,2413,1726,2395,2211,2354,6629,8612,3531,6068,48697,40604,5111,1484,26671,60,5,7,5
2021-04-09T23:59:59+02:00,2,4,1207,1368,2218,3369,2897,4816,3602,6713,5208,7035,4578,4648,9873,12216,3864,6659,276,326,723,1070,940,1637,1134,2366,1635,2320,1993,2085,6475,8455,3509,6035,48622,39753,5106,1158,26537,60,5,7,5
2021-04-08T23:59:59+02:00,2,4,1182,1348,2163,3313,2812,4726,3462,6583,4972,6802,4190,4240,9330,11645,3846,6606,251,306,671,1009,882,1565,1061,2269,1501,2200,1718,1750,6015,7898,3422,5892,48164,37198,4580,1155,24470,49,5,7,5
2021-04-07T23:59:59+02:00,2,4,1172,1334,2131,3296,2769,4688,3373,6521,4808,6667,3897,3940,8769,11095,3829,6575,217,276,611,954,821,1494,1002,2208,1396,2101,1578,1575,5418,7203,3332,5740,47958,34722,4107,1150,22795,48,3,7,5
2021-04-06T23:59:59+02:00,2,4,1151,1317,2087,3271,2730,4656,3308,6473,4681,6575,3646,3686,8280,10585,3813,6545,210,270,583,935,796,1445,958,2151,1313,2014,1434,1388,4843,6413,3222,5535,47762,32317,3571,1142,21467,45,3,7,5
2021-04-05T23:59:59+02:00,2,4,1148,1312,2083,3268,2720,4654,3294,6459,4659,6556,3614,3659,8252,10548,3809,6543,207,257,576,919,777,1421,942,2115,1273,1974,1387,1325,4629,6143,3174,5480,47676,31408,3565,1140,21333,45,3,7,5
2021-04-04T23:59:59+02:00,2,4,1148,1312,2083,3267,2720,4653,3294,6459,4658,6555,3610,3657,8250,10546,3809,6543,207,257,575,919,777,1421,942,2115,1273,1973,1387,1325,4628,6143,3174,5480,47670,31405,3565,1140,21325,45,3,7,5
2021-04-03T23:59:59+02:00,2,4,1148,1312,2082,3267,2720,4653,3294,6459,4658,6555,3609,3655,8250,10544,3809,6543,207,257,575,918,777,1421,942,2115,1273,1973,1387,1325,4628,6143,3174,5480,47668,31404,3564,1140,21322,45,3,7,5
2021-04-02T23:59:59+02:00,2,4,1148,1312,2082,3265,2720,4652,3294,6456,4658,6553,3607,3651,8248,10543,3809,6543,207,257,575,918,777,1419,942,2115,1273,1972,1387,1323,4626,6142,3173,5480,47652,31396,3564,1139,21321,45,3,7,5
2021-04-01T23:59:59+02:00,1,4,1135,1275,2017,3143,2612,4453,3146,6207,4500,6314,3563,3615,8150,10438,3799,6527,202,248,571,910,766,1413,932,2101,1250,1956,1366,1296,4387,5823,3055,5315,47286,30412,3559,1135,20044,38,3,7,5
2021-03-31T23:59:59+02:00,1,4,1117,1243,1978,3042,2536,4310,3056,5994,4371,6085,3481,3534,7999,10239,3780,6493,194,245,564,898,762,1395,920,2081,1209,1922,1310,1233,3901,5229,2928,5082,46685,28697,3432,1135,19136,37,3,7,3
2021-03-30T23:59:59+02:00,1,3,1095,1209,1929,2861,2434,4084,2905,5636,4169,5697,3388,3440,7835,10035,3754,6442,190,240,556,887,751,1373,898,2061,1161,1877,1225,1150,3380,4520,2706,4750,46052,26557,3270,1135,17585,29,3,7,3
2021-03-29T23:59:59+02:00,1,3,1078,1165,1868,2726,2350,3925,2767,5382,4007,5424,3291,3341,7675,9807,3725,6395,189,235,550,876,741,1359,881,2037,1126,1849,1151,1064,2802,3843,2527,4456,45411,24534,3042,1130,16468,19,2,7,3
2021-03-28T23:59:59+02:00,1,3,1059,1132,1796,2561,2266,3719,2646,5082,3855,5147,3226,3276,7609,9742,3721,6389,189,235,548,873,740,1357,879,2031,1123,1847,1142,1052,2747,3775,2514,4429,45303,24337,2831,1127,15087,14,2,7,3
2021-03-27T23:59:59+01:00,1,3,1059,1132,1796,2560,2265,3718,2643,5082,3852,5147,3222,3276,7608,9742,3721,6389,189,235,547,873,740,1357,878,2031,1120,1847,1142,1052,2747,3775,2514,4429,45294,24332,2831,1127,15082,14,2,7,3
2021-03-26T23:59:59+01:00,1,3,1055,1110,1753,2445,2201,3560,2581,4871,3766,4923,3201,3259,7605,9737,3720,6388,189,234,546,873,739,1357,878,2031,1120,1844,1138,1051,2744,3767,2513,4426,45268,24308,2828,1127,14074,12,2,7,3
2021-03-25T23:59:59+01:00,1,3,1029,1078,1702,2342,2117,3392,2475,4643,3654,4726,3100,3168,7478,9606,3713,6374,187,231,541,872,732,1347,872,2014,1104,1820,1092,1007,2518,3420,2316,4134,45013,23066,2495,1127,13086,12,1,6,3
2021-03-24T23:59:59+01:00,1,3,1007,1058,1682,2300,2086,3342,2440,4576,3610,4657,3013,3099,7350,9435,3696,6355,187,227,535,868,725,1337,861,1999,1085,1799,1052,965,2134,2877,1927,3624,44478,21063,2366,1125,12859,12,1,6,3
2021-03-23T23:59:59+01:00,1,3,997,1052,1664,2268,2063,3307,2404,4533,3570,4606,2946,3026,7257,9334,3678,6327,185,224,531,863,718,1325,847,1980,1048,1769,971,875,1773,2388,1584,3161,43966,19137,2355,1091,12709,12,1,5,3
2021-03-22T23:59:59+01:00,1,3,994,1044,1649,2252,2049,3289,2382,4505,3533,4565,2901,2992,7195,9264,3663,6310,182,221,530,852,702,1302,833,1966,1019,1742,925,804,1305,1815,1238,2681,43630,17066,2335,1037,12620,12,1,5,3
2021-03-21T23:59:59+01:00,1,3,994,1044,1648,2249,2049,3288,2378,4501,3522,4558,2888,2983,7147,9208,3657,6304,182,218,529,850,701,1298,831,1962,1008,1737,902,785,1229,1729,1185,2612,43485,16765,2332,979,12599,12,1,5,3
2021-03-20T23:59:59+01:00,1,3,993,1043,1647,2248,2049,3288,2378,4501,3520,4556,2888,2982,7147,9207,3657,6304,182,218,529,850,701,1298,831,1962,996,1724,867,757,1198,1706,1177,2610,43484,16763,2328,829,12594,12,1,5,3
2021-03-19T23:59:59+01:00,1,3,992,1035,1640,2236,2038,3284,2376,4495,3513,4549,2878,2971,7134,9189,3656,6301,182,216,528,850,701,1296,831,1961,989,1719,823,720,1141,1656,1167,2600,43421,16720,2323,646,12541,12,1,5,3
2021-03-18T23:59:59+01:00,1,3,953,1003,1566,2125,1915,3117,2228,4249,3286,4298,2726,2813,6832,8824,3590,6202,181,215,523,845,694,1289,822,1950,967,1703,805,698,1066,1549,1027,2401,42028,16152,2014,569,11683,12,1,5,3
2021-03-17T23:59:59+01:00,1,3,899,970,1495,2068,1852,3051,2163,4187,3191,4201,2590,2679,6407,8333,3526,6088,180,213,520,840,692,1285,818,1945,962,1696,776,679,931,1396,871,2189,40259,15411,2011,568,11428,12,1,5,3
2021-03-16T23:59:59+01:00,1,3,874,947,1462,2028,1813,3001,2110,4132,3097,4103,2456,2520,5937,7687,3438,5938,174,210,515,839,688,1278,813,1936,955,1683,771,666,844,1270,729,2025,38274,14812,1952,568,11315,12,1,5,3
2021-03-15T23:59:59+01:00,1,3,857,940,1444,2006,1775,2946,2072,4060,2996,3994,2324,2350,5454,7145,3366,5825,173,209,515,832,686,1269,809,1926,945,1667,760,656,774,1159,581,1828,36509,14244,1856,530,11188,12,0,5,3
2021-03-14T23:59:59+01:00,1,3,852,926,1419,1977,1751,2917,2041,4000,2933,3928,2146,2156,5268,6919,3334,5794,173,209,514,829,684,1258,808,1919,942,1657,742,647,758,1140,557,1773,35487,14099,1758,505,11115,3,0,5,3
2021-03-13T23:59:59+01:00,1,3,844,919,1398,1965,1735,2904,2016,3972,2860,3880,2077,2082,5221,6866,3332,5793,173,209,514,828,684,1258,808,1919,942,1657,740,647,758,1137,557,1773,35236,14093,1518,505,11109,3,0,5,3
2021-03-12T23:59:59+01:00,1,3,820,904,1354,1908,1673,2805,1919,3820,2703,3713,1880,1845,5037,6644,3302,5750,173,209,513,828,684,1258,807,1919,942,1656,732,644,745,1122,549,1770,33911,14041,1279,504,10886,3,0,5,3
2021-03-11T23:59:59+01:00,1,3,785,845,1285,1825,1589,2658,1835,3619,2540,3541,1617,1536,4671,6175,3169,5568,164,203,507,819,674,1249,792,1883,921,1615,604,583,676,1081,529,1739,31802,13541,1184,494,10271,2,0,5,2
2021-03-10T23:59:59+01:00,1,3,769,794,1262,1767,1556,2599,1785,3548,2459,3452,1545,1447,4203,5637,3051,5318,164,201,498,797,655,1236,783,1863,914,1599,535,568,643,1072,522,1733,29995,13389,1177,390,10019,2,0,5,2
2021-03-09T23:59:59+01:00,1,3,757,771,1242,1736,1528,2553,1745,3497,2386,3400,1453,1350,3643,4889,2867,5013,162,199,493,776,645,1212,769,1831,902,1571,531,566,641,1067,519,1727,27835,13329,1174,278,9820,2,0,5,2
2021-03-08T23:59:59+01:00,0,3,753,743,1229,1717,1511,2533,1719,3461,2347,3357,1361,1250,2974,4060,2631,4642,158,196,479,752,623,1179,750,1780,878,1534,527,564,641,1066,519,1727,25383,13321,1174,50,9729,0,0,5,2
2021-03-07T23:59:59+01:00,0,3,750,739,1221,1708,1503,2519,1708,3453,2336,3349,1348,1234,2872,3940,2608,4592,158,196,479,752,623,1179,750,1780,878,1534,527,564,641,1066,519,1727,25031,13321,1172,50,9675,0,0,5,2
2021-03-06T23:59:59+01:00,0,3,749,739,1220,1705,1500,2516,1704,3450,2332,3348,1345,1234,2872,3940,2608,4592,157,196,479,752,623,1179,750,1780,878,1534,527,564,641,1066,519,1727,25026,13320,1172,50,9654,0,0,5,2
2021-03-05T23:59:59+01:00,0,3,684,713,1194,1691,1479,2507,1679,3435,2303,3339,1340,1231,2864,3932,2605,4587,157,196,479,751,623,1178,750,1780,878,1532,526,564,641,1066,519,1727,24996,13315,1168,50,9417,0,0,5,2
2021-03-04T23:59:59+01:00,0,3,618,665,1127,1622,1422,2425,1638,3356,2229,3262,1290,1183,2648,3568,2422,4300,155,190,476,737,612,1166,739,1752,869,1519,516,553,629,1056,514,1718,23780,13150,1161,49,8832,0,0,5,2
2021-03-03T23:59:59+01:00,0,3,582,626,1059,1558,1325,2343,1538,3270,2104,3178,1245,1138,2281,3048,2069,3856,155,190,474,734,612,1166,738,1750,867,1518,514,551,627,1053,514,1716,21924,13129,1160,48,8136,0,0,3,2
2021-03-02T23:59:59+01:00,0,3,564,593,1021,1512,1269,2300,1481,3218,2007,3117,1162,1038,1915,2567,1681,3333,153,188,469,728,607,1155,728,1740,862,1498,505,542,616,1032,495,1686,19858,12954,1157,48,7763,0,0,3,2
2021-03-01T23:59:59+01:00,0,3,557,545,1003,1473,1223,2239,1435,3153,1952,3044,1118,964,1423,1970,1306,2796,151,188,469,728,607,1154,728,1737,861,1498,503,542,613,1023,491,1675,17592,12918,1154,48,7455,0,0,3,2
2021-02-28T23:59:59+01:00,0,3,550,531,986,1434,1197,2177,1407,3095,1897,2971,1097,942,1309,1829,1233,2707,151,188,468,727,607,1154,727,1735,860,1497,501,542,613,1023,491,1675,17113,12909,1151,48,7098,0,0,3,2
2021-02-27T23:59:59+01:00,0,3,550,529,985,1434,1197,2176,1407,3094,1897,2970,1097,942,1309,1828,1232,2707,151,188,467,726,604,1152,725,1733,858,1496,501,542,613,1023,491,1675,17111,12909,1151,34,7092,0,0,3,2
2021-02-26T23:59:59+01:00,0,3,400,477,854,1390,1113,2133,1340,3053,1838,2928,1092,935,1306,1827,1232,2706,151,188,467,726,604,1152,725,1732,858,1495,501,542,613,1023,491,1675,17100,12908,1151,33,6373,0,0,3,2
2021-02-25T23:59:59+01:00,0,3,308,423,759,1296,1029,2044,1241,2879,1697,2766,1054,903,1225,1703,1119,2518,144,178,455,713,588,1127,718,1707,838,1471,489,528,585,992,477,1656,16512,12641,1151,23,5301,0,0,3,2
2021-02-24T23:59:59+01:00,0,2,259,378,687,1221,955,1955,1187,2761,1632,2648,1027,883,1102,1558,963,2305,142,178,452,710,584,1126,717,1702,837,1467,484,523,577,987,474,1644,15806,12582,1149,20,4565,0,0,3,2
2021-02-23T23:59:59+01:00,0,2,247,357,665,1163,927,1876,1140,2648,1557,2539,1002,855,1025,1429,826,2147,142,177,452,708,584,1126,717,1699,835,1466,483,520,575,986,474,1643,15258,12571,1117,15,4027,0,0,3,1
2021-02-22T23:59:59+01:00,0,0,233,338,642,1133,895,1793,1090,2556,1473,2416,957,826,907,1285,645,1895,142,177,451,707,582,1125,715,1699,829,1464,482,519,574,984,473,1641,14516,12559,1048,4,3517,0,0,3,1
2021-02-21T23:59:59+01:00,0,0,227,327,607,1066,845,1687,1047,2455,1394,2309,940,805,876,1234,593,1831,142,176,448,700,581,1121,715,1694,829,1463,481,519,573,984,472,1640,14310,12533,1008,4,2922,0,0,3,1
2021-02-20T23:59:59+01:00,0,0,227,324,604,1065,843,1682,1044,2450,1381,2292,904,776,844,1211,585,1829,142,176,448,700,581,1121,715,1694,829,1463,481,518,572,984,472,1640,14310,12532,853,4,2895,0,0,3,0
2021-02-19T23:59:59+01:00,0,0,217,316,594,1057,830,1667,1023,2433,1348,2249,661,674,707,1149,560,1812,142,176,448,699,581,1118,714,1692,826,1460,481,517,572,983,471,1640,13834,12517,673,3,2787,0,0,3,0
2021-02-18T23:59:59+01:00,0,0,200,266,555,936,745,1440,892,2174,1098,1873,581,606,669,1109,541,1795,137,176,435,687,566,1101,708,1666,810,1432,478,514,571,981,471,1640,13677,12370,577,3,1224,0,0,2,0
2021-02-17T23:59:59+01:00,0,0,195,228,535,887,708,1343,834,2007,1013,1741,559,586,669,1106,539,1792,130,174,424,677,558,1085,689,1635,797,1409,475,512,569,978,471,1639,13660,12219,577,3,503,0,0,2,0
2021-02-16T23:59:59+01:00,0,0,189,225,528,872,692,1312,815,1968,980,1701,547,581,663,1104,538,1790,125,169,410,671,547,1069,677,1617,788,1395,468,507,562,965,465,1612,13632,12045,577,2,294,0,0,2,0
2021-02-15T23:59:59+01:00,0,0,174,216,522,845,686,1278,801,1933,951,1654,546,578,660,1104,538,1790,122,168,403,661,537,1050,648,1590,774,1377,466,504,562,965,465,1612,13628,11902,538,2,108,0,0,2,0
2021-02-14T23:59:59+01:00,0,0,169,208,519,833,685,1269,798,1924,933,1645,545,577,660,1101,537,1790,115,165,392,650,520,1032,630,1576,767,1365,466,502,560,963,465,1612,13622,11778,536,2,33,0,0,2,0
2021-02-13T23:59:59+01:00,0,0,168,208,518,833,685,1269,798,1924,933,1645,545,577,660,1101,537,1790,115,165,391,649,520,1032,630,1576,767,1365,466,502,560,963,465,1612,13621,11776,536,2,32,0,0,2,0
2021-02-12T23:59:59+01:00,0,0,167,207,514,832,684,1266,794,1923,931,1642,544,577,660,1101,537,1790,111,163,388,643,516,1026,616,1561,763,1348,464,501,549,943,462,1587,13614,11639,535,2,18,0,0,2,0
2021-02-11T23:59:59+01:00,0,0,165,206,510,825,677,1262,792,1920,925,1640,539,571,653,1095,532,1784,91,127,359,572,470,947,562,1443,719,1254,439,456,508,889,420,1493,13563,10748,523,1,8,0,0,2,0
2021-02-10T23:59:59+01:00,0,0,162,204,500,808,661,1247,780,1893,910,1616,531,565,643,1083,527,1774,81,115,331,513,443,840,520,1268,645,1098,391,406,442,777,374,1338,13440,9581,461,1,1,0,0,2,0
2021-02-09T23:59:59+01:00,0,0,161,197,492,769,645,1208,760,1832,899,1574,519,553,637,1069,519,1758,76,99,312,447,408,756,480,1164,580,998,361,352,403,692,344,1225,13331,8697,259,0,0,0,0,2,0
2021-02-08T23:59:59+01:00,0,0,157,193,475,744,622,1173,740,1781,879,1530,513,552,635,1063,515,1745,63,73,267,378,359,620,420,935,507,819,304,297,340,544,289,1034,13264,7249,51,0,0,0,0,2,0
2021-02-07T23:59:59+01:00,0,0,157,192,473,743,620,1172,739,1773,877,1528,512,552,635,1063,515,1744,62,65,249,343,340,576,404,903,488,784,303,289,338,537,287,1031,13242,6999,51,0,0,0,0,2,0
2021-02-06T23:59:59+01:00,0,0,157,192,473,743,620,1172,739,1773,877,1528,512,552,635,1063,515,1744,62,65,249,343,340,576,404,902,486,782,303,288,337,535,286,1031,13242,6989,51,0,0,0,0,2,0
2021-02-05T23:59:59+01:00,0,0,157,192,473,743,620,1172,739,1773,877,1527,512,552,635,1063,515,1744,60,65,247,341,333,572,396,880,477,762,293,283,327,513,271,995,13241,6815,51,0,0,0,0,2,0
2021-02-04T23:59:59+01:00,0,0,151,187,469,735,613,1164,735,1759,871,1518,505,545,614,1038,506,1726,44,50,213,308,292,476,354,739,385,616,229,216,244,353,202,737,13084,5458,50,0,0,0,0,2,0
2021-02-03T23:59:59+01:00,0,0,149,186,463,729,605,1155,731,1747,862,1502,496,537,601,1025,499,1718,36,32,157,217,238,348,265,563,310,466,180,170,171,265,154,556,12954,4128,49,0,0,0,0,2,0
2021-02-02T23:59:59+01:00,0,0,149,183,461,728,605,1155,728,1741,855,1498,495,535,597,1022,498,1714,27,26,138,170,193,279,221,428,258,375,140,131,129,200,119,438,12914,3272,49,0,0,0,0,1,0
2021-02-01T23:59:59+01:00,0,0,147,183,460,727,600,1152,727,1733,853,1493,494,533,592,1019,497,1708,22,19,101,125,137,188,154,299,169,260,89,94,87,127,65,239,12868,2175,49,0,0,0,0,1,0
2021-01-31T23:59:59+01:00,0,0,147,183,460,724,597,1151,727,1729,853,1492,492,532,591,1017,497,1707,16,15,67,84,95,123,117,222,142,204,84,87,83,119,63,225,12850,1746,49,0,0,0,0,0,0
2021-01-30T23:59:59+01:00,0,0,147,183,459,724,595,1149,726,1728,853,1492,492,532,590,1017,497,1707,16,15,67,84,95,121,115,218,139,201,83,86,83,113,57,215,12849,1708,42,0,0,0,0,0,0
2021-01-29T23:59:59+01:00,0,0,147,183,459,722,594,1146,724,1726,851,1491,492,532,590,1017,497,1707,14,15,55,79,78,117,97,207,116,189,78,79,82,109,56,214,12844,1585,34,0,0,0,0,0,0
2021-01-28T23:59:59+01:00,0,0,140,179,446,705,577,1120,718,1699,828,1462,485,526,587,1014,494,1704,9,3,12,19,24,45,30,95,48,89,45,50,54,79,41,159,12658,802,26,0,0,0,0,0,0
2021-01-27T23:59:59+01:00,0,0,133,177,435,695,569,1111,702,1665,821,1438,482,524,583,1009,494,1699,5,1,4,11,10,23,13,40,23,31,12,17,24,31,18,49,12513,312,24,0,0,0,0,0,0
2021-01-26T23:59:59+01:00,0,0,127,173,421,682,556,1097,693,1642,810,1417,476,519,577,992,487,1665,5,1,4,10,7,21,11,37,17,28,12,15,23,30,18,48,12319,287,15,0,0,0,0,0,0
2021-01-25T23:59:59+01:00,0,0,124,171,412,670,545,1078,665,1614,792,1400,474,515,575,991,487,1665,4,1,3,9,7,16,6,28,12,22,9,6,13,19,9,30,12174,194,4,0,0,0,0,0,0
2021-01-24T23:59:59+01:00,0,0,117,168,402,660,531,1060,648,1601,779,1389,473,512,574,991,487,1665,3,0,1,6,7,4,4,7,5,9,1,2,11,12,6,17,12053,95,4,0,0,0,0,0,0
2021-01-23T23:59:59+01:00,0,0,117,168,402,659,531,1060,648,1601,779,1389,473,512,574,991,487,1665,2,0,1,6,7,4,4,7,5,9,1,2,11,12,6,17,12052,94,4,0,0,0,0,0,0
2021-01-22T23:59:59+01:00,0,0,113,166,395,653,528,1054,634,1586,773,1372,473,508,563,970,482,1639,2,0,1,6,7,4,4,7,5,9,1,2,11,12,6,17,11906,94,3,0,0,0,0,0,0
2021-01-21T23:59:59+01:00,0,0,101,158,380,635,505,1021,601,1536,750,1330,457,470,530,926,448,1574,2,0,1,6,7,4,4,7,5,9,1,2,11,12,6,17,11419,94,3,0,0,0,0,0,0
2021-01-20T23:59:59+01:00,0,0,82,116,346,546,461,881,543,1302,662,1143,399,411,447,791,389,1362,2,0,1,5,7,4,4,7,5,9,1,2,11,12,6,17,9878,93,3,0,0,0,0,0,0
2021-01-19T23:59:59+01:00,0,0,77,104,317,470,421,792,503,1188,610,1040,376,374,412,713,360,1272,2,0,1,3,7,4,4,7,5,9,1,0,8,8,5,15,9026,79,3,0,0,0,0,0,0
2021-01-18T23:59:59+01:00,0,0,63,74,272,383,366,642,429,956,516,843,309,307,347,565,307,1084,2,0,1,3,7,4,4,7,5,9,1,0,8,8,5,15,7461,79,2,0,0,0,0,0,0
2021-01-17T23:59:59+01:00,0,0,62,65,253,348,344,590,410,914,493,804,306,298,346,558,304,1076,0,0,0,0,0,0,0,0,0,0,0,0,0,0,0,0,7169,0,2,0,0,0,0,0,0
2021-01-16T23:59:59+01:00,0,0,62,65,253,348,344,590,410,913,491,802,306,297,344,554,303,1076,0,0,0,0,0,0,0,0,0,0,0,0,0,0,0,0,7156,0,2,0,0,0,0,0,0
2021-01-15T23:59:59+01:00,0,0,60,65,252,345,338,584,399,890,480,777,292,291,327,527,282,1038,0,0,0,0,0,0,0,0,0,0,0,0,0,0,0,0,6945,0,2,0,0,0,0,0,0
2021-01-14T23:59:59+01:00,0,0,46,52,238,322,314,509,365,764,393,630,229,219,244,356,206,755,0,0,0,0,0,0,0,0,0,0,0,0,0,0,0,0,5642,0,0,0,0,0,0,0,0
2021-01-13T23:59:59+01:00,0,0,40,42,213,266,273,409,300,613,322,503,178,176,175,272,164,591,0,0,0,0,0,0,0,0,0,0,0,0,0,0,0,0,4537,0,0,0,0,0,0,0,0
2021-01-12T23:59:59+01:00,0,0,36,40,208,251,259,377,277,534,290,457,142,135,136,209,127,461,0,0,0,0,0,0,0,0,0,0,0,0,0,0,0,0,3939,0,0,0,0,0,0,0,0
2021-01-11T23:59:59+01:00,0,0,30,36,197,230,240,325,229,445,240,383,110,106,102,136,75,294,0,0,0,0,0,0,0,0,0,0,0,0,0,0,0,0,3178,0,0,0,0,0,0,0,0
2021-01-10T23:59:59+01:00,0,0,28,31,159,168,197,250,191,349,198,306,98,99,99,130,73,278,0,0,0,0,0,0,0,0,0,0,0,0,0,0,0,0,2654,0,0,0,0,0,0,0,0
2021-01-09T23:59:59+01:00,0,0,28,31,152,164,195,242,187,342,196,301,98,99,99,130,73,278,0,0,0,0,0,0,0,0,0,0,0,0,0,0,0,0,2615,0,0,0,0,0,0,0,0
2021-01-08T23:59:59+01:00,0,0,25,28,121,141,174,229,162,313,168,280,93,89,98,126,72,277,0,0,0,0,0,0,0,0,0,0,0,0,0,0,0,0,2396,0,0,0,0,0,0,0,0
2021-01-07T23:59:59+01:00,0,0,10,3,16,24,32,55,37,105,61,113,48,51,61,86,46,188,0,0,0,0,0,0,0,0,0,0,0,0,0,0,0,0,936,0,0,0,0,0,0,0,0
2021-01-06T23:59:59+01:00,0,0,5,1,5,11,10,22,13,39,20,32,13,14,26,35,20,56,0,0,0,0,0,0,0,0,0,0,0,0,0,0,0,0,322,0,0,0,0,0,0,0,0
2021-01-05T23:59:59+01:00,0,0,4,1,4,9,9,18,10,31,15,27,10,14,23,30,19,50,0,0,0,0,0,0,0,0,0,0,0,0,0,0,0,0,274,0,0,0,0,0,0,0,0
2021-01-04T23:59:59+01:00,0,0,3,1,2,7,9,10,4,15,8,17,5,3,12,16,8,27,0,0,0,0,0,0,0,0,0,0,0,0,0,0,0,0,147,0,0,0,0,0,0,0,0
2021-01-03T23:59:59+01:00,0,0,3,0,1,6,8,4,4,7,5,10,1,2,12,12,7,17,0,0,0,0,0,0,0,0,0,0,0,0,0,0,0,0,99,0,0,0,0,0,0,0,0
2021-01-02T23:59:59+01:00,0,0,3,0,1,6,8,4,4,7,5,10,1,2,12,12,7,17,0,0,0,0,0,0,0,0,0,0,0,0,0,0,0,0,99,0,0,0,0,0,0,0,0
2021-01-01T23:59:59+01:00,0,0,2,0,1,6,8,4,4,7,5,10,1,2,12,12,7,17,0,0,0,0,0,0,0,0,0,0,0,0,0,0,0,0,98,0,0,0,0,0,0,0,0
2020-12-31T23:59:59+01:00,0,0,2,0,1,5,8,4,4,7,5,10,1,2,12,12,7,17,0,0,0,0,0,0,0,0,0,0,0,0,0,0,0,0,97,0,0,0,0,0,0,0,0
2020-12-30T23:59:59+01:00,0,0,2,0,1,5,8,4,4,7,5,10,1,2,12,12,7,17,0,0,0,0,0,0,0,0,0,0,0,0,0,0,0,0,97,0,0,0,0,0,0,0,0
2020-12-29T23:59:59+01:00,0,0,2,0,1,3,8,4,4,7,5,10,1,0,9,8,6,15,0,0,0,0,0,0,0,0,0,0,0,0,0,0,0,0,83,0,0,0,0,0,0,0,0
2020-12-28T23:59:59+01:00,0,0,2,0,1,3,8,4,4,7,5,10,1,0,9,8,6,15,0,0,0,0,0,0,0,0,0,0,0,0,0,0,0,0,83,0,0,0,0,0,0,0,0
2020-12-27T23:59:59+01:00,0,0,2,0,1,3,8,4,4,7,5,10,1,0,9,8,6,15,0,0,0,0,0,0,0,0,0,0,0,0,0,0,0,0,83,0,0,0,0,0,0,0,0
