Datum,<15_m,<15_w,15-24_1_m,15-24_1_w,25-34_1_m,25-34_1_w,35-44_1_m,35-44_1_w,45-54_1_m,45-54_1_w,55-64_1_m,55-64_1_w,65-74_1_m,65-74_1_w,75-84_1_m,75-84_1_w,>84_1_m,>84_1_w,<24_2_m,<24_2_w,25-34_2_m,25-34_2_w,35-44_2_m,35-44_2_w,45-54_2_m,45-54_2_w,55-64_2_m,55-64_2_w,65-74_2_m,65-74_2_w,75-84_2_m,75-84_2_w,>84_2_m,>84_2_w,bp_1,bp_2,mo_1,mo_2,az_1,az_2,ja,unb_1,unb_2
2021-07-25T23:59:59+02:00,1915,1825,28826,28253,46705,41655,48779,47607,59887,60324,70498,71339,52168,57721,36167,46886,11056,21020,13476,12964,27549,25263,30725,31182,47870,49167,62306,63879,48980,54166,34619,44766,10641,20151,531455,398037,75433,62762,105259,96681,20456,28,27
2021-07-24T23:59:59+02:00,1835,1758,28593,28040,46576,41571,48690,47525,59752,60220,70389,71271,52127,57695,36151,46866,11054,21020,13360,12873,27370,25151,30594,31075,47684,49023,62168,63798,48946,54143,34606,44750,10639,20149,530774,397475,75431,62761,105259,96679,19641,28,27
2021-07-23T23:59:59+02:00,1736,1650,28303,27751,46354,41435,48454,47335,59541,60050,70205,71165,52060,57630,36137,46833,11050,21012,13136,12663,26971,24855,30247,30794,47135,48564,61857,63585,48868,54084,34589,44709,10634,20141,529897,395188,75057,62709,105249,96677,18470,28,27
2021-07-22T23:59:59+02:00,1725,1643,28228,27676,46228,41305,48266,47139,59376,59917,70092,71042,52017,57593,36121,46818,11050,21012,12927,12427,26660,24543,29918,30508,45304,47086,61100,62931,48778,53988,34553,44669,10631,20132,529615,388800,73982,62568,105210,96565,18413,28,27
2021-07-21T23:59:59+02:00,1693,1606,27970,27474,45860,40980,47699,46595,58814,59450,69650,70669,51853,57436,36064,46765,11041,20999,12511,11998,26102,24010,29366,29957,41630,43887,59653,61691,48615,53813,34490,44587,10621,20108,529077,377361,70832,62093,105058,96130,17623,28,27
2021-07-20T23:59:59+02:00,1671,1592,27851,27346,45799,40922,47655,46559,58760,59402,69599,70625,51820,57411,36048,46739,11037,20991,12020,11480,25371,23325,28726,29216,38231,40928,58117,60242,48413,53594,34409,44496,10603,20088,528411,367085,70812,58754,105042,96013,17534,28,26
2021-07-19T23:59:59+02:00,1666,1591,27826,27314,45780,40911,47645,46547,58747,59388,69587,70623,51818,57407,36048,46736,11035,20991,11976,11453,25310,23293,28697,29186,38187,40896,58077,60215,48409,53586,34408,44493,10600,20087,528280,366779,70812,58741,105029,95966,17511,28,26
2021-07-18T23:59:59+02:00,1661,1586,27802,27288,45757,40902,47631,46534,58741,59379,69580,70614,51816,57406,36047,46734,11035,20990,11914,11428,25228,23254,28638,29153,38127,40869,58018,60175,48407,53582,34405,44492,10600,20087,528153,366450,70810,58712,105020,95846,17492,28,26
2021-07-17T23:59:59+02:00,1661,1584,27785,27276,45743,40894,47622,46530,58735,59374,69573,70610,51811,57403,36046,46734,11035,20990,11889,11418,25196,23219,28606,29133,38108,40852,57985,60151,48397,53574,34403,44492,10600,20087,528077,366204,70810,58710,105020,95844,17471,28,26
2021-07-16T23:59:59+02:00,1647,1569,27534,27106,45481,40744,47412,46373,58460,59185,69358,70474,51713,57340,36009,46701,11030,20988,11646,11231,24883,22990,28320,28918,37735,40590,57495,59736,48268,53470,34358,44445,10594,20083,527808,365016,70809,58708,104896,95572,15583,28,26
2021-07-15T23:59:59+02:00,1551,1460,27085,26731,45232,40515,47269,46261,58321,59075,69257,70389,51674,57299,35994,46679,11029,20982,11361,11011,24415,22660,27962,28650,37345,40316,55472,57716,48100,53273,34302,44361,10587,20072,525552,358189,70806,58624,104887,95362,15530,28,26
2021-07-14T23:59:59+02:00,1393,1336,26553,26237,44938,40238,47074,46081,58143,58885,69101,70245,51617,57241,35969,46649,11023,20977,11182,10829,24019,22311,27622,28338,36826,39919,54268,56557,47967,53124,34252,44297,10579,20050,522534,354541,70800,57001,104868,95217,15470,28,26
2021-07-13T23:59:59+02:00,1123,1041,25634,25359,44456,39836,46727,45767,57829,58612,68834,70000,51505,57118,35926,46598,11019,20962,10839,10495,23494,21773,27008,27758,35463,38744,50181,52690,47608,52740,34125,44150,10562,20022,517299,345373,70793,51870,104864,95111,15362,28,26
2021-07-12T23:59:59+02:00,684,656,24313,24142,43913,39376,46532,45559,57625,58426,68657,69833,51448,57030,35908,46573,11017,20954,10613,10387,23292,21637,26759,27626,35225,38584,49749,52278,47539,52657,34097,44116,10562,20016,511630,343960,70792,51844,104859,94050,15337,28,26
2021-07-11T23:59:59+02:00,681,651,24292,24122,43885,39356,46514,45548,57612,58416,68644,69831,51447,57027,35905,46569,11016,20954,10518,10302,23083,21516,26497,27528,34920,38504,49042,51796,46092,51121,34012,44017,10562,20014,511547,343461,70789,51799,104847,89057,15259,28,26
2021-07-10T23:59:59+02:00,679,646,24285,24116,43881,39348,46511,45545,57605,58415,68644,69830,51447,57027,35905,46569,11016,20954,10508,10294,23063,21498,26485,27519,34902,38499,49031,51791,46078,51105,34010,44016,10562,20014,511513,343359,70786,51798,104846,89016,15250,28,26
2021-07-09T23:59:59+02:00,672,636,23838,23658,43608,39113,46441,45485,57546,58375,68594,69805,51431,57015,35901,46561,11015,20954,10431,10123,22969,21310,26425,27310,34836,38284,48967,51688,46056,51081,34006,44013,10562,20014,509768,342138,70783,51785,104842,88973,15227,28,26
2021-07-08T23:59:59+02:00,608,570,22764,22659,42812,38514,46190,45285,57338,58232,68397,69667,51354,56951,35873,46538,11013,20946,10177,9934,22594,21058,26033,27049,34360,37973,48365,51170,45721,50716,33936,43936,10555,19993,505111,338582,70758,51637,104784,88359,15030,28,26
2021-07-07T23:59:59+02:00,559,524,21483,21295,42102,37853,45974,45068,57105,58047,68231,69510,51270,56869,35836,46486,11006,20932,9808,9631,21725,20474,24936,26262,32544,36625,47456,50287,45222,50180,33832,43797,10548,19975,499883,333666,70587,47321,104760,87450,14892,28,26
2021-07-06T23:59:59+02:00,501,461,20263,20017,41261,37209,45506,44721,56715,57744,67910,69257,51171,56746,35792,46435,10998,20923,9418,9255,20867,19887,23988,25609,31075,35441,46273,49096,44446,49405,33698,43621,10535,19955,495445,326390,68670,45260,104738,86185,14749,28,26
2021-07-05T23:59:59+02:00,465,433,18862,18645,40407,36410,45292,44503,56535,57542,67751,69130,51116,56692,35771,46406,10996,20916,9132,9002,20310,19509,23326,25191,30437,35014,45516,48484,43693,48617,33568,43434,10526,19943,489769,320632,68668,45240,104735,85160,14679,21,26
2021-07-04T23:59:59+02:00,458,427,17111,16641,40077,36189,45207,44432,56453,57476,67673,69062,51083,56666,35761,46386,10994,20914,9072,8950,20173,19445,23152,25114,30185,34936,44727,48356,42330,47273,33490,43360,10524,19937,485023,320178,68638,45195,104718,81051,14610,21,25
2021-07-03T23:59:59+02:00,457,426,17090,16621,40028,36141,45192,44417,56446,57472,67667,69055,51081,56663,35761,46386,10994,20913,9029,8910,20109,19377,23093,25051,30101,34857,44507,48180,42262,47199,33445,43301,10521,19937,484841,319227,68636,45194,104717,80873,14595,21,25
2021-07-02T23:59:59+02:00,437,403,16979,16517,39561,35768,45079,44320,56394,57430,67619,69025,51070,56657,35755,46374,10994,20912,8875,8747,19785,19099,22712,24676,29684,34450,43891,47549,42062,46972,33347,43166,10517,19933,483353,316277,68622,44175,104715,80439,14583,21,25
2021-07-01T23:59:59+02:00,387,363,16677,16242,37839,34438,44513,43825,56139,57223,67448,68859,50990,56566,35727,46334,10990,20904,8503,8356,18926,18396,21751,23827,28308,33271,40874,44595,41068,45894,32736,42442,10500,19904,477912,308831,68549,39306,104692,76923,14290,21,25
2021-06-30T23:59:59+02:00,340,320,16392,15999,35658,32620,43897,43202,55919,57029,67248,68670,50908,56474,35698,46281,10986,20888,8147,8020,18259,17776,20872,23002,27039,32022,36253,39742,39992,44753,32076,41655,10479,19879,471107,298408,68507,33296,104673,74038,14221,21,25
2021-06-29T23:59:59+02:00,301,283,16174,15800,34659,31545,43450,42760,55739,56872,67079,68522,50832,56400,35661,46236,10978,20881,7567,7415,17130,16845,19625,21786,25351,30354,33515,36627,37155,41715,31338,40772,10456,19841,466936,282273,68499,33249,104659,67908,14057,21,22
2021-06-28T23:59:59+02:00,291,265,16034,15645,32942,30128,43130,42467,55577,56734,66961,68417,50786,56347,35645,46215,10975,20869,7266,7154,16583,16470,19232,21472,24843,29969,32925,36130,35781,40231,30551,39838,10452,19830,462534,279232,68477,33199,104635,62527,13761,21,22
2021-06-27T23:59:59+02:00,291,265,16012,15624,32789,30041,43068,42438,55540,56725,66935,68409,50781,56343,35642,46214,10975,20868,7222,7127,16446,16403,19068,21410,24641,29896,32697,35991,34529,38964,28927,37919,10451,19829,462215,279063,68475,33159,104628,55668,13621,21,22
2021-06-26T23:59:59+02:00,289,263,15991,15604,32765,30025,43023,42398,55517,56711,66929,68406,50779,56342,35640,46213,10975,20868,7218,7115,16428,16391,19052,21402,24608,29874,32676,35970,34516,38952,28925,37916,10451,19829,461996,278872,68473,33159,104628,55663,13620,21,22
2021-06-25T23:59:59+02:00,284,262,15938,15559,32652,29926,42834,42240,55461,56667,66889,68382,50769,56331,35636,46212,10975,20868,7033,6839,16148,15883,18786,20752,24244,28940,32290,35252,34354,38736,28902,37886,10451,19829,461182,276214,68472,33150,104611,53353,13599,21,22
2021-06-24T23:59:59+02:00,265,249,15672,15363,32206,29640,41369,41001,55004,56313,66659,68226,50716,56276,35620,46185,10970,20858,6723,6617,15461,15442,17343,19745,22180,27391,31195,34361,33952,38317,28781,37707,10439,19815,456648,266586,68471,33098,104607,52931,12845,21,22
2021-06-23T23:59:59+02:00,251,232,15393,15074,31714,29242,39279,39182,54457,55777,66410,68006,50627,56168,35580,46139,10965,20845,6522,6454,15103,15165,16820,19300,21307,26595,29507,33013,33198,37473,28590,37467,10432,19800,449618,258835,68425,33008,104604,52220,12673,21,21
2021-06-22T23:59:59+02:00,229,197,15012,14686,31046,28611,35845,36145,53551,54982,66109,67704,50521,56046,35543,46083,10962,20831,6348,6243,14703,14840,16024,18585,19893,25285,27911,31362,32404,36502,28056,36864,10414,19769,438721,248779,68393,32926,104599,51115,12369,21,21
2021-06-21T23:59:59+02:00,214,191,14774,14515,30359,28154,33684,34187,53090,54561,65931,67587,50440,55972,35517,46061,10957,20826,6253,6160,14543,14724,15854,18451,19774,25174,27805,31277,32249,36363,26850,35639,10414,19766,431928,248113,68371,32880,104567,48156,12133,21,21
2021-06-20T23:59:59+02:00,209,190,14649,14430,28523,26886,33101,33758,53004,54472,65867,67554,50419,55946,35509,46058,10956,20824,5814,5873,13613,14098,15049,17876,19226,24823,27497,31084,32087,36189,26824,35608,10412,19762,427779,243245,68367,32843,104541,48086,11647,21,21
2021-06-19T23:59:59+02:00,203,185,14624,14397,28410,26805,33070,33731,52983,54456,65851,67543,50413,55937,35507,46053,10955,20822,5599,5715,13051,13687,14443,17400,18900,24622,27304,30913,32009,36089,26807,35594,10412,19762,427375,239727,68366,32841,104541,48083,11642,21,21
2021-06-18T23:59:59+02:00,201,179,14537,14312,28311,26740,31842,32832,52624,54150,65718,67452,50383,55904,35490,46028,10951,20818,5534,5641,12953,13603,14279,17278,18664,24395,26485,30248,31805,35853,26741,35519,10408,19755,426890,236791,65439,32734,104531,48031,11591,21,21
2021-06-17T23:59:59+02:00,187,163,14168,14052,27717,26496,31353,32573,51838,53585,65297,67186,50305,55805,35457,45988,10945,20806,5159,5382,12169,13133,13492,16667,17574,23473,24338,28285,31166,35120,26545,35242,10391,19741,423726,227814,65434,32456,104507,47353,10240,14,21
2021-06-16T23:59:59+02:00,159,135,13752,13655,27256,26142,30918,32221,51029,52892,64854,66803,50192,55686,35428,45931,10935,20794,4795,4944,11451,12458,12704,15979,16477,22357,21376,25428,30101,33920,26249,34840,10376,19700,418934,213811,65392,32428,104501,46961,9941,14,21
2021-06-15T23:59:59+02:00,98,82,13125,13044,26505,25568,30143,31630,49784,51835,64145,66280,50014,55491,35359,45819,10926,20775,4300,4314,10482,11525,11554,14601,14748,20657,17954,22133,28734,32485,25865,34321,10350,19656,411268,195228,65373,32313,104497,46653,9471,14,21
2021-06-14T23:59:59+02:00,68,61,12722,12673,26101,25243,29483,31170,47995,50370,63098,65449,49799,55267,35282,45743,10918,20763,4200,4261,10307,11398,11414,14470,14571,20537,17763,21975,28664,32405,25846,34294,10347,19655,403432,194802,65364,32041,104493,46348,8902,14,21
2021-06-13T23:59:59+02:00,67,60,12681,12629,26029,25211,29420,31143,47941,50345,63063,65426,49792,55264,35280,45740,10917,20760,4047,4184,9980,11270,11092,14359,14277,20427,17366,21632,27160,30770,25707,34099,10343,19644,403231,194071,65292,27386,104486,46141,8745,14,21
2021-06-12T23:59:59+02:00,67,59,12664,12613,26015,25201,29409,31131,47882,50275,63021,65390,49791,55261,35280,45740,10917,20760,4045,4174,9964,11256,11084,14345,14258,20410,17346,21623,27119,30725,25702,34093,10343,19644,402940,193888,65292,27384,104485,46100,8745,14,21
2021-06-11T23:59:59+02:00,65,56,12566,12483,25890,25088,29288,31008,47648,50051,62889,65271,49767,55235,35270,45729,10915,20758,3951,3907,9441,10070,10654,13439,13969,19855,17073,21146,26714,30306,25612,34011,10340,19642,401682,192848,65283,27380,104443,41333,8555,14,21
2021-06-10T23:59:59+02:00,58,49,12323,12272,25573,24807,28945,30743,46583,49038,62155,64703,49682,55141,35236,45677,10905,20745,3684,3543,8672,8823,9756,11798,12670,17116,15292,17560,25013,28391,25316,33712,10334,19618,396830,187367,65232,26942,104240,28655,8319,14,21
2021-06-09T23:59:59+02:00,46,37,12031,11951,25166,24403,28552,30348,44582,47221,61071,63765,49579,55020,35190,45624,10900,20727,3439,3424,8257,8570,9249,11479,12161,16727,14590,16970,21193,24096,25091,33411,10322,19592,388873,175862,65111,26600,104239,28118,7976,14,21
2021-06-08T23:59:59+02:00,40,26,11601,11422,24505,23781,27897,29686,41417,44379,59298,62134,49410,54830,35118,45534,10890,20705,3230,3288,7861,8312,8634,11107,11495,16303,13935,16330,15830,18165,24700,32886,10304,19564,376237,160717,65050,26267,104229,27816,7143,14,7
2021-06-07T23:59:59+02:00,35,19,11440,11234,24155,23507,27621,29481,38789,42451,58869,61772,49376,54799,35106,45513,10888,20699,3134,3221,7554,8137,8317,10932,10925,15854,13435,15854,15754,18087,24672,32836,10302,19557,370601,160404,64623,24448,104220,27419,6299,11,7
2021-06-06T23:59:59+02:00,32,18,11311,11130,23838,23280,27413,29309,37192,41265,58746,61693,49351,54771,35098,45499,10888,20697,3034,3172,7284,8049,8049,10770,10192,15174,12843,15237,15604,17976,24658,32813,10300,19557,370193,160292,61257,21301,104212,27260,5858,11,7
2021-06-05T23:59:59+02:00,32,17,11293,11113,23795,23244,27378,29283,37165,41251,58648,61608,49340,54765,35096,45497,10888,20694,3022,3161,7261,8018,8020,10754,10162,15160,12803,15213,15483,17812,24653,32805,10299,19556,369863,159868,61255,21300,104211,27246,5767,11,7
2021-06-04T23:59:59+02:00,32,15,11108,10854,23434,22780,27106,28886,36740,40803,58030,61069,49306,54724,35086,45479,10887,20688,2998,3144,7232,8002,7999,10736,10133,15135,12769,15179,15273,17606,24642,32784,10297,19555,368069,159286,58988,21287,104198,27149,5761,11,7
2021-06-03T23:59:59+02:00,31,14,10888,10638,22977,22387,26681,28551,35646,39976,55275,58719,49179,54566,35043,45416,10882,20673,2909,3064,7025,7849,7544,10440,9110,14510,11535,14485,14096,16143,24465,32567,10285,19536,364141,155951,54063,17588,104148,26843,5180,10,7
2021-06-02T23:59:59+02:00,31,14,10853,10605,22941,22353,26650,28526,35615,39935,55148,58561,49165,54543,35037,45409,10882,20672,2869,3035,6970,7831,7486,10407,8956,14471,11312,14423,12753,14672,24346,32395,10280,19529,363557,152162,54057,17577,104148,26827,5168,10,7
2021-06-01T23:59:59+02:00,18,7,10440,10263,22286,21846,25967,27944,34894,39358,52151,55418,48776,54133,34919,45247,10866,20646,2411,2677,5622,7150,6220,9833,7570,13802,10181,13463,8454,9125,23873,31717,10257,19471,352811,134021,53887,17211,104129,26251,4342,10,7
2021-05-31T23:59:59+02:00,17,6,10166,10035,21715,21449,25560,27694,34573,39156,50703,54022,48677,54008,34886,45206,10859,20638,2302,2553,5337,6905,5961,9613,7205,13563,9925,13304,8403,9063,23847,31671,10249,19458,348087,133254,53848,17092,104105,25692,3320,10,7
2021-05-30T23:59:59+02:00,16,6,10112,9987,21629,21412,25496,27660,34462,39086,50340,53682,48653,53983,34880,45200,10857,20635,2267,2523,5232,6827,5859,9547,7016,13475,9700,13208,8360,9018,23831,31664,10248,19453,346908,132662,53829,16919,104095,25392,3254,10,7
2021-05-29T23:59:59+02:00,15,6,10097,9976,21596,21394,25479,27648,34441,39073,50327,53664,48649,53979,34877,45199,10857,20635,2248,2469,5189,6702,5799,9415,6900,13278,9563,12988,8287,8928,23764,31597,10247,19452,346754,132386,53829,16868,104074,24326,3245,10,7
2021-05-28T23:59:59+02:00,15,6,10039,9908,21520,21286,25401,27530,34364,38973,50249,53566,48628,53961,34869,45189,10857,20631,2165,2205,4572,6161,5179,8693,6530,12315,9070,11994,8112,8731,23396,31117,10246,19449,345911,130897,53818,16770,104015,19029,3238,10,7
2021-05-27T23:59:59+02:00,14,6,9775,9660,20992,20910,24860,27173,33841,38596,49635,52958,48460,53768,34799,45114,10853,20612,1924,1937,3992,5640,4502,8091,6022,11550,8132,10679,7608,8074,21845,28968,10231,19427,341639,125260,53409,15636,103907,14662,3061,10,7
2021-05-26T23:59:59+02:00,14,6,9502,9415,20268,20343,23992,26502,32581,37568,48872,52256,48206,53479,34725,45000,10842,20588,1869,1867,3898,5514,4369,7928,5816,11289,7807,10300,7048,7348,19426,25550,10213,19384,336937,116815,50434,15382,103855,14502,2923,10,7
2021-05-25T23:59:59+02:00,13,6,9237,9181,19855,19986,23555,26111,32073,37054,47979,51280,47908,53163,34642,44860,10830,20558,1802,1819,3775,5417,4233,7781,5607,11067,7497,9982,6427,6512,15323,20205,10193,19326,331367,104688,50354,15338,103782,14158,2778,10,7
2021-05-24T23:59:59+02:00,12,6,9019,9026,19288,19698,22786,25724,30560,36036,47755,51108,47815,53062,34613,44830,10828,20557,1777,1804,3730,5383,4170,7740,5542,11008,7422,9926,6401,6488,15309,20196,10193,19326,329788,104573,46554,15326,103726,13867,2645,10,7
2021-05-23T23:59:59+02:00,12,6,8811,8819,18931,19406,22364,25376,30136,35715,47163,50597,47383,52607,34511,44684,10820,20548,1775,1803,3721,5378,4166,7737,5533,10997,7412,9917,6397,6477,15309,20194,10193,19326,324958,104516,46553,15324,103725,13848,2643,10,7
2021-05-22T23:59:59+02:00,12,6,8780,8782,18882,19363,22317,25345,30083,35685,47054,50527,47364,52585,34508,44675,10817,20548,1774,1800,3709,5365,4162,7731,5529,10991,7405,9913,6395,6475,15307,20194,10193,19326,324416,104484,46553,15324,103724,13827,2630,10,7
2021-05-21T23:59:59+02:00,11,6,8506,8429,18443,18849,21960,24703,29657,34877,46565,49862,47276,52463,34470,44632,10814,20543,1711,1759,3630,5326,4120,7697,5497,10946,7364,9864,6367,6449,15230,20097,10192,19325,319224,104173,46524,15323,103700,13466,2608,10,7
2021-05-20T23:59:59+02:00,11,6,7933,7879,17495,18057,20958,23785,28338,33680,44820,48042,46838,52004,34361,44479,10797,20524,1411,1598,3318,5037,3855,7309,5203,10467,6985,9412,6135,6196,13927,18564,10169,19286,307631,100445,46439,14844,103474,11126,2453,10,7
2021-05-19T23:59:59+02:00,11,6,7668,7564,16891,17454,20062,22912,27113,32426,43029,45955,46305,51448,34210,44259,10776,20494,1347,1516,3115,4822,3650,7058,4980,10114,6689,9081,5855,5864,11736,15733,10152,19227,296510,94249,46399,14376,103429,10075,2235,10,7
2021-05-18T23:59:59+02:00,10,6,7142,7020,15736,16430,18797,21662,25605,30798,40342,42725,45476,50503,33971,43954,10751,20452,1326,1490,3055,4751,3574,6939,4845,9981,6509,8869,5590,5589,10042,13568,10128,19172,280719,89131,45195,14326,103329,9838,2129,8,7
2021-05-17T23:59:59+02:00,10,6,7062,6959,15553,16320,18583,21493,25207,30471,38590,41088,45366,50425,33924,43888,10742,20429,1293,1467,2999,4706,3511,6880,4777,9879,6414,8768,5549,5549,10029,13551,10125,19164,280505,89065,40427,14044,103285,9657,1891,8,7
2021-05-16T23:59:59+02:00,9,5,6946,6907,15432,16232,18454,21387,25026,30357,35609,38319,45330,50390,33902,43864,10739,20424,1269,1451,2955,4666,3463,6823,4692,9811,6318,8688,5519,5512,10018,13535,10123,19161,280224,89018,34281,13777,103165,9551,1654,8,7
2021-05-15T23:59:59+02:00,9,5,6922,6876,15372,16174,18408,21347,24959,30314,35573,38278,45307,50363,33895,43859,10739,20424,1257,1425,2923,4593,3444,6754,4673,9730,6296,8638,5513,5507,10014,13534,10123,19161,279743,88964,34281,13773,103151,9203,1641,8,7
2021-05-14T23:59:59+02:00,9,5,6746,6508,15026,15676,18096,20930,24625,29852,35327,37926,45278,50332,33885,43854,10739,20422,1197,1364,2845,4489,3397,6652,4609,9575,6210,8505,5483,5463,10001,13525,10123,19160,278689,88880,34131,13738,100832,8400,1576,8,7
2021-05-13T23:59:59+02:00,9,5,6396,6192,14270,15092,17390,20302,23768,29110,34560,37256,44990,49989,33805,43729,10735,20411,1021,1279,2649,4380,3279,6531,4468,9409,6089,8362,5440,5425,9986,13509,10119,19155,272286,88733,33808,13656,100618,7419,1289,8,7
2021-05-12T23:59:59+02:00,9,5,5995,5920,13290,14416,16371,19501,23103,28674,34255,36975,44807,49795,33774,43698,10732,20408,1018,1277,2643,4375,3260,6527,4463,9399,6081,8357,5435,5420,9984,13504,10118,19154,266031,88676,33799,13646,100614,7414,1276,8,6
2021-05-11T23:59:59+02:00,9,5,5620,5696,12706,13970,14568,18062,20152,26151,31940,34648,43755,48535,33451,43226,10703,20359,956,1204,2527,4204,3154,6299,4344,9114,5966,8132,5364,5342,9942,13444,10110,19138,248753,88205,33522,13432,100176,6502,1097,8,6
2021-05-10T23:59:59+02:00,9,5,5473,5599,12435,13844,14218,17840,19350,25580,30562,33629,43223,47926,33394,43138,10695,20339,914,1145,2428,4043,3060,6097,4219,8850,5844,7936,5328,5314,9930,13428,10106,19129,243281,88100,33311,13371,99873,5510,786,8,6
2021-05-09T23:59:59+02:00,9,5,5067,5359,11242,13312,13218,17477,18329,25250,30019,33338,43167,47854,33369,43123,10692,20332,890,1115,2329,3939,2970,5958,4087,8675,5750,7831,5320,5300,9923,13424,10101,19126,237952,88055,33240,13329,99534,4922,428,8,6
2021-05-08T23:59:59+02:00,9,5,5056,5350,11220,13292,13193,17458,18299,25217,29979,33295,43159,47843,33368,43119,10692,20332,886,1109,2316,3931,2964,5958,4083,8669,5747,7828,5317,5297,9920,13419,10101,19126,237683,88027,33239,13329,99533,4888,423,8,6
2021-05-07T23:59:59+02:00,9,5,4956,5267,10992,13124,12901,17242,17693,24617,29032,32401,42968,47603,33312,43047,10688,20326,859,1078,2280,3876,2918,5912,4028,8615,5664,7775,5270,5251,9908,13410,10101,19125,235193,87893,31349,13326,99425,4639,208,8,6
2021-05-06T23:59:59+02:00,9,5,4542,4987,10325,12707,12141,16578,16089,23174,26487,30009,42265,46854,33146,42811,10672,20303,803,1023,2144,3626,2750,5603,3834,8142,5468,7453,5219,5198,9885,13382,10099,19117,226432,87710,28002,13012,98614,2972,48,8,6
2021-05-05T23:59:59+02:00,9,5,4229,4760,9730,12261,11422,15998,14988,22149,23641,27251,41288,45749,32864,42424,10654,20262,789,1001,2082,3501,2693,5448,3741,7931,5372,7317,5170,5143,9849,13344,10097,19114,213427,87451,27819,12874,98390,2223,40,8,6
2021-05-04T23:59:59+02:00,9,5,3879,4303,9061,11564,10651,15158,13684,20894,20038,23846,39941,44290,32492,41905,10631,20224,771,971,2016,3384,2623,5313,3650,7780,5277,7194,5132,5098,9820,13315,10095,19111,196366,87237,27801,12577,98366,1698,34,8,6
2021-05-03T23:59:59+02:00,9,4,3637,3881,8652,11070,10173,14533,13149,20239,19316,23200,39675,44039,32413,41802,10628,20209,757,942,1949,3279,2566,5206,3590,7666,5227,7107,5117,5087,9805,13298,10092,19106,190507,87097,27789,12569,98303,1102,22,8,6
2021-05-02T23:59:59+02:00,9,4,3634,3879,8634,11063,10164,14525,13128,20227,19299,23191,39674,44038,32412,41801,10627,20209,753,925,1919,3198,2520,5111,3543,7541,5207,7041,5113,5084,9804,13294,10092,19104,190420,87080,27776,12538,98296,609,18,8,6
2021-05-01T23:59:59+02:00,9,4,3632,3872,8622,11050,10156,14516,13121,20225,19288,23182,39674,44036,32412,41801,10627,20209,752,925,1918,3198,2520,5111,3543,7541,5207,7041,5113,5084,9804,13294,10091,19104,190340,87079,27775,12537,98296,609,17,8,6
2021-04-30T23:59:59+02:00,9,3,3609,3849,8576,11014,10113,14476,13060,20186,19185,23031,39407,43713,32391,41781,10626,20209,749,921,1905,3189,2519,5102,3540,7534,5205,7034,5110,5081,9800,13293,10091,19104,189416,87053,27506,12534,98291,569,17,8,6
2021-04-29T23:59:59+02:00,9,3,3343,3676,8143,10741,9565,14191,12568,19824,18450,22305,36350,40265,32131,41413,10614,20171,736,907,1857,3128,2470,5036,3474,7392,5113,6935,5073,5048,9778,13251,10089,19098,183883,86852,21670,12378,98185,135,16,8,6
2021-04-28T23:59:59+02:00,9,3,3182,3609,7879,10631,9165,14018,12193,19587,17965,21870,32561,35949,31913,41112,10601,20149,720,891,1831,3089,2425,4987,3437,7335,5048,6873,5012,4989,9726,13193,10086,19089,172722,86645,21518,11947,98138,124,11,7,6
2021-04-27T23:59:59+02:00,8,3,3101,3543,7619,10499,8813,13845,11707,19361,17487,21382,27001,29758,31536,40605,10580,20117,710,877,1799,3052,2390,4941,3384,7276,4992,6797,4961,4921,9691,13142,10083,19080,157381,86437,21496,11524,98070,121,11,7,5
2021-04-26T23:59:59+02:00,8,3,3048,3509,7478,10434,8647,13786,11477,19293,16964,20995,26968,29726,31522,40590,10580,20117,687,846,1731,2992,2324,4885,3318,7187,4900,6695,4864,4846,9609,13059,10081,19077,156804,86311,21278,10655,97045,121,11,7,5
2021-04-25T23:59:59+02:00,8,3,3010,3492,7316,10382,8409,13736,11145,19249,16142,20524,25413,28069,31467,40527,10580,20114,687,844,1724,2987,2317,4882,3312,7179,4896,6686,4861,4841,9601,13047,10081,19077,156319,86287,21268,10617,91981,104,11,7,5
2021-04-24T23:59:59+02:00,8,3,3006,3486,7300,10369,8398,13728,11131,19240,16125,20506,25370,28006,31464,40521,10579,20113,687,844,1724,2986,2317,4882,3311,7179,4896,6686,4861,4840,9599,13046,10081,19077,156117,86281,21264,10617,91954,104,11,7,5
2021-04-23T23:59:59+02:00,8,3,2988,3468,7258,10326,8354,13683,11065,19180,16065,20442,24947,27502,31431,40465,10576,20110,679,837,1706,2977,2301,4853,3259,7142,4798,6591,4724,4717,9433,12849,10075,19062,154929,85995,21124,9890,91800,104,11,7,5
2021-04-22T23:59:59+02:00,7,3,2909,3386,7066,10143,7812,13275,9857,18387,14513,19401,22933,25071,31220,40196,10557,20082,614,786,1592,2865,2177,4689,3099,6971,4614,6391,4569,4543,8923,12197,10039,18983,150131,84088,15830,8865,90839,85,11,7,5
2021-04-21T23:59:59+02:00,7,3,2856,3338,6944,10055,7603,13121,9491,18147,14042,18955,20430,21934,30923,39810,10540,20056,565,762,1513,2787,2091,4598,2973,6828,4454,6227,4383,4364,8356,11441,9996,18894,143138,82307,15067,7834,90032,77,11,7,5
2021-04-20T23:59:59+02:00,7,3,2816,3299,6838,9966,7465,13012,9240,17929,13551,18565,17044,17874,30610,39335,10523,20020,535,728,1440,2724,2004,4519,2873,6711,4318,6066,4198,4170,7498,10238,9928,18742,134294,79404,14822,7202,88963,72,11,7,5
2021-04-19T23:59:59+02:00,7,3,2802,3292,6791,9925,7413,12977,9164,17855,13414,18450,16711,17493,30578,39302,10522,20016,476,688,1322,2629,1905,4422,2741,6553,4121,5874,3945,3869,5676,7823,9714,18347,133985,73604,14627,6420,88085,67,11,7,5
2021-04-18T23:59:59+02:00,7,3,2786,3279,6716,9899,7307,12929,8968,17788,12580,18322,15302,16087,30510,39241,10519,20009,471,683,1313,2621,1890,4411,2708,6524,4061,5825,3869,3799,5267,7201,9669,18264,133771,72124,14485,6375,83978,63,11,7,5
2021-04-17T23:59:59+02:00,7,3,2776,3275,6699,9876,7277,12908,8936,17749,12548,18302,15249,16037,30456,39169,10518,20009,471,681,1313,2620,1889,4407,2704,6519,4058,5821,3868,3797,5262,7200,9668,18263,133416,72089,14484,6375,83876,63,11,7,5
2021-04-16T23:59:59+02:00,7,3,2763,3261,6665,9861,7226,12869,8862,17697,12440,18200,15004,15760,29938,38523,10515,20002,471,679,1307,2615,1880,4405,2699,6513,4050,5813,3863,3791,5245,7170,9668,18261,131897,71992,14477,6364,83204,60,11,7,5
2021-04-15T23:59:59+02:00,7,3,2712,3204,6532,9760,7038,12691,8520,17425,11966,17735,13948,14544,27826,35718,10499,19979,462,673,1302,2590,1865,4382,2676,6485,4007,5760,3808,3716,5214,7119,9660,18249,125985,71678,14201,6228,79904,49,10,7,5
2021-04-14T23:59:59+02:00,6,1,2656,3155,6438,9665,6894,12530,8249,17158,11537,17274,12770,13163,23121,29642,10481,19925,459,668,1289,2581,1853,4365,2654,6460,3964,5723,3761,3665,5154,7065,9632,18212,113621,71388,14168,6077,76860,27,10,6,5
2021-04-13T23:59:59+02:00,6,1,2604,3121,6310,9579,6743,12399,7971,16909,11114,16854,10110,10243,20052,25482,10459,19883,443,643,1241,2538,1800,4303,2546,6358,3785,5562,3548,3481,5008,6929,9623,18190,105221,71046,13975,4916,70628,23,10,6,5
2021-04-12T23:59:59+02:00,6,1,2583,3107,6250,9551,6637,12312,7779,16781,10867,16647,8747,8755,19232,24511,10458,19874,437,634,1222,2523,1784,4282,2513,6317,3732,5510,3487,3432,4973,6888,9618,18168,105102,70910,13921,4579,65059,18,10,6,5
2021-04-11T23:59:59+02:00,6,1,2555,3099,6154,9524,6522,12275,7614,16731,10668,16542,7479,7479,17507,22536,10456,19871,437,634,1221,2521,1784,4281,2513,6317,3730,5505,3483,3431,4967,6886,9618,18168,105035,70900,13915,4569,58053,14,10,6,5
2021-04-10T23:59:59+02:00,6,1,2554,3097,6144,9519,6513,12270,7609,16726,10661,16533,7471,7467,17498,22530,10456,19871,436,631,1219,2518,1783,4279,2511,6312,3727,5504,3474,3417,4959,6872,9618,18168,104953,70840,13914,4562,58044,14,9,6,5
2021-04-09T23:59:59+02:00,6,1,2492,2999,6009,9309,6356,12008,7351,16318,10348,16034,7314,7262,17382,22350,10455,19869,431,626,1201,2506,1756,4264,2480,6263,3649,5425,3362,3307,4821,6783,9613,18165,104484,70758,13884,3870,55480,12,9,6,5
2021-04-08T23:59:59+02:00,6,1,2413,2927,5913,9190,6253,11880,7180,16132,10092,15846,7120,7003,16123,20890,10444,19839,424,621,1189,2474,1731,4228,2453,6190,3597,5359,3290,3262,4742,6678,9591,18120,100836,70318,13529,3608,54872,11,9,6,5
2021-04-07T23:59:59+02:00,6,1,2386,2891,5840,9119,6166,11806,7047,16033,9850,15695,6824,6675,13811,17942,10423,19792,419,620,1179,2461,1718,4205,2439,6151,3531,5300,3219,3210,4687,6619,9584,18092,94686,70045,13368,3367,54238,10,9,6,5
2021-04-06T23:59:59+02:00,6,1,2369,2858,5744,9053,6075,11727,6894,15920,9610,15512,6468,6313,11717,15342,10396,19733,416,613,1172,2436,1706,4182,2413,6113,3467,5235,3135,3160,4642,6565,9579,18076,89663,69803,13068,3087,52994,10,7,6,5
2021-04-05T23:59:59+02:00,6,1,2361,2849,5726,9036,6063,11708,6881,15901,9590,15487,6344,6215,10436,14055,10396,19732,412,605,1168,2421,1700,4166,2397,6083,3434,5194,3105,3123,4621,6519,9573,18060,89584,69613,13032,2950,50159,9,6,6,5
2021-04-04T23:59:59+02:00,6,1,2361,2849,5723,9033,6061,11708,6879,15901,9588,15486,6339,6211,10436,14053,10396,19732,412,604,1168,2420,1700,4166,2396,6083,3434,5194,3105,3123,4619,6519,9573,18060,89575,69609,13030,2949,50146,9,6,6,5
2021-04-03T23:59:59+02:00,6,1,2359,2841,5715,9026,6056,11704,6876,15897,9585,15484,6336,6206,10430,14050,10396,19732,412,604,1168,2420,1700,4166,2396,6083,3434,5193,3105,3123,4619,6519,9573,18060,89518,69608,13029,2949,50141,9,6,6,5
2021-04-02T23:59:59+02:00,6,1,2358,2839,5709,9019,6054,11701,6872,15896,9581,15482,6332,6200,10416,14021,10395,19731,410,602,1167,2420,1699,4165,2395,6083,3433,5186,3079,3106,4609,6510,9573,18060,89435,69531,13026,2948,50140,9,6,6,5
2021-04-01T23:59:59+02:00,6,1,2337,2836,5679,8990,6011,11659,6829,15841,9526,15426,6239,6102,10121,13675,10372,19683,408,587,1164,2414,1692,4154,2379,6066,3407,5165,3017,3059,4550,6438,9498,17948,88448,68984,13005,2945,49869,9,5,6,5
2021-03-31T23:59:59+02:00,6,1,2303,2809,5604,8925,5943,11566,6726,15729,9393,15291,6094,5960,9571,12937,10330,19593,403,581,1158,2403,1685,4138,2373,6054,3387,5131,2985,3026,4503,6379,9442,17847,86477,68537,12792,2943,49502,9,4,6,4
2021-03-30T23:59:59+02:00,6,1,2283,2793,5558,8867,5880,11491,6655,15632,9295,15148,5909,5746,8668,11601,10255,19411,401,579,1155,2399,1672,4121,2355,6032,3353,5087,2928,2958,4416,6280,9312,17608,83413,67837,12411,2805,49366,9,4,5,3
2021-03-29T23:59:59+02:00,5,1,2216,2739,5455,8756,5772,11342,6487,15401,9065,14893,5551,5371,6729,9067,10035,18991,394,575,1144,2388,1659,4109,2330,6006,3324,5030,2858,2893,4299,6176,9111,17279,77326,66891,11601,2670,48940,9,4,5,3
2021-03-28T23:59:59+02:00,5,1,2195,2726,5412,8697,5696,11264,6400,15315,8947,14774,5427,5219,6089,8138,9969,18875,385,569,1129,2372,1634,4082,2283,5945,3268,4938,2773,2814,4183,6031,9039,17143,75035,66432,11343,2145,48762,6,4,5,3
2021-03-27T23:59:59+01:00,5,1,2195,2721,5401,8691,5692,11249,6385,15293,8936,14761,5399,5192,6079,8135,9969,18874,385,569,1127,2371,1633,4077,2279,5942,3259,4931,2768,2811,4167,6006,8959,16996,74929,66125,11343,2144,48697,6,4,5,3
2021-03-26T23:59:59+01:00,5,1,2179,2701,5364,8653,5653,11200,6306,15223,8787,14612,5237,5043,5910,7956,9967,18866,381,561,1121,2358,1617,4048,2251,5906,3225,4877,2707,2748,3984,5751,8254,15821,74585,63493,10512,2106,48557,6,4,5,3
2021-03-25T23:59:59+01:00,5,0,2062,2620,5188,8437,5451,10924,6099,14924,8547,14324,5077,4889,5814,7837,9964,18858,372,547,1100,2333,1593,4020,2205,5849,3152,4801,2609,2646,3613,5259,7124,14090,74129,59416,9565,1887,47318,6,3,5,3
2021-03-24T23:59:59+01:00,5,0,1976,2572,5040,8277,5291,10731,5936,14686,8345,14092,4937,4730,5700,7720,9958,18849,368,536,1087,2305,1560,3965,2146,5784,3064,4700,2476,2532,3190,4642,5726,11871,73755,54401,8403,1541,46679,6,3,5,3
2021-03-23T23:59:59+01:00,5,0,1900,2520,4929,8155,5192,10589,5815,14493,8230,13925,4855,4644,5634,7661,9950,18831,357,511,1067,2270,1527,3907,2102,5695,2982,4609,2387,2437,2740,4010,3839,8662,73363,47701,7657,1393,46300,4,3,5,3
2021-03-22T23:59:59+01:00,5,0,1835,2461,4795,8019,5059,10415,5656,14260,8038,13712,4751,4532,5565,7552,9936,18787,331,494,1038,2233,1482,3834,2037,5586,2880,4458,2274,2285,2225,3332,1338,4556,72871,39216,6619,1160,45880,2,3,5,3
2021-03-21T23:59:59+01:00,5,0,1834,2455,4783,8004,5045,10405,5641,14243,8008,13688,4728,4517,5549,7540,9932,18787,330,494,1032,2219,1473,3805,2019,5548,2854,4408,2233,2237,2183,3291,1321,4511,72848,39076,6569,876,45740,2,2,5,3
2021-03-20T23:59:59+01:00,5,0,1834,2455,4782,8003,5044,10403,5640,14242,8001,13682,4727,4516,5541,7532,9932,18787,330,494,1032,2219,1473,3805,2019,5548,2853,4407,2232,2234,2183,3291,1321,4511,72837,39074,6569,872,45713,2,2,5,3
2021-03-19T23:59:59+01:00,5,0,1781,2207,4267,6711,4636,9421,5370,13685,7777,13279,4603,4419,5471,7466,9932,18787,329,494,1032,2219,1473,3804,2019,5547,2852,4407,2230,2233,2178,3285,1320,4509,72779,39059,6559,866,40472,2,2,5,3
2021-03-18T23:59:59+01:00,5,0,1726,1956,3850,5650,4106,8042,4553,11149,6421,9948,4237,4120,5269,7246,9911,18747,328,491,1025,2206,1466,3779,1993,5508,2827,4383,2209,2218,2153,3256,1315,4500,72349,38867,6497,784,28083,2,2,5,3
2021-03-17T23:59:59+01:00,5,0,1720,1948,3840,5624,4089,8012,4529,11085,6371,9876,4200,4073,5230,7202,9905,18724,325,490,1021,2198,1460,3770,1986,5493,2817,4357,2182,2191,2133,3241,1308,4486,72093,38717,6438,735,27895,2,2,5,3
2021-03-16T23:59:59+01:00,5,0,1698,1914,3781,5543,4018,7906,4400,10924,6166,9676,3977,3885,5090,7043,9899,18703,323,486,1020,2179,1455,3757,1977,5479,2808,4338,2174,2177,2121,3213,1300,4457,71783,38552,5163,706,27675,2,2,5,3
2021-03-15T23:59:59+01:00,5,0,1688,1894,3756,5509,3993,7869,4349,10855,6087,9592,3895,3818,5037,6983,9893,18678,320,482,1011,2162,1447,3751,1961,5443,2790,4310,2159,2145,2096,3152,1292,4419,71560,38334,4805,602,27531,2,0,5,3
2021-03-14T23:59:59+01:00,5,0,1682,1884,3748,5499,3988,7853,4340,10824,6079,9570,3888,3809,5032,6975,9892,18676,319,482,1009,2162,1443,3748,1958,5441,2772,4304,2153,2143,2085,3142,1288,4417,71528,38326,4789,537,27422,1,0,5,3
2021-03-13T23:59:59+01:00,5,0,1679,1879,3735,5477,3981,7844,4320,10813,6065,9555,3885,3806,5029,6972,9892,18676,319,482,1009,2162,1443,3748,1958,5440,2772,4303,2152,2142,2085,3140,1280,4412,71504,38307,4784,537,27320,1,0,5,3
2021-03-12T23:59:59+01:00,4,0,1640,1822,3221,5331,3466,7730,4186,10687,5840,9266,3720,3660,4888,6864,9867,18629,314,460,1005,2132,1435,3724,1939,5369,2719,4218,1973,1987,2025,3090,1273,4406,71293,37538,4065,529,25458,0,0,5,3
2021-03-11T23:59:59+01:00,4,0,1532,1686,2839,5070,3029,7475,3906,10274,5214,8374,3496,3484,4782,6747,9829,18579,313,460,1002,2119,1432,3704,1932,5350,2710,4201,1967,1979,2011,3073,1268,4388,70730,37417,3803,490,21782,0,0,5,3
2021-03-10T23:59:59+01:00,4,0,1502,1655,2800,5025,2994,7416,3851,10188,5106,8257,3370,3380,4667,6633,9786,18512,311,459,1000,2116,1430,3693,1928,5337,2698,4181,1950,1972,1986,3041,1257,4374,70323,37336,3473,395,21345,0,0,5,3
2021-03-09T23:59:59+01:00,4,0,1493,1639,2768,5000,2973,7372,3813,10128,5028,8177,3273,3297,4587,6544,9680,18302,308,458,997,2110,1423,3681,1902,5315,2656,4151,1909,1947,1936,3013,1245,4365,69732,37308,3206,106,21135,0,0,5,3
2021-03-08T23:59:59+01:00,4,0,1478,1626,2738,4974,2947,7342,3790,10080,5004,8115,3232,3257,4514,6480,9506,18003,308,458,995,2106,1415,3665,1885,5282,2637,4124,1891,1928,1911,2990,1239,4346,68945,37162,3197,16,20943,0,0,5,3
2021-03-07T23:59:59+01:00,4,0,1465,1616,2708,4929,2913,7294,3757,10018,4962,8055,3197,3224,4449,6380,9430,17859,308,457,995,2105,1414,3660,1882,5272,2636,4119,1887,1925,1907,2986,1236,4338,68410,37111,3144,14,20701,0,0,5,3
2021-03-06T23:59:59+01:00,4,0,1464,1614,2702,4918,2910,7285,3749,10011,4944,8039,3187,3214,4426,6341,9342,17690,308,457,993,2102,1414,3658,1876,5263,2634,4117,1882,1917,1901,2984,1235,4335,68020,37061,3144,14,20671,0,0,5,2
2021-03-05T23:59:59+01:00,4,0,1391,1535,2604,4756,2853,7128,3664,9804,4843,7843,3137,3155,4210,6055,8638,16503,308,457,991,2100,1409,3653,1874,5262,2630,4110,1873,1913,1896,2981,1230,4332,65379,37004,3141,14,19598,0,0,5,2
2021-03-04T23:59:59+01:00,4,0,1218,1431,2434,4556,2682,6859,3496,9459,4585,7502,3021,3032,3849,5598,7476,14689,307,449,982,2077,1393,3613,1846,5210,2602,4064,1845,1888,1863,2926,1203,4286,61189,36539,3138,14,17559,0,0,5,2
2021-03-03T23:59:59+01:00,4,0,1185,1378,2356,4448,2622,6736,3409,9294,4488,7357,2936,2962,3478,4999,6093,12509,303,440,971,2054,1381,3585,1832,5160,2548,4010,1798,1853,1839,2897,1188,4258,56154,36102,3112,14,16984,0,0,4,2
2021-03-02T23:59:59+01:00,4,0,1151,1342,2296,4392,2571,6645,3329,9172,4351,7208,2822,2835,2996,4334,4099,9157,298,431,966,2029,1368,3541,1819,5105,2516,3985,1788,1839,1820,2871,1177,4231,49131,35769,2864,14,16706,0,0,3,2
2021-03-01T23:59:59+01:00,4,0,1092,1312,2235,4330,2499,6558,3235,9046,4209,7020,2691,2698,2429,3594,1394,4714,297,428,958,2016,1356,3522,1811,5089,2505,3969,1772,1829,1803,2852,1165,4203,40108,35563,2478,11,16471,0,0,3,2
2021-02-28T23:59:59+01:00,4,0,1058,1298,2193,4293,2469,6515,3187,8989,4147,6961,2624,2652,2381,3563,1386,4694,297,427,956,2011,1354,3509,1808,5075,2499,3961,1765,1818,1790,2841,1158,4188,40012,35445,2186,11,16213,0,0,3,2
2021-02-27T23:59:59+01:00,4,0,1016,1215,2128,4050,2411,6281,3123,8691,4056,6706,2569,2595,2361,3539,1383,4694,297,427,955,2011,1354,3509,1808,5074,2498,3961,1765,1817,1788,2841,1158,4188,39906,35439,2185,11,14728,0,0,3,2
2021-02-26T23:59:59+01:00,3,0,849,961,1926,3658,2249,5615,2906,7770,3745,5912,2520,2542,2343,3525,1380,4692,297,427,955,2008,1352,3507,1806,5073,2496,3960,1765,1814,1781,2840,1156,4181,39891,35406,2098,11,10604,0,0,3,2
2021-02-25T23:59:59+01:00,3,0,506,804,1646,3459,2066,5311,2710,7375,3519,5610,2439,2466,2303,3464,1376,4678,287,406,930,1958,1322,3438,1776,4992,2467,3896,1740,1787,1743,2797,1129,4141,39696,34798,1842,10,8194,0,0,3,2
2021-02-24T23:59:59+01:00,3,0,486,786,1611,3362,2004,5181,2650,7192,3453,5468,2374,2419,2268,3435,1367,4645,278,402,915,1925,1308,3384,1763,4932,2443,3851,1729,1769,1734,2778,1117,4114,39509,34439,1673,2,7519,0,0,3,2
2021-02-23T23:59:59+01:00,3,0,467,750,1550,3260,1949,5041,2572,7060,3367,5363,2314,2360,2233,3379,1352,4614,277,398,910,1910,1302,3355,1754,4901,2422,3819,1709,1749,1714,2743,1102,4061,39363,34123,1402,2,6866,0,0,3,2
2021-02-22T23:59:59+01:00,2,0,451,719,1495,3160,1910,4902,2514,6842,3306,5219,2306,2264,2218,3300,1348,4569,276,395,906,1899,1294,3328,1737,4865,2408,3789,1690,1730,1688,2715,1087,4016,39152,33822,1139,0,6231,0,0,3,2
2021-02-21T23:59:59+01:00,2,0,443,681,1437,3018,1863,4752,2461,6683,3223,5115,2270,2231,2191,3280,1338,4564,276,394,903,1891,1293,3319,1733,4855,2404,3780,1688,1727,1687,2713,1087,4015,39111,33764,906,0,5532,0,0,3,2
2021-02-20T23:59:59+01:00,2,0,439,676,1429,3014,1857,4752,2458,6680,3219,5111,2267,2230,2191,3279,1337,4564,276,394,903,1890,1293,3318,1733,4855,2403,3779,1687,1726,1684,2713,1086,4013,39107,33752,902,0,5493,0,0,3,2
2021-02-19T23:59:59+01:00,1,0,418,639,1400,2952,1830,4698,2417,6580,3132,4993,2087,2068,2128,3230,1332,4558,274,393,901,1888,1292,3317,1733,4850,2400,3778,1685,1724,1682,2712,1086,4012,38355,33727,883,0,5222,0,0,3,1
2021-02-18T23:59:59+01:00,1,0,393,583,1295,2709,1726,4454,2279,6318,3030,4811,2058,2052,2112,3213,1327,4550,274,387,893,1855,1283,3278,1715,4802,2381,3742,1673,1713,1665,2700,1074,3994,38281,33429,810,0,3817,0,0,3,1
2021-02-17T23:59:59+01:00,1,0,378,552,1256,2579,1671,4279,2209,6075,2971,4662,2039,2033,2089,3193,1312,4541,265,370,858,1770,1240,3149,1654,4643,2307,3606,1597,1644,1591,2590,1025,3878,38125,32187,759,0,2953,0,0,3,1
2021-02-16T23:59:59+01:00,1,0,360,522,1202,2459,1621,4143,2130,5890,2890,4526,2030,2029,2081,3187,1307,4530,257,353,838,1690,1185,3013,1593,4439,2235,3432,1547,1591,1531,2490,998,3750,38067,30942,729,0,2109,0,0,3,1
2021-02-15T23:59:59+01:00,1,0,350,500,1129,2315,1576,4070,2098,5837,2862,4485,2011,2013,2060,3157,1300,4510,250,335,815,1645,1153,2938,1537,4306,2164,3314,1472,1528,1477,2383,956,3573,37962,29846,619,0,1690,0,0,3,1
2021-02-14T23:59:59+01:00,1,0,342,495,1106,2259,1513,3906,2056,5745,2831,4446,2005,2011,2049,3148,1298,4503,243,330,797,1618,1137,2899,1495,4254,2126,3284,1456,1507,1453,2347,941,3531,37944,29418,554,0,1213,0,0,3,1
2021-02-13T23:59:59+01:00,1,0,342,495,1105,2259,1513,3905,2054,5744,2831,4446,2004,2009,2048,3148,1297,4500,243,330,797,1618,1137,2899,1494,4253,2126,3284,1454,1504,1452,2346,941,3530,37933,29408,554,0,1212,0,0,2,1
2021-02-12T23:59:59+01:00,1,0,338,492,1088,2250,1508,3891,2049,5735,2828,4440,1990,1999,2042,3135,1292,4497,242,329,791,1613,1131,2890,1477,4234,2107,3271,1441,1488,1437,2315,934,3497,37866,29197,546,0,1161,0,0,2,1
2021-02-11T23:59:59+01:00,1,0,318,469,1024,2152,1454,3764,1955,5471,2743,4321,1960,1966,2002,3070,1267,4441,222,303,742,1509,1051,2666,1353,3877,1923,2965,1255,1281,1269,2040,828,3147,37478,26431,509,0,389,0,0,2,1
2021-02-10T23:59:59+01:00,1,0,312,460,1001,2112,1416,3685,1901,5309,2648,4139,1891,1916,1960,3032,1249,4415,198,258,649,1321,925,2285,1165,3277,1684,2550,1097,1108,1124,1796,721,2807,37070,22965,374,0,1,0,0,2,1
2021-02-09T23:59:59+01:00,1,0,306,450,993,2080,1400,3633,1858,5242,2581,4083,1835,1880,1892,2979,1228,4394,165,199,551,1062,778,1842,960,2671,1421,2138,951,949,936,1517,605,2394,36771,19139,61,0,1,0,0,2,1
2021-02-08T23:59:59+01:00,1,0,305,448,990,2073,1390,3617,1850,5219,2563,4067,1821,1868,1874,2961,1221,4369,114,164,451,850,615,1428,762,2021,1145,1657,765,774,746,1199,482,1945,36617,15118,17,0,1,0,0,2,1
2021-02-07T23:59:59+01:00,1,0,305,448,989,2072,1389,3610,1847,5216,2556,4064,1815,1859,1858,2954,1217,4363,105,145,401,704,541,1255,683,1806,1049,1511,692,695,671,1080,418,1729,36547,13485,14,0,0,0,0,2,1
2021-02-06T23:59:59+01:00,1,0,305,448,988,2071,1389,3607,1847,5214,2556,4061,1815,1858,1853,2952,1214,4361,105,144,396,701,536,1231,667,1787,1038,1489,689,691,666,1076,417,1725,36524,13359,14,0,0,0,0,2,0
2021-02-05T23:59:59+01:00,1,0,305,447,986,2068,1385,3598,1843,5200,2550,4055,1814,1857,1845,2944,1205,4348,101,137,381,683,519,1202,635,1735,990,1426,652,641,621,1002,391,1637,36435,12754,14,0,0,0,0,2,0
2021-02-04T23:59:59+01:00,1,0,298,430,975,2036,1366,3545,1824,5123,2534,4007,1798,1837,1820,2909,1188,4317,76,106,282,461,358,810,451,1174,679,967,504,467,480,792,305,1306,35992,9219,14,0,0,0,0,2,0
2021-02-03T23:59:59+01:00,1,0,294,421,957,2009,1350,3507,1811,5074,2500,3964,1778,1814,1804,2885,1175,4303,60,82,236,395,289,631,345,918,519,721,338,323,345,565,218,953,35631,6939,14,0,0,0,0,2,0
2021-02-02T23:59:59+01:00,1,0,290,414,951,1981,1342,3475,1800,5028,2477,3929,1760,1798,1778,2844,1154,4256,39,63,181,312,242,483,263,735,375,554,234,206,220,374,150,621,35262,5052,14,0,0,0,0,2,0
2021-02-01T23:59:59+01:00,1,0,289,412,946,1974,1339,3459,1792,5008,2469,3911,1753,1787,1763,2829,1148,4243,19,39,134,227,167,308,169,489,236,320,119,105,96,184,69,277,35107,2958,14,0,0,0,0,2,0
2021-01-31T23:59:59+01:00,1,0,288,411,944,1966,1336,3450,1789,4989,2465,3896,1749,1779,1759,2822,1146,4234,18,34,116,199,150,267,152,409,200,276,100,91,88,157,61,243,35008,2561,14,0,0,0,0,2,0
2021-01-30T23:59:59+01:00,1,0,288,411,944,1966,1336,3450,1789,4989,2465,3896,1748,1779,1759,2821,1146,4233,18,34,115,199,150,265,149,407,199,275,99,90,88,157,61,243,35005,2549,14,0,0,0,0,2,0
2021-01-29T23:59:59+01:00,1,0,286,408,942,1964,1335,3442,1783,4980,2462,3893,1742,1772,1750,2811,1139,4212,16,33,114,190,141,257,137,379,168,248,72,66,79,136,56,211,34907,2303,14,0,0,0,0,1,0
2021-01-28T23:59:59+01:00,1,0,281,400,924,1908,1311,3378,1758,4918,2434,3831,1720,1752,1719,2780,1121,4177,0,0,9,19,8,17,11,46,7,21,7,3,7,9,2,13,34399,179,13,0,0,0,0,1,0
2021-01-27T23:59:59+01:00,1,0,276,382,891,1828,1277,3264,1696,4795,2374,3731,1664,1704,1675,2714,1085,4095,0,0,4,6,5,11,7,20,3,12,6,3,7,9,2,12,33442,107,9,0,0,0,0,1,0
2021-01-26T23:59:59+01:00,1,0,270,373,882,1815,1263,3226,1679,4738,2344,3668,1633,1672,1638,2644,1068,4013,0,0,4,6,5,11,7,20,3,12,6,3,7,9,2,12,32919,107,7,0,0,0,0,1,0
2021-01-25T23:59:59+01:00,1,0,259,349,840,1697,1193,3062,1589,4467,2240,3459,1574,1619,1585,2560,1022,3845,0,0,1,3,1,3,4,3,3,5,6,3,6,8,2,12,31358,60,2,0,0,0,0,1,0
2021-01-24T23:59:59+01:00,1,0,256,346,829,1678,1183,3040,1558,4434,2214,3438,1563,1611,1575,2549,1017,3838,0,0,1,2,1,3,4,3,3,5,6,3,6,8,2,12,31127,59,2,0,0,0,0,1,0
2021-01-23T23:59:59+01:00,1,0,256,346,829,1678,1182,3039,1558,4430,2213,3437,1562,1611,1574,2548,1016,3833,0,0,1,2,1,3,4,3,3,5,6,3,6,8,2,12,31110,59,2,0,0,0,0,1,0
2021-01-22T23:59:59+01:00,1,0,255,344,823,1675,1178,3034,1555,4423,2201,3432,1550,1600,1568,2529,1011,3814,0,0,1,2,1,3,4,3,3,5,6,3,6,8,2,12,30990,59,2,0,0,0,0,1,0
2021-01-21T23:59:59+01:00,1,0,244,334,795,1609,1153,2907,1499,4263,2121,3297,1452,1497,1436,2366,932,3633,0,0,1,2,1,3,4,2,3,5,4,2,5,8,1,12,29536,53,2,0,0,0,0,1,0
2021-01-20T23:59:59+01:00,1,0,221,290,722,1453,1063,2593,1364,3803,1948,2944,1331,1352,1316,2172,861,3413,0,0,1,2,1,3,4,2,3,5,4,2,5,8,1,12,26844,53,2,0,0,0,0,1,0
2021-01-19T23:59:59+01:00,1,0,190,234,624,1206,918,2147,1144,3188,1667,2514,1151,1154,1090,1836,716,2900,0,0,1,1,1,2,4,1,2,5,4,2,5,8,1,12,22677,49,2,0,0,0,0,1,0
2021-01-18T23:59:59+01:00,1,0,132,185,490,945,709,1633,877,2319,1297,1903,901,923,871,1455,560,2311,0,0,0,0,0,0,0,0,1,2,2,1,0,0,0,0,17510,6,1,0,0,0,0,1,0
2021-01-17T23:59:59+01:00,1,0,119,159,430,774,624,1413,776,2066,1185,1714,837,844,791,1319,501,2105,0,0,0,0,0,0,0,0,0,1,0,0,0,0,0,0,15657,1,0,0,0,0,0,1,0
2021-01-16T23:59:59+01:00,1,0,119,158,426,773,622,1405,766,2062,1177,1707,835,839,786,1308,493,2090,0,0,0,0,0,0,0,0,0,0,0,0,0,0,0,0,15567,0,0,0,0,0,0,0,0
2021-01-15T23:59:59+01:00,1,0,109,152,414,753,596,1367,734,1984,1116,1626,791,787,743,1223,463,1976,0,0,0,0,0,0,0,0,0,0,0,0,0,0,0,0,14835,0,0,0,0,0,0,0,0
2021-01-14T23:59:59+01:00,1,0,75,112,297,486,395,882,506,1277,761,1065,577,545,541,902,353,1501,0,0,0,0,0,0,0,0,0,0,0,0,0,0,0,0,10276,0,0,0,0,0,0,0,0
2021-01-13T23:59:59+01:00,1,0,58,85,245,409,319,665,377,977,556,758,363,343,361,613,246,1037,0,0,0,0,0,0,0,0,0,0,0,0,0,0,0,0,7413,0,0,0,0,0,0,0,0
2021-01-12T23:59:59+01:00,0,0,47,69,200,351,257,540,277,803,405,593,243,217,226,405,166,691,0,0,0,0,0,0,0,0,0,0,0,0,0,0,0,0,5490,0,0,0,0,0,0,0,0
2021-01-11T23:59:59+01:00,0,0,32,50,174,303,210,439,217,646,297,419,149,126,128,248,88,397,0,0,0,0,0,0,0,0,0,0,0,0,0,0,0,0,3923,0,0,0,0,0,0,0,0
2021-01-10T23:59:59+01:00,0,0,24,41,152,254,180,362,178,535,248,358,128,106,113,204,77,320,0,0,0,0,0,0,0,0,0,0,0,0,0,0,0,0,3280,0,0,0,0,0,0,0,0
2021-01-09T23:59:59+01:00,0,0,24,41,151,252,179,360,177,530,247,357,127,105,113,204,77,320,0,0,0,0,0,0,0,0,0,0,0,0,0,0,0,0,3264,0,0,0,0,0,0,0,0
2021-01-08T23:59:59+01:00,0,0,22,40,149,243,171,350,164,499,218,331,103,89,108,189,71,298,0,0,0,0,0,0,0,0,0,0,0,0,0,0,0,0,3045,0,0,0,0,0,0,0,0
2021-01-07T23:59:59+01:00,0,0,1,0,4,9,8,13,10,6,16,11,10,9,14,21,2,32,0,0,0,0,0,0,0,0,0,0,0,0,0,0,0,0,166,0,0,0,0,0,0,0,0
2021-01-06T23:59:59+01:00,0,0,0,0,1,3,1,5,5,2,3,6,6,2,7,10,1,14,0,0,0,0,0,0,0,0,0,0,0,0,0,0,0,0,66,0,0,0,0,0,0,0,0
2021-01-05T23:59:59+01:00,0,0,0,0,1,3,1,5,5,2,3,5,6,2,6,9,1,13,0,0,0,0,0,0,0,0,0,0,0,0,0,0,0,0,62,0,0,0,0,0,0,0,0
2021-01-04T23:59:59+01:00,0,0,0,0,1,3,1,4,4,2,3,5,6,2,5,8,1,13,0,0,0,0,0,0,0,0,0,0,0,0,0,0,0,0,58,0,0,0,0,0,0,0,0
2021-01-03T23:59:59+01:00,0,0,0,0,1,2,1,4,4,2,3,5,5,2,5,8,1,13,0,0,0,0,0,0,0,0,0,0,0,0,0,0,0,0,56,0,0,0,0,0,0,0,0
2021-01-02T23:59:59+01:00,0,0,0,0,1,2,1,4,4,2,3,5,5,2,5,8,1,13,0,0,0,0,0,0,0,0,0,0,0,0,0,0,0,0,56,0,0,0,0,0,0,0,0
2021-01-01T23:59:59+01:00,0,0,0,0,1,2,1,3,4,2,3,5,5,2,5,8,1,13,0,0,0,0,0,0,0,0,0,0,0,0,0,0,0,0,55,0,0,0,0,0,0,0,0
2020-12-31T23:59:59+01:00,0,0,0,0,1,2,1,3,4,2,3,5,5,2,5,8,1,13,0,0,0,0,0,0,0,0,0,0,0,0,0,0,0,0,55,0,0,0,0,0,0,0,0
2020-12-30T23:59:59+01:00,0,0,0,0,1,2,1,3,4,2,3,5,5,2,5,8,1,13,0,0,0,0,0,0,0,0,0,0,0,0,0,0,0,0,55,0,0,0,0,0,0,0,0
2020-12-29T23:59:59+01:00,0,0,0,0,1,1,1,2,4,1,2,5,5,2,5,8,1,13,0,0,0,0,0,0,0,0,0,0,0,0,0,0,0,0,51,0,0,0,0,0,0,0,0
2020-12-28T23:59:59+01:00,0,0,0,0,1,1,1,1,2,0,1,5,4,1,1,0,0,2,0,0,0,0,0,0,0,0,0,0,0,0,0,0,0,0,20,0,0,0,0,0,0,0,0
2020-12-27T23:59:59+01:00,0,0,0,0,1,1,1,1,2,0,0,3,2,0,1,0,0,2,0,0,0,0,0,0,0,0,0,0,0,0,0,0,0,0,14,0,0,0,0,0,0,0,0
