Datum,<24_1_m,<24_1_w,25-34_1_m,25-34_1_w,35-44_1_m,35-44_1_w,45-54_1_m,45-54_1_w,55-64_1_m,55-64_1_w,65-74_1_m,65-74_1_w,75-84_1_m,75-84_1_w,>84_1_m,>84_1_w,<24_2_m,<24_2_w,25-34_2_m,25-34_2_w,35-44_2_m,35-44_2_w,45-54_2_m,45-54_2_w,55-64_2_m,55-64_2_w,65-74_2_m,65-74_2_w,75-84_2_m,75-84_2_w,>84_2_m,>84_2_w,bp_1,bp_2,mo_1,mo_2,az_1,az_2,ja
2021-05-25T23:59:59+02:00,10508,10775,19842,19785,23544,26593,32331,37442,48812,52001,45396,50925,32539,42766,9063,17918,2042,2243,3652,5345,4095,7846,5693,11011,7266,9273,6119,6270,16383,22003,8494,16799,326425,103489,49702,15191,101408,13149,2705
2021-05-24T23:59:59+02:00,10272,10613,19296,19501,22434,25964,31355,36787,48607,51834,45312,50840,32517,42743,9062,17916,2027,2234,3626,5320,4053,7815,5652,10972,7229,9242,6109,6257,16375,21999,8494,16799,324902,103389,46204,15182,101354,13039,2593
2021-05-23T23:59:59+02:00,10048,10400,18948,19237,22035,25631,30932,36458,48023,51315,44942,50429,32440,42636,9054,17907,2023,2233,3622,5316,4051,7812,5644,10967,7223,9239,6106,6248,16375,21997,8494,16799,320288,103345,46203,15181,101353,13032,2591
2021-05-22T23:59:59+02:00,10020,10364,18899,19206,21993,25603,30886,36430,47930,51248,44926,50411,32437,42632,9051,17907,2021,2230,3612,5307,4046,7806,5640,10962,7215,9235,6104,6246,16374,21997,8494,16799,319810,103317,46203,15181,101353,13013,2577
2021-05-21T23:59:59+02:00,9715,9965,18469,18690,21641,24965,30454,35626,47467,50623,44854,50318,32403,42594,9049,17902,1947,2187,3550,5273,4011,7779,5612,10918,7180,9187,6081,6224,16302,21905,8493,16798,314675,103020,46173,15181,101331,12690,2556
2021-05-20T23:59:59+02:00,9087,9373,17537,17901,20639,24088,29172,34448,45846,48938,44503,49932,32315,42475,9034,17885,1633,1999,3272,5030,3776,7423,5329,10483,6844,8797,5895,5993,15072,20465,8473,16765,303568,99475,46092,14710,101108,10659,2405
2021-05-19T23:59:59+02:00,8787,9013,16907,17283,19729,23219,27959,33193,44110,46889,44058,49488,32196,42291,9016,17858,1561,1907,3073,4823,3595,7190,5122,10156,6583,8489,5627,5670,12936,17707,8457,16712,292679,93410,46058,14251,101069,9757,2190
2021-05-18T23:59:59+02:00,8214,8430,15761,16255,18491,22022,26446,31568,41484,43720,43395,48735,31996,42035,8998,17826,1544,1881,3026,4766,3522,7086,5003,10030,6410,8293,5376,5392,11284,15611,8437,16664,277299,88413,44935,14201,101048,9617,2094
2021-05-17T23:59:59+02:00,8116,8363,15580,16146,18273,21845,26062,31255,39772,42139,43292,48660,31957,41975,8989,17808,1504,1856,2978,4721,3469,7030,4928,9925,6320,8196,5344,5356,11272,15600,8434,16656,277105,88356,40251,13926,101014,9445,1862
2021-05-16T23:59:59+02:00,7991,8305,15464,16053,18148,21744,25872,31142,36821,39388,43262,48630,31937,41951,8986,17804,1478,1837,2935,4679,3423,6974,4838,9858,6226,8117,5317,5322,11265,15585,8432,16654,276836,88309,34141,13663,100894,9341,1627
2021-05-15T23:59:59+02:00,7965,8267,15399,16000,18106,21706,25801,31098,36792,39352,43239,48603,31932,41948,8986,17804,1467,1801,2900,4606,3406,6913,4817,9774,6208,8075,5312,5317,11262,15585,8432,16654,276361,88257,34141,13659,100881,8998,1615
2021-05-14T23:59:59+02:00,7750,7837,15072,15535,17804,21277,25459,30641,36573,39047,43217,48580,31923,41944,8986,17802,1395,1730,2841,4510,3362,6813,4753,9616,6134,7962,5282,5277,11253,15580,8432,16653,275328,88182,33997,13640,98571,8220,1551
2021-05-13T23:59:59+02:00,7333,7442,14365,15002,17111,20656,24627,29918,35851,38420,42979,48269,31864,41846,8982,17794,1193,1641,2662,4404,3252,6692,4623,9456,6018,7833,5248,5250,11241,15563,8429,16650,269156,88059,33674,13562,98356,7261,1273
2021-05-12T23:59:59+02:00,6871,7108,13397,14359,16145,19910,24053,29529,35575,38156,42821,48094,31843,41826,8979,17791,1188,1640,2656,4397,3240,6689,4618,9446,6013,7827,5243,5247,11239,15561,8428,16649,263180,88011,33665,13552,98352,7258,1260
2021-05-11T23:59:59+02:00,6452,6855,12726,13840,14315,18402,21079,26950,33393,35906,41921,47005,31579,41438,8960,17751,1118,1536,2544,4241,3144,6470,4500,9162,5910,7636,5177,5184,11202,15506,8421,16633,246180,87583,33391,13344,97916,6372,1085
2021-05-10T23:59:59+02:00,6287,6746,12442,13716,13978,18176,20088,26261,32234,35014,41429,46421,31530,41372,8955,17734,1073,1453,2439,4090,3056,6263,4367,8892,5804,7465,5149,5158,11190,15489,8418,16625,240808,87485,33186,13285,97615,5387,774
2021-05-09T23:59:59+02:00,5788,6445,11257,13207,12983,17818,19082,25929,31770,34757,41383,46359,31508,41359,8952,17727,1042,1416,2348,3984,2961,6121,4242,8728,5722,7383,5139,5144,11185,15487,8413,16622,235503,87455,33116,13243,97286,4820,419
2021-05-08T23:59:59+02:00,5774,6435,11240,13188,12962,17805,19053,25892,31734,34715,41376,46353,31507,41355,8952,17727,1037,1409,2336,3979,2956,6121,4238,8721,5718,7381,5137,5139,11182,15484,8413,16622,235252,87428,33115,13243,97285,4786,416
2021-05-07T23:59:59+02:00,5660,6343,11013,13014,12668,17586,18371,25239,30844,33832,41237,46172,31461,41296,8949,17723,1009,1373,2297,3928,2914,6073,4179,8663,5639,7334,5092,5094,11171,15476,8413,16621,232797,87300,31235,13241,97179,4538,197
2021-05-06T23:59:59+02:00,5194,6039,10340,12606,11909,16902,16663,23690,28337,31428,40746,45648,31329,41114,8938,17706,940,1296,2157,3695,2754,5752,3980,8212,5470,7064,5050,5048,11152,15451,8411,16612,224242,87130,27921,12929,96389,2948,37
2021-05-05T23:59:59+02:00,4844,5786,9718,12154,11212,16314,15537,22614,25334,28547,40079,44806,31114,40830,8923,17672,917,1260,2097,3568,2697,5599,3884,7987,5377,6952,5006,4995,11125,15419,8409,16610,211546,86881,27740,12791,96169,2201,29
2021-05-04T23:59:59+02:00,4434,5253,9058,11488,10433,15464,14183,21285,21518,24890,39108,43752,30815,40398,8906,17643,891,1222,2038,3450,2623,5471,3794,7827,5288,6836,4976,4962,11097,15393,8407,16607,194736,86681,27722,12500,96146,1677,24
2021-05-03T23:59:59+02:00,4168,4784,8635,10973,9962,14847,13618,20634,20841,24288,38878,43527,30746,40311,8903,17628,875,1182,1969,3347,2568,5363,3740,7710,5239,6759,4964,4952,11083,15377,8404,16602,188936,86546,27710,12493,96084,1082,13
2021-05-02T23:59:59+02:00,4164,4781,8618,10966,9953,14841,13599,20623,20828,24282,38877,43526,30745,40310,8902,17628,868,1159,1940,3266,2521,5264,3693,7586,5221,6702,4962,4950,11082,15373,8404,16600,188858,86529,27699,12464,96077,589,9
2021-05-01T23:59:59+02:00,4161,4768,8605,10958,9945,14832,13591,20620,20820,24274,38877,43524,30745,40310,8902,17628,868,1159,1939,3266,2521,5264,3693,7586,5221,6702,4962,4950,11082,15373,8404,16600,188776,86529,27699,12464,96077,589,8
2021-04-30T23:59:59+02:00,4133,4737,8566,10927,9903,14798,13527,20577,20709,24089,38624,43241,30728,40293,8901,17628,863,1155,1929,3259,2519,5255,3691,7579,5218,6696,4960,4947,11078,15372,8404,16600,187871,86507,27430,12461,96072,549,8
2021-04-29T23:59:59+02:00,3834,4536,8119,10662,9390,14518,13023,20203,19435,22676,36153,40520,30536,39996,8892,17598,848,1135,1875,3193,2477,5186,3621,7437,5126,6610,4932,4913,11058,15339,8402,16595,182434,86319,21672,12304,95978,117,7
2021-04-28T23:59:59+02:00,3656,4461,7852,10546,8995,14343,12646,19962,18878,22130,32503,36354,30352,39758,8882,17579,826,1117,1848,3148,2433,5142,3586,7382,5064,6547,4869,4856,11012,15290,8400,16585,171439,86119,21520,11881,95935,102,3
2021-04-27T23:59:59+02:00,3551,4388,7591,10413,8656,14178,12142,19721,18337,21539,27055,30291,30060,39358,8865,17553,809,1103,1820,3109,2398,5094,3536,7328,5005,6470,4822,4794,10979,15240,8397,16578,156323,85919,21499,11461,95873,99,3
2021-04-26T23:59:59+02:00,3484,4349,7451,10352,8492,14112,11907,19659,17822,21150,27034,30265,30050,39350,8865,17553,785,1074,1761,3048,2336,5046,3473,7246,4908,6367,4728,4725,10916,15169,8396,16575,155760,85810,21280,10641,94852,99,3
2021-04-25T23:59:59+02:00,3438,4325,7288,10304,8247,14062,11571,19618,16128,19627,26472,29701,30001,39294,8865,17550,785,1072,1754,3045,2330,5042,3468,7239,4904,6357,4726,4722,10908,15157,8396,16575,155285,85788,21269,10604,89934,85,3
2021-04-24T23:59:59+02:00,3431,4317,7274,10294,8239,14054,11557,19609,16108,19608,26434,29640,29998,39291,8865,17550,785,1072,1754,3044,2329,5042,3468,7239,4904,6357,4726,4721,10906,15156,8396,16575,155094,85782,21266,10604,89906,85,3
2021-04-23T23:59:59+02:00,3409,4297,7238,10253,8195,14007,11489,19553,16042,19532,26027,29150,29967,39247,8863,17547,775,1063,1737,3036,2311,5015,3411,7197,4802,6255,4585,4594,10750,14973,8390,16562,153932,85497,21127,9871,89754,85,3
2021-04-22T23:59:59+02:00,3317,4190,7038,10075,7624,13568,10172,18702,14612,18558,24077,26762,29793,39039,8848,17523,699,998,1631,2921,2185,4862,3241,7020,4617,6054,4445,4425,10238,14321,8363,16498,149215,83596,15877,8849,88803,70,3
2021-04-21T23:59:59+02:00,3257,4136,6907,9988,7420,13412,9787,18448,14136,18080,21604,23662,29563,38739,8831,17503,644,968,1559,2841,2095,4767,3112,6881,4456,5883,4264,4258,9674,13555,8329,16427,142347,81818,15109,7829,88014,63,3
2021-04-20T23:59:59+02:00,3207,4092,6804,9902,7283,13298,9515,18224,13639,17625,18281,19701,29318,38350,8819,17472,607,934,1483,2771,2016,4688,3005,6757,4325,5732,4077,4054,8822,12353,8273,16304,133705,78942,14865,7198,86957,58,3
2021-04-19T23:59:59+02:00,3191,4083,6761,9864,7225,13262,9441,18151,13493,17495,17968,19340,29290,38320,8818,17468,530,888,1380,2678,1914,4591,2871,6593,4135,5550,3826,3761,7010,9929,8096,15966,133399,73217,14669,6445,86099,53,3
2021-04-18T23:59:59+02:00,3170,4069,6681,9838,7116,13212,9223,18085,12611,17338,16652,17969,29238,38272,8814,17461,525,883,1371,2669,1897,4584,2837,6566,4079,5498,3750,3694,6598,9302,8062,15901,133192,71761,14528,6402,82026,50,3
2021-04-17T23:59:59+02:00,3158,4065,6665,9818,7083,13186,9184,18050,12582,17315,16597,17919,29193,38208,8813,17461,525,881,1371,2667,1896,4581,2832,6561,4077,5493,3749,3692,6593,9302,8061,15900,132840,71726,14527,6402,81927,50,3
2021-04-16T23:59:59+02:00,3141,4049,6630,9801,7034,13150,9104,17990,12453,17191,16319,17599,28740,37629,8812,17456,525,879,1366,2662,1887,4579,2827,6554,4071,5485,3744,3687,6576,9274,8061,15898,131342,71632,14519,6392,81234,48,3
2021-04-15T23:59:59+02:00,3083,3982,6497,9694,6834,12969,8757,17717,11918,16628,15143,16177,26897,35223,8797,17438,516,868,1362,2641,1872,4554,2802,6526,4025,5428,3693,3615,6547,9226,8053,15888,125518,71321,14243,6255,77990,37,3
2021-04-14T23:59:59+02:00,3016,3928,6409,9593,6688,12807,8481,17453,11404,16108,13825,14558,22553,29603,8784,17398,512,861,1351,2634,1860,4535,2776,6503,3985,5386,3638,3567,6492,9171,8031,15862,113402,71041,14209,6104,74994,16,3
2021-04-13T23:59:59+02:00,2957,3889,6278,9505,6548,12675,8183,17205,10934,15643,11065,11415,19806,25884,8764,17366,492,831,1306,2588,1804,4477,2660,6394,3803,5218,3424,3387,6362,9046,8023,15847,105200,70709,14015,4938,68899,12,3
2021-04-12T23:59:59+02:00,2930,3872,6216,9471,6442,12584,7987,17072,10655,15416,9380,9553,19385,25365,8763,17359,484,819,1290,2572,1783,4458,2627,6351,3750,5165,3363,3344,6330,9004,8019,15828,105083,70575,13960,4599,63404,10,3
2021-04-11T23:59:59+02:00,2895,3860,6122,9446,6320,12547,7822,17020,10449,15308,7280,7351,18533,24342,8761,17357,484,819,1289,2570,1783,4458,2626,6351,3749,5162,3358,3343,6324,9002,8019,15828,105015,70566,13954,4589,56442,8,2
2021-04-10T23:59:59+02:00,2893,3858,6112,9441,6312,12542,7817,17015,10438,15297,7274,7341,18526,24338,8761,17357,484,816,1287,2567,1782,4456,2623,6348,3746,5161,3349,3330,6317,8990,8019,15828,104934,70511,13953,4582,56433,8,2
2021-04-09T23:59:59+02:00,2819,3736,5982,9241,6146,12271,7553,16588,10131,14808,7140,7168,18419,24173,8760,17355,479,809,1269,2558,1757,4438,2587,6300,3666,5075,3221,3220,6199,8904,8015,15825,104468,70434,13924,3880,53896,6,2
2021-04-08T23:59:59+02:00,2736,3656,5878,9115,6042,12142,7377,16409,9892,14618,6953,6897,17178,22748,8750,17329,471,803,1257,2526,1731,4397,2559,6234,3611,5018,3152,3172,6122,8799,7997,15789,100845,70009,13570,3622,53303,5,2
2021-04-07T23:59:59+02:00,2699,3615,5807,9044,5952,12072,7242,16302,9651,14465,6635,6545,14899,19850,8731,17287,465,801,1245,2512,1721,4374,2543,6197,3541,4958,3082,3121,6067,8743,7991,15762,94711,69735,13409,3382,52674,4,2
2021-04-06T23:59:59+02:00,2673,3579,5726,8978,5867,11996,7081,16181,9417,14274,6157,6062,12971,17410,8708,17233,463,792,1238,2489,1711,4349,2511,6154,3473,4895,3004,3075,6024,8690,7985,15746,89731,69493,13111,3100,51469,4,2
2021-04-05T23:59:59+02:00,2664,3567,5711,8961,5855,11976,7067,16165,9399,14249,5979,5897,11764,16196,8707,17232,457,783,1236,2473,1704,4334,2491,6122,3438,4855,2978,3035,6006,8650,7979,15731,89657,69304,13077,2964,48654,3,1
2021-04-04T23:59:59+02:00,2664,3567,5709,8958,5853,11976,7065,16165,9397,14249,5974,5893,11764,16194,8707,17232,457,783,1236,2473,1704,4334,2490,6122,3438,4855,2978,3035,6004,8650,7978,15731,89648,69300,13077,2964,48641,3,1
2021-04-03T23:59:59+02:00,2663,3558,5701,8951,5847,11973,7063,16162,9394,14246,5971,5889,11758,16191,8707,17232,457,783,1236,2473,1704,4334,2489,6122,3438,4854,2978,3035,6004,8650,7978,15731,89592,69298,13077,2964,48636,3,1
2021-04-02T23:59:59+02:00,2661,3555,5696,8948,5844,11971,7060,16161,9389,14244,5968,5883,11744,16163,8706,17231,455,781,1235,2473,1702,4333,2489,6120,3437,4848,2950,3019,5996,8641,7978,15731,89514,69221,13074,2963,48635,3,1
2021-04-01T23:59:59+02:00,2638,3548,5668,8917,5800,11926,7017,16108,9330,14187,5875,5787,11452,15813,8687,17192,453,767,1233,2465,1695,4323,2473,6105,3407,4825,2895,2975,5926,8554,7917,15635,88524,68684,13052,2960,48368,3,1
2021-03-31T23:59:59+02:00,2601,3514,5591,8847,5733,11832,6911,15999,9198,14046,5738,5648,10898,15067,8650,17115,446,759,1228,2454,1689,4308,2465,6088,3387,4793,2863,2942,5867,8479,7876,15554,86546,68237,12838,2958,48004,3,0
2021-03-30T23:59:59+02:00,2577,3493,5542,8789,5674,11752,6838,15901,9098,13898,5546,5433,9989,13712,8588,16965,443,757,1222,2447,1679,4293,2446,6066,3350,4746,2801,2870,5767,8365,7768,15340,83466,67538,12456,2819,47873,3,0
2021-03-29T23:59:59+02:00,2502,3432,5440,8674,5566,11602,6674,15670,8863,13644,5195,5062,8029,11153,8405,16604,435,751,1211,2440,1664,4279,2423,6037,3313,4688,2736,2809,5622,8231,7598,15045,77399,66596,11656,2683,47460,3,0
2021-03-28T23:59:59+02:00,2479,3419,5394,8607,5488,11530,6589,15581,8746,13522,5073,4914,7384,10224,8350,16507,426,744,1196,2422,1641,4251,2371,5973,3252,4591,2650,2735,5502,8077,7538,14923,75125,66132,11397,2158,47285,2,0
2021-03-27T23:59:59+01:00,2478,3414,5384,8600,5484,11516,6573,15559,8735,13509,5046,4887,7374,10222,8350,16506,426,744,1194,2421,1640,4245,2365,5970,3245,4585,2646,2731,5477,8028,7467,14799,75019,65823,11397,2158,47221,2,0
2021-03-26T23:59:59+01:00,2460,3389,5348,8563,5443,11468,6491,15482,8583,13356,4877,4736,7223,10061,8349,16498,422,736,1188,2405,1620,4216,2341,5937,3208,4527,2587,2668,5138,7568,6916,13827,74680,63181,10561,2121,47086,2,0
2021-03-25T23:59:59+01:00,2347,3302,5172,8343,5272,11195,6282,15195,8366,13087,4737,4594,7144,9958,8346,16492,413,720,1167,2381,1593,4184,2300,5882,3135,4447,2483,2566,4502,6709,6050,12457,74234,59086,9618,1902,45980,1,0
2021-03-24T23:59:59+01:00,2243,3241,5042,8179,5105,11002,6112,14950,8166,12869,4607,4445,7041,9847,8341,16485,408,707,1152,2352,1557,4133,2244,5811,3045,4349,2352,2450,3786,5658,4959,10701,73862,54108,8457,1555,45356,1,0
2021-03-23T23:59:59+01:00,2161,3181,4932,8052,5012,10854,5988,14759,8053,12709,4525,4364,6980,9794,8334,16468,395,679,1131,2315,1527,4072,2195,5723,2966,4260,2260,2355,3046,4573,3361,7935,73472,47386,7711,1406,44983,1,0
2021-03-22T23:59:59+01:00,2075,3108,4810,7917,4878,10679,5825,14511,7884,12517,4418,4257,6921,9692,8320,16429,363,659,1107,2275,1479,4004,2129,5612,2868,4100,2152,2216,2207,3440,1197,4296,72977,38933,6675,1171,44589,0,0
2021-03-21T23:59:59+01:00,2073,3101,4800,7902,4865,10667,5806,14495,7857,12495,4399,4240,6903,9683,8319,16429,362,659,1101,2261,1468,3970,2112,5577,2839,4048,2112,2169,2166,3398,1184,4255,72955,38792,6625,889,44454,0,0
2021-03-20T23:59:59+01:00,2073,3101,4800,7900,4864,10665,5805,14495,7849,12490,4397,4239,6896,9677,8319,16429,362,659,1101,2261,1468,3970,2112,5577,2837,4047,2111,2166,2166,3398,1184,4255,72947,38790,6625,884,44427,0,0
2021-03-19T23:59:59+01:00,1999,2756,4271,6647,4477,9703,5543,13965,7629,12138,4288,4154,6837,9621,8319,16429,361,659,1101,2261,1468,3969,2112,5576,2836,4047,2109,2164,2161,3393,1183,4253,72880,38775,6615,878,39281,0,0
2021-03-18T23:59:59+01:00,1924,2421,3837,5595,3937,8216,4668,11295,6333,9140,3993,3923,6657,9421,8299,16394,360,654,1093,2249,1461,3944,2083,5535,2812,4024,2091,2147,2136,3365,1179,4246,72448,38584,6549,795,27056,0,0
2021-03-17T23:59:59+01:00,1918,2409,3827,5570,3918,8188,4643,11226,6281,9065,3956,3875,6621,9381,8292,16369,356,652,1089,2242,1456,3935,2074,5518,2798,3998,2069,2119,2115,3352,1173,4230,72182,38430,6489,746,26868,0,0
2021-03-16T23:59:59+01:00,1887,2367,3775,5490,3844,8083,4503,11051,6073,8866,3733,3686,6495,9241,8287,16346,354,647,1088,2223,1451,3922,2064,5504,2788,3978,2061,2106,2102,3326,1166,4201,71870,38265,5207,716,26650,0,0
2021-03-15T23:59:59+01:00,1877,2343,3752,5457,3815,8045,4452,10986,5993,8785,3655,3625,6446,9184,8281,16322,351,641,1079,2208,1444,3917,2048,5465,2772,3953,2042,2070,2080,3268,1158,4165,71645,38051,4849,610,26524,0,0
2021-03-14T23:59:59+01:00,1876,2340,3746,5451,3810,8034,4443,10962,5987,8769,3647,3616,6442,9176,8280,16321,351,641,1076,2207,1441,3915,2045,5463,2753,3947,2038,2068,2067,3257,1155,4163,71613,38044,4833,543,26454,0,0
2021-03-13T23:59:59+01:00,1873,2332,3734,5434,3800,8027,4426,10950,5974,8756,3644,3613,6441,9174,8280,16321,351,641,1076,2207,1441,3915,2045,5462,2753,3946,2037,2066,2067,3256,1147,4158,71593,38025,4828,543,26358,0,0
2021-03-12T23:59:59+01:00,1827,2263,3171,5302,3373,7921,4298,10820,5748,8474,3471,3475,6317,9063,8257,16281,346,618,1071,2177,1432,3888,2027,5391,2690,3834,1865,1943,2012,3209,1143,4152,71380,37263,4098,535,24583,0,0
2021-03-11T23:59:59+01:00,1725,2121,2788,5069,2993,7691,4006,10397,5154,7658,3293,3341,6210,8943,8230,16242,345,618,1068,2163,1429,3869,2019,5369,2682,3819,1859,1936,1997,3190,1139,4136,70812,37142,3834,496,21215,0,0
2021-03-10T23:59:59+01:00,1697,2088,2754,5031,2963,7629,3952,10309,5036,7552,3165,3235,6096,8822,8201,16191,343,615,1066,2161,1427,3858,2014,5355,2669,3801,1843,1925,1971,3162,1129,4122,70406,37061,3502,400,20813,0,0
2021-03-09T23:59:59+01:00,1693,2076,2738,5006,2941,7588,3912,10248,4954,7472,3070,3153,6003,8719,8111,15999,340,613,1063,2154,1418,3845,1983,5331,2632,3773,1795,1899,1924,3137,1118,4113,69809,37033,3232,105,20642,0,0
2021-03-08T23:59:59+01:00,1682,2064,2716,4984,2921,7557,3893,10203,4927,7411,3033,3115,5905,8627,7962,15730,340,613,1060,2149,1411,3826,1965,5303,2613,3746,1778,1882,1898,3114,1113,4096,69020,36893,3224,14,20486,0,0
2021-03-07T23:59:59+01:00,1675,2054,2700,4949,2896,7516,3865,10148,4895,7358,2998,3083,5830,8510,7898,15605,340,612,1060,2148,1410,3818,1962,5296,2611,3741,1773,1879,1895,3110,1111,4090,68486,36844,3171,12,20323,0,0
2021-03-06T23:59:59+01:00,1673,2052,2695,4939,2892,7506,3855,10141,4880,7343,2987,3071,5795,8444,7822,15462,340,610,1058,2146,1410,3817,1956,5287,2609,3738,1767,1872,1890,3108,1111,4087,68092,36794,3171,12,20294,0,0
2021-03-05T23:59:59+01:00,1593,1968,2610,4782,2837,7347,3770,9936,4784,7161,2942,3018,5427,7953,7265,14468,340,610,1056,2143,1403,3813,1956,5285,2604,3732,1759,1869,1885,3105,1106,4083,65431,36737,3169,12,19261,0,0
2021-03-04T23:59:59+01:00,1417,1842,2460,4595,2672,7079,3613,9597,4534,6848,2844,2905,4776,7103,6386,13043,337,601,1043,2116,1390,3775,1929,5231,2580,3696,1731,1848,1854,3054,1084,4038,61216,36295,3167,12,17331,0,0
2021-03-03T23:59:59+01:00,1372,1784,2392,4490,2611,6955,3531,9435,4438,6718,2763,2836,4117,6071,5297,11306,334,591,1031,2090,1378,3749,1915,5181,2510,3641,1702,1817,1828,3026,1069,4013,56193,35863,3141,12,16782,0,0
2021-03-02T23:59:59+01:00,1331,1742,2343,4428,2566,6864,3445,9314,4301,6577,2654,2710,3330,4947,3599,8397,329,582,1024,2064,1368,3706,1898,5131,2482,3618,1693,1803,1806,3001,1059,3986,49130,35538,2892,12,16526,0,0
2021-03-01T23:59:59+01:00,1268,1705,2290,4365,2492,6782,3348,9179,4165,6387,2522,2586,2411,3705,1248,4445,327,578,1015,2053,1358,3687,1891,5113,2470,3604,1678,1793,1788,2982,1049,3959,40089,35333,2504,12,16305,0,0
2021-02-28T23:59:59+01:00,1231,1693,2250,4327,2466,6738,3296,9119,4099,6328,2457,2544,2370,3672,1242,4429,326,577,1014,2047,1356,3671,1887,5102,2464,3597,1671,1782,1775,2971,1042,3944,39991,35214,2211,12,16059,0,0
2021-02-27T23:59:59+01:00,1185,1578,2181,4098,2411,6508,3231,8809,4010,6095,2407,2491,2350,3653,1240,4429,326,577,1013,2047,1356,3671,1887,5101,2463,3597,1671,1781,1773,2971,1042,3944,39885,35208,2211,12,14580,0,0
2021-02-26T23:59:59+01:00,984,1287,1995,3690,2244,5828,3021,7875,3703,5375,2378,2463,2335,3641,1237,4427,326,577,1013,2044,1354,3669,1885,5100,2461,3596,1671,1778,1767,2968,1040,3939,39864,35176,2123,12,10496,0,0
2021-02-25T23:59:59+01:00,607,1107,1735,3490,2059,5531,2824,7469,3491,5099,2305,2396,2299,3587,1233,4413,319,555,995,1998,1336,3612,1858,5021,2431,3540,1648,1751,1732,2926,1016,3907,39668,34634,1866,11,8111,0,0
2021-02-24T23:59:59+01:00,584,1084,1698,3393,2000,5391,2755,7278,3427,4978,2246,2349,2264,3558,1227,4381,309,546,984,1977,1323,3563,1848,4965,2412,3497,1638,1734,1721,2907,1006,3883,39482,34310,1695,3,7436,0,0
2021-02-23T23:59:59+01:00,558,1035,1635,3296,1950,5248,2675,7147,3334,4876,2195,2295,2225,3503,1217,4354,308,541,979,1960,1316,3534,1839,4931,2386,3471,1623,1710,1698,2873,995,3832,39335,33993,1421,3,6787,0,0
2021-02-22T23:59:59+01:00,535,992,1585,3201,1909,5103,2612,6924,3278,4742,2188,2198,2211,3431,1213,4312,307,537,975,1947,1309,3507,1822,4897,2370,3440,1604,1689,1672,2844,982,3786,39127,33687,1156,1,6151,0,0
2021-02-21T23:59:59+01:00,525,933,1524,3063,1861,4955,2556,6763,3200,4650,2152,2166,2186,3413,1205,4307,307,535,971,1939,1309,3498,1818,4886,2366,3433,1603,1686,1671,2842,982,3785,39087,33630,924,1,5448,0,0
2021-02-20T23:59:59+01:00,520,927,1516,3060,1855,4955,2554,6759,3195,4647,2149,2165,2186,3412,1204,4307,307,535,971,1938,1309,3497,1818,4885,2365,3433,1602,1685,1667,2842,982,3783,39083,33618,919,1,5409,0,0
2021-02-19T23:59:59+01:00,495,887,1487,2998,1830,4897,2511,6655,3101,4507,1974,2035,2128,3366,1201,4301,305,534,970,1935,1308,3497,1818,4880,2362,3431,1600,1684,1665,2841,982,3782,38335,33593,900,1,5138,0,0
2021-02-18T23:59:59+01:00,458,807,1383,2769,1730,4647,2370,6381,3001,4352,1949,2019,2114,3349,1197,4295,305,527,960,1897,1300,3460,1798,4834,2345,3395,1587,1674,1650,2828,971,3766,38261,33296,826,1,3734,0,0
2021-02-17T23:59:59+01:00,441,755,1343,2649,1668,4466,2304,6137,2942,4224,1935,2003,2092,3331,1183,4286,294,505,923,1812,1259,3320,1734,4674,2271,3269,1510,1605,1576,2712,926,3662,38106,32051,775,1,2878,0,0
2021-02-16T23:59:59+01:00,416,713,1290,2534,1622,4336,2240,5971,2871,4121,1926,1997,2086,3326,1178,4275,286,480,892,1733,1207,3176,1674,4463,2203,3114,1458,1551,1517,2608,898,3542,38047,30801,744,1,2111,0,0
2021-02-15T23:59:59+01:00,401,672,1217,2403,1581,4260,2208,5923,2841,4083,1905,1980,2067,3296,1172,4257,277,457,869,1688,1175,3095,1613,4327,2133,3006,1384,1491,1463,2493,857,3372,37943,29699,631,1,1692,0,0
2021-02-14T23:59:59+01:00,391,665,1189,2331,1524,4100,2164,5843,2811,4046,1901,1978,2054,3286,1171,4251,270,449,850,1663,1156,3053,1574,4276,2095,2980,1367,1469,1438,2453,843,3333,37927,29268,564,1,1214,0,0
2021-02-13T23:59:59+01:00,390,665,1189,2331,1524,4099,2162,5842,2811,4046,1900,1976,2053,3286,1171,4248,270,449,850,1663,1156,3053,1573,4275,2094,2980,1366,1466,1437,2452,843,3332,37916,29258,564,1,1213,0,0
2021-02-12T23:59:59+01:00,384,661,1174,2322,1518,4086,2158,5832,2805,4041,1888,1966,2046,3273,1167,4245,268,447,845,1659,1150,3042,1552,4258,2078,2964,1352,1451,1424,2419,836,3300,37848,29044,556,1,1162,0,0
2021-02-11T23:59:59+01:00,360,630,1103,2221,1468,3948,2056,5569,2731,3941,1863,1941,2004,3208,1146,4194,244,413,799,1546,1066,2809,1432,3910,1886,2664,1170,1262,1266,2138,743,2978,37476,26326,518,0,389,0,0
2021-02-10T23:59:59+01:00,352,621,1077,2174,1428,3870,2001,5389,2627,3776,1810,1897,1960,3173,1127,4170,219,358,698,1342,935,2402,1230,3304,1664,2300,1019,1096,1119,1892,648,2658,37071,22884,380,0,1,0,0
2021-02-09T23:59:59+01:00,346,609,1067,2141,1413,3817,1952,5319,2566,3722,1746,1859,1893,3124,1109,4149,183,275,588,1076,785,1952,1022,2688,1403,1940,883,945,946,1592,542,2290,36770,19110,61,0,1,0,0
2021-02-08T23:59:59+01:00,345,607,1061,2133,1403,3801,1947,5293,2548,3709,1730,1846,1875,3107,1103,4125,128,227,480,860,628,1514,809,2042,1145,1523,708,766,755,1277,432,1864,36615,15158,17,0,1,0,0
2021-02-07T23:59:59+01:00,344,607,1061,2132,1402,3793,1943,5291,2542,3706,1723,1836,1859,3100,1098,4120,119,198,424,714,552,1334,724,1831,1055,1381,637,688,677,1156,373,1654,36543,13517,14,0,0,0,0
2021-02-06T23:59:59+01:00,344,606,1060,2131,1402,3791,1943,5289,2542,3703,1723,1835,1853,3098,1096,4118,118,197,419,711,548,1308,708,1809,1043,1365,635,683,672,1152,372,1651,36520,13391,14,0,0,0,0
2021-02-05T23:59:59+01:00,344,605,1057,2128,1400,3780,1939,5276,2535,3699,1723,1830,1844,3091,1088,4108,113,188,401,693,530,1280,678,1754,993,1302,601,631,624,1076,350,1568,36433,12782,14,0,0,0,0
2021-02-04T23:59:59+01:00,335,586,1046,2091,1382,3731,1918,5197,2519,3655,1708,1809,1816,3055,1072,4080,83,144,296,460,377,855,467,1188,681,888,471,464,484,846,277,1257,35986,9238,14,0,0,0,0
2021-02-03T23:59:59+01:00,329,573,1027,2067,1369,3689,1902,5145,2487,3615,1689,1787,1798,3034,1062,4066,66,116,245,395,303,662,369,925,508,653,316,328,353,608,197,915,35625,6959,14,0,0,0,0
2021-02-02T23:59:59+01:00,324,561,1023,2042,1359,3657,1891,5092,2461,3588,1675,1766,1769,2995,1044,4021,43,93,189,312,254,508,274,734,372,501,217,208,221,416,133,589,35254,5064,14,0,0,0,0
2021-02-01T23:59:59+01:00,323,557,1018,2035,1356,3640,1883,5071,2452,3572,1668,1755,1754,2979,1039,4009,22,62,141,224,174,328,174,481,236,287,104,115,99,198,64,263,35097,2972,14,0,0,0,0
2021-01-31T23:59:59+01:00,322,555,1016,2027,1353,3631,1879,5050,2448,3558,1665,1748,1750,2971,1036,4000,20,55,123,196,155,280,157,403,199,248,89,101,90,172,57,228,34995,2573,14,0,0,0,0
2021-01-30T23:59:59+01:00,322,555,1016,2027,1353,3631,1879,5050,2447,3558,1665,1748,1750,2970,1036,3999,20,55,123,196,155,278,154,401,198,247,89,100,90,172,57,228,34992,2563,14,0,0,0,0
2021-01-29T23:59:59+01:00,320,552,1015,2024,1351,3623,1874,5042,2444,3555,1658,1738,1741,2960,1030,3980,18,53,121,186,146,271,140,374,168,220,64,74,81,148,50,199,34893,2313,14,0,0,0,0
2021-01-28T23:59:59+01:00,315,542,993,1961,1330,3561,1847,4980,2415,3496,1636,1720,1712,2925,1014,3951,0,3,8,14,9,18,13,45,8,18,7,6,8,7,1,12,34385,177,13,0,0,0,0
2021-01-27T23:59:59+01:00,308,517,959,1882,1296,3444,1783,4856,2355,3403,1582,1673,1667,2852,980,3878,0,2,4,4,5,13,8,20,5,11,6,6,8,7,1,11,33426,111,9,0,0,0,0
2021-01-26T23:59:59+01:00,302,506,948,1869,1282,3405,1765,4795,2326,3346,1548,1641,1630,2779,965,3799,0,2,4,4,5,13,8,20,5,11,6,6,8,7,1,11,32899,111,7,0,0,0,0
2021-01-25T23:59:59+01:00,289,471,896,1752,1219,3226,1671,4521,2223,3159,1493,1590,1572,2688,925,3636,0,2,1,1,1,3,5,3,5,6,6,5,7,7,1,11,31329,64,2,0,0,0,0
2021-01-24T23:59:59+01:00,286,467,884,1732,1208,3204,1641,4486,2196,3142,1484,1580,1563,2677,919,3629,0,2,1,0,1,3,5,3,5,6,5,5,7,7,1,11,31096,62,2,0,0,0,0
2021-01-23T23:59:59+01:00,286,467,884,1732,1207,3203,1641,4482,2195,3141,1483,1580,1562,2676,918,3624,0,2,1,0,1,3,5,3,5,6,5,5,7,7,1,11,31079,62,2,0,0,0,0
2021-01-22T23:59:59+01:00,284,465,879,1729,1203,3196,1636,4477,2184,3134,1472,1569,1555,2656,913,3606,0,2,1,0,1,3,5,3,5,6,5,5,7,7,1,11,30956,62,2,0,0,0,0
2021-01-21T23:59:59+01:00,272,452,851,1657,1178,3069,1579,4312,2097,3001,1375,1474,1424,2478,844,3448,0,2,1,0,1,3,4,2,4,6,4,4,6,7,0,11,29509,55,2,0,0,0,0
2021-01-20T23:59:59+01:00,248,398,772,1486,1088,2733,1428,3839,1935,2695,1258,1331,1310,2295,783,3248,0,2,1,0,1,3,4,2,4,6,4,4,6,7,0,11,26845,55,2,0,0,0,0
2021-01-19T23:59:59+01:00,215,322,661,1229,941,2279,1205,3226,1655,2292,1077,1146,1102,1925,646,2783,0,1,1,0,1,2,4,1,3,6,3,4,6,7,0,11,22702,50,2,0,0,0,0
2021-01-18T23:59:59+01:00,150,258,519,958,729,1734,927,2345,1301,1762,843,915,878,1542,502,2216,0,0,0,0,0,0,0,0,2,2,1,1,0,0,0,0,17578,6,1,0,0,0,0
2021-01-17T23:59:59+01:00,136,219,451,788,642,1504,823,2094,1193,1585,787,835,793,1398,445,2024,0,0,0,0,0,0,0,0,0,1,0,0,0,0,0,0,15717,1,0,0,0,0,0
2021-01-16T23:59:59+01:00,135,218,448,787,640,1496,812,2090,1185,1579,786,830,787,1386,438,2010,0,0,0,0,0,0,0,0,0,0,0,0,0,0,0,0,15627,0,0,0,0,0,0
2021-01-15T23:59:59+01:00,125,209,433,769,614,1456,778,2010,1125,1495,743,776,741,1300,412,1900,0,0,0,0,0,0,0,0,0,0,0,0,0,0,0,0,14886,0,0,0,0,0,0
2021-01-14T23:59:59+01:00,84,151,311,487,414,925,525,1300,767,987,542,539,546,962,317,1443,0,0,0,0,0,0,0,0,0,0,0,0,0,0,0,0,10300,0,0,0,0,0,0
2021-01-13T23:59:59+01:00,66,120,254,411,333,695,400,984,544,689,332,346,375,659,219,995,0,0,0,0,0,0,0,0,0,0,0,0,0,0,0,0,7422,0,0,0,0,0,0
2021-01-12T23:59:59+01:00,53,102,208,352,269,564,290,807,400,537,223,222,231,448,150,663,0,0,0,0,0,0,0,0,0,0,0,0,0,0,0,0,5519,0,0,0,0,0,0
2021-01-11T23:59:59+01:00,37,78,181,302,221,460,222,638,294,378,134,138,128,270,83,380,0,0,0,0,0,0,0,0,0,0,0,0,0,0,0,0,3944,0,0,0,0,0,0
2021-01-10T23:59:59+01:00,27,69,160,246,188,380,181,529,249,322,115,116,113,226,72,306,0,0,0,0,0,0,0,0,0,0,0,0,0,0,0,0,3299,0,0,0,0,0,0
2021-01-09T23:59:59+01:00,27,69,160,244,187,379,180,524,248,321,115,115,113,226,72,306,0,0,0,0,0,0,0,0,0,0,0,0,0,0,0,0,3286,0,0,0,0,0,0
2021-01-08T23:59:59+01:00,25,67,157,234,179,370,165,495,220,295,93,97,107,210,66,284,0,0,0,0,0,0,0,0,0,0,0,0,0,0,0,0,3064,0,0,0,0,0,0
2021-01-07T23:59:59+01:00,1,3,4,7,8,12,11,6,17,12,9,12,16,20,1,31,0,0,0,0,0,0,0,0,0,0,0,0,0,0,0,0,170,0,0,0,0,0,0
2021-01-06T23:59:59+01:00,0,2,1,1,1,5,5,2,5,7,5,5,8,8,0,13,0,0,0,0,0,0,0,0,0,0,0,0,0,0,0,0,68,0,0,0,0,0,0
2021-01-05T23:59:59+01:00,0,2,1,1,1,5,5,2,5,6,5,5,7,7,0,12,0,0,0,0,0,0,0,0,0,0,0,0,0,0,0,0,64,0,0,0,0,0,0
2021-01-04T23:59:59+01:00,0,2,1,1,1,4,4,2,5,6,4,4,6,7,0,12,0,0,0,0,0,0,0,0,0,0,0,0,0,0,0,0,59,0,0,0,0,0,0
2021-01-03T23:59:59+01:00,0,2,1,0,1,4,4,2,5,6,3,4,6,7,0,12,0,0,0,0,0,0,0,0,0,0,0,0,0,0,0,0,57,0,0,0,0,0,0
2021-01-02T23:59:59+01:00,0,2,1,0,1,4,4,2,5,6,3,4,6,7,0,12,0,0,0,0,0,0,0,0,0,0,0,0,0,0,0,0,57,0,0,0,0,0,0
2021-01-01T23:59:59+01:00,0,2,1,0,1,3,4,2,5,6,3,4,6,7,0,12,0,0,0,0,0,0,0,0,0,0,0,0,0,0,0,0,56,0,0,0,0,0,0
2020-12-31T23:59:59+01:00,0,2,1,0,1,3,4,2,5,6,3,4,6,7,0,12,0,0,0,0,0,0,0,0,0,0,0,0,0,0,0,0,56,0,0,0,0,0,0
2020-12-30T23:59:59+01:00,0,2,1,0,1,3,4,2,5,6,3,4,6,7,0,12,0,0,0,0,0,0,0,0,0,0,0,0,0,0,0,0,56,0,0,0,0,0,0
2020-12-29T23:59:59+01:00,0,1,1,0,1,2,4,1,4,6,3,4,6,7,0,12,0,0,0,0,0,0,0,0,0,0,0,0,0,0,0,0,52,0,0,0,0,0,0
2020-12-28T23:59:59+01:00,0,1,1,0,1,1,2,0,3,5,2,1,1,0,0,2,0,0,0,0,0,0,0,0,0,0,0,0,0,0,0,0,20,0,0,0,0,0,0
2020-12-27T23:59:59+01:00,0,1,1,0,1,1,2,0,1,3,1,0,1,0,0,2,0,0,0,0,0,0,0,0,0,0,0,0,0,0,0,0,14,0,0,0,0,0,0
