Datum,<15_m,<15_w,15-24_1_m,15-24_1_w,25-34_1_m,25-34_1_w,35-44_1_m,35-44_1_w,45-54_1_m,45-54_1_w,55-64_1_m,55-64_1_w,65-74_1_m,65-74_1_w,75-84_1_m,75-84_1_w,>84_1_m,>84_1_w,<24_2_m,<24_2_w,25-34_2_m,25-34_2_w,35-44_2_m,35-44_2_w,45-54_2_m,45-54_2_w,55-64_2_m,55-64_2_w,65-74_2_m,65-74_2_w,75-84_2_m,75-84_2_w,>84_2_m,>84_2_w,bp_1,bp_2,mo_1,mo_2,az_1,az_2,ja,unb_1,unb_2
2021-09-22T23:59:59+02:00,4746,4435,36730,35448,52383,47012,53463,52110,64277,64291,74157,74372,53703,59298,36883,47815,11179,21261,33493,32249,49555,43745,51042,49141,61730,61334,71749,71833,52319,57665,35987,46510,10887,20583,575541,546996,78640,74624,105477,101400,33883,24,22
2021-09-21T23:59:59+02:00,4731,4413,36672,35399,52317,46957,53419,52061,64216,64244,74105,74321,53661,59268,36871,47790,11175,21252,33463,32196,49523,43701,51004,49098,61690,61298,71713,71793,52288,57641,35976,46493,10886,20577,575004,546637,78639,74622,105475,101396,33732,24,22
2021-09-20T23:59:59+02:00,4630,4352,36352,35105,52007,46666,53187,51849,64013,64063,73954,74208,53601,59217,36850,47755,11168,21246,32978,31773,49164,43385,50727,48810,61440,61097,71549,71643,52234,57576,35954,46448,10879,20567,573248,544038,78637,74617,105474,101391,32842,24,22
2021-09-19T23:59:59+02:00,4622,4349,36340,35097,51996,46659,53176,51838,64001,64058,73947,74198,53598,59212,36847,47752,11167,21246,32958,31757,49157,43375,50719,48798,61426,61086,71538,71633,52229,57573,35954,46446,10879,20564,573151,543913,78636,74614,105473,101390,32821,24,22
2021-09-18T23:59:59+02:00,4622,4349,36338,35096,51994,46658,53176,51837,64001,64058,73947,74198,53598,59212,36847,47752,11167,21246,32955,31757,49153,43372,50719,48798,61426,61086,71538,71633,52229,57573,35954,46446,10879,20564,573149,543907,78636,74614,105473,101390,32816,24,22
2021-09-17T23:59:59+02:00,4614,4336,36326,35075,51977,46644,53166,51823,63990,64053,73934,74185,53593,59208,36846,47748,11166,21246,32948,31743,49143,43360,50715,48792,61426,61085,71530,71623,52224,57572,35954,46445,10879,20563,573012,543852,78636,74614,105472,101387,32788,24,22
2021-09-16T23:59:59+02:00,4467,4189,35971,34721,51731,46351,52964,51574,63808,63871,73781,74039,53539,59150,36831,47714,11163,21237,32818,31639,49060,43253,50636,48710,61365,61029,71478,71590,52209,57559,35944,46433,10878,20555,570616,543010,78233,74536,105471,101382,32759,24,22
2021-09-15T23:59:59+02:00,4427,4151,35905,34647,51687,46297,52900,51520,63758,63822,73745,73997,53521,59129,36821,47703,11162,21231,32769,31589,49011,43200,50580,48661,61320,60985,71448,71558,52201,57538,35934,46425,10878,20549,570248,542678,78148,74521,105471,101370,32534,24,22
2021-09-14T23:59:59+02:00,4387,4112,35842,34597,51640,46227,52861,51472,63715,63779,73706,73958,53496,59111,36805,47684,11161,21227,32704,31519,48970,43150,50546,48616,61266,60947,71415,71517,52180,57515,35925,46411,10877,20546,569732,542134,78079,74514,105471,101363,32476,24,22
2021-09-13T23:59:59+02:00,4241,3939,35483,34175,51375,45917,52648,51241,63508,63573,73571,73834,53441,59042,36768,47651,11160,21219,32244,31051,48736,42905,50368,48418,61119,60765,71273,71408,52127,57456,35909,46375,10871,20536,567188,539175,77662,74433,105470,101357,32443,24,22
2021-09-12T23:59:59+02:00,4233,3929,35462,34159,51358,45895,52631,51224,63495,63556,73561,73824,53438,59036,36763,47650,11160,21218,32219,31033,48722,42887,50358,48410,61108,60751,71257,71396,52121,57448,35903,46373,10868,20535,567041,539021,77646,74425,105459,101342,32423,24,22
2021-09-11T23:59:59+02:00,4230,3926,35458,34155,51356,45893,52626,51217,63493,63551,73559,73819,53434,59031,36763,47648,11160,21218,32210,31029,48719,42884,50355,48407,61105,60747,71254,71394,52119,57446,35903,46371,10868,20535,567013,539001,77646,74425,105459,101342,32396,24,22
2021-09-10T23:59:59+02:00,4229,3925,35345,34058,51165,45744,52441,51077,63318,63439,73426,73729,53396,58992,36743,47630,11158,21213,32085,30921,48526,42723,50163,48271,60918,60627,71121,71300,52077,57403,35881,46349,10865,20530,566956,538848,77644,74423,105458,101340,30947,24,22
2021-09-09T23:59:59+02:00,4202,3887,35268,33997,51109,45675,52383,50992,63262,63384,73386,73691,53373,58964,36729,47613,11156,21209,31993,30854,48483,42673,50113,48229,60878,60593,71078,71266,52059,57389,35874,46334,10864,20526,566361,538364,77610,74416,105444,101318,30842,24,22
2021-09-08T23:59:59+02:00,4177,3866,35233,33959,51083,45643,52365,50966,63229,63351,73365,73667,53363,58949,36723,47602,11156,21207,31934,30827,48445,42647,50085,48198,60843,60565,71062,71245,52047,57376,35864,46323,10861,20508,566011,537993,77610,74415,105444,101306,30816,24,22
2021-09-07T23:59:59+02:00,4165,3851,35193,33915,51054,45613,52340,50937,63203,63328,73330,73638,53351,58933,36707,47586,11153,21201,31887,30781,48409,42613,50045,48162,60818,60535,71028,71216,52034,57360,35856,46310,10858,20504,565635,537577,77610,74413,105444,101299,30786,24,22
2021-09-06T23:59:59+02:00,3990,3669,34728,33445,50688,45232,52079,50641,62983,63090,73173,73489,53286,58852,36688,47545,11150,21192,31683,30602,48208,42458,49904,48024,60708,60417,70933,71128,51986,57314,35840,46291,10853,20491,562869,536722,77610,74412,105444,101295,29974,24,22
2021-09-05T23:59:59+02:00,3982,3657,34713,33430,50686,45224,52067,50632,62972,63080,73158,73484,53282,58844,36682,47538,11148,21188,31665,30583,48192,42444,49891,48016,60697,60407,70923,71123,51980,57302,35838,46286,10852,20489,562736,536586,77609,74410,105444,101282,29955,24,22
2021-09-04T23:59:59+02:00,3982,3657,34712,33430,50684,45224,52066,50631,62972,63080,73158,73484,53282,58844,36682,47538,11148,21188,31664,30581,48191,42444,49889,48014,60697,60407,70922,71123,51980,57302,35838,46286,10852,20489,562734,536582,77609,74408,105444,101282,29952,24,22
2021-09-03T23:59:59+02:00,3934,3610,34550,33303,50535,45103,51962,50514,62824,62957,73033,73386,53242,58796,36662,47517,11144,21185,31393,30391,47997,42273,49720,47849,60495,60235,70777,70978,51926,57245,35813,46263,10849,20485,562595,536447,77024,73173,105433,101269,29182,24,22
2021-09-02T23:59:59+02:00,3909,3581,34494,33258,50501,45062,51929,50482,62785,62918,72996,73361,53221,58785,36653,47500,11144,21181,31325,30330,47947,42226,49677,47804,60440,60182,70735,70951,51908,57229,35804,46254,10848,20480,562199,536055,77003,73168,105433,101158,29102,24,22
2021-09-01T23:59:59+02:00,3892,3567,34467,33227,50476,45035,51909,50460,62765,62883,72967,73343,53212,58776,36649,47492,11144,21180,31273,30291,47913,42196,49647,47779,60411,60157,70713,70920,51889,57210,35794,46247,10848,20477,561928,535708,76999,73161,105433,101131,29061,24,22
2021-08-31T23:59:59+02:00,3865,3554,34427,33179,50449,44998,51882,50427,62737,62851,72937,73312,53192,58754,36640,47479,11141,21180,31214,30261,47886,42170,49625,47762,60384,60141,70698,70893,51875,57200,35790,46240,10845,20471,561534,535432,76999,73158,105433,101125,29015,24,22
2021-08-30T23:59:59+02:00,3639,3345,33848,32669,50032,44626,51534,50086,62446,62590,72730,73134,53110,58668,36610,47432,11138,21172,30935,30000,47590,41941,49401,47595,60202,60012,70542,70789,51808,57155,35771,46208,10842,20464,558561,534349,76999,73155,105432,101115,27794,24,22
2021-08-29T23:59:59+02:00,3633,3337,33826,32647,50014,44618,51518,50068,62435,62576,72720,73118,53102,58663,36608,47425,11138,21170,30917,29980,47566,41914,49381,47578,60185,59995,70530,70777,51805,57147,35768,46207,10842,20462,558414,534230,76998,73154,105431,101071,27750,24,22
2021-08-28T23:59:59+02:00,3633,3337,33823,32647,50009,44617,51517,50066,62433,62573,72718,73117,53101,58661,36608,47425,11138,21170,30908,29971,47560,41912,49378,47575,60182,59991,70527,70775,51804,57143,35768,46207,10842,20462,558405,534193,76998,73153,105431,101071,27736,24,22
2021-08-27T23:59:59+02:00,3628,3331,33816,32627,50005,44615,51505,50060,62425,62568,72701,73111,53097,58659,36607,47424,11137,21169,30890,29952,47551,41905,49369,47566,60174,59983,70515,70774,51802,57142,35767,46206,10841,20462,558331,534115,76998,73151,105431,101068,27702,24,22
2021-08-26T23:59:59+02:00,3603,3303,33774,32577,49979,44576,51464,50011,62380,62544,72668,73081,53087,58650,36600,47422,11136,21165,30597,29683,47334,41695,49196,47411,60059,59883,70432,70704,51770,57111,35750,46183,10839,20458,557979,532312,76972,73144,105430,101004,27616,24,22
2021-08-25T23:59:59+02:00,3562,3279,33724,32535,49953,44530,51432,49983,62341,62511,72632,73058,53079,58632,36594,47408,11135,21164,29850,28983,46907,41282,48872,47119,59835,59660,70258,70554,51703,57035,35729,46148,10830,20450,557554,528008,76972,73141,105430,100981,27573,24,22
2021-08-24T23:59:59+02:00,3522,3257,33668,32476,49924,44487,51404,49935,62297,62463,72587,73010,53058,58608,36581,47395,11133,21156,29621,28763,46779,41151,48764,47013,59743,59566,70173,70454,51657,56988,35708,46136,10827,20447,557064,526576,76969,73137,105428,100947,27477,24,22
2021-08-23T23:59:59+02:00,3218,2993,33036,31858,49501,44094,51063,49635,61970,62170,72294,72779,52961,58519,36543,47332,11122,21147,29201,28371,46396,40853,48523,46801,59473,59359,69947,70306,51580,56917,35683,46093,10821,20440,554024,525127,76966,73135,105427,100942,25795,24,22
2021-08-22T23:59:59+02:00,3207,2985,33025,31851,49491,44084,51055,49629,61965,62163,72290,72777,52958,58516,36541,47330,11122,21146,29177,28355,46378,40845,48515,46790,59462,59351,69941,70303,51571,56913,35680,46090,10821,20440,553955,525031,76962,73130,105424,100928,25771,24,22
2021-08-21T23:59:59+02:00,3205,2985,33019,31848,49489,44082,51054,49626,61962,62162,72289,72776,52958,58516,36541,47330,11122,21146,29165,28342,46373,40841,48510,46785,59458,59351,69941,70302,51570,56913,35680,46090,10821,20440,553938,524990,76962,73126,105424,100928,25763,24,22
2021-08-20T23:59:59+02:00,3189,2974,32897,31755,49300,43953,50883,49516,61783,62036,72142,72696,52910,58474,36526,47312,11119,21142,28628,27840,45899,40486,48231,46575,59204,59168,69737,70179,51485,56855,35650,46062,10817,20433,553712,523294,76962,72952,105423,100701,24487,24,22
2021-08-19T23:59:59+02:00,3162,2951,32846,31716,49266,43918,50836,49474,61738,61998,72093,72657,52884,58454,36519,47297,11115,21135,27686,26987,45111,39882,47804,46212,58873,58895,69465,69957,51385,56766,35608,46015,10812,20427,553299,518923,76927,71977,105418,100609,24392,24,22
2021-08-18T23:59:59+02:00,3141,2932,32800,31671,49230,43883,50798,49438,61693,61961,72046,72630,52855,58437,36505,47283,11114,21130,26393,25680,44186,39004,47102,45470,58198,58311,68978,69502,51198,56544,35531,45922,10800,20410,552866,513376,76906,68778,105415,100556,24337,24,22
2021-08-17T23:59:59+02:00,3117,2909,32728,31611,49187,43813,50756,49404,61647,61917,72010,72589,52832,58413,36492,47271,11111,21125,25103,24292,43317,38311,46502,44992,57669,57869,68546,69177,51063,56360,35456,45842,10784,20396,552320,507764,76901,66701,105414,100519,24274,24,22
2021-08-16T23:59:59+02:00,3106,2889,32711,31590,49163,43791,50747,49387,61627,61900,71989,72574,52821,58405,36491,47260,11109,21121,23669,22891,42408,37460,46230,44701,57446,57609,68340,69017,50991,56276,35426,45797,10782,20382,552094,501400,76898,66669,105412,100506,24254,24,22
2021-08-15T23:59:59+02:00,3099,2878,32700,31574,49152,43786,50737,49377,61612,61884,71974,72562,52817,58397,36488,47260,11109,21121,21235,20420,41653,36921,45864,44334,57114,57313,68056,68761,50879,56173,35389,45741,10779,20373,551970,492654,76897,66490,105402,100490,24235,24,22
2021-08-14T23:59:59+02:00,3099,2877,32696,31572,49147,43785,50734,49375,61607,61881,71970,72556,52817,58397,36487,47260,11109,21121,21212,20394,41613,36891,45847,44319,57100,57302,68044,68750,50877,56171,35388,45740,10779,20372,551964,492471,76896,66487,105402,100490,24205,24,22
2021-08-13T23:59:59+02:00,3085,2860,32654,31545,49124,43770,50712,49357,61574,61850,71948,72536,52812,58390,36484,47255,11108,21118,21095,20307,41525,36792,45785,44267,57052,57264,68004,68716,50860,56159,35379,45731,10778,20370,551807,491881,76895,66484,105401,100469,24056,24,22
2021-08-12T23:59:59+02:00,3068,2831,32606,31495,49089,43730,50674,49328,61520,61821,71912,72500,52796,58371,36467,47246,11107,21115,20627,19994,40571,35982,45417,43936,56833,57086,67827,68551,50788,56075,35348,45686,10773,20363,551392,487640,76891,66482,105399,100424,23971,24,22
2021-08-11T23:59:59+02:00,3026,2800,32550,31451,49055,43694,50649,49304,61492,61790,71884,72472,52774,58345,36455,47237,11106,21110,19733,19109,39244,34796,44816,43359,56473,56756,67534,68278,50667,55937,35311,45627,10771,20350,550976,480226,76885,66478,105398,100402,23912,24,22
2021-08-10T23:59:59+02:00,3010,2781,32499,31406,49018,43664,50619,49272,61473,61750,71844,72427,52751,58329,36444,47214,11105,21105,18709,18141,37142,32935,43930,42483,56021,56360,67145,67931,50516,55783,35250,45530,10766,20330,550513,469989,76885,66476,105397,100383,23893,24,22
2021-08-09T23:59:59+02:00,2994,2774,32470,31382,48994,43646,50591,49254,61454,61732,71824,72407,52742,58320,36439,47204,11103,21104,17286,16725,34147,30501,43266,41848,55614,55997,66813,67605,50374,55635,35199,45481,10761,20312,550264,457780,76883,66472,105393,100370,23871,24,22
2021-08-08T23:59:59+02:00,2991,2774,32458,31372,48984,43639,50586,49248,61446,61725,71821,72406,52741,58318,36439,47201,11103,21103,17259,16695,34125,30487,43229,41816,55601,55984,66804,67600,50369,55630,35198,45478,10760,20311,550209,457593,76883,66467,105382,100351,23858,24,22
2021-08-07T23:59:59+02:00,2990,2769,32451,31362,48981,43631,50581,49248,61443,61722,71814,72404,52740,58316,36438,47201,11103,21103,17233,16666,34097,30468,43196,41786,55580,55967,66793,67593,50363,55628,35196,45478,10760,20310,550160,457367,76883,66464,105382,100350,23849,24,22
2021-08-06T23:59:59+02:00,2902,2677,32108,31138,48727,43433,50325,49021,61155,61517,71539,72237,52608,58212,36384,47148,11100,21094,17028,16530,33388,29990,42728,41418,55236,55741,66483,67417,50233,55534,35147,45441,10757,20303,550089,455696,75776,66177,105378,100348,22059,24,22
2021-08-05T23:59:59+02:00,2855,2638,31955,31021,48633,43344,50245,48967,61102,61472,71487,72196,52581,58193,36375,47131,11098,21092,16798,16276,31526,28555,41686,40471,54961,55392,66271,67245,50168,55457,35124,45402,10750,20294,549217,448891,75773,66104,105369,100225,22003,24,22
2021-08-04T23:59:59+02:00,2780,2562,31709,30827,48446,43208,50091,48855,61021,61396,71425,72140,52552,58153,36362,47116,11095,21087,16533,16032,31173,28334,40494,39397,54570,55061,66098,67093,50104,55374,35094,45374,10747,20287,547923,444583,75772,66085,105367,100152,21744,20,21
2021-08-03T23:59:59+02:00,2592,2382,31200,30366,48196,42959,49917,48664,60858,61224,71279,71993,52498,58082,36340,47087,11085,21073,16094,15587,30587,27807,38762,37778,53880,54413,65763,66783,50007,55246,35046,45322,10742,20277,544983,436913,75772,66079,105364,100133,21657,20,21
2021-08-02T23:59:59+02:00,2481,2287,30887,30082,47998,42778,49763,48535,60751,61120,71191,71911,52465,58050,36318,47068,11084,21070,15790,15318,30250,27455,36616,35954,53322,53900,65555,66607,49935,55161,35024,45294,10740,20273,543051,430072,75769,66075,105359,100020,21641,20,21
2021-08-01T23:59:59+02:00,2478,2284,30875,30075,47979,42766,49751,48527,60738,61110,71182,71905,52460,58042,36314,47068,11084,21070,15667,15192,30112,27341,34311,34099,53024,53650,65463,66538,49895,55121,35017,45276,10739,20271,542994,424625,75767,66071,105313,99997,21615,20,21
2021-07-31T23:59:59+02:00,2478,2284,30870,30071,47977,42764,49749,48527,60737,61110,71182,71903,52457,58039,36314,47068,11084,21069,15652,15180,30079,27321,34298,34092,53006,53642,65450,66533,49891,55116,35017,45275,10738,20270,542975,424477,75767,66070,105312,99994,21610,20,21
2021-07-30T23:59:59+02:00,2464,2279,30824,30027,47945,42743,49725,48502,60703,61081,71147,71885,52448,58028,36314,47068,11084,21067,15497,14880,29821,27006,34118,33842,52806,53350,65286,66330,49844,55070,35006,45263,10738,20269,542802,424126,75762,66061,105309,98084,21442,20,21
2021-07-29T23:59:59+02:00,2432,2259,30664,29935,47862,42682,49672,48437,60642,61040,71101,71839,52429,58009,36306,47052,11081,21062,15185,14604,29508,26793,32833,32895,52025,52738,64931,66063,49745,54978,34964,45206,10733,20261,542139,421434,75755,63336,105297,97939,21294,20,21
2021-07-28T23:59:59+02:00,2386,2222,30511,29825,47779,42613,49599,48365,60569,60962,71035,71782,52405,57971,36288,47034,11080,21057,14782,14233,29069,26476,32463,32565,51311,52127,64539,65736,49651,54876,34930,45149,10717,20242,541193,417297,75751,63283,105291,97549,21229,20,21
2021-07-27T23:59:59+02:00,2308,2149,30270,29556,47628,42438,49455,48229,60461,60839,70935,71695,52347,57910,36260,46995,11072,21050,14140,13577,28302,25850,31712,31914,50059,51033,63811,65169,49464,54671,34862,45034,10710,20224,539370,408968,75741,63257,105285,97452,21182,20,21
2021-07-26T23:59:59+02:00,2247,2094,30070,29322,47510,42309,49380,48145,60398,60774,70885,71650,52322,57878,36249,46982,11070,21041,13775,13201,27951,25562,31094,31504,48502,49664,62833,64342,49259,54467,34794,44953,10700,20212,538144,401259,75738,63252,105281,97422,21144,20,21
2021-07-25T23:59:59+02:00,2001,1892,29249,28651,47119,41995,49095,47860,60163,60551,70704,71492,52266,57803,36222,46940,11069,21034,13682,13141,27855,25500,31009,31438,48382,49602,62746,64293,49238,54449,34787,44944,10700,20211,533975,400629,75738,63245,105274,97262,21100,20,21
2021-07-24T23:59:59+02:00,1921,1824,28996,28421,46968,41890,48978,47760,60008,60432,70575,71412,52219,57773,36205,46919,11067,21034,13547,13031,27652,25365,30849,31309,48171,49432,62583,64198,49194,54419,34772,44926,10698,20209,533288,400019,75736,63242,105273,97260,20086,20,21
2021-07-23T23:59:59+02:00,1809,1703,28666,28095,46723,41739,48723,47547,59759,60243,70371,71285,52144,57702,36186,46882,11063,21025,13296,12807,27219,25051,30470,31002,47573,48942,62254,63962,49111,54353,34750,44882,10693,20200,532294,397622,75359,63188,105262,97258,18731,20,21
2021-07-22T23:59:59+02:00,1797,1696,28587,28017,46585,41599,48512,47336,59581,60101,70254,71156,52101,57665,36170,46865,11063,21025,13068,12553,26884,24717,30120,30685,45647,47380,61448,63262,49015,54251,34712,44838,10690,20190,531990,390924,74208,63039,105220,97035,18673,20,21
2021-07-21T23:59:59+02:00,1764,1657,28322,27812,46201,41265,47921,46780,58998,59619,69797,70766,51929,57504,36112,46808,11054,21012,12642,12115,26305,24175,29546,30118,41919,44141,59964,61994,48846,54071,34649,44755,10680,20163,531438,379293,70939,62529,105066,96589,17859,20,21
2021-07-20T23:59:59+02:00,1741,1642,28201,27674,46138,41207,47874,46742,58944,59569,69744,70718,51894,57476,36096,46782,11050,21005,12145,11582,25567,23484,28895,29369,38464,41147,58418,60530,48643,53850,34567,44663,10662,20143,530747,368908,70919,59136,105049,96467,17763,20,21
2021-07-19T23:59:59+02:00,1736,1641,28171,27639,46116,41194,47862,46728,58931,59553,69732,70716,51892,57472,36096,46778,11048,21005,12100,11554,25503,23450,28864,29336,38420,41115,58377,60503,48639,53842,34566,44660,10659,20142,530601,368597,70919,59123,105034,96415,17737,20,21
2021-07-18T23:59:59+02:00,1732,1634,28145,27614,46092,41185,47848,46715,58925,59543,69725,70707,51890,57471,36095,46777,11048,21004,12038,11529,25418,23410,28803,29304,38359,41088,58317,60462,48637,53838,34563,44659,10659,20142,530470,368261,70917,59093,105026,96295,17718,20,21
2021-07-17T23:59:59+02:00,1732,1632,28126,27601,46077,41176,47838,46711,58918,59538,69718,70703,51885,57467,36094,46777,11048,21004,12011,11518,25385,23374,28770,29284,38337,41071,58282,60438,48627,53830,34561,44659,10659,20142,530393,368013,70916,59089,105026,96292,17691,20,21
2021-07-16T23:59:59+02:00,1717,1612,27860,27412,45794,41011,47614,46538,58619,59336,69486,70562,51779,57394,36050,46741,11043,21002,11758,11324,25056,23135,28472,29053,37941,40796,57774,60015,48491,53716,34509,44609,10653,20138,530077,366812,70915,59086,104901,96018,15658,20,21
2021-07-15T23:59:59+02:00,1619,1499,27397,27024,45536,40773,47468,46425,58478,59222,69383,70474,51738,57351,36035,46719,11042,20995,11465,11097,24576,22791,28107,28781,37547,40517,55728,57969,48321,53515,34452,44525,10645,20127,527750,359870,70912,59001,104893,95807,15604,20,21
2021-07-14T23:59:59+02:00,1452,1367,26831,26485,45231,40485,47266,46241,58295,59025,69223,70327,51677,57292,36010,46689,11036,20990,11278,10911,24166,22438,27755,28462,37024,40115,54510,56789,48184,53364,34401,44461,10637,20105,524581,356161,70906,57341,104874,95661,15542,20,21
2021-07-13T23:59:59+02:00,1167,1063,25878,25590,44739,40072,46909,45923,57969,58740,68950,70080,51564,57166,35967,46634,11032,20975,10933,10573,23631,21891,27137,27876,35646,38924,50378,52885,47820,52976,34272,44312,10620,20076,519195,346903,70900,52139,104871,95554,15433,20,21
2021-07-12T23:59:59+02:00,703,666,24497,24332,44179,39592,46710,45707,57756,58544,68767,69908,51502,57075,35949,46608,11030,20967,10700,10465,23424,21752,26885,27741,35400,38756,49937,52466,47745,52891,34243,44277,10620,20070,513303,345447,70900,52113,104865,94474,15406,19,21
2021-07-11T23:59:59+02:00,700,661,24476,24311,44149,39570,46692,45695,57742,58532,68753,69906,51500,57072,35946,46604,11029,20967,10604,10380,23207,21629,26620,27642,35090,38673,49225,51979,46259,51305,34153,44171,10620,20068,513213,344943,70896,52067,104852,89355,15326,19,21
2021-07-10T23:59:59+02:00,698,656,24469,24305,44144,39562,46689,45692,57736,58531,68753,69905,51500,57072,35946,46604,11029,20967,10592,10371,23183,21610,26606,27633,35068,38668,49211,51974,46245,51289,34151,44170,10620,20068,513179,344838,70893,52066,104850,89299,15318,19,21
2021-07-09T23:59:59+02:00,691,646,24021,23845,43867,39324,46620,45631,57675,58490,68702,69880,51483,57059,35942,46596,11028,20967,10512,10200,23089,21422,26545,27424,35001,38451,49147,51870,46223,51264,34147,44167,10620,20068,511420,343609,70890,52053,104844,89255,15295,19,21
2021-07-08T23:59:59+02:00,625,579,22939,22838,43062,38719,46368,45426,57466,58346,68504,69741,51405,56993,35914,46573,11026,20959,10256,10009,22712,21169,26149,27161,34524,38139,48540,51352,45887,50897,34077,44089,10613,20046,506718,340034,70867,51906,104786,88638,15094,19,21
2021-07-07T23:59:59+02:00,573,533,21614,21440,42320,38031,46147,45205,57228,58156,68337,69581,51320,56909,35877,46519,11018,20945,9882,9702,21835,20578,25046,26366,32688,36771,47619,50466,45387,50360,33970,43950,10605,20028,501321,335091,70694,47525,104765,87723,14955,19,21
2021-07-06T23:59:59+02:00,515,470,20380,20157,41469,37384,45670,44854,56834,57851,68009,69321,51220,56783,35833,46467,11010,20936,9489,9321,20972,19984,24082,25711,31196,35576,46425,49266,44607,49577,33835,43774,10592,20008,496823,327765,68767,45419,104744,86449,14811,19,21
2021-07-05T23:59:59+02:00,479,442,18972,18771,40604,36579,45452,44628,56652,57648,67848,69193,51164,56728,35812,46438,11008,20929,9200,9065,20411,19603,23415,25291,30556,35149,45666,48652,43851,48786,33705,43586,10583,19996,491092,321984,68764,45396,104737,85420,14738,17,21
2021-07-04T23:59:59+02:00,472,436,17184,16732,40258,36348,45364,44555,56567,57579,67769,69125,51131,56702,35802,46418,11006,20927,9139,9014,20271,19538,23241,25213,30299,35069,44872,48524,42488,47437,33626,43512,10581,19990,486235,321525,68737,45351,104721,81296,14665,17,21
2021-07-03T23:59:59+02:00,472,435,17163,16712,40208,36300,45348,44540,56560,57575,67763,69118,51129,56699,35802,46418,11006,20926,9096,8973,20205,19470,23181,25149,30215,34990,44651,48348,42419,47362,33581,43453,10578,19990,486052,320567,68735,45350,104720,81116,14650,17,21
2021-07-02T23:59:59+02:00,451,412,17048,16607,39738,35925,45235,44443,56507,57533,67714,69086,51117,56694,35796,46406,11006,20925,8938,8806,19877,19192,22795,24771,29796,34577,44022,47704,42217,47132,33483,43318,10572,19986,484553,317572,68717,44314,104718,80682,14638,17,21
2021-07-01T23:59:59+02:00,399,372,16742,16325,38000,34590,44662,43944,56247,57324,67540,68917,51037,56605,35768,46367,11002,20917,8564,8411,19014,18486,21830,23917,28411,33388,40996,44733,41220,46050,32870,42590,10555,19957,479067,310088,68642,39431,104695,77146,14337,17,21
2021-06-30T23:59:59+02:00,351,327,16451,16079,35809,32765,44039,43312,56023,57129,67335,68726,50953,56512,35739,46313,10998,20901,8205,8074,18342,17858,20945,23087,27136,32128,36358,39865,40139,44906,32207,41801,10534,19932,472205,299606,68598,33402,104676,74251,14266,17,21
2021-06-29T23:59:59+02:00,312,290,16231,15879,34806,31681,43591,42867,55841,56969,67164,68577,50876,56439,35700,46269,10990,20894,7624,7465,17211,16923,19692,21868,25438,30451,33612,36743,37287,41858,31466,40912,10511,19894,468007,283409,68590,33355,104662,68096,14100,17,19
2021-06-28T23:59:59+02:00,302,268,16087,15722,33084,30255,43269,42572,55676,56829,67047,68471,50830,56387,35682,46248,10987,20882,7320,7204,16657,16544,19300,21553,24929,30067,33022,36244,35909,40370,30679,39978,10507,19883,463570,280355,68568,33305,104641,62706,13802,17,19
2021-06-27T23:59:59+02:00,302,268,16065,15699,32929,30167,43207,42543,55639,56820,67021,68463,50825,56383,35679,46247,10987,20881,7276,7177,16519,16476,19137,21491,24727,29993,32794,36103,34652,39099,29051,38056,10506,19882,463246,280184,68565,33266,104635,55828,13662,17,19
2021-06-26T23:59:59+02:00,300,266,16044,15679,32905,30150,43162,42502,55616,56806,67015,68460,50823,56381,35676,46246,10987,20881,7272,7165,16499,16464,19121,21483,24694,29971,32773,36082,34639,39087,29049,38053,10506,19882,463023,279991,68563,33266,104635,55823,13661,17,19
2021-06-25T23:59:59+02:00,294,265,15990,15634,32792,30050,42970,42342,55558,56761,66975,68436,50813,56370,35672,46245,10987,20881,7084,6888,16216,15955,18853,20829,24326,29036,32385,35361,34478,38871,29026,38023,10506,19882,462200,277315,68562,33257,104618,53510,13638,17,19
2021-06-24T23:59:59+02:00,274,252,15717,15433,32341,29762,41500,41095,55091,56404,66743,68276,50760,56314,35656,46217,10982,20871,6768,6662,15521,15511,17402,19811,22247,27477,31286,34466,34075,38448,28902,37843,10494,19868,457626,267622,68561,33205,104614,53084,12870,17,19
2021-06-23T23:59:59+02:00,259,235,15435,15140,31842,29361,39395,39272,54547,55861,66492,68055,50671,56205,35616,46171,10977,20858,6561,6499,15158,15232,16875,19362,21366,26678,29593,33104,33317,37598,28711,37603,10487,19853,450550,259810,68515,33115,104611,52370,12699,17,19
2021-06-22T23:59:59+02:00,237,200,15052,14747,31173,28728,35949,36222,53635,55061,66190,67750,50565,56083,35577,46114,10973,20844,6385,6288,14752,14904,16075,18645,19948,25364,27991,31452,32518,36624,28172,36997,10469,19820,439602,249717,68483,33032,104606,51256,12392,17,19
2021-06-21T23:59:59+02:00,222,194,14810,14573,30482,28265,33780,34254,53171,54635,66011,67633,50484,56009,35551,46092,10968,20839,6289,6204,14590,14787,15905,18510,19828,25252,27883,31367,32363,36485,26963,35766,10469,19817,432764,249045,68461,32985,104575,48285,12156,17,19
2021-06-20T23:59:59+02:00,215,193,14685,14484,28573,26925,33167,33807,53082,54539,65942,67596,50461,55981,35543,46089,10967,20837,5840,5909,13647,14151,15082,17923,19276,24897,27572,31169,32199,36306,26937,35735,10467,19813,428373,244083,68457,32950,104571,48215,11668,17,19
2021-06-19T23:59:59+02:00,209,188,14660,14451,28459,26844,33136,33780,53060,54523,65926,67585,50455,55972,35541,46084,10966,20835,5625,5747,13084,13739,14475,17446,18949,24696,27379,30998,32120,36206,26920,35721,10467,19813,427968,240555,68455,32948,104571,48212,11663,17,19
2021-06-18T23:59:59+02:00,207,180,14571,14365,28359,26779,31887,32871,52693,54216,65793,67492,50424,55938,35523,46058,10962,20831,5555,5672,12986,13655,14310,17320,18713,24467,26559,30332,31914,35970,26854,35646,10463,19806,427479,237613,65480,32831,104562,48158,11611,17,19
2021-06-17T23:59:59+02:00,193,164,14198,14102,27767,26534,31398,32610,51904,53650,65366,67225,50343,55838,35490,46017,10956,20819,5178,5413,12203,13184,13522,16709,17620,23541,24401,28367,31272,35234,26656,35368,10446,19792,424284,228603,65475,32553,104538,47478,10262,15,19
2021-06-16T23:59:59+02:00,164,136,13770,13703,27303,26179,30959,32255,51092,52945,64914,66837,50225,55718,35461,45960,10945,20807,4813,4972,11482,12508,12732,16017,16520,22420,21434,25501,30203,34026,26359,34964,10431,19751,419430,214554,65433,32525,104532,47081,9963,15,19
2021-06-15T23:59:59+02:00,103,83,13142,13083,26551,25603,30176,31661,49840,51881,64201,66311,50047,55522,35393,45848,10936,20788,4318,4340,10512,11572,11580,14636,14789,20716,18004,22199,28832,32591,25973,34445,10405,19707,411720,195935,65417,32410,104526,46773,9491,15,19
2021-06-14T23:59:59+02:00,73,62,12738,12710,26144,25278,29515,31197,48043,50413,63150,65476,49832,55297,35316,45772,10928,20776,4218,4287,10337,11443,11440,14504,14611,20595,17812,22040,28762,32511,25954,34418,10401,19704,403851,195501,65408,32138,104524,46466,8922,15,19
2021-06-13T23:59:59+02:00,72,61,12697,12666,26070,25245,29452,31170,47990,50388,63114,65452,49826,55294,35314,45768,10927,20773,4063,4210,10009,11315,11117,14393,14315,20483,17412,21698,27250,30872,25814,34223,10397,19693,403649,194764,65332,27467,104517,46257,8766,15,19
2021-06-12T23:59:59+02:00,72,60,12680,12650,26056,25234,29441,31158,47931,50317,63072,65416,49825,55291,35314,45768,10927,20773,4061,4200,9993,11301,11109,14379,14296,20466,17392,21689,27209,30827,25809,34217,10397,19693,403356,194581,65332,27465,104516,46216,8766,15,19
2021-06-11T23:59:59+02:00,70,57,12581,12520,25931,25120,29320,31034,47696,50092,62940,65297,49801,55265,35303,45757,10925,20771,3967,3928,9468,10108,10678,13471,14006,19909,17119,21211,26802,30406,25719,34135,10394,19691,402092,193539,65323,27461,104474,41426,8576,15,19
2021-06-10T23:59:59+02:00,62,50,12336,12308,25615,24839,28975,30768,46623,49076,62205,64727,49716,55170,35269,45705,10915,20758,3699,3565,8700,8858,9779,11827,12704,17154,15336,17613,25091,28485,25422,33830,10388,19667,397223,188039,65270,27022,104273,28710,8336,15,19
2021-06-09T23:59:59+02:00,49,38,12045,11984,25207,24432,28581,30372,44618,47253,61114,63789,49611,55047,35222,45651,10909,20740,3454,3445,8284,8604,9271,11507,12193,16763,14627,17015,21259,24171,25196,33529,10376,19641,389235,176479,65147,26678,104272,28174,7993,15,19
2021-06-08T23:59:59+02:00,43,27,11615,11451,24546,23810,27925,29709,41453,44407,59341,62156,49440,54856,35149,45560,10899,20718,3245,3309,7886,8346,8654,11135,11531,16342,13970,16369,15882,18221,24805,33003,10358,19613,376583,161287,65086,26345,104262,27872,7159,15,14
2021-06-07T23:59:59+02:00,38,20,11454,11262,24194,23535,27648,29502,38825,42479,58913,61794,49406,54825,35137,45539,10897,20712,3149,3241,7579,8170,8337,10959,10957,15891,13467,15891,15806,18142,24774,32953,10356,19606,370940,160972,64659,24519,104253,27468,6313,15,14
2021-06-06T23:59:59+02:00,35,19,11319,11156,23874,23306,27439,29329,37223,41293,58786,61714,49382,54797,35129,45525,10897,20710,3046,3191,7308,8082,8067,10791,10218,15209,12873,15272,15655,18031,24760,32930,10354,19606,370532,160858,61274,21357,104242,27303,5870,15,13
2021-06-05T23:59:59+02:00,35,18,11301,11139,23831,23271,27404,29303,37196,41279,58688,61629,49371,54791,35127,45523,10897,20707,3034,3180,7285,8050,8038,10775,10188,15195,12833,15248,15534,17867,24755,32922,10353,19605,370202,160434,61272,21356,104242,27288,5779,15,13
2021-06-04T23:59:59+02:00,35,16,11115,10879,23468,22807,27132,28906,36769,40829,58070,61088,49337,54750,35117,45505,10895,20701,3010,3163,7256,8034,8017,10757,10159,15170,12799,15214,15323,17661,24744,32901,10351,19604,368401,159850,59002,21343,104228,27191,5773,15,13
2021-06-03T23:59:59+02:00,33,15,10895,10663,23012,22415,26708,28570,35673,40002,55309,58740,49208,54591,35074,45441,10890,20686,2921,3082,7049,7878,7560,10460,9132,14540,11554,14515,14141,16195,24565,32684,10339,19585,364464,156499,54079,17621,104178,26884,5190,14,13
2021-06-02T23:59:59+02:00,33,15,10860,10630,22976,22381,26677,28545,35643,39961,55182,58582,49194,54568,35068,45434,10890,20685,2881,3053,6994,7860,7501,10427,8976,14500,11331,14452,12789,14717,24446,32511,10334,19578,363881,152688,54073,17610,104178,26868,5178,14,13
2021-06-01T23:59:59+02:00,20,8,10447,10287,22320,21872,25992,27963,34922,39385,52181,55437,48805,54159,34950,45271,10874,20659,2422,2693,5639,7174,6229,9851,7583,13830,10197,13489,8479,9156,23971,31831,10312,19523,353126,134488,53903,17242,104159,26293,4350,14,13
2021-05-31T23:59:59+02:00,19,7,10173,10058,21746,21475,25585,27711,34601,39182,50733,54041,48707,54034,34917,45230,10867,20651,2312,2569,5353,6929,5970,9631,7218,13589,9941,13329,8428,9094,23945,31784,10304,19510,348397,133718,53864,17121,104135,25734,3327,14,13
2021-05-30T23:59:59+02:00,18,7,10119,10010,21656,21437,25520,27677,34489,39111,50368,53701,48682,54008,34911,45224,10865,20648,2277,2539,5248,6851,5868,9564,7029,13501,9716,13232,8384,9047,23929,31777,10303,19505,347213,133125,53844,16947,104119,25431,3261,14,13
2021-05-29T23:59:59+02:00,17,7,10104,9998,21622,21419,25503,27665,34468,39098,50355,53683,48678,54004,34908,45223,10865,20648,2258,2485,5204,6726,5808,9433,6913,13304,9578,13011,8312,8957,23862,31710,10302,19504,347057,132848,53844,16895,104098,24366,3252,14,13
2021-05-28T23:59:59+02:00,17,7,10046,9930,21547,21311,25424,27546,34391,38998,50277,53584,48657,53986,34901,45215,10865,20644,2174,2218,4587,6185,5189,8713,6542,12342,9082,12016,8136,8760,23492,31228,10301,19501,346215,131351,53832,16797,104040,19067,3245,14,13
2021-05-27T23:59:59+02:00,16,7,9782,9682,21020,20933,24880,27188,33867,38620,49665,52976,48487,53794,34832,45141,10861,20625,1932,1950,4004,5664,4511,8110,6031,11574,8137,10694,7631,8102,21932,29078,10286,19479,341937,125697,53424,15662,103933,14680,3068,14,13
2021-05-26T23:59:59+02:00,16,7,9508,9435,20296,20364,24011,26516,32607,37591,48902,52273,48232,53506,34758,45027,10850,20601,1877,1878,3910,5537,4376,7948,5825,11313,7812,10310,7069,7377,19503,25652,10268,19436,337228,117226,50448,15408,103881,14519,2929,14,13
2021-05-25T23:59:59+02:00,15,7,9244,9200,19883,20007,23574,26127,32098,37076,48008,51296,47934,53188,34670,44885,10838,20571,1811,1830,3790,5438,4240,7804,5615,11089,7500,9989,6446,6539,15386,20277,10248,19378,331645,105048,50368,15364,103809,14174,2785,14,13
2021-05-24T23:59:59+02:00,14,7,9025,9043,19314,19718,22803,25740,30583,36058,47784,51123,47842,53087,34641,44855,10836,20570,1786,1814,3744,5404,4177,7762,5550,11030,7424,9933,6420,6515,15372,20268,10248,19378,330065,104930,46564,15351,103748,13883,2652,14,13
2021-05-23T23:59:59+02:00,14,7,8817,8836,18955,19425,22381,25392,30158,35737,47192,50611,47409,52633,34538,44709,10828,20561,1784,1813,3735,5399,4173,7757,5540,11022,7416,9925,6415,6504,15372,20266,10248,19378,325230,104876,46562,15349,103747,13863,2650,14,13
2021-05-22T23:59:59+02:00,14,7,8786,8800,18905,19382,22335,25360,30105,35707,47083,50541,47390,52611,34535,44700,10824,20561,1783,1810,3722,5386,4169,7751,5536,11016,7409,9921,6413,6502,15370,20266,10248,19378,324688,104844,46562,15349,103746,13842,2636,14,13
2021-05-21T23:59:59+02:00,13,7,8514,8446,18465,18867,21975,24718,29678,34897,46594,49876,47302,52488,34497,44657,10821,20556,1720,1768,3643,5347,4127,7717,5504,10971,7368,9873,6385,6476,15293,20169,10247,19377,319489,104534,46532,15348,103722,13480,2614,14,13
2021-05-20T23:59:59+02:00,12,7,7940,7895,17516,18071,20971,23799,28359,33698,44848,48053,46863,52028,34388,44501,10804,20537,1418,1606,3330,5059,3861,7330,5207,10491,6989,9421,6151,6220,13984,18631,10224,19338,307879,100790,46446,14868,103494,11136,2457,14,13
2021-05-19T23:59:59+02:00,12,7,7674,7579,16910,17465,20073,22924,27132,32439,43053,45965,46332,51473,34234,44278,10783,20507,1354,1523,3127,4845,3655,7079,4981,10138,6694,9090,5868,5886,11783,15788,10207,19279,296736,94571,46406,14397,103445,10082,2239,14,12
2021-05-18T23:59:59+02:00,11,7,7148,7035,15756,16439,18807,21675,25622,30811,40362,42735,45502,50526,33996,43972,10758,20465,1333,1497,3067,4774,3579,6960,4846,10005,6513,8880,5601,5610,10083,13618,10182,19225,280937,89440,45201,14347,103343,9845,2133,13,12
2021-05-17T23:59:59+02:00,11,7,7069,6974,15573,16329,18592,21506,25224,30484,38611,41096,45392,50447,33949,43906,10749,20441,1300,1474,3011,4729,3515,6901,4778,9902,6418,8779,5560,5570,10069,13600,10179,19217,280721,89371,40432,14065,103300,9664,1894,13,12
2021-05-16T23:59:59+02:00,10,6,6954,6922,15454,16243,18463,21400,25042,30369,35632,38326,45356,50412,33927,43882,10746,20436,1276,1456,2967,4688,3467,6844,4692,9834,6323,8699,5530,5533,10057,13584,10177,19214,280443,89324,34285,13797,103181,9554,1658,13,12
2021-05-15T23:59:59+02:00,10,6,6930,6891,15393,16185,18417,21361,24975,30326,35596,38285,45333,50385,33920,43877,10746,20436,1264,1430,2935,4615,3448,6775,4673,9753,6301,8649,5524,5529,10052,13583,10177,19214,279962,89270,34285,13793,103167,9206,1645,13,12
2021-05-14T23:59:59+02:00,10,5,6755,6523,15048,15687,18105,20945,24641,29865,35351,37935,45304,50354,33910,43872,10746,20434,1207,1369,2857,4511,3401,6672,4609,9602,6219,8520,5494,5485,10039,13574,10177,19213,278905,89185,34137,13774,100856,8403,1579,13,12
2021-05-13T23:59:59+02:00,10,5,6405,6207,14291,15104,17399,20314,23784,29125,34583,37266,45017,50011,33831,43748,10742,20423,1031,1285,2661,4402,3282,6550,4468,9432,6097,8377,5452,5447,10024,13557,10173,19208,272505,89036,33813,13693,100642,7417,1292,13,12
2021-05-12T23:59:59+02:00,10,5,6005,5934,13312,14428,16378,19512,23118,28688,34277,36984,44834,49816,33800,43717,10739,20420,1028,1283,2654,4396,3263,6546,4463,9422,6089,8372,5445,5441,10022,13552,10172,19207,266243,88974,33804,13683,100638,7412,1279,13,11
2021-05-11T23:59:59+02:00,10,5,5630,5710,12724,13980,14573,18070,20167,26160,31962,34657,43780,48557,33476,43246,10710,20371,966,1210,2537,4224,3156,6312,4345,9135,5973,8146,5374,5363,9980,13491,10164,19191,248949,88501,33527,13467,100200,6492,1099,13,11
2021-05-10T23:59:59+02:00,10,5,5481,5613,12452,13854,14222,17847,19365,25589,30585,33636,43248,47944,33419,43158,10702,20351,923,1151,2438,4062,3061,6110,4220,8871,5851,7949,5337,5332,9968,13475,10160,19182,243472,88393,33316,13406,99895,5498,785,13,11
2021-05-09T23:59:59+02:00,10,5,5075,5372,11258,13322,13222,17485,18340,25259,30041,33346,43192,47872,33394,43144,10699,20344,899,1121,2339,3957,2971,5971,4088,8696,5757,7844,5329,5318,9961,13471,10155,19179,238141,88348,33244,13364,99555,4910,427,13,10
2021-05-08T23:59:59+02:00,10,5,5064,5364,11236,13303,13196,17466,18310,25226,30001,33303,43184,47861,33393,43140,10699,20344,895,1115,2326,3949,2965,5971,4084,8690,5754,7841,5326,5315,9958,13466,10155,19179,237873,88320,33243,13364,99554,4876,422,13,10
2021-05-07T23:59:59+02:00,10,5,4963,5281,11008,13135,12904,17249,17701,24626,29053,32409,42993,47621,33337,43068,10695,20338,868,1084,2290,3894,2920,5925,4030,8635,5671,7788,5279,5268,9946,13457,10155,19178,235381,88185,31349,13361,99446,4628,207,13,10
2021-05-06T23:59:59+02:00,10,5,4548,5002,10339,12718,12146,16583,16101,23182,26509,30017,42290,46872,33171,42832,10679,20315,812,1029,2154,3644,2752,5616,3836,8163,5475,7466,5228,5215,9923,13429,10153,19170,226623,88003,28004,13047,98630,2959,49,13,10
2021-05-05T23:59:59+02:00,10,5,4235,4774,9745,12273,11427,16001,15003,22155,23657,27255,41311,45766,32889,42444,10661,20274,798,1007,2092,3519,2695,5461,3742,7952,5379,7331,5179,5160,9886,13390,10151,19167,213603,87742,27821,12909,98407,2210,41,13,10
2021-05-04T23:59:59+02:00,10,5,3885,4314,9072,11575,10655,15161,13698,20904,20054,23852,39965,44306,32516,41923,10638,20236,780,977,2025,3402,2626,5326,3649,7800,5283,7208,5141,5114,9856,13361,10149,19164,196537,87525,27803,12610,98382,1685,34,13,10
2021-05-03T23:59:59+02:00,10,4,3643,3891,8661,11080,10177,14536,13164,20249,19332,23206,39700,44056,32437,41820,10635,20221,766,948,1958,3297,2569,5219,3589,7687,5233,7121,5127,5103,9841,13344,10146,19159,190677,87385,27791,12602,98319,1091,22,13,10
2021-05-02T23:59:59+02:00,10,4,3640,3890,8643,11073,10168,14528,13143,20237,19314,23197,39699,44055,32436,41819,10634,20221,762,931,1928,3216,2523,5123,3542,7562,5213,7056,5123,5100,9840,13340,10146,19157,190590,87367,27778,12571,98312,599,18,13,10
2021-05-01T23:59:59+02:00,10,4,3638,3883,8630,11060,10160,14519,13136,20235,19304,23188,39699,44053,32436,41819,10634,20221,761,931,1927,3216,2523,5123,3542,7562,5213,7056,5123,5100,9840,13340,10145,19157,190511,87366,27776,12570,98312,599,17,13,10
2021-04-30T23:59:59+02:00,10,3,3615,3860,8584,11024,10117,14480,13075,20196,19201,23037,39430,43730,32415,41799,10633,20221,758,927,1914,3207,2522,5114,3539,7555,5211,7049,5120,5097,9836,13339,10145,19157,189586,87340,27507,12567,98307,559,17,13,10
2021-04-29T23:59:59+02:00,10,3,3349,3687,8150,10751,9568,14195,12581,19832,18464,22310,36368,40280,32155,41433,10622,20186,745,913,1866,3146,2473,5048,3473,7413,5119,6950,5081,5063,9814,13296,10143,19151,184044,87135,21670,12411,98202,125,16,12,10
2021-04-28T23:59:59+02:00,10,3,3187,3620,7887,10640,9171,14020,12204,19595,17978,21876,32577,35964,31938,41132,10609,20164,728,898,1840,3107,2428,4999,3436,7355,5053,6886,5018,5002,9762,13238,10140,19142,172879,86925,21517,11974,98156,116,11,12,9
2021-04-27T23:59:59+02:00,9,3,3106,3554,7627,10509,8818,13847,11720,19370,17500,21387,27013,29774,31561,40625,10588,20132,718,884,1808,3070,2392,4953,3382,7296,4998,6810,4967,4932,9727,13187,10137,19133,157537,86715,21495,11550,98088,113,11,12,8
2021-04-26T23:59:59+02:00,9,3,3053,3520,7485,10444,8652,13788,11489,19302,16976,21001,26979,29740,31547,40610,10588,20132,695,852,1740,3010,2325,4898,3316,7206,4902,6706,4869,4857,9647,13104,10135,19130,156960,86583,21277,10680,97058,113,11,12,8
2021-04-25T23:59:59+02:00,9,3,3015,3503,7324,10392,8414,13738,11157,19258,16147,20529,25424,28082,31493,40547,10588,20129,695,851,1734,3005,2318,4895,3310,7198,4898,6697,4866,4852,9639,13093,10135,19130,156472,86560,21267,10643,91990,97,11,12,8
2021-04-24T23:59:59+02:00,9,3,3011,3497,7308,10379,8403,13730,11143,19249,16130,20511,25381,28019,31490,40541,10587,20128,695,851,1734,3004,2318,4895,3309,7198,4898,6697,4866,4851,9637,13092,10135,19130,156270,86554,21263,10643,91963,97,11,12,8
2021-04-23T23:59:59+02:00,9,3,2993,3479,7266,10336,8358,13685,11076,19189,16070,20447,24959,27516,31457,40485,10584,20125,686,843,1716,2995,2302,4866,3258,7160,4799,6602,4730,4728,9470,12893,10129,19115,155080,86263,21123,9917,91811,97,11,12,7
2021-04-22T23:59:59+02:00,8,3,2915,3397,7074,10153,7816,13277,9868,18395,14517,19403,22945,25083,31245,40216,10565,20096,621,792,1601,2883,2177,4702,3097,6989,4615,6402,4575,4554,8958,12236,10093,19036,150281,84348,15825,8890,90847,78,11,12,7
2021-04-21T23:59:59+02:00,8,3,2862,3349,6950,10064,7605,13122,9502,18153,14047,18957,20436,21948,30948,39829,10548,20070,572,768,1521,2803,2090,4611,2971,6846,4453,6238,4390,4374,8388,11473,10050,18947,143279,82557,15062,7853,90038,70,11,11,7
2021-04-20T23:59:59+02:00,8,3,2822,3310,6843,9975,7467,13014,9249,17935,13556,18565,17046,17884,30635,39353,10531,20034,542,734,1448,2739,2003,4532,2872,6726,4318,6077,4204,4180,7526,10263,9982,18796,134423,79645,14817,7219,88968,65,11,11,5
2021-04-19T23:59:59+02:00,8,3,2808,3302,6796,9934,7415,12979,9173,17861,13419,18449,16713,17504,30601,39314,10529,20029,482,694,1329,2644,1904,4434,2740,6568,4121,5885,3949,3878,5696,7841,9767,18400,134103,73823,14621,6434,88091,62,11,11,5
2021-04-18T23:59:59+02:00,8,3,2792,3288,6720,9908,7310,12930,8976,17794,12583,18320,15305,16100,30533,39252,10526,20022,476,688,1319,2636,1889,4423,2707,6539,4060,5836,3873,3807,5287,7217,9722,18317,133889,72337,14478,6388,83981,58,11,11,5
2021-04-17T23:59:59+02:00,8,3,2782,3284,6703,9886,7280,12909,8944,17755,12550,18300,15252,16050,30479,39180,10525,20022,476,686,1319,2635,1888,4419,2703,6534,4057,5832,3872,3805,5282,7216,9721,18316,133535,72302,14477,6388,83878,58,11,11,5
2021-04-16T23:59:59+02:00,8,3,2769,3270,6669,9871,7229,12870,8869,17703,12442,18198,15007,15773,29960,38532,10522,20015,476,684,1314,2630,1879,4417,2697,6528,4049,5824,3868,3799,5265,7187,9721,18314,132011,72206,14470,6377,83207,56,11,11,5
2021-04-15T23:59:59+02:00,8,3,2717,3214,6539,9770,7041,12692,8526,17430,11968,17733,13951,14555,27844,35725,10506,19992,467,678,1309,2604,1864,4394,2674,6500,4006,5771,3813,3725,5234,7136,9713,18302,126095,71891,14194,6241,79904,46,10,11,5
2021-04-14T23:59:59+02:00,7,1,2661,3164,6445,9675,6896,12532,8254,17163,11538,17270,12770,13172,23140,29649,10486,19938,463,672,1295,2594,1852,4377,2652,6475,3963,5734,3766,3674,5173,7082,9684,18266,113723,71597,14161,6089,76857,24,10,10,5
2021-04-13T23:59:59+02:00,7,1,2609,3130,6317,9590,6745,12399,7975,16914,11114,16849,10107,10249,20066,25484,10464,19895,447,647,1247,2551,1799,4314,2543,6374,3783,5571,3553,3489,5027,6944,9675,18244,105313,71250,13967,4926,70615,20,10,10,5
2021-04-12T23:59:59+02:00,7,1,2588,3116,6257,9561,6638,12313,7783,16786,10867,16642,8749,8759,19247,24514,10463,19886,441,638,1227,2536,1783,4291,2509,6333,3731,5519,3493,3441,4992,6903,9670,18222,105192,71109,13912,4592,65053,16,10,10,5
2021-04-11T23:59:59+02:00,7,1,2560,3108,6161,9534,6523,12276,7618,16736,10668,16537,7476,7482,17520,22537,10461,19883,441,638,1226,2534,1783,4290,2509,6333,3729,5514,3489,3440,4986,6901,9670,18222,105123,71099,13906,4582,58039,12,10,10,5
2021-04-10T23:59:59+02:00,7,1,2559,3106,6151,9529,6514,12271,7613,16731,10661,16529,7468,7470,17511,22531,10461,19883,440,635,1224,2531,1782,4288,2507,6329,3726,5513,3480,3426,4978,6887,9670,18222,105041,71040,13906,4575,58030,12,9,10,5
2021-04-09T23:59:59+02:00,7,1,2497,3008,6016,9319,6358,12009,7353,16323,10350,16033,7311,7265,17395,22351,10460,19881,435,630,1206,2519,1756,4273,2476,6280,3647,5434,3367,3316,4839,6798,9665,18219,104572,70959,13877,3880,55469,10,9,10,5
2021-04-08T23:59:59+02:00,7,1,2418,2936,5920,9200,6255,11880,7182,16137,10094,15845,7117,7006,16136,20893,10449,19852,428,625,1194,2487,1731,4237,2449,6207,3595,5368,3293,3269,4760,6693,9643,18174,100925,70517,13523,3616,54861,9,9,10,5
2021-04-07T23:59:59+02:00,7,1,2391,2900,5847,9129,6167,11805,7049,16037,9852,15694,6819,6679,13822,17949,10428,19805,422,624,1184,2474,1718,4213,2435,6167,3528,5309,3222,3216,4705,6634,9636,18146,94776,70242,13362,3372,54225,8,9,9,5
2021-04-06T23:59:59+02:00,7,1,2374,2867,5751,9063,6076,11725,6896,15923,9612,15511,6462,6316,11723,15344,10401,19746,419,617,1177,2447,1706,4190,2409,6129,3464,5244,3138,3166,4660,6580,9631,18130,89742,69999,13062,3091,52978,8,7,9,5
2021-04-05T23:59:59+02:00,7,1,2366,2857,5733,9046,6064,11706,6883,15904,9592,15486,6338,6218,10444,14054,10401,19745,415,609,1173,2432,1700,4174,2393,6098,3431,5203,3108,3129,4639,6534,9625,18114,89660,69808,13026,2954,50144,7,6,9,5
2021-04-04T23:59:59+02:00,7,1,2366,2857,5730,9043,6062,11706,6881,15904,9590,15485,6333,6214,10444,14052,10401,19745,415,608,1173,2431,1700,4174,2392,6098,3431,5203,3108,3129,4637,6534,9625,18114,89651,69804,13024,2953,50131,7,6,9,5
2021-04-03T23:59:59+02:00,7,1,2364,2849,5722,9036,6057,11702,6878,15900,9587,15483,6330,6209,10437,14049,10401,19745,415,608,1173,2431,1700,4174,2392,6098,3431,5202,3108,3129,4637,6534,9625,18114,89594,69803,13023,2953,50125,7,6,9,5
2021-04-02T23:59:59+02:00,7,1,2362,2847,5716,9029,6055,11699,6874,15899,9583,15481,6326,6203,10423,14020,10400,19744,413,606,1172,2431,1699,4173,2391,6098,3430,5195,3083,3112,4627,6525,9625,18114,89511,69727,13020,2952,50124,7,6,8,5
2021-04-01T23:59:59+02:00,7,1,2341,2844,5685,9000,6012,11657,6831,15844,9528,15425,6233,6106,10128,13673,10377,19696,411,590,1169,2425,1692,4162,2376,6081,3404,5174,3019,3063,4567,6453,9550,18000,88524,69173,12999,2949,49852,7,5,8,5
2021-03-31T23:59:59+02:00,7,1,2307,2817,5609,8934,5944,11563,6728,15732,9394,15290,6089,5964,9578,12931,10335,19606,406,584,1163,2414,1685,4146,2369,6068,3384,5140,2987,3030,4520,6394,9494,17899,86548,68724,12785,2947,49484,7,4,8,4
2021-03-30T23:59:59+02:00,7,1,2287,2801,5562,8876,5881,11488,6657,15634,9296,15147,5903,5750,8673,11596,10260,19425,404,582,1160,2410,1672,4129,2351,6046,3350,5096,2930,2962,4432,6296,9364,17660,83481,68024,12405,2809,49348,7,4,6,3
2021-03-29T23:59:59+02:00,6,1,2220,2747,5458,8765,5773,11341,6490,15403,9063,14892,5545,5376,6736,9069,10041,19006,397,578,1149,2399,1659,4117,2326,6019,3320,5040,2861,2897,4313,6192,9159,17327,77403,67069,11600,2673,48920,7,4,5,3
2021-03-28T23:59:59+02:00,6,1,2198,2734,5414,8706,5697,11263,6403,15317,8946,14774,5421,5223,6092,8140,9976,18890,388,572,1134,2383,1635,4090,2279,5959,3264,4948,2776,2818,4199,6047,9087,17190,75108,66612,11342,2149,48742,4,4,5,3
2021-03-27T23:59:59+01:00,6,1,2198,2728,5403,8700,5693,11248,6388,15295,8935,14762,5393,5196,6082,8137,9976,18889,388,572,1132,2382,1634,4085,2275,5956,3255,4941,2771,2815,4183,6023,9008,17043,75002,66307,11342,2148,48677,4,4,5,3
2021-03-26T23:59:59+01:00,6,1,2182,2708,5366,8662,5654,11199,6311,15225,8786,14613,5232,5047,5913,7958,9974,18881,384,564,1126,2369,1618,4057,2247,5920,3221,4887,2710,2752,3999,5767,8304,15868,74659,63675,10513,2110,48537,4,4,5,3
2021-03-25T23:59:59+01:00,6,0,2065,2627,5190,8447,5453,10923,6103,14924,8546,14326,5072,4894,5817,7839,9972,18873,375,550,1105,2343,1594,4028,2201,5862,3148,4810,2612,2649,3626,5274,7172,14134,74207,59585,9565,1891,47297,4,3,5,3
2021-03-24T23:59:59+01:00,6,0,1978,2579,5042,8286,5292,10730,5939,14686,8341,14095,4933,4735,5704,7723,9966,18862,371,539,1092,2315,1562,3972,2142,5797,3060,4710,2478,2534,3200,4655,5768,11911,73831,54554,8402,1545,46656,4,3,5,3
2021-03-23T23:59:59+01:00,6,0,1901,2526,4931,8163,5193,10588,5818,14493,8225,13927,4851,4649,5639,7664,9959,18843,360,514,1073,2280,1529,3914,2098,5707,2978,4619,2390,2440,2752,4021,3868,8695,73437,47835,7655,1397,46276,3,3,5,3
2021-03-22T23:59:59+01:00,6,0,1836,2467,4796,8027,5060,10412,5659,14260,8033,13713,4747,4535,5570,7557,9943,18798,333,497,1044,2242,1484,3840,2032,5597,2876,4469,2277,2288,2232,3337,1341,4557,72937,39279,6617,1162,45857,1,3,5,3
2021-03-21T23:59:59+01:00,6,0,1834,2461,4784,8012,5045,10402,5643,14243,8003,13689,4724,4520,5554,7545,9939,18798,332,497,1038,2228,1475,3811,2014,5559,2850,4419,2236,2240,2190,3296,1324,4512,72914,39139,6567,878,45714,1,2,5,3
2021-03-20T23:59:59+01:00,6,0,1834,2461,4783,8011,5044,10400,5642,14242,7996,13683,4723,4519,5546,7537,9939,18798,332,497,1038,2228,1475,3811,2014,5559,2849,4418,2235,2237,2190,3296,1323,4512,72903,39136,6567,874,45687,1,2,5,3
2021-03-19T23:59:59+01:00,6,0,1781,2213,4267,6716,4635,9417,5372,13685,7773,13281,4598,4422,5477,7471,9939,18798,331,497,1038,2228,1475,3810,2013,5558,2848,4418,2233,2236,2185,3290,1322,4510,72845,39120,6557,868,40442,1,2,5,3
2021-03-18T23:59:59+01:00,6,0,1726,1960,3851,5652,4105,8037,4554,11144,6416,9949,4232,4122,5277,7250,9918,18758,330,494,1031,2215,1468,3785,1986,5519,2823,4394,2212,2221,2160,3261,1317,4501,72414,38928,6495,785,28041,1,2,5,3
2021-03-17T23:59:59+01:00,6,0,1720,1951,3841,5626,4089,8007,4530,11080,6366,9877,4194,4075,5238,7206,9912,18735,327,493,1027,2207,1462,3776,1979,5504,2813,4368,2185,2194,2140,3246,1310,4487,72158,38777,6435,736,27853,1,2,5,3
2021-03-16T23:59:59+01:00,6,0,1697,1917,3782,5545,4018,7900,4403,10918,6161,9677,3972,3886,5099,7048,9906,18714,325,489,1026,2188,1457,3763,1970,5490,2804,4349,2177,2180,2128,3217,1302,4458,71846,38611,5164,707,27632,1,2,5,3
2021-03-15T23:59:59+01:00,6,0,1687,1897,3758,5511,3993,7863,4352,10849,6082,9592,3890,3819,5046,6988,9900,18689,322,485,1017,2171,1449,3757,1954,5454,2786,4321,2162,2148,2103,3155,1294,4420,71623,38392,4806,603,27488,1,0,5,3
2021-03-14T23:59:59+01:00,6,0,1681,1887,3750,5501,3988,7847,4343,10818,6074,9570,3883,3810,5041,6980,9899,18687,322,485,1015,2171,1444,3754,1951,5452,2768,4315,2156,2146,2093,3145,1290,4418,71591,38384,4790,538,27379,1,0,5,3
2021-03-13T23:59:59+01:00,6,0,1678,1882,3737,5478,3981,7838,4323,10807,6060,9554,3880,3807,5038,6977,9899,18687,322,485,1015,2171,1444,3754,1951,5451,2768,4314,2155,2145,2093,3143,1282,4413,71567,38365,4785,538,27275,1,0,5,3
2021-03-12T23:59:59+01:00,5,0,1641,1825,3224,5331,3466,7725,4188,10682,5834,9265,3714,3661,4898,6869,9874,18640,317,463,1011,2141,1436,3731,1932,5380,2715,4230,1976,1990,2033,3094,1275,4407,71356,37599,4065,530,25416,0,0,5,3
2021-03-11T23:59:59+01:00,5,0,1532,1688,2838,5071,3029,7470,3907,10269,5206,8372,3490,3485,4793,6752,9836,18590,316,462,1008,2128,1433,3711,1925,5361,2706,4213,1969,1982,2019,3077,1270,4389,70794,37477,3804,490,21730,0,0,5,3
2021-03-10T23:59:59+01:00,5,0,1502,1656,2800,5026,2993,7411,3850,10182,5098,8255,3364,3381,4678,6638,9793,18523,314,461,1006,2125,1431,3700,1921,5348,2694,4193,1951,1974,1994,3045,1259,4375,70385,37394,3475,395,21290,0,0,5,3
2021-03-09T23:59:59+01:00,5,0,1493,1640,2767,5001,2972,7367,3812,10123,5020,8175,3267,3298,4598,6549,9687,18313,311,460,1002,2119,1424,3687,1895,5326,2652,4163,1910,1949,1943,3017,1247,4366,69795,37364,3208,105,21079,0,0,5,3
2021-03-08T23:59:59+01:00,5,0,1478,1626,2738,4974,2946,7337,3789,10075,4996,8113,3226,3258,4523,6485,9513,18014,311,460,1000,2115,1416,3671,1878,5293,2634,4135,1891,1930,1918,2994,1241,4347,69006,37217,3199,15,20886,0,0,5,3
2021-03-07T23:59:59+01:00,5,0,1465,1616,2708,4929,2913,7289,3756,10014,4953,8052,3191,3225,4458,6385,9438,17870,311,459,999,2114,1415,3666,1875,5283,2633,4130,1887,1927,1914,2990,1238,4339,68473,37165,3145,13,20644,0,0,5,3
2021-03-06T23:59:59+01:00,5,0,1464,1614,2702,4918,2910,7280,3748,10007,4935,8036,3181,3215,4435,6346,9350,17701,311,459,997,2111,1415,3664,1869,5274,2631,4128,1882,1920,1909,2988,1237,4336,68083,37117,3145,13,20614,0,0,5,2
2021-03-05T23:59:59+01:00,5,0,1391,1535,2604,4757,2853,7123,3663,9801,4834,7840,3131,3156,4219,6060,8646,16514,311,459,995,2109,1411,3659,1867,5273,2628,4122,1874,1916,1904,2985,1232,4333,65442,37064,3142,13,19543,0,0,5,2
2021-03-04T23:59:59+01:00,5,0,1218,1431,2434,4558,2682,6853,3495,9457,4577,7499,3015,3031,3858,5604,7483,14702,310,451,986,2085,1395,3619,1839,5220,2600,4075,1846,1891,1871,2930,1205,4287,61249,36596,3139,13,17509,0,0,5,2
2021-03-03T23:59:59+01:00,5,0,1185,1378,2355,4450,2622,6729,3409,9292,4480,7356,2929,2961,3484,5004,6098,12523,306,442,974,2062,1383,3591,1825,5170,2545,4020,1797,1856,1846,2900,1190,4260,56208,36153,3113,13,16935,0,0,4,2
2021-03-02T23:59:59+01:00,5,0,1152,1340,2295,4392,2572,6638,3327,9169,4343,7207,2815,2835,3002,4340,4102,9171,301,433,969,2035,1370,3547,1810,5115,2513,3993,1787,1841,1827,2874,1179,4233,49183,35813,2865,13,16654,0,0,3,2
2021-03-01T23:59:59+01:00,5,0,1093,1310,2233,4329,2499,6551,3233,9042,4202,7019,2685,2699,2433,3599,1394,4720,300,430,962,2023,1359,3529,1802,5100,2500,3977,1771,1831,1810,2855,1167,4205,40147,35607,2476,13,16420,0,0,3,2
2021-02-28T23:59:59+01:00,5,0,1059,1296,2192,4293,2469,6507,3185,8985,4140,6960,2619,2653,2385,3568,1386,4700,300,429,959,2017,1357,3516,1799,5086,2494,3969,1764,1820,1797,2844,1160,4190,40051,35487,2186,13,16162,0,0,3,2
2021-02-27T23:59:59+01:00,5,0,1017,1214,2127,4050,2412,6273,3122,8687,4050,6707,2564,2596,2365,3544,1383,4700,300,429,958,2017,1357,3516,1799,5085,2493,3969,1764,1819,1795,2844,1160,4190,39945,35481,2185,13,14683,0,0,3,2
2021-02-26T23:59:59+01:00,4,0,850,961,1927,3659,2251,5610,2907,7771,3741,5917,2516,2543,2347,3531,1380,4698,300,429,958,2014,1355,3514,1797,5084,2491,3968,1764,1816,1788,2843,1158,4183,39929,35448,2098,13,10583,0,0,3,2
2021-02-25T23:59:59+01:00,4,0,508,804,1648,3460,2070,5307,2711,7374,3515,5615,2435,2466,2307,3470,1376,4684,290,408,932,1964,1325,3445,1767,5003,2462,3904,1739,1789,1750,2799,1131,4143,39735,34838,1841,12,8175,0,0,3,2
2021-02-24T23:59:59+01:00,3,0,488,786,1613,3363,2008,5177,2651,7192,3449,5474,2369,2419,2272,3441,1367,4651,281,404,917,1930,1311,3391,1754,4942,2438,3860,1728,1771,1741,2780,1119,4116,39547,34478,1672,4,7501,0,0,3,2
2021-02-23T23:59:59+01:00,3,0,469,750,1552,3260,1953,5037,2573,7061,3364,5369,2309,2361,2237,3384,1352,4620,279,400,912,1915,1304,3361,1745,4911,2417,3828,1708,1751,1721,2745,1104,4063,39401,34159,1401,4,6849,0,0,3,2
2021-02-22T23:59:59+01:00,2,0,453,719,1497,3160,1914,4898,2514,6843,3303,5225,2301,2265,2222,3305,1348,4575,278,397,909,1904,1296,3334,1728,4875,2403,3798,1689,1732,1694,2718,1089,4018,39190,33859,1138,2,6213,0,0,3,2
2021-02-21T23:59:59+01:00,2,0,445,681,1439,3018,1866,4748,2461,6684,3220,5121,2265,2232,2195,3285,1338,4570,278,396,906,1896,1295,3325,1724,4865,2399,3789,1687,1729,1693,2716,1089,4017,39148,33801,905,2,5514,0,0,3,2
2021-02-20T23:59:59+01:00,2,0,441,676,1431,3014,1860,4748,2458,6681,3216,5117,2262,2231,2195,3284,1337,4570,278,396,906,1895,1295,3324,1724,4865,2398,3788,1686,1728,1690,2716,1088,4015,39144,33789,901,2,5475,0,0,3,2
2021-02-19T23:59:59+01:00,1,0,420,639,1402,2952,1833,4694,2417,6581,3130,4999,2082,2068,2132,3235,1332,4564,276,395,904,1893,1294,3323,1724,4860,2395,3787,1685,1727,1688,2715,1088,4014,38392,33766,882,2,5204,0,0,3,1
2021-02-18T23:59:59+01:00,1,0,395,583,1298,2709,1729,4452,2279,6319,3029,4818,2053,2053,2116,3218,1327,4556,276,389,896,1860,1285,3284,1706,4812,2376,3751,1674,1716,1671,2703,1076,3996,38318,33469,809,2,3805,0,0,3,1
2021-02-17T23:59:59+01:00,1,0,379,552,1260,2579,1673,4277,2209,6078,2970,4669,2034,2034,2093,3198,1312,4547,267,372,860,1775,1243,3155,1645,4653,2301,3616,1597,1647,1597,2593,1026,3879,38162,32225,758,1,2942,0,0,3,1
2021-02-16T23:59:59+01:00,1,0,361,522,1206,2459,1623,4142,2130,5893,2890,4533,2025,2030,2085,3191,1307,4536,259,355,839,1694,1188,3019,1584,4449,2230,3439,1547,1593,1536,2494,999,3751,38102,30975,728,1,2101,0,0,3,1
2021-02-15T23:59:59+01:00,1,0,351,500,1133,2316,1578,4069,2098,5840,2862,4492,2006,2014,2064,3161,1300,4516,252,336,816,1649,1156,2943,1529,4313,2160,3319,1472,1531,1481,2387,957,3574,37997,29874,618,1,1683,0,0,3,1
2021-02-14T23:59:59+01:00,1,0,343,495,1109,2261,1515,3908,2056,5748,2831,4453,2001,2012,2053,3152,1298,4509,245,331,798,1622,1140,2904,1487,4261,2122,3289,1456,1510,1457,2351,942,3532,37978,29446,554,1,1210,0,0,3,1
2021-02-13T23:59:59+01:00,1,0,343,495,1108,2261,1515,3907,2054,5747,2831,4453,2000,2010,2052,3152,1297,4506,245,331,798,1622,1140,2904,1486,4259,2122,3289,1454,1507,1456,2350,942,3531,37967,29435,554,1,1209,0,0,2,1
2021-02-12T23:59:59+01:00,1,0,339,492,1091,2252,1510,3893,2049,5739,2828,4447,1986,2000,2046,3139,1292,4503,244,330,792,1617,1134,2895,1471,4241,2104,3276,1441,1491,1441,2319,935,3498,37901,29228,546,1,1158,0,0,2,1
2021-02-11T23:59:59+01:00,1,0,319,468,1027,2154,1457,3766,1955,5475,2743,4328,1956,1967,2006,3074,1267,4447,224,304,743,1512,1054,2670,1347,3885,1919,2971,1253,1286,1272,2043,829,3152,37512,26463,509,1,387,0,0,2,1
2021-02-10T23:59:59+01:00,1,0,313,459,1005,2114,1419,3687,1901,5314,2649,4147,1887,1917,1963,3035,1249,4421,199,259,650,1322,926,2288,1162,3285,1680,2555,1094,1112,1124,1798,722,2818,37104,22993,374,1,1,0,0,2,1
2021-02-09T23:59:59+01:00,1,0,307,449,997,2082,1403,3635,1857,5247,2583,4092,1831,1880,1895,2982,1228,4400,165,199,551,1062,779,1845,958,2675,1417,2144,947,951,936,1520,607,2404,36805,19160,61,0,1,0,0,2,1
2021-02-08T23:59:59+01:00,1,0,306,447,994,2075,1393,3619,1849,5224,2563,4075,1817,1868,1877,2964,1221,4376,114,164,451,849,615,1430,761,2025,1143,1659,761,776,745,1203,484,1954,36649,15134,17,0,1,0,0,2,1
2021-02-07T23:59:59+01:00,1,0,306,447,993,2074,1392,3614,1846,5221,2556,4072,1811,1859,1861,2957,1217,4369,105,145,401,703,541,1255,683,1810,1047,1513,689,696,669,1082,419,1737,36580,13495,14,0,0,0,0,2,1
2021-02-06T23:59:59+01:00,1,0,306,447,992,2073,1392,3611,1846,5219,2556,4069,1811,1858,1856,2955,1214,4367,105,144,396,700,536,1231,667,1791,1036,1491,686,692,664,1078,418,1733,36557,13369,14,0,0,0,0,2,0
2021-02-05T23:59:59+01:00,1,0,306,446,990,2070,1388,3602,1842,5205,2550,4063,1810,1857,1848,2947,1205,4354,101,137,381,682,519,1202,635,1739,988,1428,649,642,619,1004,392,1645,36468,12764,14,0,0,0,0,2,0
2021-02-04T23:59:59+01:00,1,0,299,429,979,2038,1369,3549,1823,5128,2535,4015,1794,1837,1823,2912,1188,4323,76,106,282,460,359,812,452,1178,677,971,503,468,481,795,306,1314,36026,9241,14,0,0,0,0,2,0
2021-02-03T23:59:59+01:00,1,0,295,420,961,2011,1353,3511,1810,5079,2501,3972,1774,1814,1807,2888,1175,4309,60,82,236,394,290,633,346,921,519,725,338,324,346,567,219,961,35665,6962,14,0,0,0,0,2,0
2021-02-02T23:59:59+01:00,1,0,290,413,955,1983,1345,3479,1799,5033,2478,3937,1756,1798,1781,2847,1154,4262,39,63,181,312,243,484,264,737,375,557,234,207,221,377,150,628,35295,5072,14,0,0,0,0,2,0
2021-02-01T23:59:59+01:00,1,0,289,410,950,1976,1342,3463,1791,5013,2470,3918,1749,1787,1766,2832,1148,4249,19,39,134,227,168,310,168,489,234,322,119,105,96,184,69,279,35138,2962,14,0,0,0,0,2,0
2021-01-31T23:59:59+01:00,1,0,288,409,948,1969,1339,3454,1788,4994,2466,3903,1745,1779,1762,2825,1146,4241,18,34,116,199,151,268,151,409,198,277,100,91,88,157,61,244,35041,2562,14,0,0,0,0,2,0
2021-01-30T23:59:59+01:00,1,0,288,409,948,1969,1339,3454,1788,4994,2466,3903,1744,1779,1762,2824,1146,4240,18,34,115,199,151,266,148,406,197,276,99,90,88,157,61,244,35038,2549,14,0,0,0,0,2,0
2021-01-29T23:59:59+01:00,1,0,286,406,946,1967,1338,3446,1782,4985,2463,3900,1738,1772,1753,2814,1139,4219,16,33,114,190,142,258,136,378,166,249,72,66,79,136,56,212,34940,2303,14,0,0,0,0,1,0
2021-01-28T23:59:59+01:00,1,0,282,398,926,1912,1314,3382,1757,4923,2435,3839,1716,1752,1722,2783,1120,4184,0,0,9,19,8,18,11,45,7,22,6,3,7,9,2,14,34432,180,13,0,0,0,0,1,0
2021-01-27T23:59:59+01:00,1,0,277,380,893,1832,1280,3268,1695,4800,2375,3739,1660,1704,1678,2718,1084,4102,0,0,4,6,5,11,7,19,3,12,5,3,7,9,2,13,33476,106,9,0,0,0,0,1,0
2021-01-26T23:59:59+01:00,1,0,271,371,883,1819,1266,3230,1678,4743,2345,3673,1629,1672,1641,2648,1067,4020,0,0,4,6,5,11,7,19,3,12,5,3,7,9,2,13,32949,106,7,0,0,0,0,1,0
2021-01-25T23:59:59+01:00,1,0,260,347,841,1700,1196,3066,1588,4472,2241,3465,1572,1619,1588,2563,1021,3852,0,0,1,3,1,3,4,2,3,5,5,3,6,8,2,13,31388,59,3,0,0,0,0,1,0
2021-01-24T23:59:59+01:00,1,0,257,344,830,1681,1186,3044,1557,4439,2215,3444,1561,1611,1578,2552,1016,3845,0,0,1,2,1,3,4,2,3,5,5,3,6,8,2,13,31157,58,3,0,0,0,0,1,0
2021-01-23T23:59:59+01:00,1,0,257,344,830,1681,1185,3043,1557,4435,2214,3443,1560,1611,1577,2551,1015,3840,0,0,1,2,1,3,4,2,3,5,5,3,6,8,2,13,31140,58,3,0,0,0,0,1,0
2021-01-22T23:59:59+01:00,1,0,256,342,824,1678,1181,3038,1554,4428,2202,3438,1548,1600,1571,2532,1010,3821,0,0,1,2,1,3,4,2,3,5,5,3,6,8,2,13,31020,58,3,0,0,0,0,1,0
2021-01-21T23:59:59+01:00,1,0,245,333,797,1612,1156,2911,1498,4266,2122,3303,1450,1498,1439,2369,931,3639,0,0,1,2,1,3,4,2,3,5,4,2,5,8,1,13,29566,54,3,0,0,0,0,1,0
2021-01-20T23:59:59+01:00,1,0,222,290,724,1455,1066,2597,1364,3808,1949,2949,1330,1352,1319,2173,859,3416,0,0,1,2,1,3,4,2,3,5,4,2,5,8,1,13,26871,54,2,0,0,0,0,1,0
2021-01-19T23:59:59+01:00,1,0,191,234,625,1207,920,2151,1144,3192,1667,2518,1150,1154,1093,1837,714,2902,0,0,1,1,1,2,4,1,2,5,4,2,5,8,1,13,22697,50,2,0,0,0,0,1,0
2021-01-18T23:59:59+01:00,1,0,133,184,491,947,710,1636,876,2323,1297,1907,902,924,874,1457,558,2312,0,0,0,0,0,0,0,0,1,2,2,1,0,0,0,0,17530,6,1,0,0,0,0,1,0
2021-01-17T23:59:59+01:00,1,0,120,158,431,776,625,1414,775,2070,1185,1718,838,845,793,1321,499,2106,0,0,0,0,0,0,0,0,0,1,0,0,0,0,0,0,15674,1,0,0,0,0,0,1,0
2021-01-16T23:59:59+01:00,1,0,120,157,427,775,623,1406,765,2066,1177,1711,836,840,788,1310,491,2091,0,0,0,0,0,0,0,0,0,0,0,0,0,0,0,0,15584,0,0,0,0,0,0,0,0
2021-01-15T23:59:59+01:00,1,0,110,151,415,754,597,1368,733,1989,1117,1630,793,788,744,1224,461,1975,0,0,0,0,0,0,0,0,0,0,0,0,0,0,0,0,14850,0,0,0,0,0,0,0,0
2021-01-14T23:59:59+01:00,1,0,76,111,298,487,395,883,505,1281,762,1069,579,546,541,903,352,1499,0,0,0,0,0,0,0,0,0,0,0,0,0,0,0,0,10288,0,0,0,0,0,0,0,0
2021-01-13T23:59:59+01:00,1,0,59,84,246,410,319,666,376,981,556,762,365,344,361,613,245,1036,0,0,0,0,0,0,0,0,0,0,0,0,0,0,0,0,7424,0,0,0,0,0,0,0,0
2021-01-12T23:59:59+01:00,0,0,48,68,200,352,257,541,276,806,405,596,245,217,227,405,165,690,0,0,0,0,0,0,0,0,0,0,0,0,0,0,0,0,5498,0,0,0,0,0,0,0,0
2021-01-11T23:59:59+01:00,0,0,32,50,174,303,210,440,217,647,297,420,150,126,129,247,88,398,0,0,0,0,0,0,0,0,0,0,0,0,0,0,0,0,3928,0,0,0,0,0,0,0,0
2021-01-10T23:59:59+01:00,0,0,24,41,152,254,180,363,178,536,248,359,129,106,114,203,77,320,0,0,0,0,0,0,0,0,0,0,0,0,0,0,0,0,3284,0,0,0,0,0,0,0,0
2021-01-09T23:59:59+01:00,0,0,24,41,151,252,179,361,176,530,247,358,128,105,114,203,77,320,0,0,0,0,0,0,0,0,0,0,0,0,0,0,0,0,3266,0,0,0,0,0,0,0,0
2021-01-08T23:59:59+01:00,0,0,22,40,149,243,171,351,163,499,217,332,104,89,109,188,71,298,0,0,0,0,0,0,0,0,0,0,0,0,0,0,0,0,3046,0,0,0,0,0,0,0,0
2021-01-07T23:59:59+01:00,0,0,1,0,4,9,8,13,10,6,16,11,10,9,14,20,2,32,0,0,0,0,0,0,0,0,0,0,0,0,0,0,0,0,165,0,0,0,0,0,0,0,0
2021-01-06T23:59:59+01:00,0,0,0,0,1,3,1,5,5,2,3,6,6,2,7,9,1,14,0,0,0,0,0,0,0,0,0,0,0,0,0,0,0,0,65,0,0,0,0,0,0,0,0
2021-01-05T23:59:59+01:00,0,0,0,0,1,3,1,5,5,2,3,5,6,2,6,9,1,13,0,0,0,0,0,0,0,0,0,0,0,0,0,0,0,0,62,0,0,0,0,0,0,0,0
2021-01-04T23:59:59+01:00,0,0,0,0,1,3,1,4,4,2,3,5,6,2,5,8,1,13,0,0,0,0,0,0,0,0,0,0,0,0,0,0,0,0,58,0,0,0,0,0,0,0,0
2021-01-03T23:59:59+01:00,0,0,0,0,1,2,1,4,4,2,3,5,5,2,5,8,1,13,0,0,0,0,0,0,0,0,0,0,0,0,0,0,0,0,56,0,0,0,0,0,0,0,0
2021-01-02T23:59:59+01:00,0,0,0,0,1,2,1,4,4,2,3,5,5,2,5,8,1,13,0,0,0,0,0,0,0,0,0,0,0,0,0,0,0,0,56,0,0,0,0,0,0,0,0
2021-01-01T23:59:59+01:00,0,0,0,0,1,2,1,3,4,2,3,5,5,2,5,8,1,13,0,0,0,0,0,0,0,0,0,0,0,0,0,0,0,0,55,0,0,0,0,0,0,0,0
2020-12-31T23:59:59+01:00,0,0,0,0,1,2,1,3,4,2,3,5,5,2,5,8,1,13,0,0,0,0,0,0,0,0,0,0,0,0,0,0,0,0,55,0,0,0,0,0,0,0,0
2020-12-30T23:59:59+01:00,0,0,0,0,1,2,1,3,4,2,3,5,5,2,5,8,1,13,0,0,0,0,0,0,0,0,0,0,0,0,0,0,0,0,55,0,0,0,0,0,0,0,0
2020-12-29T23:59:59+01:00,0,0,0,0,1,1,1,2,4,1,2,5,5,2,5,8,1,13,0,0,0,0,0,0,0,0,0,0,0,0,0,0,0,0,51,0,0,0,0,0,0,0,0
2020-12-28T23:59:59+01:00,0,0,0,0,1,1,1,1,2,0,1,5,4,1,1,0,0,2,0,0,0,0,0,0,0,0,0,0,0,0,0,0,0,0,20,0,0,0,0,0,0,0,0
2020-12-27T23:59:59+01:00,0,0,0,0,1,1,1,1,2,0,0,3,2,0,1,0,0,2,0,0,0,0,0,0,0,0,0,0,0,0,0,0,0,0,14,0,0,0,0,0,0,0,0
