Datum,<15_m,<15_w,15-24_1_m,15-24_1_w,25-34_1_m,25-34_1_w,35-44_1_m,35-44_1_w,45-54_1_m,45-54_1_w,55-64_1_m,55-64_1_w,65-74_1_m,65-74_1_w,75-84_1_m,75-84_1_w,>84_1_m,>84_1_w,<24_2_m,<24_2_w,25-34_2_m,25-34_2_w,35-44_2_m,35-44_2_w,45-54_2_m,45-54_2_w,55-64_2_m,55-64_2_w,65-74_2_m,65-74_2_w,75-84_2_m,75-84_2_w,>84_2_m,>84_2_w,bp_1,bp_2,mo_1,mo_2,az_1,az_2,ja,unb_1,unb_2
2021-10-02T23:59:59+02:00,5148,4780,37868,36514,53281,47851,54304,52874,64978,64947,74812,74863,54063,59637,37300,48215,11630,22153,34497,33161,50297,44451,51748,49800,62334,61871,72321,72271,52602,57976,36325,46865,11223,21286,584633,553920,79017,75424,105548,101437,35992,30,26
2021-10-01T23:59:59+02:00,5142,4764,37827,36490,53256,47830,54282,52854,64953,64938,74792,74850,54056,59633,37299,48213,11627,22151,34479,33151,50283,44444,51735,49788,62321,61864,72305,72261,52598,57970,36323,46865,11222,21286,584434,553843,79015,75422,105548,101437,35932,30,26
2021-09-30T23:59:59+02:00,5054,4704,37625,36294,53090,47674,54141,52728,64851,64821,74722,74796,54043,59604,37291,48199,11624,22145,34345,33005,50195,44325,51662,49679,62238,61773,72243,72204,52588,57941,36315,46841,11219,21280,582955,553309,78996,74817,105545,101434,35883,29,26
2021-09-29T23:59:59+02:00,5032,4684,37593,36254,53046,47626,54104,52681,64819,64784,74693,74769,54026,59580,37279,48188,11620,22133,34318,32969,50168,44299,51640,49658,62218,61744,72222,72184,52579,57932,36310,46831,11216,21272,582504,553023,78983,74813,105545,101429,35852,29,26
2021-09-28T23:59:59+02:00,5009,4661,37535,36198,53006,47579,54069,52640,64775,64742,74649,74734,53990,59547,37263,48167,11610,22122,34262,32931,50138,44274,51616,49637,62192,61724,72186,72154,52549,57894,36288,46804,11213,21260,581962,552636,78981,74807,105545,101425,35781,29,26
2021-09-27T23:59:59+02:00,4934,4601,37351,36032,52843,47426,53959,52540,64682,64642,74555,74658,53961,59520,37251,48148,11608,22110,33862,32557,49856,43962,51399,49403,62007,61547,72063,72035,52507,57834,36268,46774,11211,21250,580924,550173,78955,74806,105545,101424,35370,29,26
2021-09-26T23:59:59+02:00,4931,4595,37331,36003,52815,47410,53945,52525,64668,64632,74543,74648,53954,59509,37250,48145,11608,22105,33848,32550,49844,43947,51394,49394,61994,61541,72055,72028,52503,57826,36267,46769,11209,21246,580753,550062,78938,74798,105545,101423,35354,29,26
2021-09-25T23:59:59+02:00,4928,4592,37325,35999,52812,47406,53941,52522,64666,64628,74539,74645,53953,59506,37249,48144,11608,22104,33845,32550,49843,43947,51394,49393,61994,61540,72053,72028,52503,57825,36267,46769,11209,21246,580709,550056,78936,74798,105545,101423,35350,29,26
2021-09-24T23:59:59+02:00,4925,4589,37306,35985,52791,47393,53920,52510,64647,64617,74525,74635,53946,59503,37246,48140,11608,22100,33835,32534,49828,43939,51375,49378,61981,61534,72034,72019,52496,57818,36261,46762,11209,21244,580592,549951,78936,74796,105542,101422,35289,29,26
2021-09-23T23:59:59+02:00,4800,4471,36921,35584,52462,47077,53639,52254,64413,64404,74359,74508,53890,59449,37214,48094,11599,22081,33658,32366,49625,43795,51215,49281,61841,61435,71933,71947,52462,57796,36236,46739,11207,21236,578342,549300,78894,74774,105542,101419,34415,28,26
2021-09-22T23:59:59+02:00,4773,4451,36879,35528,52396,47000,53573,52194,64346,64352,74300,74455,53861,59426,37206,48077,11597,22076,33622,32323,49582,43738,51156,49229,61786,61395,71885,71913,52443,57778,36230,46728,11206,21235,577913,549041,78886,74771,105539,101418,34126,28,26
2021-09-21T23:59:59+02:00,4757,4429,36822,35479,52330,46938,53528,52144,64279,64302,74243,74401,53818,59395,37193,48052,11592,22067,33591,32271,49550,43691,51117,49186,61740,61358,71846,71871,52412,57754,36219,46710,11205,21228,577366,548676,78878,74769,105537,101414,33962,28,26
2021-09-20T23:59:59+02:00,4653,4366,36488,35175,52011,46634,53293,51924,64072,64114,74086,74288,53754,59341,37172,48017,11585,22061,33082,31836,49172,43358,50832,48883,61487,61148,71679,71719,52356,57688,36197,46665,11198,21218,575544,545973,78874,74764,105536,101408,33054,28,26
2021-09-19T23:59:59+02:00,4642,4362,36475,35168,52000,46626,53280,51912,64059,64109,74078,74278,53750,59335,37169,48014,11584,22061,33062,31819,49168,43348,50824,48871,61473,61137,71667,71709,52350,57684,36196,46663,11198,21215,575438,545850,78874,74761,105535,101407,33029,28,26
2021-09-18T23:59:59+02:00,4642,4362,36473,35167,51998,46625,53280,51911,64059,64109,74078,74278,53750,59335,37169,48014,11584,22061,33059,31819,49164,43346,50824,48871,61473,61137,71667,71709,52350,57684,36196,46663,11198,21215,575436,545845,78874,74761,105535,101407,33024,28,26
2021-09-17T23:59:59+02:00,4635,4349,36459,35143,51977,46607,53269,51892,64045,64100,74063,74259,53741,59329,37166,48009,11583,22061,33052,31803,49152,43336,50820,48864,61472,61133,71659,71697,52343,57682,36196,46662,11198,21214,575274,545795,78874,74761,105534,101405,32979,28,26
2021-09-16T23:59:59+02:00,4485,4200,36094,34783,51723,46308,53059,51633,63862,63917,73907,74109,53687,59270,37151,47975,11579,22050,32923,31697,49070,43231,50741,48782,61410,61078,71607,71664,52328,57669,36186,46650,11197,21207,572846,544954,78435,74682,105533,101400,32952,28,26
2021-09-15T23:59:59+02:00,4443,4162,36026,34708,51680,46255,52993,51578,63812,63868,73870,74066,53669,59249,37141,47964,11578,22044,32871,31646,49019,43179,50684,48733,61364,61034,71578,71633,52320,57648,36176,46640,11197,21201,572477,544621,78349,74667,105533,101388,32721,28,26
2021-09-14T23:59:59+02:00,4402,4122,35964,34656,51631,46184,52952,51528,63767,63823,73829,74024,53644,59231,37126,47945,11577,22040,32807,31575,48977,43130,50650,48689,61310,60996,71544,71592,52299,57625,36167,46626,11196,21198,571942,544074,78279,74661,105533,101381,32665,28,26
2021-09-13T23:59:59+02:00,4253,3947,35597,34230,51361,45872,52738,51295,63558,63615,73694,73899,53589,59162,37089,47911,11576,22032,32344,31102,48742,42882,50468,48488,61163,60813,71402,71483,52246,57566,36151,46590,11190,21188,569372,541091,77854,74581,105532,101375,32633,28,26
2021-09-12T23:59:59+02:00,4245,3937,35574,34214,51346,45850,52721,51278,63544,63598,73685,73889,53586,59156,37084,47910,11576,22031,32319,31084,48727,42864,50458,48480,61152,60799,71386,71471,52240,57558,36145,46588,11187,21187,569225,540936,77838,74573,105521,101360,32613,28,26
2021-09-11T23:59:59+02:00,4242,3934,35570,34210,51345,45848,52716,51271,63542,63593,73683,73884,53582,59151,37084,47908,11576,22031,32310,31080,48724,42861,50455,48477,61149,60795,71383,71469,52238,57556,36145,46586,11187,21187,569198,540916,77838,74573,105521,101360,32586,28,26
2021-09-10T23:59:59+02:00,4241,3933,35457,34111,51150,45694,52525,51130,63367,63479,73549,73793,53544,59112,37064,47890,11574,22026,32184,30971,48527,42695,50257,48340,60962,60673,71249,71374,52196,57513,36123,46565,11184,21182,569141,540764,77836,74571,105520,101358,31115,28,26
2021-09-09T23:59:59+02:00,4213,3895,35378,34044,51094,45625,52465,51044,63310,63421,73509,73755,53521,59084,37050,47872,11572,22022,32090,30905,48483,42646,50206,48300,60921,60639,71206,71340,52178,57499,36116,46550,11183,21178,568535,540284,77801,74564,105506,101336,31005,28,26
2021-09-08T23:59:59+02:00,4188,3875,35345,34005,51070,45594,52447,51019,63276,63388,73488,73732,53514,59069,37043,47861,11572,22019,32032,30878,48446,42620,50178,48269,60885,60610,71190,71319,52165,57486,36106,46539,11180,21159,568191,539910,77801,74563,105506,101324,30980,28,26
2021-09-07T23:59:59+02:00,4176,3861,35305,33962,51041,45563,52423,50992,63251,63365,73452,73702,53502,59053,37027,47847,11570,22013,31985,30830,48412,42585,50138,48233,60860,60579,71156,71290,52152,57470,36097,46526,11177,21155,567820,539492,77801,74561,105506,101316,30951,28,26
2021-09-06T23:59:59+02:00,4000,3677,34827,33490,50663,45174,52157,50690,63025,63127,73294,73552,53438,58972,37008,47806,11567,22004,31776,30648,48210,42430,49995,48093,60747,60461,71061,71201,52105,57424,36081,46507,11172,21142,565012,538634,77801,74560,105506,101312,30125,28,26
2021-09-05T23:59:59+02:00,3992,3665,34810,33475,50660,45166,52145,50682,63013,63117,73279,73547,53433,58964,37002,47799,11565,22000,31758,30629,48192,42415,49982,48085,60736,60451,71051,71196,52099,57412,36079,46502,11171,21140,564876,538497,77800,74558,105506,101298,30105,28,26
2021-09-04T23:59:59+02:00,3992,3665,34809,33475,50658,45166,52144,50681,63013,63117,73279,73547,53433,58964,37002,47799,11565,22000,31757,30627,48191,42415,49980,48083,60736,60451,71050,71196,52099,57412,36079,46502,11171,21140,564874,538493,77800,74556,105506,101298,30102,28,26
2021-09-03T23:59:59+02:00,3944,3618,34645,33344,50505,45043,52033,50564,62864,62993,73154,73447,53393,58916,36981,47778,11561,21997,31484,30435,47990,42244,49809,47915,60532,60279,70905,71050,52045,57355,36054,46479,11169,21136,564735,538362,77206,73313,105495,101285,29317,28,26
2021-09-02T23:59:59+02:00,3919,3589,34586,33298,50471,45003,52001,50531,62823,62952,73116,73421,53373,58905,36972,47761,11561,21992,31416,30375,47940,42197,49768,47871,60477,60226,70863,71023,52027,57339,36045,46470,11168,21131,564331,537970,77184,73309,105495,101175,29237,28,26
2021-09-01T23:59:59+02:00,3903,3575,34560,33265,50448,44976,51982,50508,62803,62918,73087,73403,53364,58896,36968,47753,11561,21991,31366,30336,47907,42170,49738,47846,60447,60202,70840,70992,52008,57320,36035,46463,11168,21128,564061,537626,77181,73303,105495,101148,29197,28,26
2021-08-31T23:59:59+02:00,3876,3562,34520,33218,50421,44940,51954,50475,62775,62886,73057,73371,53344,58874,36959,47740,11558,21991,31308,30304,47878,42146,49715,47829,60420,60186,70825,70965,51994,57310,36031,46456,11165,21122,563669,537350,77181,73299,105494,101142,29150,28,26
2021-08-30T23:59:59+02:00,3650,3353,33932,32702,49997,44562,51602,50128,62484,62623,72849,73193,53260,58788,36928,47693,11555,21983,31026,30041,47578,41915,49487,47658,60238,60055,70669,70861,51926,57265,36012,46424,11162,21115,560665,536259,77181,73296,105493,101132,27916,28,26
2021-08-29T23:59:59+02:00,3644,3345,33911,32680,49982,44553,51588,50110,62473,62609,72839,73177,53252,58783,36926,47686,11555,21981,31008,30021,47556,41888,49466,47641,60221,60038,70657,70849,51923,57257,36009,46423,11162,21113,560523,536140,77179,73295,105492,101088,27873,28,26
2021-08-28T23:59:59+02:00,3644,3345,33908,32680,49977,44552,51587,50108,62471,62606,72837,73176,53251,58781,36926,47686,11555,21981,30999,30012,47551,41886,49463,47638,60218,60034,70654,70847,51922,57253,36009,46423,11162,21113,560514,536104,77179,73294,105492,101088,27859,28,26
2021-08-27T23:59:59+02:00,3640,3339,33900,32661,49974,44548,51575,50101,62464,62601,72820,73170,53247,58778,36925,47685,11554,21980,30981,29994,47543,41876,49453,47629,60211,60026,70642,70846,51920,57252,36008,46422,11161,21113,560440,536026,77179,73292,105492,101085,27824,28,26
2021-08-26T23:59:59+02:00,3615,3311,33859,32611,49947,44510,51533,50052,62418,62577,72787,73140,53237,58769,36918,47683,11553,21976,30684,29725,47326,41663,49278,47473,60095,59925,70557,70775,51886,57219,35991,46399,11159,21109,560089,534202,77152,73286,105491,101021,27737,28,26
2021-08-25T23:59:59+02:00,3574,3287,33809,32568,49921,44464,51499,50023,62379,62543,72751,73116,53228,58751,36912,47669,11552,21975,29927,29025,46887,41249,48955,47181,59870,59700,70381,70624,51819,57143,35969,46364,11150,21101,559658,529869,77152,73283,105491,100998,27693,28,26
2021-08-24T23:59:59+02:00,3534,3265,33750,32509,49889,44422,51471,49976,62334,62494,72707,73069,53207,58726,36899,47656,11550,21967,29694,28803,46754,41118,48847,47075,59778,59606,70296,70524,51773,57096,35948,46352,11147,21098,559167,528430,77149,73279,105489,100964,27593,28,26
2021-08-23T23:59:59+02:00,3229,3000,33116,31885,49463,44024,51129,49671,62005,62198,72414,72838,53110,58637,36861,47593,11539,21958,29277,28412,46366,40818,48606,46862,59506,59397,70071,70377,51697,57025,35923,46309,11141,21091,556100,526978,77146,73276,105488,100959,25909,28,26
2021-08-22T23:59:59+02:00,3218,2992,33106,31879,49455,44014,51121,49665,62000,62191,72409,72836,53107,58634,36859,47591,11539,21957,29253,28396,46347,40810,48597,46852,59495,59389,70064,70374,51688,57021,35920,46306,11141,21091,556035,526882,77142,73270,105485,100945,25884,28,26
2021-08-21T23:59:59+02:00,3216,2992,33100,31876,49453,44013,51120,49662,61997,62190,72408,72835,53107,58634,36859,47591,11539,21957,29240,28383,46342,40806,48591,46847,59491,59389,70064,70373,51687,57021,35920,46306,11141,21091,556019,526842,77142,73263,105485,100945,25876,28,26
2021-08-20T23:59:59+02:00,3200,2981,32976,31783,49262,43877,50946,49552,61815,62062,72262,72753,53059,58592,36844,47573,11536,21953,28702,27883,45863,40438,48309,46636,59233,59205,69860,70248,51602,56963,35890,46278,11137,21084,555794,525145,77142,73089,105485,100712,24578,28,26
2021-08-19T23:59:59+02:00,3173,2958,32926,31744,49228,43842,50898,49513,61770,62024,72213,72714,53033,58572,36837,47558,11532,21946,27762,27027,45077,39835,47883,46275,58901,58931,69585,70025,51502,56874,35848,46230,11132,21078,555381,520768,77107,72114,105480,100620,24486,28,26
2021-08-18T23:59:59+02:00,3152,2939,32879,31700,49192,43807,50859,49477,61725,61988,72166,72687,53004,58555,36823,47544,11531,21941,26467,25724,44149,38962,47178,45534,58223,58349,69098,69567,51314,56652,35771,46138,11120,21061,554948,515228,77086,68906,105477,100567,24431,28,26
2021-08-17T23:59:59+02:00,3128,2916,32809,31637,49149,43738,50816,49442,61679,61943,72130,72646,52980,58531,36810,47532,11528,21936,25176,24332,43277,38271,46577,45055,57691,57907,68664,69241,51179,56468,35696,46058,11104,21047,554397,509609,77081,66821,105476,100530,24369,28,26
2021-08-16T23:59:59+02:00,3117,2895,32792,31618,49126,43716,50807,49425,61659,61925,72109,72631,52969,58523,36808,47521,11526,21932,23738,22936,42374,37426,46301,44762,57467,57646,68457,69082,51107,56383,35665,46013,11102,21033,554169,503247,77078,66789,105474,100517,24351,28,26
2021-08-15T23:59:59+02:00,3109,2883,32778,31600,49117,43710,50796,49414,61643,61909,72094,72619,52965,58514,36805,47521,11526,21932,21310,20482,41620,36882,45934,44390,57135,57347,68172,68825,50996,56281,35628,45957,11099,21023,554034,494509,77077,66610,105464,100501,24333,28,26
2021-08-14T23:59:59+02:00,3109,2882,32774,31598,49113,43708,50793,49412,61638,61906,72090,72613,52965,58514,36804,47521,11526,21932,21284,20455,41583,36851,45917,44375,57121,57336,68160,68814,50994,56278,35627,45956,11099,21022,554028,494321,77076,66609,105464,100501,24303,28,26
2021-08-13T23:59:59+02:00,3095,2865,32731,31570,49090,43693,50771,49394,61605,61875,72068,72593,52959,58507,36801,47516,11525,21929,21166,20369,41495,36754,45855,44323,57073,57298,68120,68780,50977,56266,35618,45948,11098,21020,553869,493733,77075,66606,105463,100480,24153,28,26
2021-08-12T23:59:59+02:00,3077,2836,32684,31521,49058,43654,50733,49365,61551,61846,72032,72557,52943,58488,36784,47507,11524,21926,20696,20055,40543,35944,45486,43994,56855,57120,67943,68616,50905,56182,35588,45904,11093,21013,553459,489497,77071,66604,105461,100435,24068,28,26
2021-08-11T23:59:59+02:00,3035,2805,32627,31477,49024,43620,50709,49341,61524,61815,72004,72529,52921,58462,36772,47498,11523,21919,19800,19171,39215,34754,44882,43414,56494,56790,67650,68342,50783,56044,35551,45845,11091,21000,553044,482070,77065,66599,105461,100413,24008,28,26
2021-08-10T23:59:59+02:00,3019,2786,32575,31432,48991,43590,50680,49309,61505,61776,71965,72484,52898,58446,36761,47475,11522,21914,18774,18201,37117,32891,43995,42537,56039,56390,67260,67995,50634,55891,35490,45749,11086,20980,552585,471822,77065,66597,105460,100394,23991,28,26
2021-08-09T23:59:59+02:00,3003,2779,32546,31408,48968,43571,50653,49291,61485,61758,71945,72464,52888,58437,36756,47465,11520,21913,17354,16786,34133,30468,43330,41903,55630,56026,66928,67668,50490,55742,35439,45700,11081,20962,552336,459632,77063,66593,105456,100381,23968,28,26
2021-08-08T23:59:59+02:00,3000,2779,32534,31397,48957,43564,50648,49285,61474,61750,71942,72463,52887,58435,36756,47462,11520,21912,17326,16756,34112,30453,43293,41873,55616,56013,66919,67663,50485,55737,35438,45697,11080,20961,552278,459447,77063,66588,105444,100362,23953,28,26
2021-08-07T23:59:59+02:00,2999,2774,32527,31386,48955,43556,50642,49285,61472,61747,71935,72461,52886,58433,36755,47462,11520,21912,17297,16723,34086,30435,43258,41842,55595,55996,66908,67656,50480,55735,35436,45697,11080,20960,552231,459217,77063,66585,105444,100361,23942,28,26
2021-08-06T23:59:59+02:00,2910,2682,32179,31160,48695,43360,50383,49056,61183,61542,71659,72294,52754,58329,36701,47409,11517,21903,17088,16583,33371,29959,42786,41472,55250,55769,66597,67480,50350,55641,35387,45660,11077,20953,552160,457543,75954,66297,105440,100359,22135,28,26
2021-08-05T23:59:59+02:00,2864,2643,32020,31041,48603,43270,50302,49001,61130,61497,71606,72253,52727,58310,36692,47392,11515,21901,16856,16332,31512,28525,41744,40520,54976,55423,66385,67308,50285,55564,35364,45621,11070,20944,551276,450737,75951,66224,105431,100236,22082,28,26
2021-08-04T23:59:59+02:00,2789,2567,31752,30849,48406,43135,50149,48890,61050,61421,71543,72197,52697,58270,36679,47377,11512,21896,16567,16086,31155,28303,40554,39447,54587,55092,66209,67156,50222,55482,35334,45593,11067,20937,549980,446429,75950,66205,105429,100163,21796,25,25
2021-08-03T23:59:59+02:00,2601,2386,31238,30383,48156,42886,49973,48696,60886,61250,71397,72050,52643,58198,36657,47348,11502,21882,16130,15641,30569,27780,38823,37829,53896,54445,65875,66844,50125,55354,35287,45541,11062,20927,547018,438760,75950,66199,105426,100144,21714,25,25
2021-08-02T23:59:59+02:00,2490,2291,30922,30098,47954,42702,49821,48568,60779,61144,71309,71968,52610,58166,36635,47329,11501,21879,15825,15370,30231,27426,36683,36004,53337,53930,65667,66668,50053,55269,35265,45513,11060,20923,545076,431915,75947,66194,105421,100032,21698,25,25
2021-08-01T23:59:59+02:00,2487,2288,30912,30090,47935,42690,49810,48560,60766,61134,71299,71963,52606,58158,36631,47329,11501,21879,15702,15244,30094,27310,34379,34151,53040,53679,65573,66599,50013,55228,35258,45494,11059,20921,545022,426468,75946,66189,105375,100008,21671,25,25
2021-07-31T23:59:59+02:00,2487,2288,30907,30086,47933,42688,49808,48560,60765,61134,71299,71961,52603,58155,36631,47329,11501,21878,15687,15231,30060,27287,34367,34144,53022,53671,65561,66594,50009,55223,35258,45493,11058,20920,545003,426318,75946,66188,105374,100004,21666,25,25
2021-07-30T23:59:59+02:00,2473,2283,30861,30041,47901,42667,49784,48535,60731,61105,71264,71943,52594,58144,36631,47329,11501,21876,15528,14931,29796,26973,34186,33895,52821,53378,65395,66391,49962,55177,35247,45481,11058,20919,544832,425953,75940,66178,105371,98095,21496,25,25
2021-07-29T23:59:59+02:00,2441,2263,30704,29949,47819,42606,49730,48469,60670,61064,71219,71897,52575,58125,36623,47313,11498,21871,15213,14653,29483,26755,32902,32949,52041,52766,65040,66124,49863,55084,35204,45424,11053,20911,544168,423250,75933,63452,105360,97951,21351,25,25
2021-07-28T23:59:59+02:00,2394,2226,30550,29840,47736,42538,49657,48397,60597,60986,71152,71840,52551,58087,36605,47295,11497,21866,14811,14280,29042,26440,32531,32618,51331,52155,64648,65797,49768,54981,35170,45367,11037,20892,543220,419109,75929,63398,105354,97564,21287,25,25
2021-07-27T23:59:59+02:00,2316,2153,30309,29573,47584,42357,49512,48260,60488,60863,71052,71752,52493,58027,36577,47256,11489,21859,14167,13624,28278,25809,31780,31967,50079,51061,63919,65231,49581,54774,35102,45252,11030,20872,541391,410773,75919,63372,105348,97467,21238,25,25
2021-07-26T23:59:59+02:00,2255,2098,30108,29342,47465,42228,49437,48177,60423,60798,71001,71706,52467,57995,36565,47243,11487,21850,13804,13249,27923,25519,31163,31557,48524,49690,62944,64405,49375,54568,35034,45171,11020,20860,540158,403065,75916,63366,105344,97433,21203,25,25
2021-07-25T23:59:59+02:00,2010,1896,29288,28669,47071,41911,49150,47890,60188,60573,70817,71547,52411,57920,36538,47202,11486,21842,13712,13189,27828,25454,31078,31490,48403,49626,62857,64355,49353,54550,35027,45162,11020,20859,535974,402430,75916,63359,105337,97272,21158,25,25
2021-07-24T23:59:59+02:00,1929,1828,29030,28438,46921,41805,49032,47789,60031,60454,70688,71467,52363,57890,36520,47181,11484,21842,13577,13076,27627,25318,30916,31360,48190,49456,62694,64260,49309,54520,35012,45144,11018,20857,535279,401816,75913,63356,105336,97271,20140,25,25
2021-07-23T23:59:59+02:00,1814,1708,28699,28112,46674,41651,48775,47576,59781,60266,70484,71340,52288,57819,36501,47144,11480,21833,13322,12850,27194,25003,30531,31052,47589,48968,62365,64022,49226,54454,34990,45100,11013,20848,534277,399405,75536,63302,105325,97268,18783,25,25
2021-07-22T23:59:59+02:00,1802,1701,28621,28032,46535,41512,48561,47366,59603,60124,70365,71211,52245,57783,36485,47127,11480,21833,13094,12590,26861,24672,30178,30734,45662,47406,61559,63321,49130,54352,34952,45056,11010,20838,533970,392704,74388,63153,105282,97044,18722,25,25
2021-07-21T23:59:59+02:00,1768,1662,28356,27828,46149,41178,47968,46810,59017,59641,69908,70819,52073,57622,36427,47070,11471,21820,12671,12147,26281,24131,29604,30166,41930,44165,60071,62050,48961,54171,34888,44973,11000,20811,533414,381062,71113,62638,105128,96596,17908,25,25
2021-07-20T23:59:59+02:00,1745,1647,28237,27692,46084,41121,47921,46771,58962,59592,69855,70771,52039,57594,36411,47045,11467,21813,12173,11615,25544,23441,28951,29416,38474,41174,58524,60588,48758,53948,34806,44881,10982,20791,532727,370668,71091,59253,105111,96473,17814,25,25
2021-07-19T23:59:59+02:00,1740,1646,28210,27659,46062,41110,47909,46759,58949,59576,69843,70769,52037,57590,36411,47041,11465,21813,12127,11586,25479,23407,28919,29382,38429,41141,58482,60561,48754,53940,34805,44878,10979,20790,532588,370349,71091,59239,105096,96420,17790,25,25
2021-07-18T23:59:59+02:00,1736,1639,28185,27634,46039,41101,47897,46750,58943,59567,69836,70761,52035,57589,36410,47040,11465,21812,12065,11561,25393,23366,28859,29350,38368,41114,58422,60520,48752,53936,34802,44877,10979,20790,532467,370012,71089,59208,105088,96301,17771,25,25
2021-07-17T23:59:59+02:00,1736,1637,28164,27619,46025,41091,47886,46745,58936,59561,69829,70757,52030,57585,36409,47040,11465,21812,12037,11547,25359,23329,28826,29331,38346,41096,58387,60496,48742,53928,34800,44877,10979,20790,532386,369761,71088,59204,105088,96298,17741,25,25
2021-07-16T23:59:59+02:00,1721,1616,27898,27425,45737,40926,47657,46571,58635,59360,69597,70616,51924,57513,36365,47004,11460,21810,11784,11351,25026,23088,28523,29099,37947,40822,57879,60073,48606,53814,34748,44827,10973,20786,532070,368557,71087,59201,104956,96021,15698,25,25
2021-07-15T23:59:59+02:00,1623,1503,27435,27037,45475,40690,47511,46458,58494,59246,69494,70528,51883,57470,36350,46981,11459,21803,11486,11120,24546,22751,28155,28828,37555,40541,55832,58027,48435,53612,34690,44743,10965,20775,529739,361614,71086,59109,104948,95811,15643,25,25
2021-07-14T23:59:59+02:00,1456,1371,26870,26498,45169,40401,47308,46273,58310,59049,69332,70381,51821,57411,36325,46951,11453,21798,11293,10929,24138,22395,27803,28511,37034,40139,54615,56846,48297,53461,34639,44679,10957,20753,526564,357902,71080,57443,104929,95666,15580,25,25
2021-07-13T23:59:59+02:00,1169,1066,25916,25603,44677,39989,46949,45954,57985,58763,69060,70135,51710,57285,36282,46896,11449,21783,10948,10587,23608,21848,27182,27923,35654,38949,50482,52942,47933,53073,34509,44530,10940,20724,521173,348631,71074,52239,104926,95564,15474,25,25
2021-07-12T23:59:59+02:00,705,669,24539,24348,44117,39507,46748,45737,57772,58568,68877,69963,51648,57194,36264,46870,11447,21775,10713,10479,23407,21709,26927,27786,35404,38779,50040,52520,47858,52987,34480,44495,10940,20718,515283,347163,71073,52212,104920,94483,15449,24,25
2021-07-11T23:59:59+02:00,702,664,24520,24328,44087,39487,46730,45726,57758,58555,68863,69961,51646,57191,36261,46866,11446,21775,10617,10391,23187,21584,26661,27688,35094,38697,49326,52034,46373,51399,34390,44387,10940,20716,515196,346652,71069,52165,104907,89359,15371,24,25
2021-07-10T23:59:59+02:00,700,659,24512,24323,44082,39479,46728,45724,57752,58554,68863,69960,51646,57191,36261,46866,11446,21775,10604,10381,23164,21563,26647,27677,35072,38692,49312,52029,46359,51383,34388,44386,10940,20716,515164,346543,71068,52164,104905,89304,15361,24,25
2021-07-09T23:59:59+02:00,693,649,24065,23863,43802,39239,46662,45664,57692,58513,68811,69935,51629,57178,36257,46858,11445,21775,10523,10212,23069,21375,26586,27467,35004,38475,49246,51925,46337,51358,34384,44383,10940,20716,513404,345309,71065,52151,104899,89260,15339,24,25
2021-07-08T23:59:59+02:00,627,583,22976,22857,43004,38639,46412,45459,57484,58370,68612,69796,51552,57112,36229,46835,11443,21767,10266,10019,22694,21121,26191,27202,34523,38161,48637,51403,45999,50991,34314,44305,10933,20694,508716,341724,71040,52001,104842,88641,15136,24,25
2021-07-07T23:59:59+02:00,575,537,21654,21467,42264,37955,46188,45236,57244,58180,68445,69636,51467,57028,36192,46782,11435,21753,9897,9716,21817,20529,25082,26409,32685,36794,47716,50516,45498,50454,34207,44166,10925,20676,503333,336787,70865,47621,104821,87722,14996,24,24
2021-07-06T23:59:59+02:00,518,473,20419,20186,41411,37310,45709,44885,56849,57875,68117,69377,51368,56902,36148,46731,11427,21744,9506,9335,20952,19936,24117,25752,31198,35600,46518,49316,44719,49671,34071,43990,10912,20656,498841,329457,68935,45520,104801,86449,14849,24,24
2021-07-05T23:59:59+02:00,482,445,19009,18803,40549,36508,45493,44658,56666,57672,67956,69250,51312,56846,36127,46702,11425,21737,9217,9078,20395,19553,23448,25331,30558,35173,45758,48700,43964,48881,33941,43801,10903,20644,493118,323672,68932,45498,104794,85420,14775,22,24
2021-07-04T23:59:59+02:00,475,439,17221,16792,40206,36278,45405,44585,56581,57602,67877,69181,51280,56820,36117,46681,11423,21735,9156,9025,20256,19488,23276,25253,30300,35093,44964,48570,42600,47530,33862,43727,10901,20638,488288,323212,68905,45452,104779,81291,14704,22,24
2021-07-03T23:59:59+02:00,475,437,17199,16768,40157,36232,45386,44568,56576,57598,67871,69174,51278,56817,36117,46681,11423,21734,9112,8983,20188,19420,23214,25187,30217,35013,44743,48394,42531,47454,33817,43668,10898,20638,488102,322248,68903,45451,104778,81111,14686,22,24
2021-07-02T23:59:59+02:00,455,414,17080,16660,39690,35853,45272,44468,56522,57557,67823,69142,51266,56812,36111,46669,11423,21733,8951,8813,19861,19141,22826,24809,29800,34598,44117,47749,42329,47224,33718,43532,10892,20634,486594,319246,68885,44417,104776,80675,14673,22,24
2021-07-01T23:59:59+02:00,403,374,16772,16377,37954,34519,44699,43969,56262,57348,67648,68973,51186,56722,36083,46631,11419,21725,8578,8416,18999,18429,21859,23954,28416,33409,41087,44778,41332,46142,33105,42806,10875,20605,481109,311751,68810,39539,104754,77138,14369,22,24
2021-06-30T23:59:59+02:00,355,329,16482,16132,35766,32694,44077,43338,56037,57152,67443,68781,51104,56630,36054,46577,11415,21709,8218,8081,18326,17799,20971,23122,27141,32145,36444,39907,40251,44997,32444,42017,10854,20579,474260,301258,68764,33508,104734,74240,14295,22,24
2021-06-29T23:59:59+02:00,315,292,16260,15932,34769,31609,43625,42893,55855,56988,67271,68631,51028,56557,36015,46533,11407,21702,7635,7477,17198,16870,19718,21907,25443,30467,33699,36785,37397,41949,31701,41127,10831,20541,470052,285071,68756,33460,104720,68084,14132,22,22
2021-06-28T23:59:59+02:00,305,270,16112,15775,33057,30200,43303,42599,55689,56847,67154,68523,50982,56505,35997,46512,11404,21690,7330,7221,16641,16496,19326,21592,24934,30081,33111,36285,36017,40460,30913,40193,10827,20530,465640,282028,68730,33407,104698,62687,13834,22,22
2021-06-27T23:59:59+02:00,305,270,16091,15750,32907,30113,43241,42571,55652,56838,67128,68515,50977,56501,35994,46511,11404,21689,7286,7191,16504,16430,19163,21530,24733,30007,32884,36145,34760,39188,29286,38272,10826,20529,465321,281858,68727,33368,104692,55811,13695,22,22
2021-06-26T23:59:59+02:00,303,268,16068,15725,32883,30095,43195,42529,55628,56823,67122,68512,50976,56499,35991,46510,11404,21689,7282,7179,16485,16419,19147,21520,24700,29984,32864,36125,34747,39175,29284,38269,10826,20529,465088,281665,68724,33368,104692,55806,13694,22,22
2021-06-25T23:59:59+02:00,296,266,16009,15678,32763,29997,43003,42369,55570,56777,67080,68488,50966,56488,35987,46509,11404,21689,7096,6902,16201,15910,18878,20864,24329,29051,32476,35404,34586,38958,29261,38239,10826,20529,464250,278982,68721,33358,104675,53497,13671,22,22
2021-06-24T23:59:59+02:00,276,253,15738,15474,32304,29706,41533,41126,55106,56421,66847,68328,50912,56432,35971,46481,11399,21679,6776,6672,15501,15465,17428,19844,22251,27492,31377,34508,34182,38533,29137,38058,10814,20515,459678,269277,68718,33305,104671,53071,12897,22,22
2021-06-23T23:59:59+02:00,261,236,15457,15185,31803,29306,39429,39305,54562,55878,66596,68107,50823,56323,35931,46435,11394,21666,6569,6507,15136,15185,16902,19396,21369,26695,29681,33142,33424,37680,28946,37818,10807,20500,452618,261459,68669,33214,104667,52357,12721,22,22
2021-06-22T23:59:59+02:00,239,201,15079,14790,31135,28673,35988,36258,53650,55077,66293,67802,50716,56201,35892,46378,11390,21652,6389,6295,14730,14856,16098,18675,19951,25381,28079,31490,32626,36705,28406,37212,10789,20467,441680,251353,68636,33129,104661,51242,12415,22,22
2021-06-21T23:59:59+02:00,224,195,14836,14612,30447,28208,33826,34292,53186,54651,66114,67685,50635,56127,35867,46356,11385,21647,6294,6210,14571,14736,15929,18538,19830,25269,27969,31403,32471,36566,27197,35978,10789,20464,434847,250673,68614,33081,104630,48270,12180,22,22
2021-06-20T23:59:59+02:00,217,194,14712,14523,28546,26869,33215,33841,53097,54555,66046,67648,50612,56099,35859,46353,11384,21645,5845,5914,13625,14097,15102,17948,19278,24912,27656,31202,32306,36387,27171,35947,10787,20460,430468,245693,68610,33046,104626,48198,11690,21,22
2021-06-19T23:59:59+02:00,211,189,14686,14490,28431,26786,33186,33814,53075,54539,66030,67637,50606,56090,35857,46348,11383,21643,5631,5754,13066,13687,14494,17471,18952,24710,27462,31031,32227,36287,27154,35933,10787,20460,430061,242174,68608,33042,104626,48195,11685,21,22
2021-06-18T23:59:59+02:00,209,180,14596,14405,28327,26719,31936,32910,52710,54232,65896,67543,50575,56056,35839,46322,11379,21639,5563,5677,12966,13603,14330,17345,18716,24481,26642,30365,32021,36050,27088,35858,10783,20453,429558,239227,65644,32927,104616,48141,11634,21,22
2021-06-17T23:59:59+02:00,195,164,14221,14140,27736,26466,31447,32649,51921,53665,65469,67276,50494,55955,35805,46281,11373,21626,5184,5419,12180,13129,13540,16733,17624,23552,24483,28401,31379,35313,26889,35580,10766,20438,426352,230209,65639,32648,104592,47459,10281,19,22
2021-06-16T23:59:59+02:00,166,136,13792,13735,27271,26109,31003,32292,51109,52962,65014,66887,50376,55835,35776,46224,11362,21614,4821,4984,11463,12462,12748,16040,16525,22431,21514,25537,30311,34106,26592,35176,10751,20397,421485,216183,65592,32620,104585,47060,9982,19,22
2021-06-15T23:59:59+02:00,105,83,13160,13111,26524,25532,30220,31696,49857,51896,64303,66362,50198,55638,35709,46112,11353,21595,4326,4356,10497,11529,11593,14661,14796,20730,18082,22233,28940,32671,26205,34657,10726,20354,413774,197580,65572,32503,104580,46751,9509,19,22
2021-06-14T23:59:59+02:00,75,62,12755,12739,26114,25207,29557,31230,48065,50427,63252,65527,49982,55412,35632,46036,11345,21583,4226,4301,10321,11398,11450,14530,14619,20609,17889,22074,28869,32590,26187,34629,10722,20351,405902,197141,65562,32231,104579,46442,8938,19,22
2021-06-13T23:59:59+02:00,74,61,12714,12696,26043,25171,29494,31204,48012,50402,63217,65503,49976,55409,35630,46032,11344,21580,4070,4223,9994,11270,11127,14419,14322,20497,17488,21732,27355,30950,26047,34434,10718,20340,405702,196399,65486,27559,104572,46232,8783,19,22
2021-06-12T23:59:59+02:00,74,60,12696,12679,26027,25160,29483,31192,47952,50331,63175,65467,49975,55406,35630,46032,11344,21580,4068,4214,9979,11253,11119,14404,14303,20480,17467,21723,27314,30905,26042,34428,10718,20340,405405,196213,65486,27557,104570,46191,8783,19,22
2021-06-11T23:59:59+02:00,72,57,12596,12553,25902,25046,29362,31068,47714,50106,63043,65348,49951,55380,35619,46021,11342,21578,3975,3946,9461,10070,10690,13497,14014,19922,17194,21247,26905,30483,25952,34346,10715,20338,404138,195171,65477,27553,104530,41424,8594,19,22
2021-06-10T23:59:59+02:00,64,50,12352,12336,25585,24765,29018,30799,46641,49090,62308,64779,49866,55284,35585,45969,11332,21565,3706,3582,8695,8826,9795,11856,12713,17166,15410,17645,25188,28559,25655,34041,10709,20314,399264,189656,65420,27116,104329,28719,8356,19,21
2021-06-09T23:59:59+02:00,50,38,12058,12011,25179,24361,28621,30404,44631,47266,61217,63840,49761,55160,35538,45915,11326,21547,3459,3460,8272,8576,9284,11535,12197,16775,14699,17047,21353,24239,25429,33740,10697,20288,391278,178080,65292,26768,104327,28182,8007,19,21
2021-06-08T23:59:59+02:00,44,27,11628,11475,24509,23741,27963,29738,41462,44420,59443,62206,49590,54968,35464,45824,11316,21525,3251,3323,7872,8319,8666,11161,11535,16354,14042,16400,15973,18284,25039,33214,10679,20258,378607,162877,65229,26435,104317,27878,7171,19,17
2021-06-07T23:59:59+02:00,39,20,11466,11281,24160,23465,27682,29529,38834,42491,59014,61843,49556,54937,35452,45803,11314,21519,3154,3254,7566,8147,8347,10985,10963,15901,13538,15922,15896,18204,25008,33163,10677,20251,372949,162558,64802,24611,104308,27471,6327,19,17
2021-06-06T23:59:59+02:00,36,19,11330,11177,23839,23236,27471,29358,37236,41305,58887,61764,49532,54908,35444,45789,11314,21517,3052,3204,7294,8058,8080,10817,10225,15219,12944,15302,15744,18093,24994,33140,10675,20251,372544,162443,61419,21455,104297,27303,5883,19,16
2021-06-05T23:59:59+02:00,35,18,11312,11158,23795,23195,27436,29331,37208,41291,58788,61679,49521,54901,35442,45787,11314,21514,3040,3192,7270,8024,8049,10799,10195,15205,12901,15278,15621,17928,24989,33132,10674,20250,372202,162007,61416,21454,104297,27287,5791,19,16
2021-06-04T23:59:59+02:00,35,16,11129,10900,23435,22730,27160,28935,36780,40841,58169,61139,49487,54860,35432,45769,11312,21508,3016,3176,7241,8007,8027,10782,10164,15181,12867,15244,15409,17721,24978,33111,10672,20249,370403,161421,59147,21441,104283,27189,5785,19,16
2021-06-03T23:59:59+02:00,33,15,10908,10683,22976,22341,26734,28599,35682,40014,55408,58791,49358,54701,35389,45705,11307,21493,2923,3096,7034,7851,7570,10485,9137,14551,11621,14543,14226,16253,24799,32893,10660,20230,366455,158064,54228,17718,104233,26878,5203,18,16
2021-06-02T23:59:59+02:00,33,15,10870,10646,22941,22307,26700,28573,35651,39974,55282,58633,49344,54676,35383,45698,11307,21492,2882,3065,6979,7832,7509,10452,8981,14511,11396,14480,12870,14770,24681,32720,10655,20223,365863,154242,54222,17706,104232,26859,5190,18,16
2021-06-01T23:59:59+02:00,20,8,10453,10297,22287,21798,26013,27990,34929,39396,52280,55486,48955,54267,35265,45535,11291,21466,2426,2706,5628,7149,6236,9876,7584,13840,10261,13517,8563,9209,24204,32039,10632,20168,355102,136054,54042,17336,104213,26278,4361,18,16
2021-05-31T23:59:59+02:00,19,7,10177,10065,21711,21404,25604,27740,34607,39192,50831,54090,48857,54143,35232,45494,11284,21459,2316,2583,5338,6905,5973,9656,7220,13599,10005,13357,8512,9147,24178,31992,10624,20156,350370,135281,53999,17215,104189,25716,3340,18,16
2021-05-30T23:59:59+02:00,18,7,10121,10016,21619,21365,25539,27706,34495,39121,50465,53749,48831,54118,35226,45488,11282,21456,2279,2554,5234,6827,5873,9588,7031,13512,9779,13260,8468,9100,24162,31985,10623,20151,349182,134688,53978,17041,104172,25416,3272,18,16
2021-05-29T23:59:59+02:00,17,7,10107,10004,21585,21346,25522,27693,34474,39108,50452,53731,48827,54114,35223,45487,11282,21456,2260,2502,5191,6701,5813,9458,6915,13314,9640,13039,8397,9009,24095,31918,10622,20150,349025,134411,53978,16989,104151,24352,3263,18,16
2021-05-28T23:59:59+02:00,17,7,10047,9934,21509,21236,25441,27572,34397,39008,50372,53632,48806,54096,35214,45479,11282,21452,2177,2236,4577,6164,5192,8741,6548,12353,9144,12044,8219,8810,23725,31436,10621,20147,348170,132912,53965,16891,104093,19067,3256,17,15
2021-05-27T23:59:59+02:00,16,7,9781,9687,20984,20859,24897,27213,33873,38630,49761,53022,48636,53904,35144,45405,11278,21432,1936,1968,4002,5647,4515,8140,6038,11584,8198,10720,7713,8148,22161,29284,10606,20125,343890,127246,53556,15759,103986,14690,3080,17,15
2021-05-26T23:59:59+02:00,16,7,9506,9443,20262,20292,24023,26542,32610,37601,48996,52316,48382,53615,35068,45292,11266,21408,1879,1896,3908,5523,4381,7977,5831,11321,7872,10336,7150,7423,19724,25857,10586,20081,339170,118761,50585,15507,103933,14526,2940,17,15
2021-05-25T23:59:59+02:00,15,7,9243,9207,19850,19935,23586,26152,32100,37085,48102,51337,48084,53297,34980,45150,11254,21378,1811,1847,3788,5425,4244,7828,5621,11098,7557,10013,6525,6582,15588,20469,10566,20023,333586,106539,50503,15464,103860,14175,2796,17,15
2021-05-24T23:59:59+02:00,14,7,9027,9046,19281,19645,22815,25765,30587,36071,47877,51165,47992,53197,34951,45120,11252,21377,1786,1829,3742,5393,4180,7786,5556,11039,7481,9957,6499,6558,15574,20460,10566,20023,332002,106420,46708,15451,103799,13884,2663,17,15
2021-05-23T23:59:59+02:00,14,7,8820,8839,18925,19354,22393,25419,30163,35750,47285,50652,47558,52742,34848,44974,11244,21368,1784,1828,3732,5388,4176,7780,5546,11031,7471,9948,6494,6547,15574,20458,10566,20023,327173,106361,46706,15449,103798,13864,2661,17,15
2021-05-22T23:59:59+02:00,14,7,8789,8803,18875,19311,22347,25387,30110,35719,47177,50582,47539,52719,34845,44965,11241,21368,1783,1824,3720,5376,4172,7774,5541,11025,7464,9944,6491,6545,15571,20457,10566,20023,326630,106325,46706,15449,103797,13843,2648,17,15
2021-05-21T23:59:59+02:00,13,7,8517,8448,18434,18797,21986,24742,29683,34909,46690,49916,47450,52594,34807,44922,11238,21363,1719,1783,3643,5337,4129,7739,5509,10979,7423,9896,6461,6519,15493,20360,10565,20022,321425,106012,46675,15448,103773,13480,2626,17,15
2021-05-20T23:59:59+02:00,12,7,7943,7904,17490,18001,20980,23826,28362,33708,44943,48093,47010,52132,34698,44765,11220,21344,1420,1621,3333,5050,3864,7352,5212,10499,7043,9443,6227,6263,14178,18820,10542,19983,309820,102262,46588,14965,103543,11142,2470,17,15
2021-05-19T23:59:59+02:00,12,7,7678,7588,16886,17399,20080,22950,27133,32450,43147,46004,46479,51577,34546,44542,11199,21313,1354,1536,3131,4837,3658,7100,4986,10147,6748,9112,5943,5929,11967,15966,10524,19923,298677,96025,46549,14489,103496,10086,2251,17,14
2021-05-18T23:59:59+02:00,11,7,7152,7049,15735,16377,18809,21702,25626,30820,40456,42776,45648,50630,34308,44236,11174,21271,1333,1510,3072,4767,3582,6979,4852,10015,6567,8901,5676,5653,10263,13791,10499,19869,282891,90885,45344,14439,103391,9850,2145,16,14
2021-05-17T23:59:59+02:00,11,7,7074,6988,15553,16267,18594,21534,25227,30493,38704,41139,45538,50551,34260,44171,11164,21247,1300,1487,3016,4722,3518,6920,4783,9911,6471,8800,5634,5613,10249,13773,10495,19861,282675,90812,40579,14158,103348,9669,1904,16,14
2021-05-16T23:59:59+02:00,10,6,6959,6936,15432,16180,18465,21428,25047,30378,35721,38370,45502,50516,34238,44147,11161,21242,1277,1469,2972,4682,3470,6862,4700,9842,6376,8721,5603,5576,10237,13757,10493,19858,282394,90764,34430,13892,103229,9560,1669,16,14
2021-05-15T23:59:59+02:00,10,6,6934,6906,15371,16122,18419,21388,24980,30334,35685,38329,45479,50489,34231,44142,11161,21242,1265,1443,2940,4610,3451,6793,4681,9761,6354,8670,5597,5572,10232,13756,10493,19858,281912,90709,34429,13888,103215,9213,1656,16,14
2021-05-14T23:59:59+02:00,10,5,6761,6536,15022,15626,18106,20971,24643,29873,35440,37979,45450,50458,34221,44137,11161,21240,1206,1384,2861,4507,3404,6689,4617,9610,6271,8540,5567,5527,10219,13746,10493,19857,280848,90620,34280,13869,100905,8410,1590,16,13
2021-05-13T23:59:59+02:00,10,5,6406,6213,14263,15046,17400,20339,23785,29132,34669,37309,45163,50114,34142,44013,11157,21229,1034,1299,2666,4397,3286,6567,4476,9440,6148,8397,5525,5489,10202,13729,10489,19852,274439,90467,33949,13789,100689,7429,1302,16,13
2021-05-12T23:59:59+02:00,10,5,6007,5943,13290,14370,16379,19537,23121,28695,34363,37025,44980,49919,34111,43982,11154,21226,1031,1297,2659,4391,3268,6563,4471,9430,6140,8392,5518,5483,10200,13724,10488,19851,268189,90406,33938,13779,100685,7424,1289,16,12
2021-05-11T23:59:59+02:00,10,5,5629,5719,12702,13920,14575,18095,20170,26169,32047,34698,43925,48658,33786,43510,11125,21176,968,1223,2541,4218,3160,6326,4353,9142,6023,8166,5447,5403,10158,13662,10480,19833,250896,89929,33659,13561,100241,6498,1107,16,11
2021-05-10T23:59:59+02:00,10,5,5480,5620,12430,13794,14223,17871,19367,25601,30671,33675,43394,48044,33729,43421,11117,21157,925,1164,2442,4054,3065,6124,4228,8878,5901,7969,5410,5371,10146,13645,10476,19824,245421,89820,33448,13501,99933,5502,791,16,11
2021-05-09T23:59:59+02:00,10,5,5076,5381,11242,13266,13223,17509,18342,25270,30126,33385,43338,47972,33703,43407,11114,21149,901,1134,2343,3949,2975,5986,4096,8703,5807,7864,5401,5357,10139,13640,10471,19820,240104,89773,33376,13459,99590,4915,432,16,10
2021-05-08T23:59:59+02:00,10,5,5065,5373,11220,13247,13197,17490,18312,25237,30086,33342,43330,47961,33702,43403,11114,21149,898,1127,2331,3941,2970,5986,4092,8697,5804,7861,5398,5354,10136,13635,10471,19820,239837,89746,33374,13459,99589,4882,427,16,10
2021-05-07T23:59:59+02:00,10,5,4963,5290,10989,13079,12912,17270,17704,24636,29136,32448,43136,47720,33646,43331,11110,21143,870,1096,2297,3886,2928,5937,4037,8642,5720,7808,5351,5306,10124,13626,10471,19819,237336,89610,31482,13456,99480,4630,215,15,10
2021-05-06T23:59:59+02:00,10,5,4550,5006,10319,12663,12155,16604,16107,23190,26591,30055,42433,46971,33479,43094,11094,21120,813,1040,2161,3639,2759,5628,3843,8169,5521,7485,5300,5253,10101,13598,10469,19811,228571,89426,28140,13142,98663,2958,57,15,10
2021-05-05T23:59:59+02:00,10,5,4240,4779,9721,12221,11434,16021,15007,22163,23736,27295,41452,45865,33197,42707,11076,21078,798,1016,2098,3514,2701,5473,3749,7958,5425,7351,5251,5198,10064,13559,10467,19808,215548,89164,27956,13004,98441,2208,47,15,10
2021-05-04T23:59:59+02:00,10,5,3893,4327,9053,11530,10662,15182,13704,20912,20132,23890,40105,44404,32823,42184,11053,21039,780,986,2029,3398,2631,5338,3656,7806,5328,7228,5213,5152,10034,13530,10465,19805,198503,88944,27938,12705,98412,1683,40,15,10
2021-05-03T23:59:59+02:00,10,4,3651,3907,8646,11039,10181,14559,13170,20257,19409,23244,39839,44152,32744,42080,11050,21024,766,956,1963,3295,2573,5232,3597,7693,5277,7141,5198,5139,10019,13513,10462,19800,192651,88803,27926,12696,98349,1093,25,15,10
2021-05-02T23:59:59+02:00,10,4,3648,3906,8628,11031,10171,14551,13149,20245,19391,23233,39836,44151,32743,42079,11049,21024,762,940,1933,3213,2526,5136,3550,7568,5257,7076,5194,5136,10018,13509,10462,19798,192559,88785,27912,12664,98343,602,20,15,10
2021-05-01T23:59:59+02:00,10,4,3646,3899,8615,11017,10162,14540,13142,20243,19380,23224,39836,44149,32743,42079,11049,21024,761,940,1932,3213,2525,5136,3550,7568,5257,7076,5194,5136,10018,13509,10461,19798,192475,88784,27910,12662,98343,602,19,15,10
2021-04-30T23:59:59+02:00,10,3,3624,3873,8570,10982,10117,14501,13081,20204,19278,23073,39567,43826,32722,42058,11048,21024,757,935,1918,3205,2524,5128,3547,7561,5255,7069,5191,5133,10014,13508,10461,19798,191549,88758,27641,12659,98337,561,19,15,10
2021-04-29T23:59:59+02:00,10,3,3357,3699,8135,10710,9569,14216,12585,19839,18542,22344,36505,40374,32460,41693,11037,20988,744,921,1870,3144,2475,5062,3481,7420,5164,6970,5151,5098,9991,13465,10459,19792,185997,88551,21805,12504,98232,127,18,14,10
2021-04-28T23:59:59+02:00,10,3,3192,3633,7868,10600,9173,14043,12207,19605,18058,21911,32711,36056,32242,41391,11024,20966,727,905,1844,3105,2430,5013,3443,7363,5098,6906,5088,5036,9940,13406,10456,19782,174828,88338,21651,12066,98187,119,13,14,9
2021-04-27T23:59:59+02:00,9,3,3111,3567,7611,10471,8821,13869,11724,19380,17580,21420,27143,29863,31865,40884,11003,20933,717,891,1812,3069,2394,4967,3389,7304,5043,6830,5038,4966,9905,13353,10452,19773,159477,88126,21629,11643,98124,116,13,14,8
2021-04-26T23:59:59+02:00,9,3,3055,3532,7467,10406,8655,13809,11494,19313,17055,21034,27108,29829,31851,40869,11003,20933,694,859,1744,3010,2327,4912,3323,7214,4945,6726,4939,4891,9824,13269,10450,19770,158893,87993,21410,10770,97095,116,13,14,8
2021-04-25T23:59:59+02:00,9,3,3017,3516,7307,10355,8419,13759,11162,19270,16223,20563,25553,28169,31797,40805,11003,20930,694,858,1738,3005,2320,4909,3317,7206,4941,6717,4936,4886,9816,13258,10450,19770,158409,87970,21400,10733,92024,100,13,14,8
2021-04-24T23:59:59+02:00,9,3,3013,3510,7292,10341,8407,13751,11148,19260,16203,20545,25508,28106,31794,40799,11002,20929,694,858,1738,3004,2320,4909,3316,7206,4941,6717,4936,4885,9814,13257,10450,19770,158200,87964,21396,10733,91997,100,13,14,8
2021-04-23T23:59:59+02:00,9,3,2996,3493,7250,10299,8360,13709,11081,19201,16142,20480,25087,27602,31761,40743,10999,20926,684,850,1720,2995,2304,4880,3265,7168,4841,6620,4797,4762,9643,13058,10444,19755,157012,87671,21258,9999,91844,99,13,14,7
2021-04-22T23:59:59+02:00,8,3,2917,3414,7057,10115,7819,13301,9874,18405,14587,19435,23071,25167,31548,40473,10980,20896,619,800,1606,2882,2178,4715,3105,6996,4657,6420,4640,4588,9130,12400,10407,19676,152204,85753,15961,8969,90879,80,13,13,7
2021-04-21T23:59:59+02:00,8,3,2864,3365,6933,10027,7609,13146,9506,18164,14116,18987,20556,22029,31248,40083,10960,20870,571,776,1526,2803,2091,4624,2978,6853,4494,6255,4456,4408,8557,11633,10361,19584,145192,83950,15189,7931,90068,72,13,12,7
2021-04-20T23:59:59+02:00,8,3,2824,3326,6827,9938,7472,13037,9254,17946,13623,18595,17161,17964,30934,39608,10943,20834,541,741,1453,2739,2004,4545,2878,6733,4360,6094,4268,4214,7691,10419,10291,19432,136330,81025,14945,7296,88997,67,13,12,5
2021-04-19T23:59:59+02:00,8,3,2810,3317,6779,9898,7419,13001,9179,17872,13486,18479,16828,17583,30899,39569,10941,20829,482,701,1333,2644,1905,4447,2746,6575,4162,5903,4014,3913,5845,7990,10072,19029,136006,75171,14749,6512,88120,63,13,12,5
2021-04-18T23:59:59+02:00,8,3,2794,3303,6701,9872,7314,12950,8982,17805,12648,18349,15416,16178,30831,39506,10937,20822,476,695,1323,2636,1890,4436,2713,6546,4101,5853,3938,3842,5434,7362,10025,18946,135784,73679,14606,6463,84004,59,13,12,5
2021-04-17T23:59:59+02:00,8,3,2784,3299,6684,9850,7284,12929,8950,17766,12615,18329,15364,16128,30777,39434,10936,20822,476,692,1323,2635,1889,4432,2709,6541,4098,5849,3937,3840,5429,7361,10024,18945,135431,73643,14605,6463,83901,59,13,12,5
2021-04-16T23:59:59+02:00,8,3,2771,3285,6650,9835,7233,12890,8875,17714,12507,18226,15116,15847,30259,38785,10933,20814,476,689,1318,2630,1880,4430,2703,6535,4090,5841,3931,3834,5412,7332,10022,18943,133902,73542,14598,6452,83227,57,13,11,5
2021-04-15T23:59:59+02:00,8,3,2718,3230,6519,9737,7044,12711,8532,17441,12032,17760,14057,14624,28135,35976,10914,20791,467,683,1314,2604,1865,4407,2680,6507,4047,5788,3874,3760,5380,7280,10014,18930,127970,73224,14323,6314,79916,48,12,11,5
2021-04-14T23:59:59+02:00,7,1,2662,3179,6425,9643,6898,12551,8259,17173,11600,17297,12874,13240,23417,29894,10892,20735,463,676,1299,2594,1852,4389,2658,6482,4004,5751,3827,3709,5318,7225,9984,18892,115569,72924,14291,6160,76865,25,12,10,5
2021-04-13T23:59:59+02:00,7,1,2609,3144,6297,9558,6746,12416,7981,16923,11174,16872,10211,10314,20329,25720,10869,20691,447,652,1252,2551,1801,4327,2550,6381,3822,5589,3613,3524,5170,7086,9975,18869,107124,72577,14096,4997,70620,21,12,10,5
2021-04-12T23:59:59+02:00,7,1,2588,3130,6237,9529,6639,12330,7789,16794,10926,16664,8848,8823,19508,24745,10867,20682,441,643,1233,2535,1785,4304,2516,6341,3771,5537,3549,3476,5135,7045,9970,18847,106998,72438,14041,4659,65046,17,12,10,5
2021-04-11T23:59:59+02:00,7,1,2559,3120,6141,9503,6524,12293,7624,16743,10726,16560,7573,7546,17777,22768,10865,20679,441,643,1232,2533,1785,4303,2516,6341,3767,5531,3544,3475,5129,7043,9970,18847,106928,72427,14035,4647,58025,13,11,10,5
2021-04-10T23:59:59+02:00,7,1,2558,3118,6132,9498,6515,12288,7618,16738,10719,16552,7564,7534,17767,22761,10865,20679,441,639,1230,2530,1784,4300,2514,6337,3764,5530,3535,3461,5121,7029,9970,18847,106843,72367,14035,4640,58016,13,10,10,5
2021-04-09T23:59:59+02:00,7,1,2496,3020,5997,9291,6361,12025,7359,16330,10407,16057,7406,7329,17651,22581,10864,20677,436,634,1212,2517,1759,4282,2481,6287,3685,5449,3417,3351,4980,6935,9965,18845,106369,72281,14006,3931,55464,11,10,10,5
2021-04-08T23:59:59+02:00,7,1,2418,2948,5902,9172,6258,11895,7188,16145,10151,15868,7209,7070,16383,21123,10853,20646,429,628,1198,2484,1733,4245,2454,6214,3631,5383,3339,3304,4900,6830,9943,18799,102711,71829,13652,3663,54854,10,10,10,5
2021-04-07T23:59:59+02:00,7,1,2391,2912,5830,9100,6169,11820,7055,16045,9908,15717,6911,6743,14056,18174,10832,20599,423,627,1187,2471,1720,4221,2440,6174,3563,5324,3267,3251,4841,6768,9934,18770,96542,71543,13491,3417,54218,9,10,9,5
2021-04-06T23:59:59+02:00,7,1,2374,2880,5734,9034,6079,11741,6901,15932,9668,15534,6555,6379,11950,15560,10805,20540,420,620,1179,2444,1709,4198,2414,6136,3498,5260,3181,3201,4795,6715,9928,18752,91495,71299,13191,3132,52971,9,8,9,5
2021-04-05T23:59:59+02:00,7,1,2366,2870,5716,9017,6068,11722,6888,15913,9648,15508,6431,6279,10669,14265,10804,20539,416,613,1175,2429,1703,4182,2398,6105,3465,5219,3151,3164,4774,6670,9921,18734,91412,71107,13155,2995,50128,8,7,9,5
2021-04-04T23:59:59+02:00,7,1,2366,2870,5713,9013,6066,11722,6886,15913,9646,15507,6426,6275,10669,14263,10804,20539,416,612,1175,2428,1703,4182,2397,6105,3465,5219,3150,3164,4772,6670,9920,18733,91403,71100,13152,2994,50115,8,7,9,5
2021-04-03T23:59:59+02:00,7,1,2364,2863,5706,9005,6060,11718,6883,15909,9643,15504,6423,6270,10662,14260,10804,20539,416,612,1175,2428,1703,4182,2397,6105,3465,5218,3150,3164,4772,6670,9920,18733,91346,71099,13150,2994,50109,8,7,9,5
2021-04-02T23:59:59+02:00,7,1,2361,2861,5700,8998,6058,11715,6879,15908,9639,15502,6419,6263,10647,14231,10803,20538,414,610,1174,2428,1702,4181,2396,6105,3464,5211,3125,3147,4762,6661,9920,18733,91260,71023,13147,2993,50108,8,7,8,5
2021-04-01T23:59:59+02:00,7,1,2340,2858,5669,8968,6015,11672,6836,15853,9584,15446,6325,6166,10351,13882,10780,20488,412,594,1171,2422,1695,4170,2381,6088,3438,5190,3060,3098,4699,6587,9842,18616,90267,70457,13124,2990,49836,8,6,8,5
2021-03-31T23:59:59+02:00,7,1,2306,2831,5594,8901,5947,11578,6734,15741,9450,15312,6182,6023,9797,13135,10733,20394,407,588,1165,2411,1689,4154,2374,6075,3418,5156,3028,3065,4650,6528,9784,18514,88276,70004,12908,2988,49469,8,5,8,4
2021-03-30T23:59:59+02:00,7,1,2286,2814,5546,8844,5884,11504,6662,15642,9352,15168,5994,5809,8884,11792,10655,20209,405,585,1162,2407,1676,4137,2356,6053,3384,5111,2969,2996,4559,6430,9652,18273,85183,69297,12528,2847,49333,8,3,6,3
2021-03-29T23:59:59+02:00,6,1,2219,2759,5444,8732,5775,11357,6495,15411,9117,14913,5634,5435,6930,9260,10428,19780,398,581,1151,2396,1663,4125,2331,6026,3354,5055,2899,2930,4439,6325,9444,17934,79065,68330,11720,2710,48903,8,3,5,3
2021-03-28T23:59:59+02:00,6,1,2197,2746,5400,8672,5699,11279,6408,15325,8999,14793,5508,5282,6282,8324,10362,19661,389,575,1136,2380,1639,4098,2284,5966,3298,4963,2815,2851,4323,6179,9369,17794,76754,67865,11461,2186,48721,5,3,5,3
2021-03-27T23:59:59+01:00,6,1,2197,2739,5391,8666,5695,11264,6393,15303,8988,14781,5480,5255,6271,8320,10362,19659,389,575,1134,2379,1638,4093,2280,5963,3289,4956,2810,2848,4307,6155,9287,17644,76646,67554,11461,2185,48656,5,3,5,3
2021-03-26T23:59:59+01:00,6,1,2181,2718,5354,8627,5656,11214,6316,15233,8838,14630,5315,5106,6101,8139,10359,19649,385,567,1127,2366,1622,4064,2252,5927,3255,4902,2749,2784,4120,5897,8572,16446,76299,64880,10623,2147,48513,5,3,5,3
2021-03-25T23:59:59+01:00,6,0,2065,2638,5177,8413,5455,10939,6108,14932,8597,14343,5152,4953,6005,8018,10357,19641,376,553,1108,2340,1599,4034,2206,5869,3181,4824,2650,2678,3744,5403,7414,14681,75845,60730,9671,1924,47276,4,2,5,3
2021-03-24T23:59:59+01:00,6,0,1979,2589,5026,8251,5294,10744,5943,14694,8390,14111,5013,4794,5890,7900,10351,19630,372,542,1095,2312,1567,3979,2147,5804,3092,4724,2513,2563,3311,4781,5991,12418,75466,55632,8505,1573,46627,4,2,5,3
2021-03-23T23:59:59+01:00,6,0,1902,2538,4915,8128,5195,10601,5822,14502,8273,13942,4929,4708,5824,7840,10344,19611,361,517,1076,2277,1534,3921,2103,5714,3010,4633,2426,2469,2858,4140,4046,9147,75071,48802,7757,1425,46245,3,2,5,3
2021-03-22T23:59:59+01:00,6,0,1840,2475,4778,7993,5062,10425,5663,14269,8081,13729,4822,4594,5754,7732,10326,19566,334,500,1047,2239,1489,3847,2037,5603,2908,4483,2313,2317,2326,3446,1453,4916,74564,40067,6722,1187,45822,1,2,5,3
2021-03-21T23:59:59+01:00,6,0,1838,2469,4767,7979,5048,10415,5647,14252,8051,13704,4800,4579,5737,7719,10321,19565,333,500,1042,2225,1480,3818,2019,5565,2882,4433,2272,2268,2284,3405,1436,4870,74540,39925,6669,903,45681,1,2,5,3
2021-03-20T23:59:59+01:00,6,0,1838,2469,4766,7978,5047,10413,5646,14251,8044,13698,4799,4578,5729,7711,10321,19565,333,500,1042,2225,1480,3818,2019,5565,2880,4432,2271,2265,2284,3405,1435,4870,74529,39922,6669,898,45654,1,2,5,3
2021-03-19T23:59:59+01:00,6,0,1786,2225,4257,6696,4639,9430,5375,13694,7822,13296,4673,4480,5660,7644,10320,19565,332,500,1042,2225,1480,3817,2018,5564,2879,4432,2269,2264,2278,3399,1434,4868,74468,39906,6658,891,40435,1,2,5,3
2021-03-18T23:59:59+01:00,6,0,1731,1971,3843,5640,4110,8052,4559,11153,6463,9964,4304,4179,5455,7421,10299,19526,331,497,1035,2212,1473,3792,1991,5525,2854,4408,2248,2248,2253,3370,1429,4859,74033,39714,6593,807,28043,1,2,5,3
2021-03-17T23:59:59+01:00,6,0,1725,1963,3832,5614,4093,8022,4535,11089,6412,9890,4265,4132,5412,7375,10291,19498,328,496,1031,2204,1467,3783,1984,5510,2844,4382,2221,2219,2231,3355,1422,4843,73763,39557,6529,758,27855,1,2,5,3
2021-03-16T23:59:59+01:00,6,0,1702,1929,3774,5533,4024,7916,4408,10927,6205,9691,4042,3942,5269,7215,10284,19473,325,492,1030,2185,1462,3770,1975,5495,2835,4363,2213,2205,2218,3326,1413,4813,73445,39387,5255,728,27633,1,2,5,3
2021-03-15T23:59:59+01:00,6,0,1692,1909,3750,5497,3999,7879,4357,10858,6126,9605,3955,3875,5213,7153,10275,19446,322,488,1021,2169,1454,3764,1959,5459,2817,4335,2198,2173,2192,3262,1402,4774,73213,39166,4890,620,27487,1,0,5,3
2021-03-14T23:59:59+01:00,6,0,1686,1899,3741,5487,3994,7862,4348,10826,6117,9582,3947,3865,5208,7145,10274,19444,322,488,1019,2169,1449,3761,1956,5457,2799,4329,2192,2170,2181,3251,1397,4772,73178,39158,4872,551,27376,1,0,5,3
2021-03-13T23:59:59+01:00,6,0,1682,1893,3726,5464,3987,7852,4328,10815,6103,9566,3944,3862,5205,7142,10274,19444,322,488,1019,2169,1449,3761,1956,5456,2799,4328,2191,2169,2181,3249,1388,4767,73153,39138,4867,551,27268,1,0,5,3
2021-03-12T23:59:59+01:00,5,0,1645,1836,3218,5317,3473,7737,4194,10690,5877,9275,3773,3715,5062,7029,10248,19396,317,466,1015,2139,1441,3738,1937,5385,2746,4244,2012,2014,2121,3200,1381,4761,72935,38372,4132,543,25418,0,0,5,3
2021-03-11T23:59:59+01:00,5,0,1537,1698,2837,5061,3036,7480,3914,10277,5247,8381,3543,3539,4954,6908,10208,19340,316,465,1012,2126,1438,3718,1930,5366,2737,4227,2005,2006,2106,3183,1376,4741,72354,38247,3865,503,21741,0,0,5,3
2021-03-10T23:59:59+01:00,5,0,1507,1665,2798,5017,2998,7421,3857,10190,5138,8264,3417,3433,4836,6793,10160,19273,314,464,1011,2123,1435,3707,1926,5353,2725,4207,1986,1998,2079,3150,1366,4726,71936,38162,3532,406,21299,0,0,5,3
2021-03-09T23:59:59+01:00,5,0,1498,1649,2762,4990,2976,7377,3818,10131,5056,8185,3316,3347,4753,6704,10051,19062,311,463,1007,2117,1428,3694,1900,5331,2683,4177,1943,1973,2025,3121,1354,4716,71334,38132,3260,109,21081,0,0,5,3
2021-03-08T23:59:59+01:00,5,0,1483,1634,2733,4961,2948,7346,3795,10083,5032,8123,3274,3307,4676,6640,9870,18757,310,463,1005,2113,1420,3678,1883,5297,2665,4149,1924,1954,1998,3098,1347,4697,70529,37982,3251,17,20882,0,0,5,3
2021-03-07T23:59:59+01:00,5,0,1470,1624,2704,4917,2914,7298,3761,10022,4989,8062,3239,3273,4610,6538,9793,18611,310,462,1004,2112,1419,3672,1880,5287,2664,4144,1920,1951,1994,3094,1343,4689,69988,37928,3197,15,20640,0,0,5,3
2021-03-06T23:59:59+01:00,5,0,1469,1622,2698,4906,2911,7289,3753,10015,4971,8046,3229,3263,4587,6499,9701,18438,310,462,1002,2109,1419,3670,1874,5278,2662,4142,1915,1944,1989,3092,1342,4686,69590,37880,3197,15,20610,0,0,5,2
2021-03-05T23:59:59+01:00,5,0,1395,1545,2600,4745,2854,7131,3668,9808,4870,7850,3179,3203,4368,6210,8983,17228,310,462,1000,2107,1415,3665,1872,5277,2659,4136,1907,1940,1984,3089,1337,4682,66903,37826,3194,15,19540,0,0,5,2
2021-03-04T23:59:59+01:00,5,0,1221,1439,2433,4546,2684,6860,3500,9464,4613,7508,3063,3077,4004,5751,7787,15386,309,454,991,2084,1399,3625,1844,5224,2631,4089,1878,1915,1951,3034,1309,4636,62641,37357,3191,15,17504,0,0,5,2
2021-03-03T23:59:59+01:00,5,0,1187,1386,2355,4438,2624,6737,3414,9297,4515,7365,2976,3007,3623,5147,6371,13154,305,445,979,2062,1387,3597,1830,5174,2576,4034,1828,1879,1923,3002,1293,4607,57505,36905,3163,15,16929,0,0,4,2
2021-03-02T23:59:59+01:00,5,0,1154,1348,2294,4380,2575,6644,3332,9174,4378,7216,2862,2882,3134,4475,4322,9744,300,436,974,2035,1374,3554,1815,5119,2544,4007,1818,1863,1904,2973,1280,4579,50358,36559,2913,15,16645,0,0,3,2
2021-03-01T23:59:59+01:00,5,0,1095,1319,2232,4318,2502,6557,3238,9046,4236,7029,2732,2745,2558,3723,1542,5188,299,433,967,2023,1363,3536,1807,5104,2531,3991,1801,1853,1888,2954,1269,4550,41129,36353,2521,15,16412,0,0,3,2
2021-02-28T23:59:59+01:00,5,0,1061,1305,2192,4282,2472,6512,3190,8989,4174,6970,2667,2697,2509,3692,1534,5168,299,432,964,2017,1361,3523,1804,5090,2525,3983,1794,1842,1875,2942,1261,4536,41031,36232,2230,15,16155,0,0,3,2
2021-02-27T23:59:59+01:00,5,0,1020,1223,2124,4040,2415,6278,3127,8691,4084,6717,2612,2640,2489,3668,1531,5168,299,432,963,2017,1361,3523,1804,5089,2524,3983,1794,1841,1873,2942,1261,4536,40925,36226,2229,15,14675,0,0,3,2
2021-02-26T23:59:59+01:00,4,0,854,971,1926,3651,2253,5618,2912,7775,3775,5927,2564,2586,2470,3653,1528,5166,299,432,963,2014,1359,3521,1802,5088,2522,3982,1794,1838,1866,2941,1259,4529,40909,36193,2140,15,10581,0,0,3,2
2021-02-25T23:59:59+01:00,4,0,519,814,1648,3452,2073,5313,2716,7378,3548,5625,2482,2506,2429,3592,1524,5151,289,411,938,1964,1329,3451,1771,5007,2493,3918,1769,1810,1826,2895,1231,4488,40712,35577,1878,12,8182,0,0,2,2
2021-02-24T23:59:59+01:00,3,0,498,796,1613,3356,2011,5182,2656,7196,3482,5484,2414,2459,2393,3563,1514,5115,280,407,923,1932,1315,3397,1758,4946,2469,3874,1758,1792,1817,2876,1219,4457,40519,35215,1707,4,7507,0,0,2,2
2021-02-23T23:59:59+01:00,3,0,478,759,1553,3254,1956,5041,2578,7064,3397,5380,2354,2401,2354,3505,1499,5081,278,403,918,1917,1308,3366,1749,4914,2448,3842,1738,1772,1797,2840,1203,4402,40367,34891,1434,3,6854,0,0,2,2
2021-02-22T23:59:59+01:00,2,0,462,728,1499,3155,1917,4902,2519,6845,3336,5236,2345,2304,2338,3426,1493,5036,277,400,915,1905,1300,3339,1732,4878,2433,3812,1719,1753,1769,2810,1188,4353,40153,34581,1169,1,6219,0,0,2,2
2021-02-21T23:59:59+01:00,2,0,454,690,1441,3011,1869,4752,2466,6685,3253,5132,2309,2271,2310,3406,1483,5030,277,399,912,1897,1299,3330,1727,4868,2429,3803,1717,1750,1768,2808,1188,4352,40109,34522,935,1,5518,0,0,2,2
2021-02-20T23:59:59+01:00,2,0,450,684,1433,3007,1864,4752,2463,6682,3248,5128,2306,2270,2310,3405,1481,5030,277,399,912,1896,1299,3329,1727,4868,2428,3802,1716,1749,1765,2808,1187,4350,40104,34510,930,1,5479,0,0,2,2
2021-02-19T23:59:59+01:00,1,0,428,647,1404,2945,1837,4697,2422,6582,3161,5010,2126,2107,2246,3356,1476,5024,275,398,910,1894,1298,3328,1727,4863,2425,3801,1715,1748,1763,2807,1187,4349,39352,34487,910,1,5205,0,0,2,1
2021-02-18T23:59:59+01:00,1,0,402,590,1301,2705,1734,4455,2284,6320,3059,4829,2097,2091,2230,3339,1471,5013,275,392,902,1861,1289,3288,1709,4815,2406,3763,1704,1737,1746,2795,1175,4329,39275,34185,836,1,3808,0,0,2,1
2021-02-17T23:59:59+01:00,1,0,386,558,1263,2573,1677,4280,2214,6079,3000,4679,2078,2072,2206,3319,1457,5003,265,375,866,1775,1246,3159,1649,4656,2331,3628,1625,1668,1669,2683,1122,4207,39118,32924,785,0,2940,0,0,2,1
2021-02-16T23:59:59+01:00,1,0,368,528,1209,2454,1627,4146,2135,5894,2920,4543,2069,2067,2198,3312,1452,4991,258,358,845,1694,1191,3023,1587,4453,2260,3450,1574,1614,1605,2582,1090,4071,39057,31655,754,0,2101,0,0,2,1
2021-02-15T23:59:59+01:00,1,0,358,506,1137,2312,1582,4073,2103,5840,2892,4502,2050,2051,2173,3281,1444,4970,252,339,822,1649,1159,2947,1531,4316,2187,3330,1498,1550,1547,2470,1043,3883,38949,30523,639,0,1685,0,0,2,1
2021-02-14T23:59:59+01:00,1,0,349,500,1113,2257,1519,3912,2062,5748,2861,4463,2044,2048,2161,3271,1441,4963,246,334,804,1621,1143,2908,1489,4264,2149,3300,1482,1529,1522,2433,1026,3837,38930,30087,570,0,1211,0,0,2,1
2021-02-13T23:59:59+01:00,1,0,349,500,1112,2257,1519,3911,2060,5747,2861,4463,2043,2046,2160,3271,1440,4960,246,334,804,1621,1143,2908,1488,4262,2149,3300,1480,1526,1521,2432,1026,3836,38919,30076,570,0,1210,0,0,1,1
2021-02-12T23:59:59+01:00,1,0,342,497,1094,2249,1514,3898,2055,5739,2858,4457,2029,2036,2154,3258,1435,4957,244,333,798,1616,1137,2899,1473,4244,2131,3287,1467,1510,1506,2400,1019,3799,38853,29863,562,0,1157,0,0,1,1
2021-02-11T23:59:59+01:00,1,0,320,473,1031,2154,1461,3771,1961,5475,2773,4338,1998,2003,2114,3190,1405,4900,224,305,748,1512,1057,2675,1350,3887,1945,2982,1278,1301,1332,2122,907,3430,38455,27055,525,0,387,0,0,1,1
2021-02-10T23:59:59+01:00,1,0,314,464,1009,2114,1422,3693,1907,5314,2679,4157,1927,1953,2066,3148,1384,4874,199,260,654,1324,929,2293,1165,3286,1702,2564,1115,1124,1182,1871,790,3068,38039,23526,385,0,1,0,0,1,1
2021-02-09T23:59:59+01:00,1,0,308,453,1001,2083,1407,3641,1863,5247,2613,4102,1869,1913,1995,3093,1363,4852,166,200,555,1062,781,1849,960,2676,1434,2151,963,963,986,1581,667,2621,37738,19615,64,0,1,0,0,1,1
2021-02-08T23:59:59+01:00,1,0,306,451,998,2076,1396,3625,1855,5224,2593,4085,1855,1902,1976,3075,1356,4827,116,165,456,848,617,1433,763,2027,1157,1666,771,787,784,1248,531,2141,37580,15510,19,0,1,0,0,1,1
2021-02-07T23:59:59+01:00,1,0,306,451,997,2075,1395,3620,1852,5221,2586,4082,1849,1893,1960,3067,1351,4819,106,146,407,703,543,1258,685,1812,1060,1519,694,706,703,1124,455,1902,37508,13823,16,0,0,0,0,1,1
2021-02-06T23:59:59+01:00,1,0,306,451,996,2074,1395,3617,1852,5219,2586,4079,1849,1892,1955,3065,1348,4817,105,145,402,700,538,1234,669,1793,1049,1497,691,702,698,1120,454,1898,37485,13696,16,0,0,0,0,1,0
2021-02-05T23:59:59+01:00,1,0,306,450,994,2071,1391,3608,1848,5205,2580,4073,1848,1891,1947,3057,1338,4803,101,137,387,682,521,1205,637,1741,999,1434,654,652,649,1046,427,1804,37394,13077,16,0,0,0,0,1,0
2021-02-04T23:59:59+01:00,1,0,299,433,983,2040,1372,3555,1829,5128,2565,4025,1832,1870,1920,3022,1318,4770,76,106,286,461,361,815,454,1179,687,976,508,477,505,828,338,1445,36945,9503,16,0,0,0,0,1,0
2021-02-03T23:59:59+01:00,1,0,295,424,965,2014,1356,3517,1815,5079,2531,3982,1812,1847,1905,2998,1304,4753,60,82,239,393,291,636,347,921,529,729,341,331,368,587,246,1061,36581,7162,16,0,0,0,0,1,0
2021-02-02T23:59:59+01:00,1,0,290,417,959,1986,1348,3484,1804,5032,2508,3947,1794,1831,1877,2956,1282,4702,39,63,183,311,244,485,265,737,381,561,237,214,234,392,167,697,36201,5210,16,0,0,0,0,1,0
2021-02-01T23:59:59+01:00,1,0,289,414,954,1978,1345,3468,1796,5011,2499,3928,1786,1820,1862,2941,1276,4688,19,39,136,225,168,311,169,489,238,324,120,109,102,191,78,313,36039,3031,16,0,0,0,0,1,0
2021-01-31T23:59:59+01:00,1,0,288,413,952,1971,1342,3459,1793,4992,2495,3913,1782,1812,1858,2933,1273,4678,18,34,118,197,151,269,152,409,201,279,101,95,94,163,70,273,35938,2624,16,0,0,0,0,1,0
2021-01-30T23:59:59+01:00,1,0,288,413,952,1971,1342,3459,1793,4992,2495,3913,1781,1812,1858,2932,1273,4677,18,34,117,197,151,266,149,406,200,278,100,94,94,163,70,273,35935,2610,16,0,0,0,0,1,0
2021-01-29T23:59:59+01:00,1,0,286,410,951,1969,1341,3451,1787,4983,2492,3910,1775,1805,1849,2920,1266,4655,16,33,116,188,142,258,137,378,168,251,73,70,84,141,63,237,35834,2355,16,0,0,0,0,1,0
2021-01-28T23:59:59+01:00,1,0,282,402,932,1915,1317,3387,1762,4921,2464,3848,1753,1785,1817,2889,1248,4618,0,0,10,19,8,18,11,45,7,22,6,4,7,10,3,15,35325,185,15,0,0,0,0,1,0
2021-01-27T23:59:59+01:00,1,0,276,384,899,1834,1282,3273,1701,4798,2404,3748,1696,1736,1772,2821,1209,4529,0,0,4,6,5,11,7,19,3,12,5,4,7,10,3,14,34351,110,11,0,0,0,0,1,0
2021-01-26T23:59:59+01:00,1,0,271,374,889,1820,1268,3234,1684,4742,2374,3681,1663,1704,1733,2749,1191,4438,0,0,4,6,5,11,7,19,3,12,5,4,7,10,3,14,33808,110,7,0,0,0,0,1,0
2021-01-25T23:59:59+01:00,1,0,261,350,847,1701,1198,3070,1593,4471,2268,3473,1603,1651,1675,2661,1140,4252,0,0,1,3,1,3,4,2,3,5,5,4,6,9,2,14,32211,62,3,0,0,0,0,1,0
2021-01-24T23:59:59+01:00,1,0,258,347,836,1681,1188,3048,1562,4438,2242,3452,1592,1642,1663,2649,1134,4244,0,0,1,2,1,3,4,2,3,5,5,4,6,9,2,14,31973,61,3,0,0,0,0,1,0
2021-01-23T23:59:59+01:00,1,0,258,347,836,1681,1187,3047,1562,4434,2241,3451,1591,1642,1662,2648,1133,4239,0,0,1,2,1,3,4,2,3,5,5,4,6,9,2,14,31956,61,3,0,0,0,0,1,0
2021-01-22T23:59:59+01:00,1,0,257,345,830,1678,1183,3042,1559,4427,2229,3446,1579,1630,1656,2629,1127,4217,0,0,1,2,1,3,4,2,3,5,5,4,6,9,2,14,31831,61,3,0,0,0,0,1,0
2021-01-21T23:59:59+01:00,1,0,246,335,803,1612,1158,2915,1503,4265,2149,3311,1480,1526,1519,2461,1044,4027,0,0,1,2,1,3,4,2,3,5,4,3,5,9,1,14,30351,57,3,0,0,0,0,1,0
2021-01-20T23:59:59+01:00,1,0,224,292,730,1456,1067,2601,1369,3807,1975,2955,1358,1379,1397,2261,967,3786,0,0,1,2,1,3,4,2,3,5,4,3,5,9,1,14,27622,57,2,0,0,0,0,1,0
2021-01-19T23:59:59+01:00,1,0,193,235,630,1207,923,2156,1148,3192,1688,2523,1173,1176,1161,1918,805,3216,0,0,1,1,1,2,4,1,2,5,4,3,5,9,1,14,23342,53,2,0,0,0,0,1,0
2021-01-18T23:59:59+01:00,1,0,136,185,498,946,712,1641,881,2324,1313,1912,913,944,927,1512,627,2567,0,0,0,0,0,0,0,0,1,2,2,1,0,0,0,0,18037,6,1,0,0,0,0,1,0
2021-01-17T23:59:59+01:00,1,0,122,159,439,776,627,1418,780,2071,1198,1722,846,864,842,1373,553,2343,0,0,0,0,0,0,0,0,0,1,0,0,0,0,0,0,16133,1,0,0,0,0,0,1,0
2021-01-16T23:59:59+01:00,1,0,121,158,435,775,625,1410,770,2067,1189,1715,844,859,837,1362,545,2327,0,0,0,0,0,0,0,0,0,0,0,0,0,0,0,0,16040,0,0,0,0,0,0,0,0
2021-01-15T23:59:59+01:00,1,0,110,151,423,754,599,1372,738,1989,1128,1634,800,806,790,1273,514,2202,0,0,0,0,0,0,0,0,0,0,0,0,0,0,0,0,15284,0,0,0,0,0,0,0,0
2021-01-14T23:59:59+01:00,1,0,76,112,302,488,398,886,510,1281,772,1073,585,559,576,942,398,1679,0,0,0,0,0,0,0,0,0,0,0,0,0,0,0,0,10638,0,0,0,0,0,0,0,0
2021-01-13T23:59:59+01:00,1,0,59,85,250,410,322,669,379,981,565,765,369,355,392,636,283,1173,0,0,0,0,0,0,0,0,0,0,0,0,0,0,0,0,7694,0,0,0,0,0,0,0,0
2021-01-12T23:59:59+01:00,0,0,48,69,204,351,258,542,279,806,411,599,248,226,244,423,189,785,0,0,0,0,0,0,0,0,0,0,0,0,0,0,0,0,5682,0,0,0,0,0,0,0,0
2021-01-11T23:59:59+01:00,0,0,32,51,177,301,211,441,220,647,301,422,151,131,140,258,105,452,0,0,0,0,0,0,0,0,0,0,0,0,0,0,0,0,4040,0,0,0,0,0,0,0,0
2021-01-10T23:59:59+01:00,0,0,24,42,155,252,182,364,179,536,251,361,130,110,125,213,93,362,0,0,0,0,0,0,0,0,0,0,0,0,0,0,0,0,3379,0,0,0,0,0,0,0,0
2021-01-09T23:59:59+01:00,0,0,24,42,154,250,181,361,177,530,250,360,129,109,125,213,93,362,0,0,0,0,0,0,0,0,0,0,0,0,0,0,0,0,3360,0,0,0,0,0,0,0,0
2021-01-08T23:59:59+01:00,0,0,22,40,152,241,173,351,164,499,220,334,105,93,119,197,86,335,0,0,0,0,0,0,0,0,0,0,0,0,0,0,0,0,3131,0,0,0,0,0,0,0,0
2021-01-07T23:59:59+01:00,0,0,1,0,4,9,8,13,10,6,17,11,10,11,14,21,3,35,0,0,0,0,0,0,0,0,0,0,0,0,0,0,0,0,173,0,0,0,0,0,0,0,0
2021-01-06T23:59:59+01:00,0,0,0,0,1,3,1,5,5,2,3,6,6,4,7,10,1,16,0,0,0,0,0,0,0,0,0,0,0,0,0,0,0,0,70,0,0,0,0,0,0,0,0
2021-01-05T23:59:59+01:00,0,0,0,0,1,3,1,5,5,2,3,5,6,4,6,10,1,15,0,0,0,0,0,0,0,0,0,0,0,0,0,0,0,0,67,0,0,0,0,0,0,0,0
2021-01-04T23:59:59+01:00,0,0,0,0,1,3,1,4,4,2,3,5,6,4,5,9,1,15,0,0,0,0,0,0,0,0,0,0,0,0,0,0,0,0,63,0,0,0,0,0,0,0,0
2021-01-03T23:59:59+01:00,0,0,0,0,1,2,1,4,4,2,3,5,5,4,5,9,1,15,0,0,0,0,0,0,0,0,0,0,0,0,0,0,0,0,61,0,0,0,0,0,0,0,0
2021-01-02T23:59:59+01:00,0,0,0,0,1,2,1,4,4,2,3,5,5,4,5,9,1,15,0,0,0,0,0,0,0,0,0,0,0,0,0,0,0,0,61,0,0,0,0,0,0,0,0
2021-01-01T23:59:59+01:00,0,0,0,0,1,2,1,3,4,2,3,5,5,4,5,9,1,15,0,0,0,0,0,0,0,0,0,0,0,0,0,0,0,0,60,0,0,0,0,0,0,0,0
2020-12-31T23:59:59+01:00,0,0,0,0,1,2,1,3,4,2,3,5,5,4,5,9,1,15,0,0,0,0,0,0,0,0,0,0,0,0,0,0,0,0,60,0,0,0,0,0,0,0,0
2020-12-30T23:59:59+01:00,0,0,0,0,1,2,1,3,4,2,3,5,5,4,5,9,1,15,0,0,0,0,0,0,0,0,0,0,0,0,0,0,0,0,60,0,0,0,0,0,0,0,0
2020-12-29T23:59:59+01:00,0,0,0,0,1,1,1,2,4,1,2,5,5,4,5,9,1,15,0,0,0,0,0,0,0,0,0,0,0,0,0,0,0,0,56,0,0,0,0,0,0,0,0
2020-12-28T23:59:59+01:00,0,0,0,0,1,1,1,1,2,0,1,5,4,1,1,0,0,2,0,0,0,0,0,0,0,0,0,0,0,0,0,0,0,0,20,0,0,0,0,0,0,0,0
2020-12-27T23:59:59+01:00,0,0,0,0,1,1,1,1,2,0,0,3,2,0,1,0,0,2,0,0,0,0,0,0,0,0,0,0,0,0,0,0,0,0,14,0,0,0,0,0,0,0,0
