Datum,<24_1_m,<24_1_w,25-34_1_m,25-34_1_w,35-44_1_m,35-44_1_w,45-54_1_m,45-54_1_w,55-64_1_m,55-64_1_w,65-74_1_m,65-74_1_w,75-84_1_m,75-84_1_w,>84_1_m,>84_1_w,<24_2_m,<24_2_w,25-34_2_m,25-34_2_w,35-44_2_m,35-44_2_w,45-54_2_m,45-54_2_w,55-64_2_m,55-64_2_w,65-74_2_m,65-74_2_w,75-84_2_m,75-84_2_w,>84_2_m,>84_2_w,bp_1,bp_2,mo_1,mo_2,az_1,az_2,ja
2021-07-02T23:59:59+02:00,17180,16739,38953,35326,44673,43984,56090,57192,67318,68787,50944,56492,35771,46349,11046,21019,8735,8654,19440,18821,22366,24336,29269,34019,43319,47003,41698,46545,33192,42985,10549,20012,480778,313654,68472,43594,104377,79459,14236
2021-07-01T23:59:59+02:00,16860,16445,37269,34024,44127,43506,55847,57000,67156,68631,50875,56408,35747,46313,11042,21012,8378,8269,18614,18159,21453,23536,27970,32913,40418,44172,40800,45563,32652,42325,10533,19989,475530,306607,68401,38858,104358,76306,13973
2021-06-30T23:59:59+02:00,16544,16176,35214,32307,43541,42898,55637,56821,66966,68449,50794,56321,35720,46265,11038,20998,8023,7941,17965,17568,20600,22746,26730,31710,35982,39489,39757,44469,32012,41562,10512,19964,469077,296455,68361,33130,104341,73535,13910
2021-06-29T23:59:59+02:00,16303,15956,34218,31241,43097,42467,55459,56666,66800,68305,50719,56247,35683,46222,11030,20991,7449,7341,16873,16660,19381,21547,25058,30058,33270,36412,36997,41510,31284,40684,10490,19926,464972,280537,68355,33086,104326,67566,13751
2021-06-28T23:59:59+02:00,16158,15789,32566,29870,42790,42175,55322,56534,66688,68201,50673,56195,35667,46201,11027,20979,7150,7079,16333,16287,18996,21236,24575,29681,32689,35919,35627,40034,30499,39756,10486,19917,460705,277517,68333,33037,104301,62214,13496
2021-06-27T23:59:59+02:00,16137,15769,32414,29786,42728,42148,55286,56525,66662,68193,50669,56191,35664,46200,11027,20978,7107,7053,16197,16222,18832,21175,24374,29608,32461,35781,34381,38769,28879,37843,10485,19916,460391,277349,68331,32997,104295,55377,13360
2021-06-26T23:59:59+02:00,16114,15749,32389,29770,42685,42109,55263,56511,66656,68190,50667,56190,35662,46199,11027,20978,7103,7041,16178,16210,18817,21167,24341,29586,32440,35760,34368,38757,28877,37840,10485,19916,460176,277158,68329,32997,104295,55372,13359
2021-06-25T23:59:59+02:00,16057,15705,32277,29672,42496,41953,55207,56467,66617,68166,50657,56179,35658,46198,11027,20978,6919,6765,15899,15708,18553,20521,23977,28656,32057,35043,34207,38543,28854,37810,10485,19916,459371,274513,68327,32988,104278,53074,13338
2021-06-24T23:59:59+02:00,15792,15500,31844,29391,41043,40721,54756,56117,66395,68015,50605,56124,35643,46172,11022,20969,6626,6546,15230,15274,17140,19538,21953,27134,30975,34156,33809,38124,28734,37634,10473,19902,454871,265012,68327,32946,104274,52653,12637
2021-06-23T23:59:59+02:00,15505,15202,31356,29005,38990,38941,54222,55586,66147,67799,50518,56018,35603,46126,11017,20956,6428,6384,14875,15006,16619,19095,21091,26348,29310,32826,33076,37305,28544,37394,10466,19887,447973,257386,68280,32858,104271,51943,12467
2021-06-22T23:59:59+02:00,15114,14787,30692,28381,35602,35950,53323,54793,65848,67499,50412,55898,35566,46070,11014,20942,6253,6174,14486,14684,15832,18387,19689,25053,27722,31180,32289,36344,28022,36799,10448,19856,437206,247387,68250,32778,104266,50884,12169
2021-06-21T23:59:59+02:00,14863,14612,30042,27941,33463,34010,52869,54381,65675,67385,50332,55825,35541,46048,11009,20937,6160,6095,14328,14570,15662,18254,19571,24943,27616,31096,32139,36208,26827,35582,10448,19854,430539,246730,68228,32732,104233,47958,11933
2021-06-20T23:59:59+02:00,14743,14534,28360,26778,32931,33626,52788,54298,65615,67355,50314,55801,35533,46046,11008,20935,5760,5839,13474,14001,14932,17748,19099,24664,27344,30927,31998,36057,26801,35551,10446,19850,426789,242446,68226,32706,104203,47892,11447
2021-06-19T23:59:59+02:00,14712,14496,28245,26698,32901,33599,52767,54282,65599,67344,50308,55792,35531,46041,11007,20933,5553,5685,12930,13599,14340,17284,18784,24467,27153,30759,31922,35959,26784,35537,10446,19850,426385,239017,68225,32704,104203,47889,11442
2021-06-18T23:59:59+02:00,14628,14406,28147,26633,31704,32719,52412,53981,65470,67254,50278,55759,35514,46017,11003,20929,5489,5612,12834,13516,14179,17164,18549,24242,26336,30101,31720,35724,26718,35463,10442,19843,425907,236096,65362,32606,104193,47838,11392
2021-06-17T23:59:59+02:00,14261,14133,27610,26408,31253,32470,51655,53426,65068,66991,50202,55661,35484,45977,10997,20917,5125,5354,12100,13064,13430,16569,17486,23332,24212,28156,31086,34998,26525,35189,10425,19829,422779,227177,65355,32328,104168,47164,10211
2021-06-16T23:59:59+02:00,13822,13714,27150,26057,30819,32118,50856,52740,64626,66610,50091,55544,35455,45920,10987,20905,4764,4917,11382,12392,12647,15886,16396,22219,21256,25304,30026,33800,26229,34786,10410,19788,418024,213211,65313,32300,104162,46776,9915
2021-06-15T23:59:59+02:00,13137,13055,26401,25486,30046,31529,49613,51684,63920,66089,49914,55352,35386,45808,10978,20886,4270,4291,10421,11463,11504,14525,14678,20531,17844,22018,28663,32369,25845,34268,10384,19745,410386,194719,65294,32187,104158,46467,9446
2021-06-14T23:59:59+02:00,12707,12666,25998,25162,29389,31071,47824,50218,62873,65258,49698,55128,35309,45732,10970,20874,4172,4238,10247,11338,11365,14395,14502,20412,17655,21862,28593,32290,25826,34240,10381,19744,402560,194300,65285,31915,104154,46167,8878
2021-06-13T23:59:59+02:00,12665,12621,25925,25131,29326,31044,47771,50193,62838,65235,49691,55125,35307,45729,10969,20871,4022,4161,9921,11212,11043,14286,14209,20304,17272,21521,27098,30671,25687,34046,10377,19733,402361,193571,65213,27309,104147,45963,8720
2021-06-12T23:59:59+02:00,12648,12604,25911,25121,29315,31032,47712,50124,62796,65199,49690,55122,35307,45729,10969,20871,4020,4151,9905,11198,11035,14272,14190,20287,17252,21512,27057,30626,25682,34040,10377,19733,402071,193387,65213,27308,104146,45922,8720
2021-06-11T23:59:59+02:00,12549,12472,25786,25008,29196,30910,47480,49901,62664,65080,49666,55096,35297,45718,10967,20869,3929,3885,9389,10016,10606,13367,13901,19735,16979,21037,26654,30207,25593,33959,10374,19731,400818,192352,65205,27305,104106,41175,8530
2021-06-10T23:59:59+02:00,12305,12263,25474,24729,28860,30648,46426,48896,61940,64520,49584,55002,35264,45666,10958,20856,3668,3523,8624,8780,9713,11732,12609,17005,15209,17473,24950,28292,25298,33661,10369,19707,396042,186904,65154,26868,103901,28547,8294
2021-06-09T23:59:59+02:00,12003,11936,25070,24323,28475,30258,44434,47086,60860,63584,49484,54883,35219,45614,10953,20839,3424,3406,8214,8529,9207,11415,12105,16621,14514,16887,21138,24008,25074,33361,10358,19682,388137,175453,65033,26527,103900,28012,7951
2021-06-08T23:59:59+02:00,11573,11409,24418,23705,27820,29601,41291,44263,59107,61963,49315,54698,35147,45525,10943,20818,3215,3270,7817,8273,8597,11043,11449,16207,13863,16247,15798,18100,24684,32837,10340,19655,375616,160370,64971,26173,103890,27733,7119
2021-06-07T23:59:59+02:00,11408,11216,24069,23431,27545,29397,38666,42341,58679,61603,49281,54667,35134,45504,10941,20812,3121,3203,7513,8098,8282,10869,10881,15761,13365,15772,15722,18023,24656,32787,10338,19648,369990,160060,64545,24363,103881,27338,6278
2021-06-06T23:59:59+02:00,11278,11111,23754,23205,27338,29227,37078,41159,58555,61524,49256,54639,35126,45490,10941,20810,3021,3154,7246,8010,8015,10708,10149,15086,12776,15156,15573,17912,24642,32764,10336,19648,369584,159946,61195,21227,103872,27183,5840
2021-06-05T23:59:59+02:00,11260,11093,23713,23169,27303,29202,37051,41144,58457,61439,49245,54633,35124,45488,10941,20807,3009,3143,7223,7979,7986,10692,10119,15071,12737,15132,15452,17748,24637,32756,10335,19647,369256,159521,61193,21226,103871,27170,5749
2021-06-04T23:59:59+02:00,11077,10834,23352,22707,27033,28807,36626,40698,57839,60902,49210,54592,35114,45470,10940,20801,2985,3127,7194,7962,7965,10674,10091,15046,12703,15098,15243,17543,24626,32735,10333,19646,367455,158942,58947,21213,103857,27073,5743
2021-06-03T23:59:59+02:00,10860,10620,22897,22317,26610,28473,35547,39875,55101,58569,49085,54439,35072,45407,10935,20786,2895,3047,6989,7816,7514,10386,9076,14426,11479,14407,14070,16091,24450,32519,10321,19627,363586,155638,54037,17542,103806,26769,5164
2021-06-02T23:59:59+02:00,10825,10588,22861,22283,26578,28449,35516,39834,54975,58412,49071,54417,35066,45400,10935,20785,2855,3018,6934,7798,7457,10352,8923,14387,11259,14346,12727,14623,24331,32347,10316,19620,363004,151855,54031,17531,103806,26753,5154
2021-06-01T23:59:59+02:00,10406,10242,22211,21777,25899,27874,34798,39266,51993,55288,48687,54018,34949,45242,10919,20759,2399,2660,5590,7119,6193,9780,7537,13722,10133,13393,8429,9087,23859,31669,10292,19562,352349,133749,53861,17165,103787,26179,4331
2021-05-31T23:59:59+02:00,10132,10011,21642,21382,25495,27625,34477,39064,50547,53896,48588,53894,34916,45201,10912,20751,2290,2537,5306,6874,5933,9561,7173,13482,9877,13234,8378,9025,23833,31623,10284,19549,347638,132984,53822,17046,103764,25620,3309
2021-05-30T23:59:59+02:00,10077,9963,21556,21345,25430,27591,34366,38993,50186,53558,48564,53869,34910,45195,10910,20748,2255,2507,5201,6796,5831,9495,6984,13394,9653,13140,8336,8980,23817,31616,10283,19544,346459,132396,53804,16873,103755,25320,3243
2021-05-29T23:59:59+02:00,10061,9952,21523,21328,25414,27579,34345,38980,50174,53540,48560,53865,34907,45194,10910,20748,2235,2454,5158,6671,5770,9364,6868,13197,9516,12920,8263,8891,23751,31549,10282,19543,346308,132123,53804,16822,103734,24253,3234
2021-05-28T23:59:59+02:00,10004,9884,21447,21219,25339,27463,34269,38880,50096,53442,48539,53847,34899,45184,10910,20744,2152,2193,4541,6132,5152,8642,6498,12234,9023,11928,8089,8699,23384,31068,10281,19540,345467,130638,53793,16724,103679,18967,3227
2021-05-27T23:59:59+02:00,9740,9637,20920,20843,24803,27107,33748,38504,49485,52841,48370,53657,34829,45110,10907,20725,1911,1927,3963,5612,4480,8042,5991,11471,8089,10620,7588,8042,21830,28917,10266,19518,341223,125008,53382,15596,103571,14613,3050
2021-05-26T23:59:59+02:00,9468,9399,20201,20283,23941,26441,32495,37478,48728,52143,48117,53368,34754,44996,10896,20701,1856,1856,3872,5486,4347,7881,5785,11211,7766,10242,7028,7317,19412,25505,10246,19475,336563,116575,50413,15342,103519,14454,2914
2021-05-25T23:59:59+02:00,9202,9167,19792,19927,23506,26051,31990,36972,47841,51174,47827,53059,34674,44856,10884,20673,1790,1808,3749,5388,4213,7734,5578,10989,7459,9927,6410,6484,15328,20179,10226,19417,331048,104501,50332,15298,103446,14111,2769
2021-05-24T23:59:59+02:00,8992,9016,19231,19641,22736,25665,30487,35961,47620,51003,47735,52958,34645,44827,10882,20672,1765,1793,3704,5354,4151,7693,5513,10929,7383,9872,6385,6460,15314,20171,10226,19417,329489,104387,46553,15286,103392,13820,2637
2021-05-23T23:59:59+02:00,8784,8810,18875,19352,22316,25317,30065,35642,47033,50494,47305,52503,34543,44681,10874,20663,1763,1792,3696,5349,4147,7689,5504,10921,7375,9866,6381,6449,15314,20169,10226,19417,324679,104338,46552,15284,103391,13801,2635
2021-05-22T23:59:59+02:00,8753,8773,18826,19309,22270,25286,30014,35612,46924,50424,47286,52481,34540,44672,10871,20663,1762,1789,3684,5337,4143,7683,5500,10915,7368,9862,6379,6447,15312,20169,10226,19417,324140,104306,46552,15284,103390,13781,2622
2021-05-21T23:59:59+02:00,8480,8420,18387,18797,21914,24648,29589,34804,46436,49760,47198,52358,34502,44629,10868,20658,1699,1748,3605,5298,4102,7649,5468,10871,7328,9814,6351,6421,15234,20073,10225,19416,318959,103993,46523,15284,103366,13425,2600
2021-05-20T23:59:59+02:00,7907,7871,17437,18007,20913,23733,28274,33606,44695,47943,46760,51900,34394,44476,10850,20639,1400,1590,3297,5009,3837,7262,5175,10395,6950,9363,6121,6169,13934,18545,10202,19377,307381,100277,46439,14806,103140,11098,2445
2021-05-19T23:59:59+02:00,7643,7556,16834,17408,20019,22865,27051,32357,42908,45862,46229,51348,34244,44257,10829,20608,1336,1509,3093,4794,3634,7011,4954,10043,6659,9034,5849,5844,11742,15717,10185,19315,296297,94103,46399,14339,103095,10050,2227
2021-05-18T23:59:59+02:00,7116,7012,15686,16389,18758,21618,25548,30735,40228,42641,45402,50406,34005,43953,10804,20566,1315,1484,3034,4724,3558,6893,4820,9913,6481,8822,5585,5571,10055,13555,10162,19260,280543,89004,45199,14289,103002,9816,2123
2021-05-17T23:59:59+02:00,7037,6952,15502,16278,18543,21449,25149,30410,38478,41005,45292,50328,33957,43887,10794,20545,1282,1462,2980,4680,3495,6834,4752,9811,6386,8722,5544,5531,10042,13538,10159,19252,280329,88941,40433,14008,102959,9636,1885
2021-05-16T23:59:59+02:00,6923,6899,15383,16190,18414,21344,24972,30297,35498,38237,45256,50293,33935,43863,10791,20540,1258,1446,2937,4640,3447,6777,4667,9744,6290,8642,5514,5494,10031,13522,10157,19249,280051,88894,34294,13741,102840,9530,1650
2021-05-15T23:59:59+02:00,6900,6869,15322,16133,18368,21304,24905,30254,35462,38197,45233,50266,33928,43858,10791,20540,1247,1420,2905,4567,3428,6708,4648,9663,6268,8592,5509,5489,10027,13521,10157,19249,279572,88840,34294,13737,102826,9183,1638
2021-05-14T23:59:59+02:00,6725,6501,14977,15637,18055,20888,24573,29795,35217,37846,45204,50235,33918,43853,10791,20538,1189,1359,2828,4466,3382,6606,4584,9513,6186,8463,5479,5445,10014,13512,10157,19248,278523,88761,34148,13718,100509,8379,1573
2021-05-13T23:59:59+02:00,6375,6186,14223,15054,17352,20261,23719,29055,34450,37177,44916,49892,33838,43728,10787,20527,1014,1274,2633,4357,3264,6486,4444,9347,6065,8321,5436,5407,9999,13496,10153,19243,272130,88617,33827,13636,100296,7399,1287
2021-05-12T23:59:59+02:00,5977,5914,13244,14378,16334,19460,23055,28621,34145,36897,44733,49698,33807,43697,10784,20524,1012,1272,2627,4352,3246,6482,4439,9337,6058,8317,5431,5402,9997,13491,10152,19242,265884,88562,33818,13627,100292,7394,1274
2021-05-11T23:59:59+02:00,5604,5688,12664,13934,14538,18022,20107,26103,31831,34576,43682,48438,33484,43224,10756,20475,953,1198,2512,4182,3140,6260,4322,9057,5943,8096,5359,5324,9955,13431,10144,19225,248632,88100,33542,13413,99856,6492,1096
2021-05-10T23:59:59+02:00,5458,5591,12394,13810,14189,17801,19306,25532,30453,33557,43150,47829,33427,43137,10748,20455,912,1139,2413,4021,3046,6057,4200,8796,5822,7900,5324,5295,9943,13415,10140,19216,243166,87997,33332,13353,99554,5504,785
2021-05-09T23:59:59+02:00,5052,5349,11200,13280,13188,17438,18285,25203,29911,33266,43094,47757,33402,43122,10745,20449,889,1109,2314,3919,2956,5919,4068,8624,5728,7795,5316,5282,9936,13412,10135,19214,237838,87962,33261,13311,99215,4916,427
2021-05-08T23:59:59+02:00,5041,5340,11181,13260,13168,17424,18258,25170,29871,33224,43086,47746,33401,43118,10745,20449,885,1103,2301,3912,2950,5919,4064,8618,5725,7792,5313,5279,9933,13407,10135,19214,237586,87935,33260,13311,99214,4882,422
2021-05-07T23:59:59+02:00,4942,5257,10953,13093,12876,17208,17654,24571,28922,32329,42894,47506,33345,43046,10741,20443,858,1072,2266,3858,2904,5873,4009,8563,5641,7738,5266,5233,9921,13398,10135,19213,235096,87803,31372,13307,99107,4633,205
2021-05-06T23:59:59+02:00,4529,4978,10286,12676,12117,16546,16051,23129,26378,29939,42191,46759,33179,42810,10725,20420,802,1017,2130,3608,2737,5567,3815,8090,5446,7418,5215,5180,9898,13370,10133,19204,226340,87622,28025,12994,98304,2970,44
2021-05-05T23:59:59+02:00,4216,4752,9694,12234,11401,15970,14954,22107,23537,27191,41216,45656,32900,42423,10707,20378,788,995,2067,3483,2680,5412,3722,7880,5349,7282,5166,5125,9863,13334,10131,19201,213375,87363,27842,12856,98083,2223,36
2021-05-04T23:59:59+02:00,3873,4295,9024,11540,10630,15134,13650,20857,19934,23787,39871,44198,32527,41904,10684,20339,770,965,2001,3366,2610,5279,3632,7729,5254,7160,5128,5079,9834,13305,10129,19198,196334,87151,27824,12560,98059,1698,30
2021-05-03T23:59:59+02:00,3631,3872,8616,11046,10154,14509,13116,20201,19216,23144,39606,43947,32448,41800,10681,20324,756,936,1934,3261,2554,5172,3572,7615,5204,7073,5113,5068,9819,13288,10126,19193,190484,87011,27812,12552,97997,1103,18
2021-05-02T23:59:59+02:00,3628,3870,8598,11039,10145,14502,13094,20189,19199,23135,39605,43946,32447,41799,10680,20324,752,919,1905,3180,2508,5077,3525,7490,5184,7008,5109,5065,9818,13284,10126,19191,190396,86994,27800,12523,97990,610,14
2021-05-01T23:59:59+02:00,3626,3863,8586,11025,10137,14493,13087,20187,19188,23126,39605,43944,32447,41799,10680,20324,751,919,1904,3180,2508,5077,3525,7490,5184,7008,5109,5065,9818,13284,10125,19191,190314,86993,27800,12522,97990,610,13
2021-04-30T23:59:59+02:00,3603,3839,8540,10990,10094,14453,13025,20148,19085,22975,39339,43621,32426,41778,10679,20324,748,915,1891,3173,2507,5068,3522,7483,5182,7001,5106,5062,9814,13283,10125,19191,189390,86969,27531,12519,97985,570,13
2021-04-29T23:59:59+02:00,3340,3668,8110,10722,9547,14169,12536,19788,18354,22254,36278,40167,32165,41410,10667,20285,735,901,1843,3111,2459,5002,3457,7342,5090,6902,5069,5029,9793,13243,10123,19185,183872,86773,21694,12362,97882,137,12
2021-04-28T23:59:59+02:00,3180,3601,7849,10611,9146,13995,12162,19552,17870,21819,32486,35850,31946,41109,10655,20264,718,884,1817,3073,2414,4953,3420,7286,5026,6840,5008,4972,9741,13186,10120,19176,172709,86568,21543,11935,97835,123,8
2021-04-27T23:59:59+02:00,3098,3536,7591,10480,8796,13821,11678,19329,17392,21329,26936,29673,31569,40602,10634,20232,708,870,1786,3036,2380,4908,3367,7229,4970,6764,4957,4904,9706,13135,10117,19167,157397,86364,21521,11512,97770,120,8
2021-04-26T23:59:59+02:00,3045,3503,7451,10416,8631,13762,11448,19261,16871,20943,26903,29641,31555,40587,10634,20232,686,839,1718,2976,2314,4852,3301,7140,4876,6663,4860,4829,9624,13053,10115,19164,156823,86240,21303,10642,96749,120,8
2021-04-25T23:59:59+02:00,3009,3486,7290,10365,8395,13712,11119,19217,16111,20492,25377,28008,31500,40524,10634,20229,686,837,1712,2972,2307,4849,3296,7132,4872,6654,4857,4824,9616,13041,10115,19164,156342,86217,21293,10605,91825,104,8
2021-04-24T23:59:59+02:00,3005,3480,7274,10352,8384,13704,11105,19208,16094,20474,25334,27945,31497,40518,10633,20228,686,837,1712,2971,2307,4849,3295,7132,4872,6654,4857,4823,9614,13040,10115,19164,156141,86211,21289,10605,91797,104,8
2021-04-23T23:59:59+02:00,2987,3464,7235,10312,8340,13659,11040,19148,16034,20410,24912,27442,31464,40463,10630,20225,678,830,1694,2962,2291,4820,3243,7095,4774,6557,4719,4700,9446,12843,10109,19149,154962,85924,21150,9874,91645,104,8
2021-04-22T23:59:59+02:00,2909,3382,7045,10129,7798,13254,9834,18357,14483,19371,22907,25021,31252,40194,10611,20197,613,778,1579,2849,2167,4657,3082,6925,4591,6357,4567,4528,8936,12191,10073,19070,150187,84023,15859,8848,90690,84,8
2021-04-21T23:59:59+02:00,2856,3335,6923,10041,7590,13102,9469,18118,14016,18924,20404,21891,30953,39806,10592,20172,564,755,1502,2772,2082,4567,2956,6782,4432,6193,4382,4349,8367,11432,10030,18981,143191,82240,15095,7821,89898,77,8
2021-04-20T23:59:59+02:00,2817,3296,6817,9952,7455,12992,9218,17901,13526,18533,17020,17840,30639,39331,10575,20136,534,721,1429,2709,1995,4489,2856,6665,4297,6032,4198,4155,7512,10230,9962,18829,134351,79345,14850,7188,88839,72,8
2021-04-19T23:59:59+02:00,2804,3289,6771,9912,7403,12957,9143,17825,13389,18418,16691,17460,30606,39298,10574,20132,475,681,1314,2616,1900,4396,2730,6512,4106,5844,3946,3856,5689,7818,9748,18433,134036,73555,14655,6434,87973,67,8
2021-04-18T23:59:59+02:00,2788,3276,6695,9886,7297,12910,8949,17758,12561,18292,15290,16063,30538,39236,10571,20125,470,676,1305,2608,1885,4386,2697,6483,4046,5795,3871,3786,5279,7195,9703,18350,133820,72075,14513,6389,83894,63,8
2021-04-17T23:59:59+02:00,2778,3272,6678,9863,7266,12888,8917,17719,12529,18272,15237,16015,30485,39164,10570,20125,470,674,1305,2607,1884,4382,2693,6478,4043,5791,3870,3784,5274,7194,9702,18349,133465,72040,14512,6389,83793,63,8
2021-04-16T23:59:59+02:00,2765,3258,6645,9848,7215,12849,8843,17666,12421,18170,14993,15742,29968,38518,10567,20117,470,672,1299,2602,1875,4380,2688,6472,4036,5784,3865,3778,5257,7164,9702,18347,131950,71945,14505,6378,83122,60,8
2021-04-15T23:59:59+02:00,2714,3201,6512,9748,7027,12671,8502,17394,11949,17706,13943,14529,27855,35712,10549,20094,461,666,1294,2577,1859,4357,2665,6444,3995,5731,3808,3703,5225,7113,9694,18335,126044,71630,14229,6241,79826,49,7
2021-04-14T23:59:59+02:00,2657,3150,6418,9653,6885,12510,8231,17127,11521,17246,12767,13147,23145,29640,10530,20040,458,661,1281,2568,1847,4340,2643,6420,3952,5694,3762,3653,5166,7059,9666,18298,113679,71344,14197,6090,76784,27,7
2021-04-13T23:59:59+02:00,2605,3116,6291,9568,6734,12380,7954,16879,11100,16829,10112,10226,20087,25490,10507,19998,442,636,1233,2525,1794,4280,2536,6318,3772,5533,3549,3467,5019,6923,9657,18276,105306,71005,14003,4926,70560,22,7
2021-04-12T23:59:59+02:00,2584,3102,6233,9540,6628,12293,7764,16751,10854,16626,8751,8741,19266,24519,10506,19989,436,627,1214,2510,1778,4259,2504,6277,3720,5481,3486,3418,4984,6882,9652,18254,105187,70870,13950,4588,65003,17,7
2021-04-11T23:59:59+02:00,2556,3094,6137,9513,6513,12256,7599,16701,10654,16521,7482,7465,17540,22545,10504,19986,436,627,1213,2508,1778,4259,2503,6277,3718,5477,3482,3417,4978,6880,9652,18254,105119,70859,13944,4578,57996,15,7
2021-04-10T23:59:59+02:00,2555,3092,6127,9508,6504,12251,7594,16696,10647,16513,7474,7453,17531,22539,10504,19986,435,624,1211,2505,1777,4257,2501,6274,3715,5476,3473,3403,4970,6866,9652,18254,105038,70801,13943,4571,57987,15,6
2021-04-09T23:59:59+02:00,2493,2994,5993,9299,6348,11989,7336,16288,10335,16014,7318,7249,17414,22359,10503,19984,430,619,1193,2493,1751,4242,2471,6225,3637,5396,3359,3293,4831,6777,9647,18251,104569,70721,13913,3875,55428,13,6
2021-04-08T23:59:59+02:00,2414,2922,5896,9179,6245,11861,7165,16102,10081,15826,7124,6991,16153,20896,10492,19955,423,615,1181,2463,1726,4207,2444,6158,3585,5332,3287,3248,4752,6672,9625,18206,100919,70293,13558,3613,54819,12,6
2021-04-07T23:59:59+02:00,2387,2886,5823,9108,6159,11789,7032,16003,9839,15675,6829,6664,13837,17945,10471,19906,418,614,1171,2450,1713,4184,2430,6122,3519,5275,3216,3196,4697,6611,9617,18179,94763,70024,13397,3371,54187,11,6
2021-04-06T23:59:59+02:00,2371,2854,5728,9043,6069,11711,6879,15891,9600,15493,6472,6302,11748,15345,10445,19847,415,608,1164,2425,1701,4161,2404,6084,3454,5210,3132,3146,4653,6556,9612,18162,89755,69782,13097,3090,52941,10,5
2021-04-05T23:59:59+02:00,2363,2845,5710,9026,6058,11692,6866,15872,9580,15468,6348,6204,10470,14060,10445,19846,411,600,1160,2410,1695,4145,2388,6054,3421,5169,3102,3109,4633,6511,9606,18146,89678,69594,13061,2953,50110,9,4
2021-04-04T23:59:59+02:00,2363,2845,5708,9023,6056,11692,6864,15872,9578,15468,6343,6200,10470,14058,10445,19846,411,599,1160,2409,1695,4145,2387,6054,3421,5169,3102,3109,4631,6511,9606,18146,89669,69590,13061,2952,50097,9,4
2021-04-03T23:59:59+02:00,2361,2837,5700,9016,6051,11688,6861,15869,9575,15466,6340,6195,10464,14055,10445,19846,411,599,1160,2409,1695,4145,2387,6054,3421,5168,3102,3109,4631,6511,9606,18146,89613,69589,13060,2952,50092,9,4
2021-04-02T23:59:59+02:00,2360,2835,5694,9011,6049,11685,6857,15868,9571,15464,6336,6189,10450,14026,10444,19845,409,597,1159,2409,1694,4144,2386,6054,3420,5161,3076,3092,4621,6502,9606,18146,89532,69512,13057,2951,50091,9,4
2021-04-01T23:59:59+02:00,2339,2832,5665,8981,6007,11643,6814,15814,9515,15408,6243,6091,10154,13680,10421,19797,407,583,1157,2403,1687,4133,2370,6038,3394,5140,3016,3047,4562,6431,9531,18033,88544,68971,13035,2948,49821,9,4
2021-03-31T23:59:59+02:00,2304,2804,5590,8916,5939,11550,6712,15702,9383,15273,6098,5949,9603,12939,10377,19707,402,577,1151,2392,1680,4117,2364,6026,3375,5106,2984,3014,4515,6372,9474,17932,86567,68523,12821,2946,49455,9,3
2021-03-30T23:59:59+02:00,2284,2788,5544,8858,5877,11475,6641,15605,9286,15131,5912,5735,8697,11600,10302,19523,400,575,1148,2388,1667,4100,2346,6004,3342,5062,2927,2946,4427,6273,9344,17694,83495,67824,12440,2807,49320,9,3
2021-03-29T23:59:59+02:00,2216,2734,5441,8747,5770,11326,6474,15376,9056,14877,5555,5363,6753,9068,10082,19102,393,571,1137,2380,1654,4088,2321,5978,3313,5006,2859,2881,4311,6170,9143,17363,77415,66884,11628,2672,48894,9,3
2021-03-28T23:59:59+02:00,2195,2721,5398,8687,5694,11249,6387,15290,8938,14757,5431,5211,6113,8138,10016,18986,384,565,1123,2364,1629,4061,2274,5917,3257,4914,2774,2802,4194,6023,9071,17226,75122,66423,11370,2146,48716,6,3
2021-03-27T23:59:59+01:00,2195,2716,5387,8681,5689,11234,6372,15269,8927,14744,5403,5184,6103,8134,10016,18985,384,565,1121,2363,1628,4056,2270,5914,3248,4907,2769,2799,4179,5998,8991,17078,75015,66116,11370,2145,48651,6,3
2021-03-26T23:59:59+01:00,2179,2696,5350,8643,5651,11185,6293,15199,8778,14593,5240,5035,5933,7955,10014,18977,380,557,1115,2350,1612,4028,2242,5878,3214,4854,2708,2736,3994,5742,8284,15901,74671,63479,10535,2107,48512,6,3
2021-03-25T23:59:59+01:00,2062,2615,5174,8429,5450,10909,6088,14901,8539,14305,5079,4881,5837,7836,10011,18969,372,544,1094,2325,1588,4000,2197,5821,3142,4779,2610,2634,3622,5249,7148,14160,74217,59388,9589,1889,47276,5,3
2021-03-24T23:59:59+01:00,1976,2567,5026,8269,5290,10716,5926,14663,8337,14073,4939,4723,5722,7719,10005,18959,368,533,1081,2297,1555,3945,2138,5756,3055,4678,2477,2523,3199,4632,5743,11936,73843,54364,8427,1544,46637,5,3
2021-03-23T23:59:59+01:00,1900,2515,4916,8147,5191,10574,5805,14470,8222,13906,4857,4637,5656,7659,9997,18941,357,509,1061,2262,1522,3887,2094,5668,2974,4587,2387,2429,2748,3998,3851,8715,73450,47647,7681,1396,46259,3,3
2021-03-22T23:59:59+01:00,1836,2456,4782,8013,5058,10400,5647,14237,8030,13693,4754,4525,5586,7549,9983,18897,330,492,1033,2225,1477,3815,2030,5559,2874,4436,2273,2278,2233,3321,1345,4597,72957,39151,6643,1162,45843,2,3
2021-03-21T23:59:59+01:00,1835,2450,4771,7998,5044,10390,5632,14220,8001,13669,4731,4510,5569,7537,9979,18897,329,492,1027,2211,1468,3786,2012,5521,2848,4386,2232,2230,2192,3280,1328,4552,72934,39011,6592,879,45705,2,2
2021-03-20T23:59:59+01:00,1835,2450,4770,7997,5043,10388,5631,14220,7994,13663,4730,4509,5561,7529,9979,18897,329,492,1027,2211,1468,3786,2012,5521,2847,4385,2231,2227,2192,3280,1328,4552,72924,39009,6592,875,45678,2,2
2021-03-19T23:59:59+01:00,1783,2201,4257,6704,4636,9407,5362,13665,7770,13260,4607,4412,5492,7463,9979,18897,328,492,1027,2211,1468,3785,2012,5520,2846,4385,2229,2226,2187,3274,1327,4550,72867,38994,6581,869,40445,2,2
2021-03-18T23:59:59+01:00,1728,1949,3841,5643,4106,8028,4545,11131,6417,9930,4243,4114,5289,7243,9958,18857,327,489,1020,2198,1461,3760,1987,5481,2821,4361,2208,2210,2162,3245,1322,4541,72436,38803,6517,786,28067,2,2
2021-03-17T23:59:59+01:00,1722,1941,3831,5617,4089,7997,4521,11067,6367,9858,4206,4067,5250,7197,9952,18833,324,488,1016,2190,1455,3751,1980,5466,2811,4335,2181,2182,2141,3230,1315,4526,72176,38650,6458,737,27879,2,2
2021-03-16T23:59:59+01:00,1700,1907,3773,5536,4018,7890,4392,10905,6161,9658,3983,3878,5108,7039,9946,18811,322,484,1015,2171,1450,3739,1971,5452,2802,4316,2173,2168,2128,3202,1307,4497,71865,38485,5180,708,27658,2,2
2021-03-15T23:59:59+01:00,1690,1887,3748,5502,3993,7853,4341,10836,6083,9574,3899,3811,5055,6979,9939,18786,319,480,1006,2154,1442,3734,1955,5416,2784,4288,2158,2136,2103,3141,1299,4459,71641,38268,4821,604,27514,2,0
2021-03-14T23:59:59+01:00,1684,1877,3740,5492,3988,7837,4332,10805,6075,9552,3892,3802,5050,6971,9938,18784,318,480,1004,2154,1438,3731,1952,5414,2767,4282,2152,2134,2092,3131,1295,4457,71609,38261,4805,539,27405,1,0
2021-03-13T23:59:59+01:00,1681,1872,3727,5470,3980,7829,4313,10795,6061,9538,3889,3799,5047,6968,9938,18784,318,480,1004,2154,1438,3731,1952,5413,2767,4281,2151,2133,2092,3129,1287,4452,71587,38242,4800,539,27304,1,0
2021-03-12T23:59:59+01:00,1641,1816,3212,5324,3465,7715,4179,10669,5836,9247,3722,3653,4905,6859,9913,18736,313,458,1000,2124,1430,3707,1933,5343,2714,4196,1974,1979,2032,3079,1280,4446,71376,37477,4076,531,25440,0,0
2021-03-11T23:59:59+01:00,1533,1680,2831,5063,3028,7461,3899,10256,5210,8359,3498,3477,4799,6742,9875,18686,312,458,997,2111,1427,3687,1926,5324,2705,4179,1968,1971,2018,3062,1275,4428,70813,37356,3814,492,21770,0,0
2021-03-10T23:59:59+01:00,1503,1649,2792,5017,2993,7402,3844,10170,5101,8242,3372,3373,4684,6627,9831,18620,310,457,995,2108,1425,3676,1922,5311,2694,4159,1951,1964,1992,3030,1264,4414,70406,37275,3483,397,21331,0,0
2021-03-09T23:59:59+01:00,1495,1633,2761,4992,2972,7358,3806,10110,5022,8162,3274,3290,4604,6538,9724,18409,307,456,992,2102,1418,3664,1896,5289,2652,4129,1908,1939,1942,3002,1252,4404,69812,37247,3215,105,21123,0,0
2021-03-08T23:59:59+01:00,1480,1620,2731,4968,2946,7328,3783,10062,4998,8100,3234,3250,4532,6475,9548,18107,307,456,990,2098,1410,3648,1879,5256,2633,4102,1892,1922,1916,2980,1246,4385,69025,37106,3206,14,20931,0,0
2021-03-07T23:59:59+01:00,1467,1610,2702,4923,2912,7280,3750,10000,4957,8041,3199,3217,4467,6374,9472,17963,307,455,990,2097,1409,3643,1876,5246,2632,4097,1888,1919,1912,2976,1243,4378,68492,37056,3153,12,20689,0,0
2021-03-06T23:59:59+01:00,1466,1608,2696,4912,2909,7271,3742,9993,4939,8025,3189,3207,4445,6335,9384,17793,307,455,988,2094,1409,3641,1870,5237,2630,4095,1883,1911,1906,2974,1243,4375,68102,37006,3153,12,20659,0,0
2021-03-05T23:59:59+01:00,1393,1530,2598,4750,2852,7114,3657,9786,4838,7829,3139,3148,4227,6048,8677,16600,307,455,986,2092,1404,3636,1868,5236,2626,4089,1874,1907,1901,2971,1238,4372,65449,36950,3150,12,19587,0,0
2021-03-04T23:59:59+01:00,1220,1427,2428,4547,2681,6845,3489,9441,4580,7489,3023,3025,3865,5590,7509,14777,306,447,977,2069,1388,3596,1840,5184,2598,4043,1846,1882,1868,2916,1211,4326,61242,36485,3147,12,17547,0,0
2021-03-03T23:59:59+01:00,1187,1374,2350,4440,2621,6727,3402,9279,4484,7346,2938,2956,3492,4992,6119,12586,302,438,966,2047,1376,3569,1826,5134,2544,3989,1799,1847,1844,2887,1196,4298,56189,36050,3121,12,16983,0,0
2021-03-02T23:59:59+01:00,1153,1338,2290,4384,2570,6636,3322,9158,4349,7197,2823,2830,3008,4325,4118,9219,297,429,961,2022,1364,3528,1813,5084,2512,3964,1789,1833,1825,2861,1185,4271,49143,35726,2872,12,16705,0,0
2021-03-01T23:59:59+01:00,1094,1308,2230,4322,2498,6550,3229,9032,4207,7009,2691,2693,2442,3586,1402,4757,296,426,954,2010,1353,3509,1805,5068,2501,3948,1773,1823,1808,2842,1173,4243,40094,35520,2486,12,16470,0,0
2021-02-28T23:59:59+01:00,1060,1294,2188,4285,2468,6507,3181,8975,4145,6950,2624,2646,2393,3555,1394,4737,296,425,952,2005,1351,3496,1802,5054,2495,3940,1766,1812,1795,2831,1165,4228,39996,35401,2194,12,16212,0,0
2021-02-27T23:59:59+01:00,1017,1212,2123,4041,2410,6273,3117,8677,4054,6695,2569,2589,2373,3531,1391,4737,296,425,951,2005,1351,3496,1802,5053,2494,3940,1766,1811,1793,2831,1165,4228,39890,35395,2193,12,14726,0,0
2021-02-26T23:59:59+01:00,848,958,1921,3650,2247,5607,2900,7756,3744,5903,2520,2536,2355,3516,1388,4735,296,425,951,2002,1349,3494,1800,5052,2492,3939,1766,1808,1787,2830,1163,4221,39875,35363,2105,12,10604,0,0
2021-02-25T23:59:59+01:00,507,801,1641,3451,2064,5303,2704,7364,3518,5601,2439,2460,2315,3455,1384,4721,286,404,925,1953,1320,3425,1770,4971,2463,3875,1741,1781,1748,2787,1136,4181,39680,34755,1850,11,8198,0,0
2021-02-24T23:59:59+01:00,487,783,1606,3355,2002,5173,2644,7181,3452,5458,2374,2413,2279,3426,1375,4687,277,400,911,1921,1306,3371,1757,4912,2439,3830,1730,1763,1739,2768,1124,4154,39491,34399,1681,3,7523,0,0
2021-02-23T23:59:59+01:00,468,747,1545,3253,1947,5034,2566,7050,3366,5353,2314,2354,2242,3370,1360,4656,276,396,906,1906,1300,3342,1748,4881,2418,3799,1710,1743,1719,2733,1109,4101,39345,34084,1409,3,6871,0,0
2021-02-22T23:59:59+01:00,451,716,1490,3154,1908,4896,2508,6832,3305,5209,2306,2257,2227,3291,1356,4611,275,393,902,1895,1292,3315,1731,4845,2404,3769,1691,1724,1693,2704,1094,4055,39134,33781,1145,1,6238,0,0
2021-02-21T23:59:59+01:00,443,678,1432,3012,1861,4746,2456,6673,3223,5105,2270,2224,2200,3271,1346,4606,275,392,899,1887,1291,3306,1728,4835,2400,3760,1689,1721,1692,2702,1094,4054,39095,33724,912,1,5539,0,0
2021-02-20T23:59:59+01:00,439,673,1424,3008,1855,4746,2453,6670,3219,5101,2267,2223,2200,3270,1345,4606,275,392,899,1886,1291,3305,1728,4835,2399,3759,1688,1720,1689,2702,1093,4052,39091,33712,908,1,5500,0,0
2021-02-19T23:59:59+01:00,417,636,1395,2946,1828,4692,2412,6571,3132,4983,2088,2062,2137,3221,1340,4600,273,391,898,1884,1290,3304,1728,4830,2396,3758,1686,1718,1687,2701,1093,4051,38342,33687,889,1,5229,0,0
2021-02-18T23:59:59+01:00,392,580,1290,2703,1723,4448,2274,6309,3030,4801,2059,2045,2121,3204,1335,4592,273,385,890,1851,1281,3265,1710,4782,2377,3722,1674,1708,1671,2689,1081,4033,38268,33391,815,1,3823,0,0
2021-02-17T23:59:59+01:00,377,549,1251,2574,1668,4273,2205,6067,2971,4652,2040,2026,2098,3184,1320,4583,264,368,855,1766,1238,3136,1649,4623,2303,3587,1598,1639,1596,2579,1032,3916,38112,32148,764,1,2962,0,0
2021-02-16T23:59:59+01:00,360,519,1197,2453,1618,4132,2126,5879,2890,4514,2031,2022,2090,3178,1315,4572,256,351,835,1686,1183,3000,1588,4419,2231,3413,1548,1586,1535,2479,1004,3786,38053,30899,734,1,2109,0,0
2021-02-15T23:59:59+01:00,350,497,1124,2309,1573,4059,2094,5826,2862,4473,2012,2006,2069,3148,1308,4552,249,333,812,1641,1152,2926,1532,4286,2160,3297,1473,1522,1480,2370,961,3607,37948,29800,624,1,1690,0,0
2021-02-14T23:59:59+01:00,342,492,1101,2253,1510,3895,2052,5734,2831,4434,2006,2004,2058,3139,1306,4546,242,328,794,1614,1136,2887,1490,4234,2122,3267,1457,1501,1456,2334,944,3565,37931,29370,559,1,1213,0,0
2021-02-13T23:59:59+01:00,342,492,1100,2253,1510,3894,2050,5733,2831,4434,2005,2002,2057,3139,1306,4543,242,328,794,1614,1136,2887,1489,4233,2122,3267,1455,1498,1455,2333,944,3564,37920,29360,559,1,1212,0,0
2021-02-12T23:59:59+01:00,338,489,1083,2244,1505,3880,2045,5724,2828,4428,1991,1992,2051,3126,1301,4540,241,327,788,1609,1130,2878,1472,4214,2103,3254,1442,1482,1440,2301,937,3530,37853,29147,551,1,1161,0,0
2021-02-11T23:59:59+01:00,318,466,1019,2146,1451,3753,1951,5461,2743,4309,1963,1961,2011,3062,1276,4484,221,301,739,1504,1050,2657,1348,3859,1920,2948,1254,1275,1271,2026,831,3175,37471,26379,514,0,389,0,0
2021-02-10T23:59:59+01:00,312,457,996,2106,1413,3674,1897,5299,2648,4127,1894,1911,1967,3024,1258,4458,197,256,646,1317,924,2276,1159,3265,1680,2535,1096,1103,1125,1786,724,2838,37063,22927,377,0,1,0,0
2021-02-09T23:59:59+01:00,306,447,988,2074,1397,3621,1854,5232,2581,4071,1836,1875,1899,2971,1237,4436,164,197,548,1060,777,1833,955,2660,1417,2126,949,944,940,1512,607,2424,36763,19113,61,0,1,0,0
2021-02-08T23:59:59+01:00,305,445,985,2067,1387,3605,1846,5209,2563,4055,1821,1863,1881,2953,1230,4411,113,164,448,850,615,1425,761,2019,1147,1653,767,776,751,1201,487,1976,36608,15153,17,0,1,0,0
2021-02-07T23:59:59+01:00,305,445,984,2066,1386,3598,1843,5206,2556,4052,1815,1854,1865,2946,1225,4405,104,145,398,704,541,1252,682,1804,1050,1506,694,696,676,1083,421,1758,36537,13514,14,0,0,0,0
2021-02-06T23:59:59+01:00,305,445,983,2065,1386,3595,1843,5204,2556,4049,1815,1853,1860,2944,1222,4403,104,144,393,701,536,1228,666,1785,1039,1485,691,692,671,1079,420,1754,36514,13388,14,0,0,0,0
2021-02-05T23:59:59+01:00,305,444,981,2063,1383,3586,1839,5190,2550,4043,1814,1852,1852,2936,1213,4390,100,137,378,683,519,1199,634,1733,991,1422,654,642,625,1005,394,1663,36427,12779,14,0,0,0,0
2021-02-04T23:59:59+01:00,298,427,969,2031,1364,3533,1820,5113,2534,3995,1798,1832,1826,2901,1196,4359,75,106,279,461,358,808,450,1171,682,964,506,468,486,795,308,1329,35982,9246,14,0,0,0,0
2021-02-03T23:59:59+01:00,294,418,952,2004,1348,3495,1807,5064,2500,3951,1778,1809,1810,2877,1183,4345,59,82,233,395,289,629,345,916,522,718,339,324,350,567,221,970,35621,6959,14,0,0,0,0
2021-02-02T23:59:59+01:00,290,411,947,1977,1340,3462,1796,5018,2477,3916,1760,1793,1784,2836,1162,4298,37,63,178,312,242,482,264,734,376,552,236,207,223,375,152,634,35253,5067,14,0,0,0,0
2021-02-01T23:59:59+01:00,289,408,942,1970,1337,3446,1788,4998,2469,3898,1753,1782,1769,2821,1156,4285,19,39,132,227,167,307,170,489,237,321,121,105,98,185,71,282,35097,2970,14,0,0,0,0
2021-01-31T23:59:59+01:00,288,407,940,1962,1334,3437,1785,4979,2465,3883,1749,1774,1765,2814,1153,4276,18,34,114,199,150,266,153,409,200,277,102,91,90,157,63,248,34997,2571,14,0,0,0,0
2021-01-30T23:59:59+01:00,288,407,940,1962,1334,3437,1785,4979,2465,3883,1748,1774,1765,2813,1153,4275,18,34,114,199,150,264,150,407,199,276,101,90,90,157,63,248,34994,2560,14,0,0,0,0
2021-01-29T23:59:59+01:00,286,404,939,1960,1333,3429,1779,4970,2462,3880,1742,1767,1756,2802,1146,4254,16,33,113,190,141,256,138,379,168,249,74,66,81,136,56,216,34895,2312,14,0,0,0,0
2021-01-28T23:59:59+01:00,281,396,921,1904,1309,3365,1754,4908,2434,3818,1720,1748,1725,2771,1128,4219,0,0,8,19,9,17,12,46,7,21,8,3,8,9,2,13,34388,182,13,0,0,0,0
2021-01-27T23:59:59+01:00,276,378,888,1824,1275,3252,1692,4785,2374,3718,1664,1700,1681,2705,1092,4136,0,0,4,6,5,11,8,20,3,12,7,3,8,9,2,12,33431,110,9,0,0,0,0
2021-01-26T23:59:59+01:00,270,369,879,1811,1261,3214,1675,4728,2344,3655,1633,1668,1644,2635,1075,4052,0,0,4,6,5,11,8,20,3,12,7,3,8,9,2,12,32906,110,7,0,0,0,0
2021-01-25T23:59:59+01:00,259,345,837,1693,1192,3051,1585,4457,2239,3446,1574,1615,1590,2550,1028,3882,0,0,1,3,1,3,5,3,3,5,7,3,7,8,2,12,31341,63,2,0,0,0,0
2021-01-24T23:59:59+01:00,256,342,826,1674,1182,3029,1554,4424,2213,3425,1564,1607,1580,2539,1022,3875,0,0,1,2,1,3,5,3,3,5,6,3,7,8,2,12,31110,61,2,0,0,0,0
2021-01-23T23:59:59+01:00,256,342,826,1674,1181,3028,1554,4420,2212,3424,1563,1607,1579,2538,1021,3870,0,0,1,2,1,3,5,3,3,5,6,3,7,8,2,12,31093,61,2,0,0,0,0
2021-01-22T23:59:59+01:00,255,340,820,1671,1177,3023,1551,4413,2200,3419,1551,1595,1573,2519,1016,3851,0,0,1,2,1,3,5,3,3,5,6,3,7,8,2,12,30972,61,2,0,0,0,0
2021-01-21T23:59:59+01:00,244,331,792,1605,1152,2898,1495,4253,2121,3284,1453,1492,1440,2355,937,3670,0,0,1,2,1,3,4,2,3,5,4,2,6,8,1,12,29520,54,2,0,0,0,0
2021-01-20T23:59:59+01:00,221,287,719,1449,1062,2584,1359,3796,1948,2933,1332,1347,1322,2167,868,3462,0,0,1,2,1,3,4,2,3,5,4,2,6,8,1,12,26854,54,2,0,0,0,0
2021-01-19T23:59:59+01:00,190,231,621,1203,917,2140,1140,3181,1666,2503,1149,1150,1097,1834,723,2941,0,0,1,1,1,2,4,1,2,5,4,2,5,8,1,12,22684,49,2,0,0,0,0
2021-01-18T23:59:59+01:00,132,184,487,945,709,1631,876,2319,1299,1902,902,925,880,1459,568,2352,0,0,0,0,0,0,0,0,1,2,2,1,0,0,0,0,17569,6,1,0,0,0,0
2021-01-17T23:59:59+01:00,119,158,427,774,624,1411,776,2066,1186,1712,838,846,799,1323,507,2144,0,0,0,0,0,0,0,0,0,1,0,0,0,0,0,0,15710,1,0,0,0,0,0
2021-01-16T23:59:59+01:00,119,157,423,773,622,1403,766,2062,1178,1706,836,841,794,1312,499,2129,0,0,0,0,0,0,0,0,0,0,0,0,0,0,0,0,15620,0,0,0,0,0,0
2021-01-15T23:59:59+01:00,109,151,411,753,596,1365,734,1984,1117,1625,792,789,750,1226,469,2011,0,0,0,0,0,0,0,0,0,0,0,0,0,0,0,0,14882,0,0,0,0,0,0
2021-01-14T23:59:59+01:00,75,111,294,486,395,879,506,1277,763,1064,578,546,547,905,359,1527,0,0,0,0,0,0,0,0,0,0,0,0,0,0,0,0,10312,0,0,0,0,0,0
2021-01-13T23:59:59+01:00,58,85,242,409,319,662,377,977,558,757,363,344,367,616,250,1058,0,0,0,0,0,0,0,0,0,0,0,0,0,0,0,0,7442,0,0,0,0,0,0
2021-01-12T23:59:59+01:00,46,69,197,351,257,538,278,803,405,592,244,218,229,407,169,705,0,0,0,0,0,0,0,0,0,0,0,0,0,0,0,0,5508,0,0,0,0,0,0
2021-01-11T23:59:59+01:00,32,50,172,303,210,437,217,646,296,420,150,126,130,249,91,402,0,0,0,0,0,0,0,0,0,0,0,0,0,0,0,0,3931,0,0,0,0,0,0
2021-01-10T23:59:59+01:00,24,41,150,254,180,360,179,535,247,359,129,106,115,204,79,325,0,0,0,0,0,0,0,0,0,0,0,0,0,0,0,0,3287,0,0,0,0,0,0
2021-01-09T23:59:59+01:00,24,41,150,252,179,359,178,530,246,358,128,105,115,204,79,325,0,0,0,0,0,0,0,0,0,0,0,0,0,0,0,0,3273,0,0,0,0,0,0
2021-01-08T23:59:59+01:00,22,40,148,243,171,349,165,499,217,332,104,89,110,189,72,303,0,0,0,0,0,0,0,0,0,0,0,0,0,0,0,0,3053,0,0,0,0,0,0
2021-01-07T23:59:59+01:00,1,0,4,9,8,13,10,6,16,11,10,9,15,21,3,32,0,0,0,0,0,0,0,0,0,0,0,0,0,0,0,0,168,0,0,0,0,0,0
2021-01-06T23:59:59+01:00,0,0,1,3,1,5,5,2,3,6,6,2,8,10,1,14,0,0,0,0,0,0,0,0,0,0,0,0,0,0,0,0,67,0,0,0,0,0,0
2021-01-05T23:59:59+01:00,0,0,1,3,1,5,5,2,3,5,6,2,7,9,1,13,0,0,0,0,0,0,0,0,0,0,0,0,0,0,0,0,63,0,0,0,0,0,0
2021-01-04T23:59:59+01:00,0,0,1,3,1,4,4,2,3,5,6,2,5,8,1,13,0,0,0,0,0,0,0,0,0,0,0,0,0,0,0,0,58,0,0,0,0,0,0
2021-01-03T23:59:59+01:00,0,0,1,2,1,4,4,2,3,5,5,2,5,8,1,13,0,0,0,0,0,0,0,0,0,0,0,0,0,0,0,0,56,0,0,0,0,0,0
2021-01-02T23:59:59+01:00,0,0,1,2,1,4,4,2,3,5,5,2,5,8,1,13,0,0,0,0,0,0,0,0,0,0,0,0,0,0,0,0,56,0,0,0,0,0,0
2021-01-01T23:59:59+01:00,0,0,1,2,1,3,4,2,3,5,5,2,5,8,1,13,0,0,0,0,0,0,0,0,0,0,0,0,0,0,0,0,55,0,0,0,0,0,0
2020-12-31T23:59:59+01:00,0,0,1,2,1,3,4,2,3,5,5,2,5,8,1,13,0,0,0,0,0,0,0,0,0,0,0,0,0,0,0,0,55,0,0,0,0,0,0
2020-12-30T23:59:59+01:00,0,0,1,2,1,3,4,2,3,5,5,2,5,8,1,13,0,0,0,0,0,0,0,0,0,0,0,0,0,0,0,0,55,0,0,0,0,0,0
2020-12-29T23:59:59+01:00,0,0,1,1,1,2,4,1,2,5,5,2,5,8,1,13,0,0,0,0,0,0,0,0,0,0,0,0,0,0,0,0,51,0,0,0,0,0,0
2020-12-28T23:59:59+01:00,0,0,1,1,1,1,2,0,1,5,4,1,1,0,0,2,0,0,0,0,0,0,0,0,0,0,0,0,0,0,0,0,20,0,0,0,0,0,0
2020-12-27T23:59:59+01:00,0,0,1,1,1,1,2,0,0,3,2,0,1,0,0,2,0,0,0,0,0,0,0,0,0,0,0,0,0,0,0,0,14,0,0,0,0,0,0
