Datum,<15_m,<15_w,15-24_1_m,15-24_1_w,25-34_1_m,25-34_1_w,35-44_1_m,35-44_1_w,45-54_1_m,45-54_1_w,55-64_1_m,55-64_1_w,65-74_1_m,65-74_1_w,75-84_1_m,75-84_1_w,>84_1_m,>84_1_w,<24_2_m,<24_2_w,25-34_2_m,25-34_2_w,35-44_2_m,35-44_2_w,45-54_2_m,45-54_2_w,55-64_2_m,55-64_2_w,65-74_2_m,65-74_2_w,75-84_2_m,75-84_2_w,>84_2_m,>84_2_w,bp_1,bp_2,mo_1,mo_2,az_1,az_2,ja,unb_1,unb_2
2021-08-21T23:59:59+02:00,3193,2971,32940,31776,49392,43985,50966,49557,61874,62091,72234,72724,52916,58481,36511,47303,11112,21129,28908,28094,46071,40577,48314,46628,59270,59189,69805,70154,51458,56801,35593,45993,10776,20400,553259,523085,76929,72905,105494,100781,25444,29,23
2021-08-20T23:59:59+02:00,3177,2961,32835,31697,49234,43885,50827,49466,61718,61987,72103,72657,52875,58447,36498,47289,11110,21125,28457,27697,45682,40296,48072,46441,59042,59029,69618,70047,51381,56748,35565,45970,10773,20393,553074,521710,76929,72731,105493,100554,24366,29,23
2021-08-19T23:59:59+02:00,3151,2938,32791,31661,49203,43848,50787,49427,61678,61957,72056,72619,52852,58429,36493,47277,11107,21119,27555,26875,44930,39731,47668,46097,58739,58766,69354,69836,51289,56661,35528,45927,10768,20387,552673,517507,76894,71793,105488,100487,24309,29,23
2021-08-18T23:59:59+02:00,3130,2919,32745,31619,49168,43813,50750,49392,61635,61920,72009,72594,52825,58412,36479,47265,11106,21114,26288,25586,44032,38868,46974,45373,58075,58194,68874,69393,51106,56444,35452,45839,10757,20370,552254,512067,76873,68660,105485,100434,24254,29,23
2021-08-17T23:59:59+02:00,3108,2896,32675,31564,49130,43751,50710,49359,61594,61881,71977,72556,52804,58388,36467,47254,11103,21109,25014,24208,43176,38187,46385,44898,57556,57761,68449,69076,50973,56261,35380,45763,10743,20356,551749,506556,76868,66593,105484,100397,24196,29,23
2021-08-16T23:59:59+02:00,3097,2878,32660,31543,49109,43733,50701,49346,61576,61866,71958,72542,52796,58380,36466,47244,11101,21105,23588,22815,42269,37344,46116,44609,57338,57503,68245,68916,50902,56178,35351,45718,10741,20343,551547,500231,76865,66564,105482,100384,24178,29,23
2021-08-15T23:59:59+02:00,3090,2867,32649,31527,49100,43728,50691,49337,61561,61851,71943,72530,52792,58373,36463,47244,11101,21105,21175,20356,41520,36810,45752,44248,57011,57210,67962,68661,50791,56076,35314,45662,10738,20334,551426,491552,76864,66386,105472,100368,24161,29,23
2021-08-14T23:59:59+02:00,3090,2866,32645,31525,49095,43727,50688,49335,61556,61848,71939,72524,52792,58373,36462,47244,11101,21105,21153,20331,41480,36780,45735,44233,56998,57200,67950,68650,50789,56074,35313,45661,10738,20333,551420,491373,76863,66383,105472,100368,24131,29,23
2021-08-13T23:59:59+02:00,3075,2849,32603,31498,49072,43713,50666,49318,61523,61817,71917,72504,52787,58365,36459,47239,11100,21102,21038,20245,41392,36681,45673,44182,56950,57162,67910,68618,50772,56063,35304,45653,10737,20331,551263,490791,76862,66381,105471,100347,23982,29,23
2021-08-12T23:59:59+02:00,3058,2823,32556,31450,49038,43673,50628,49290,61473,61790,71881,72469,52771,58347,36443,47230,11099,21099,20575,19937,40471,35893,45312,43855,56736,56989,67734,68454,50702,55982,35274,45608,10732,20324,550864,486643,76858,66380,105469,100302,23898,29,23
2021-08-11T23:59:59+02:00,3017,2792,32500,31407,49005,43641,50606,49266,61447,61763,71852,72442,52750,58323,36434,47221,11098,21095,19683,19053,39147,34710,44714,43281,56376,56661,67442,68182,50582,55845,35237,45549,10730,20311,550471,479250,76852,66376,105468,100281,23839,29,23
2021-08-10T23:59:59+02:00,3001,2773,32449,31364,48971,43613,50576,49234,61428,61724,71813,72398,52728,58307,36424,47198,11097,21090,18661,18090,37053,32857,43834,42406,55924,56268,67055,67840,50435,55692,35176,45454,10725,20292,550020,469052,76852,66374,105467,100271,23820,29,23
2021-08-09T23:59:59+02:00,2985,2766,32420,31341,48951,43599,50551,49218,61411,61708,71797,72382,52719,58298,36419,47188,11095,21089,17240,16676,34064,30428,43172,41776,55520,55907,66723,67515,50296,55545,35126,45406,10720,20274,549794,456877,76852,66370,105463,100258,23799,29,23
2021-08-08T23:59:59+02:00,2982,2766,32408,31331,48941,43594,50546,49213,61403,61701,71794,72381,52718,58296,36419,47185,11095,21088,17213,16647,34042,30415,43136,41744,55507,55894,66714,67510,50291,55540,35125,45403,10719,20273,549742,456693,76852,66365,105452,100239,23786,29,23
2021-08-07T23:59:59+02:00,2981,2761,32401,31321,48938,43586,50541,49213,61400,61698,71787,72379,52717,58294,36418,47185,11095,21088,17187,16617,34014,30396,43103,41714,55487,55877,66703,67503,50285,55538,35123,45403,10719,20272,549693,456467,76852,66362,105452,100238,23777,29,23
2021-08-06T23:59:59+02:00,2894,2669,32059,31098,48684,43393,50289,48988,61116,61495,71513,72213,52585,58190,36365,47133,11092,21079,16982,16482,33310,29924,42635,41347,55149,55653,66393,67327,50155,55444,35074,45367,10716,20265,549624,454808,75757,66077,105450,100236,21995,29,23
2021-08-05T23:59:59+02:00,2848,2631,31910,30984,48590,43304,50210,48935,61063,61452,71462,72172,52560,58171,36356,47116,11090,21077,16757,16230,31463,28503,41604,40411,54877,55307,66182,67156,50090,55368,35051,45328,10709,20256,548764,448066,75754,66005,105444,100115,21940,29,23
2021-08-04T23:59:59+02:00,2774,2555,31666,30792,48405,43170,50059,48825,60984,61376,71401,72119,52531,58131,36343,47101,11087,21072,16498,15988,31111,28283,40416,39339,54488,54977,66011,67006,50027,55285,35021,45301,10706,20249,547487,443779,75753,65986,105443,100041,21687,21,22
2021-08-03T23:59:59+02:00,2589,2375,31161,30331,48157,42926,49888,48634,60825,61203,71255,71973,52478,58060,36321,47073,11077,21058,16060,15545,30526,27758,38690,37723,53799,54333,65676,66697,49931,55157,34973,45250,10701,20240,544568,436132,75753,65980,105441,100022,21601,21,22
2021-08-02T23:59:59+02:00,2478,2279,30849,30048,47960,42745,49737,48506,60719,61100,71168,71892,52445,58028,36299,47054,11076,21055,15757,15276,30191,27407,36548,35901,53244,53822,65471,66522,49859,55072,34951,45222,10699,20236,542645,429309,75750,65977,105437,99912,21585,21,21
2021-08-01T23:59:59+02:00,2475,2276,30837,30043,47942,42736,49725,48498,60708,61090,71160,71886,52440,58020,36295,47054,11076,21055,15634,15153,30054,27295,34245,34046,52947,53573,65381,66454,49820,55032,34944,45204,10698,20234,542593,423869,75748,65974,105391,99891,21563,21,21
2021-07-31T23:59:59+02:00,2475,2276,30833,30039,47940,42734,49723,48498,60707,61090,71160,71884,52437,58018,36295,47054,11076,21054,15619,15142,30022,27276,34232,34039,52929,53565,65368,66449,49816,55027,34944,45203,10697,20233,542575,423724,75748,65973,105391,99888,21558,21,21
2021-07-30T23:59:59+02:00,2461,2271,30787,29995,47908,42713,49699,48473,60673,61061,71125,71866,52428,58007,36295,47054,11076,21052,15464,14843,29764,26963,34053,33789,52730,53273,65204,66246,49769,54981,34933,45191,10697,20232,542402,423373,75743,65964,105388,97983,21390,21,21
2021-07-29T23:59:59+02:00,2430,2251,30627,29904,47825,42652,49648,48408,60612,61020,71079,71820,52409,57988,36287,47038,11073,21047,15156,14568,29451,26752,32776,32850,51954,52664,64849,65983,49671,54890,34891,45134,10692,20224,541741,420704,75737,63251,105376,97839,21243,21,21
2021-07-28T23:59:59+02:00,2386,2214,30477,29794,47744,42583,49575,48338,60542,60943,71013,71763,52384,57950,36269,47018,11072,21042,14753,14198,29012,26436,32406,32522,51241,52055,64460,65657,49577,54789,34857,45077,10676,20206,540805,416580,75733,63198,105370,97450,21178,21,21
2021-07-27T23:59:59+02:00,2307,2141,30238,29525,47592,42411,49431,48202,60434,60820,70913,71678,52328,57890,36242,46979,11064,21035,14112,13545,28252,25814,31662,31873,49992,50963,63735,65093,49390,54585,34790,44962,10669,20188,538991,408287,75723,63172,105364,97355,21131,21,21
2021-07-26T23:59:59+02:00,2246,2086,30039,29292,47474,42283,49358,48120,60371,60756,70863,71633,52304,57858,36231,46966,11062,21026,13747,13171,27903,25527,31046,31466,48439,49599,62760,64267,49185,54381,34723,44881,10659,20176,537772,400600,75720,63167,105360,97325,21095,21,21
2021-07-25T23:59:59+02:00,1999,1884,29216,28621,47082,41973,49073,47836,60136,60533,70682,71476,52248,57783,36204,46924,11061,21019,13655,13111,27808,25465,30961,31400,48319,49537,62673,64219,49164,54365,34717,44873,10659,20175,533605,399977,75720,63160,105353,97165,21051,21,21
2021-07-24T23:59:59+02:00,1919,1817,28962,28391,46931,41868,48956,47739,59981,60414,70553,71396,52200,57753,36187,46903,11059,21019,13520,13001,27605,25331,30802,31273,48109,49368,62510,64124,49121,54335,34702,44855,10657,20173,532918,399372,75718,63157,105352,97163,20039,21,21
2021-07-23T23:59:59+02:00,1807,1696,28632,28067,46687,41718,48703,47528,59733,60225,70351,71269,52125,57682,36168,46866,11055,21010,13269,12779,27172,25018,30425,30970,47512,48878,62182,63889,49038,54269,34680,44811,10652,20164,531926,396978,75342,63104,105341,97161,18692,21,21
2021-07-22T23:59:59+02:00,1795,1689,28554,27990,46551,41579,48493,47317,59557,60086,70235,71141,52082,57645,36152,46849,11055,21010,13042,12529,26838,24686,30076,30653,45592,47321,61379,63189,48942,54167,34642,44768,10649,20154,531631,390302,74192,62955,105301,96940,18635,21,21
2021-07-21T23:59:59+02:00,1762,1650,28291,27784,46170,41247,47903,46762,58976,59606,69782,70754,51913,57484,36095,46793,11046,20997,12615,12094,26264,24145,29505,30087,41874,44090,59898,61928,48775,53988,34579,44686,10639,20127,531087,378698,70926,62450,105150,96497,17831,21,21
2021-07-20T23:59:59+02:00,1739,1635,28171,27650,46107,41189,47857,46724,58922,59557,69729,70710,51878,57457,36079,46767,11042,20990,12116,11563,25526,23454,28856,29339,38424,41100,58353,60466,48572,53768,34497,44594,10621,20107,530407,368326,70906,59060,105134,96375,17735,21,21
2021-07-19T23:59:59+02:00,1734,1634,28143,27615,46086,41176,47846,46711,58909,59541,69717,70708,51876,57453,36079,46763,11040,20990,12071,11536,25463,23420,28826,29307,38380,41068,58312,60439,48568,53760,34496,44591,10618,20106,530264,368015,70906,59047,105119,96325,17711,21,21
2021-07-18T23:59:59+02:00,1730,1629,28118,27589,46062,41167,47832,46698,58903,59532,69710,70699,51874,57452,36078,46762,11040,20989,12009,11511,25380,23381,28766,29274,38320,41041,58252,60398,48566,53756,34493,44590,10618,20106,530136,367683,70904,59017,105111,96205,17692,21,21
2021-07-17T23:59:59+02:00,1730,1627,28099,27576,46047,41158,47822,46694,58896,59527,69703,70695,51869,57449,36077,46762,11040,20989,11982,11500,25347,23345,28734,29254,38299,41024,58218,60374,48556,53747,34491,44590,10618,20106,530060,367435,70903,59014,105111,96203,17665,21,21
2021-07-16T23:59:59+02:00,1715,1607,27834,27387,45764,40994,47598,46521,58598,59325,69471,70554,51763,57376,36033,46726,11035,20987,11729,11306,25018,23106,28436,29024,37904,40749,57710,59952,48420,53634,34439,44540,10612,20102,529745,366236,70902,59011,104986,95929,15634,21,21
2021-07-15T23:59:59+02:00,1617,1494,27371,27001,45508,40758,47452,46408,58459,59213,69369,70469,51724,57334,36018,46704,11034,20981,11436,11080,24538,22760,28073,28752,37512,40472,55668,57910,48250,53434,34382,44456,10604,20091,527436,359308,70899,58926,104978,95718,15580,21,21
2021-07-14T23:59:59+02:00,1450,1362,26806,26467,45202,40469,47250,46224,58277,59015,69209,70324,51663,57275,35992,46674,11028,20976,11249,10893,24128,22408,27721,28434,36988,40070,54452,56731,48113,53283,34331,44392,10596,20069,524272,355601,70893,57267,104959,95572,15518,21,21
2021-07-13T23:59:59+02:00,1165,1059,25855,25571,44710,40059,46893,45907,57953,58730,68934,70077,51550,57149,35949,46620,11024,20961,10904,10555,23596,21862,27102,27852,35610,38879,50324,52835,47751,52896,34203,44244,10579,20041,518894,346367,70886,52066,104956,95465,15409,21,21
2021-07-12T23:59:59+02:00,701,662,24475,24312,44150,39579,46694,45691,57740,58535,68752,69907,51488,57058,35931,46595,11022,20953,10671,10447,23390,21724,26850,27717,35366,38711,49883,52417,47677,52811,34173,44209,10579,20035,513004,344915,70886,52040,104952,94385,15383,20,21
2021-07-11T23:59:59+02:00,698,657,24454,24292,44121,39558,46676,45680,57727,58523,68739,69905,51487,57055,35928,46591,11021,20953,10575,10362,23173,21601,26586,27618,35058,38629,49170,51931,46194,51227,34083,44103,10579,20033,512919,344410,70883,51995,104940,89275,15303,20,21
2021-07-10T23:59:59+02:00,696,652,24447,24286,44116,39550,46673,45677,57720,58522,68739,69904,51487,57055,35928,46591,11021,20953,10563,10353,23149,21582,26572,27609,35035,38624,49157,51926,46180,51211,34081,44102,10579,20033,512885,344306,70880,51994,104938,89219,15294,20,21
2021-07-09T23:59:59+02:00,689,642,23999,23825,43841,39313,46604,45616,57660,58481,68689,69879,51471,57043,35924,46583,11020,20953,10483,10182,23055,21394,26511,27400,34968,38408,49093,51823,46158,51187,34077,44099,10579,20033,511130,343079,70877,51981,104934,89176,15271,20,21
2021-07-08T23:59:59+02:00,623,575,22919,22818,43036,38709,46352,45414,57452,58337,68492,69740,51393,56977,35896,46560,11018,20945,10227,9991,22677,21142,26119,27138,34491,38098,48487,51305,45822,50821,34007,44021,10572,20011,506436,339512,70853,51833,104876,88560,15071,20,21
2021-07-07T23:59:59+02:00,572,529,21594,21421,42298,38020,46134,45194,57214,58148,68326,69581,51308,56894,35859,46507,11011,20931,9854,9686,21800,20552,25018,26345,32655,36732,47570,50420,45322,50284,33903,43882,10565,19993,501054,334583,70681,47455,104853,87646,14933,20,21
2021-07-06T23:59:59+02:00,513,466,20363,20136,41450,37372,45657,44843,56820,57843,68001,69324,51208,56769,35815,46456,11003,20922,9463,9305,20938,19957,24059,25691,31166,35538,46381,49225,44544,49505,33769,43706,10552,19973,496565,327278,68756,45352,104831,86377,14789,20,21
2021-07-05T23:59:59+02:00,477,438,18956,18752,40585,36569,45441,44619,56639,57640,67840,69196,51153,56714,35794,46427,11001,20915,9175,9051,20377,19576,23393,25273,30529,35111,45623,48612,43789,48716,33639,43518,10543,19961,490844,321509,68753,45330,104826,85348,14717,16,21
2021-07-04T23:59:59+02:00,470,432,17168,16711,40241,36339,45353,44546,56555,57570,67761,69127,51120,56688,35784,46407,10999,20913,9115,8999,20239,19511,23219,25195,30275,35032,44829,48485,42426,47369,33561,43444,10541,19955,485985,321050,68726,45285,104810,81231,14647,16,21
2021-07-03T23:59:59+02:00,470,431,17147,16691,40191,36291,45337,44531,56548,57566,67755,69120,51118,56685,35784,46407,10999,20912,9072,8958,20173,19443,23160,25131,30191,34953,44609,48309,42358,47295,33516,43385,10538,19955,485802,320094,68724,45284,104809,81053,14632,16,21
2021-07-02T23:59:59+02:00,449,408,17033,16586,39722,35917,45224,44434,56495,57524,67707,69089,51107,56680,35778,46395,10999,20911,8913,8792,19845,19165,22775,24753,29772,34541,43983,47664,42156,47066,33418,43249,10533,19951,484307,317104,68708,44249,104807,80619,14620,16,21
2021-07-01T23:59:59+02:00,398,368,16727,16306,37985,34583,44651,43935,56235,57317,67535,68920,51027,56590,35750,46356,10995,20903,8540,8399,18983,18460,21811,23902,28387,33353,40958,44702,41160,45987,32805,42522,10516,19922,478826,309635,68634,39369,104784,77088,14321,16,21
2021-06-30T23:59:59+02:00,350,325,16437,16060,35795,32757,44028,43304,56013,57121,67333,68729,50945,56498,35721,46302,10991,20887,8182,8063,18315,17834,20928,23074,27113,32097,36331,39840,40082,44845,32143,41735,10495,19897,471972,299179,68591,33348,104765,74199,14252,16,21
2021-06-29T23:59:59+02:00,311,288,16218,15860,34792,31675,43580,42859,55832,56962,67163,68580,50869,56425,35684,46257,10983,20880,7601,7456,17185,16901,19676,21856,25419,30424,33589,36722,37233,41803,31404,40849,10472,19859,467780,283010,68583,33301,104752,68052,14087,16,19
2021-06-28T23:59:59+02:00,301,266,16075,15704,33071,30251,43260,42564,55669,56822,67046,68475,50823,56372,35666,46236,10980,20868,7299,7195,16635,16526,19284,21542,24911,30040,32997,36224,35855,40317,30617,39914,10468,19848,463352,279963,68561,33251,104730,62666,13790,16,19
2021-06-27T23:59:59+02:00,301,266,16053,15681,32916,30163,43198,42535,55632,56813,67020,68467,50818,56368,35663,46235,10980,20867,7255,7167,16497,16459,19120,21480,24709,29967,32769,36085,34600,39049,28992,37992,10467,19847,463029,279792,68558,33212,104723,55798,13650,16,19
2021-06-26T23:59:59+02:00,299,264,16032,15661,32892,30146,43153,42495,55609,56799,67014,68464,50816,56367,35661,46234,10980,20867,7251,7155,16477,16447,19104,21472,24676,29945,32748,36064,34587,39037,28990,37989,10467,19847,462809,279599,68556,33212,104723,55793,13649,16,19
2021-06-25T23:59:59+02:00,293,263,15978,15616,32778,30046,42961,42336,55554,56754,66974,68440,50806,56356,35657,46233,10980,20867,7063,6879,16196,15938,18837,20818,24310,29009,32360,35345,34425,38821,28967,37959,10467,19847,461987,276927,68555,33203,104706,53480,13628,16,19
2021-06-24T23:59:59+02:00,272,250,15709,15416,32330,29759,41492,41091,55091,56397,66743,68281,50753,56301,35641,46206,10975,20857,6747,6654,15504,15494,17386,19802,22236,27454,31263,34450,34023,38400,28844,37779,10455,19833,457425,267247,68554,33151,104702,53055,12867,16,19
2021-06-23T23:59:59+02:00,257,233,15429,15123,31831,29358,39387,39267,54544,55854,66492,68060,50664,56192,35601,46160,10970,20844,6541,6491,15142,15216,16861,19354,21354,26656,29570,33096,33268,37555,28653,37539,10448,19818,450348,259457,68508,33061,104699,52342,12695,16,19
2021-06-22T23:59:59+02:00,235,198,15047,14731,31163,28727,35942,36214,53632,55054,66190,67755,50558,56070,35563,46104,10966,20830,6366,6280,14740,14891,16061,18638,19937,25343,27970,31445,32470,36581,28114,36933,10430,19787,439402,249377,68476,32979,104695,51229,12390,16,19
2021-06-21T23:59:59+02:00,220,192,14807,14558,30474,28264,33772,34250,53169,54630,66011,67638,50477,55996,35537,46082,10961,20825,6270,6197,14580,14774,15891,18503,19817,25232,27862,31360,32315,36442,26907,35706,10430,19784,432575,248706,68454,32933,104664,48266,12154,16,19
2021-06-20T23:59:59+02:00,213,191,14683,14469,28572,26934,33162,33805,53081,54534,65942,67601,50456,55970,35529,46079,10960,20823,5824,5902,13637,14142,15074,17920,19268,24876,27552,31164,32151,36266,26881,35675,10428,19780,428212,243770,68450,32897,104660,48196,11666,16,19
2021-06-19T23:59:59+02:00,207,186,14658,14436,28458,26852,33131,33778,53059,54518,65926,67590,50450,55961,35527,46074,10959,20821,5609,5741,13075,13730,14467,17444,18941,24675,27359,30993,32072,36166,26864,35661,10428,19780,427806,240245,68448,32895,104660,48193,11661,16,19
2021-06-18T23:59:59+02:00,205,179,14569,14351,28358,26787,31884,32870,52693,54211,65793,67498,50419,55927,35509,46048,10955,20817,5544,5667,12977,13646,14303,17321,18705,24446,26539,30327,31868,35930,26798,35586,10424,19773,427320,237305,65476,32788,104651,48140,11610,16,19
2021-06-17T23:59:59+02:00,191,163,14198,14089,27764,26541,31395,32610,51905,53645,65366,67231,50339,55828,35476,46007,10949,20805,5168,5408,12193,13175,13517,16710,17615,23521,24386,28362,31228,35196,26602,35309,10407,19759,424132,228314,65471,32510,104627,47462,10259,13,19
2021-06-16T23:59:59+02:00,162,135,13771,13690,27302,26187,30957,32254,51093,52941,64914,66845,50222,55708,35447,45950,10938,20793,4804,4967,11472,12499,12729,16017,16516,22400,21421,25499,30163,33993,26306,34906,10392,19718,419287,214285,65429,32482,104621,47065,9959,13,19
2021-06-15T23:59:59+02:00,101,82,13143,13071,26550,25609,30175,31661,49841,51877,64203,66321,50043,55513,35379,45838,10929,20774,4308,4337,10502,11563,11577,14638,14785,20696,17996,22198,28795,32557,25921,34387,10366,19674,411582,195678,65413,32367,104615,46757,9487,13,19
2021-06-14T23:59:59+02:00,71,61,12739,12699,26145,25284,29514,31198,48047,50410,63152,65488,49828,55288,35302,45762,10921,20762,4208,4284,10327,11435,11437,14506,14607,20576,17804,22040,28725,32477,25902,34360,10363,19673,403723,195249,65404,32096,104613,46450,8918,13,19
2021-06-13T23:59:59+02:00,70,60,12698,12655,26071,25252,29451,31171,47993,50385,63117,65464,49821,55285,35300,45759,10920,20759,4054,4207,10000,11307,11114,14395,14313,20465,17405,21697,27215,30837,25762,34165,10359,19662,403521,194513,65330,27430,104606,46242,8761,13,19
2021-06-12T23:59:59+02:00,70,59,12681,12639,26057,25242,29440,31159,47934,50315,63075,65428,49820,55282,35300,45759,10920,20759,4052,4197,9984,11293,11106,14381,14294,20448,17385,21688,27174,30792,25757,34159,10359,19662,403230,194330,65330,27428,104605,46201,8761,13,19
2021-06-11T23:59:59+02:00,68,56,12582,12509,25932,25128,29319,31035,47699,50090,62943,65309,49796,55256,35289,45748,10918,20757,3958,3927,9459,10101,10675,13473,14004,19892,17112,21210,26767,30371,25667,34077,10356,19660,401966,193289,65321,27424,104563,41414,8571,13,19
2021-06-10T23:59:59+02:00,61,49,12338,12297,25614,24847,28974,30768,46629,49075,62208,64740,49711,55162,35255,45696,10908,20744,3691,3563,8690,8851,9775,11829,12702,17144,15328,17614,25063,28456,25371,33777,10350,19636,397099,187802,65269,26985,104363,28709,8332,13,19
2021-06-09T23:59:59+02:00,48,37,12047,11974,25207,24441,28581,30372,44624,47253,61118,63802,49607,55042,35209,45642,10903,20726,3447,3443,8275,8598,9267,11509,12191,16754,14622,17019,21242,24151,25145,33476,10338,19610,389121,176270,65148,26643,104362,28173,7989,13,19
2021-06-08T23:59:59+02:00,42,26,11617,11442,24547,23819,27925,29710,41457,44407,59345,62169,49439,54852,35136,45552,10893,20704,3238,3307,7878,8340,8652,11137,11526,16332,13966,16375,15869,18210,24754,32950,10320,19582,376474,161096,65087,26310,104352,27871,7156,13,10
2021-06-07T23:59:59+02:00,37,19,11456,11253,24197,23545,27649,29504,38830,42479,58916,61807,49405,54821,35124,45531,10891,20698,3142,3239,7571,8164,8335,10961,10953,15882,13466,15898,15793,18132,24725,32900,10318,19575,370836,160782,64660,24487,104343,27471,6311,12,10
2021-06-06T23:59:59+02:00,34,18,11320,11147,23877,23316,27440,29331,37230,41293,58792,61729,49381,54793,35116,45517,10891,20696,3039,3189,7300,8076,8066,10796,10217,15201,12871,15280,15642,18021,24711,32877,10316,19575,370429,160669,61280,21333,104333,27305,5867,12,10
2021-06-05T23:59:59+02:00,34,17,11302,11130,23834,23281,27405,29305,37203,41279,58694,61644,49370,54787,35114,45515,10891,20693,3027,3178,7277,8044,8037,10780,10187,15187,12831,15256,15521,17857,24706,32869,10315,19574,370099,160245,61278,21332,104333,27290,5776,12,10
2021-06-04T23:59:59+02:00,34,15,11117,10871,23472,22817,27132,28908,36778,40830,58076,61104,49336,54746,35104,45497,10890,20687,3003,3161,7248,8028,8016,10762,10158,15162,12797,15222,15310,17651,24695,32848,10313,19573,368303,159662,59009,21319,104320,27193,5770,12,10
2021-06-03T23:59:59+02:00,32,14,10897,10655,23016,22425,26708,28573,35683,40003,55318,58754,49207,54588,35061,45434,10885,20672,2914,3080,7040,7873,7560,10465,9132,14534,11557,14525,14132,16187,24518,32631,10301,19554,364369,156319,54087,17607,104270,26886,5188,11,10
2021-06-02T23:59:59+02:00,32,14,10862,10622,22980,22391,26677,28548,35652,39962,55191,58596,49193,54565,35055,45427,10885,20671,2874,3051,6985,7855,7501,10432,8977,14495,11334,14462,12785,14713,24399,32458,10296,19547,363785,152519,54081,17596,104270,26870,5176,11,10
2021-06-01T23:59:59+02:00,19,7,10449,10280,22324,21884,25994,27965,34931,39386,52193,55452,48804,54157,34937,45265,10869,20645,2415,2692,5634,7169,6233,9858,7589,13826,10201,13498,8481,9156,23925,31778,10273,19489,353038,134341,53911,17229,104251,26294,4350,11,10
2021-05-31T23:59:59+02:00,18,6,10175,10052,21751,21487,25586,27715,34610,39183,50745,54056,48705,54032,34904,45224,10862,20637,2305,2568,5348,6924,5973,9638,7224,13585,9945,13339,8430,9094,23899,31731,10265,19476,348312,133571,53872,17109,104227,25735,3326,11,10
2021-05-30T23:59:59+02:00,17,6,10121,10004,21662,21449,25521,27682,34498,39112,50381,53715,48681,54007,34898,45218,10860,20634,2270,2538,5243,6846,5871,9570,7035,13497,9720,13243,8386,9047,23883,31724,10264,19471,347129,132977,53853,16936,104213,25432,3260,11,10
2021-05-29T23:59:59+02:00,16,6,10106,9992,21628,21431,25504,27670,34477,39099,50368,53697,48677,54003,34895,45217,10860,20634,2251,2484,5199,6721,5811,9438,6919,13300,9582,13022,8313,8957,23816,31657,10263,19470,346973,132700,53853,16884,104192,24365,3251,11,10
2021-05-28T23:59:59+02:00,16,6,10048,9924,21553,21323,25426,27552,34400,38999,50290,53599,48656,53985,34887,45207,10860,20630,2167,2217,4581,6180,5190,8716,6548,12337,9087,12026,8137,8760,23448,31177,10262,19467,346130,131207,53842,16786,104134,19060,3244,11,10
2021-05-27T23:59:59+02:00,15,6,9784,9676,21025,20945,24883,27194,33876,38621,49676,52991,48488,53792,34817,45132,10856,20611,1926,1949,3999,5659,4512,8113,6039,11570,8145,10704,7633,8102,21894,29027,10247,19445,341852,125561,53433,15651,104025,14680,3067,11,10
2021-05-26T23:59:59+02:00,15,6,9510,9430,20301,20377,24013,26522,32615,37593,48912,52288,48234,53503,34743,45018,10845,20587,1871,1878,3905,5532,4379,7950,5833,11309,7820,10320,7071,7377,19469,25604,10229,19402,337143,117098,50458,15397,103972,14520,2928,11,10
2021-05-25T23:59:59+02:00,14,6,9245,9196,19888,20020,23575,26131,32107,37078,48019,51312,47936,53188,34660,44878,10833,20557,1805,1830,3785,5435,4242,7805,5625,11087,7510,10001,6448,6538,15360,20244,10209,19344,331572,104950,50378,15353,103899,14176,2783,11,10
2021-05-24T23:59:59+02:00,13,6,9026,9040,19319,19731,22804,25744,30593,36060,47795,51139,47843,53087,34631,44848,10831,20556,1780,1814,3739,5401,4179,7763,5560,11028,7435,9945,6422,6514,15346,20235,10209,19344,329991,104833,46574,15340,103840,13885,2650,11,10
2021-05-23T23:59:59+02:00,13,6,8818,8833,18960,19439,22382,25396,30169,35739,47203,50628,47409,52632,34529,44702,10823,20547,1778,1813,3730,5396,4175,7759,5550,11019,7426,9935,6417,6503,15346,20233,10209,19344,325158,104775,46572,15338,103839,13866,2648,11,10
2021-05-22T23:59:59+02:00,13,6,8787,8796,18910,19396,22335,25364,30116,35709,47094,50558,47390,52610,34526,44693,10820,20547,1777,1810,3717,5383,4171,7753,5546,11013,7419,9931,6415,6501,15344,20233,10209,19344,324615,104743,46572,15338,103838,13845,2634,11,10
2021-05-21T23:59:59+02:00,12,6,8513,8443,18471,18880,21975,24722,29689,34900,46605,49893,47302,52488,34488,44650,10817,20542,1714,1769,3638,5344,4129,7719,5514,10968,7378,9882,6387,6475,15267,20136,10208,19343,319416,104432,46543,15337,103814,13484,2612,11,10
2021-05-20T23:59:59+02:00,12,6,7939,7892,17522,18085,20973,23804,28371,33702,44857,48072,46863,52028,34380,44496,10800,20523,1412,1607,3325,5055,3862,7331,5219,10489,6999,9429,6153,6221,13962,18600,10185,19304,307813,100694,46457,14856,103587,11140,2457,11,10
2021-05-19T23:59:59+02:00,12,6,7673,7577,16918,17481,20075,22931,27144,32445,43065,45984,46332,51473,34229,44276,10779,20493,1348,1524,3122,4841,3655,7080,4994,10136,6702,9098,5871,5887,11767,15762,10168,19245,296686,94485,46417,14385,103540,10086,2239,11,9
2021-05-18T23:59:59+02:00,11,6,7147,7033,15763,16456,18809,21682,25633,30818,40375,42752,45503,50528,33991,43972,10754,20451,1327,1498,3062,4770,3579,6961,4859,10003,6520,8887,5605,5611,10069,13596,10143,19190,280892,89359,45213,14335,103438,9849,2132,9,9
2021-05-17T23:59:59+02:00,11,6,7067,6972,15580,16346,18594,21513,25235,30491,38622,41115,45393,50449,33944,43906,10745,20428,1294,1475,3006,4725,3515,6902,4791,9901,6425,8786,5564,5571,10055,13579,10140,19182,280677,89292,40444,14053,103394,9668,1893,9,9
2021-05-16T23:59:59+02:00,10,5,6952,6920,15460,16258,18465,21407,25053,30377,35640,38345,45357,50414,33922,43882,10742,20423,1270,1457,2962,4684,3467,6845,4705,9833,6329,8706,5534,5534,10043,13563,10138,19179,280398,89244,34296,13785,103273,9559,1656,9,9
2021-05-15T23:59:59+02:00,10,5,6928,6889,15399,16200,18419,21367,24986,30334,35604,38304,45334,50387,33915,43877,10742,20423,1258,1431,2930,4611,3448,6776,4686,9752,6307,8656,5528,5529,10038,13562,10138,19179,279916,89189,34296,13781,103259,9211,1643,9,9
2021-05-14T23:59:59+02:00,10,5,6751,6521,15054,15701,18107,20950,24652,29872,35358,37952,45305,50356,33905,43872,10742,20421,1201,1370,2852,4507,3401,6674,4622,9601,6225,8527,5498,5485,10025,13553,10138,19178,278860,89104,34148,13762,100939,8408,1578,9,9
2021-05-13T23:59:59+02:00,10,5,6401,6205,14298,15117,17402,20321,23795,29130,34590,37282,45017,50013,33826,43747,10738,20410,1024,1286,2656,4398,3283,6553,4481,9433,6103,8384,5455,5447,10010,13537,10134,19173,272459,88956,33824,13681,100724,7424,1291,9,9
2021-05-12T23:59:59+02:00,10,5,6001,5933,13318,14440,16382,19520,23129,28694,34284,37001,44834,49818,33795,43716,10735,20407,1021,1284,2649,4392,3264,6549,4476,9423,6095,8379,5449,5441,10008,13532,10133,19172,266200,88895,33815,13671,100720,7419,1278,9,8
2021-05-11T23:59:59+02:00,10,5,5626,5709,12732,13994,14578,18079,20176,26168,31969,34673,43781,48558,33471,43244,10706,20358,959,1210,2532,4220,3158,6317,4357,9136,5979,8153,5378,5363,9966,13472,10125,19156,248910,88423,33538,13455,100282,6500,1098,9,8
2021-05-10T23:59:59+02:00,10,5,5477,5612,12460,13868,14228,17857,19374,25597,30591,33654,43249,47947,33414,43156,10698,20338,916,1151,2433,4058,3064,6115,4232,8872,5857,7957,5341,5333,9954,13456,10121,19147,243435,88316,33327,13394,99978,5506,786,9,8
2021-05-09T23:59:59+02:00,10,5,5071,5371,11265,13335,13227,17494,18352,25267,30048,33363,43193,47875,33389,43141,10695,20331,892,1121,2334,3953,2974,5976,4100,8697,5763,7852,5333,5319,9947,13452,10116,19144,238101,88271,33255,13352,99639,4918,428,9,7
2021-05-08T23:59:59+02:00,10,5,5060,5362,11243,13316,13202,17475,18322,25234,30008,33320,43185,47864,33388,43137,10695,20331,888,1115,2321,3945,2968,5976,4096,8691,5760,7849,5330,5316,9944,13447,10116,19144,237833,88243,33254,13352,99638,4884,423,9,7
2021-05-07T23:59:59+02:00,10,5,4959,5279,11015,13148,12910,17258,17714,24633,29060,32426,42994,47624,33332,43065,10691,20325,861,1084,2285,3890,2922,5930,4041,8637,5677,7796,5283,5269,9932,13438,10116,19143,235340,88108,31361,13349,99530,4635,208,9,7
2021-05-06T23:59:59+02:00,10,5,4544,4999,10347,12731,12151,16593,16109,23188,26512,30034,42291,46875,33166,42829,10675,20302,805,1029,2148,3640,2754,5621,3847,8164,5481,7474,5232,5216,9909,13410,10114,19135,226577,87926,28013,13035,98714,2966,48,9,7
2021-05-05T23:59:59+02:00,10,5,4231,4772,9752,12285,11432,16012,15007,22161,23664,27275,41314,45770,32884,42442,10657,20261,791,1007,2086,3515,2697,5466,3754,7953,5385,7338,5183,5161,9872,13371,10112,19132,213564,87665,27831,12897,98490,2217,40,9,7
2021-05-04T23:59:59+02:00,10,5,3881,4314,9082,11587,10661,15172,13703,20907,20061,23868,39966,44310,32512,41922,10634,20223,773,977,2019,3398,2627,5331,3662,7802,5290,7215,5145,5116,9842,13342,10110,19129,196497,87449,27813,12599,98465,1692,34,9,7
2021-05-03T23:59:59+02:00,10,4,3639,3892,8671,11092,10183,14547,13168,20252,19339,23221,39701,44059,32433,41819,10631,20208,759,948,1952,3293,2570,5224,3602,7688,5240,7128,5131,5105,9827,13325,10107,19124,190635,87310,27801,12591,98402,1096,22,9,7
2021-05-02T23:59:59+02:00,10,4,3636,3890,8653,11085,10174,14539,13147,20240,19321,23212,39700,44058,32432,41818,10630,20208,755,931,1922,3212,2524,5128,3555,7563,5220,7062,5127,5102,9826,13321,10107,19122,190547,87292,27788,12560,98395,603,18,9,7
2021-05-01T23:59:59+02:00,10,4,3634,3883,8641,11072,10166,14530,13140,20238,19310,23203,39700,44056,32432,41818,10630,20208,754,931,1921,3212,2524,5128,3555,7563,5220,7062,5127,5102,9826,13321,10106,19122,190467,87291,27787,12559,98395,603,17,9,7
2021-04-30T23:59:59+02:00,10,3,3611,3860,8595,11036,10123,14491,13079,20199,19207,23052,39432,43733,32411,41798,10629,20208,751,927,1908,3203,2523,5119,3552,7556,5218,7055,5124,5099,9822,13320,10106,19122,189543,87265,27518,12556,98390,563,17,9,7
2021-04-29T23:59:59+02:00,10,3,3345,3687,8162,10762,9575,14206,12587,19836,18470,22325,36374,40283,32151,41430,10617,20170,738,913,1860,3142,2474,5053,3486,7414,5126,6956,5086,5065,9800,13277,10104,19116,184003,87061,21681,12400,98284,129,16,9,7
2021-04-28T23:59:59+02:00,10,3,3184,3620,7898,10652,9178,14032,12212,19599,17984,21890,32585,35966,31933,41129,10604,20148,721,898,1834,3103,2429,5004,3449,7356,5060,6895,5025,5005,9748,13219,10101,19107,172841,86854,21528,11966,98238,119,11,9,7
2021-04-27T23:59:59+02:00,9,3,3103,3554,7638,10520,8825,13859,11727,19374,17506,21401,27022,29775,31556,40622,10583,20116,711,884,1802,3066,2394,4958,3395,7297,5005,6819,4974,4936,9713,13168,10098,19098,157497,86646,21506,11542,98170,116,11,9,6
2021-04-26T23:59:59+02:00,9,3,3050,3520,7496,10455,8659,13800,11496,19306,16981,21014,26988,29741,31542,40607,10583,20116,688,853,1734,3006,2328,4902,3329,7208,4912,6716,4876,4861,9632,13085,10096,19095,156920,86519,21288,10672,97138,116,11,9,6
2021-04-25T23:59:59+02:00,9,3,3012,3503,7334,10403,8421,13750,11164,19262,16152,20543,25432,28084,31487,40544,10583,20113,688,851,1728,3001,2321,4899,3324,7200,4908,6707,4873,4856,9624,13074,10096,19095,156435,86496,21278,10635,92066,100,11,9,6
2021-04-24T23:59:59+02:00,9,3,3008,3497,7318,10390,8410,13742,11150,19253,16135,20525,25389,28021,31484,40538,10582,20112,688,851,1728,3000,2321,4899,3323,7200,4908,6707,4873,4855,9622,13073,10096,19095,156233,86490,21274,10635,92039,100,11,9,6
2021-04-23T23:59:59+02:00,9,3,2990,3479,7276,10347,8365,13697,11084,19193,16075,20461,24966,27517,31451,40482,10579,20109,680,843,1710,2991,2305,4870,3271,7162,4809,6612,4736,4732,9455,12875,10090,19080,155044,86200,21134,9907,91885,100,11,9,6
2021-04-22T23:59:59+02:00,8,3,2911,3397,7084,10163,7823,13289,9875,18400,14523,19420,22952,25085,31240,40213,10560,20081,615,792,1595,2879,2180,4706,3109,6991,4625,6411,4581,4558,8945,12221,10054,19001,150246,84288,15837,8880,90924,81,11,9,6
2021-04-21T23:59:59+02:00,8,3,2858,3349,6960,10074,7612,13134,9509,18158,14053,18974,20446,21948,30943,39827,10543,20055,566,768,1515,2800,2094,4615,2983,6848,4462,6247,4395,4379,8377,11464,10011,18912,143246,82501,15074,7848,90115,73,11,8,6
2021-04-20T23:59:59+02:00,8,3,2818,3310,6853,9985,7474,13025,9257,17940,13562,18581,17058,17884,30630,39352,10526,20019,536,734,1442,2736,2007,4536,2883,6729,4326,6085,4209,4185,7516,10255,9943,18760,134392,79586,14829,7215,89045,68,11,8,5
2021-04-19T23:59:59+02:00,8,3,2804,3303,6806,9944,7422,12990,9181,17866,13425,18466,16725,17503,30598,39317,10525,20015,477,694,1324,2641,1908,4439,2750,6571,4129,5893,3956,3883,5690,7839,9728,18365,134081,73776,14634,6433,88167,65,11,8,5
2021-04-18T23:59:59+02:00,8,3,2788,3289,6730,9918,7317,12941,8985,17799,12589,18338,15316,16097,30530,39256,10522,20008,472,688,1314,2633,1893,4428,2717,6542,4068,5844,3880,3812,5280,7216,9683,18282,133868,72291,14491,6387,84056,61,11,8,5
2021-04-17T23:59:59+02:00,8,3,2778,3285,6713,9896,7287,12920,8953,17760,12557,18318,15263,16047,30476,39184,10521,20008,472,686,1314,2632,1892,4424,2713,6537,4065,5840,3879,3810,5275,7215,9682,18281,133514,72256,14490,6387,83954,61,11,8,5
2021-04-16T23:59:59+02:00,8,3,2765,3271,6679,9881,7236,12881,8878,17708,12449,18216,15018,15770,29958,38537,10518,20001,472,684,1308,2627,1883,4422,2708,6531,4057,5832,3874,3804,5258,7185,9682,18279,131993,72159,14483,6376,83282,58,11,8,5
2021-04-15T23:59:59+02:00,8,3,2714,3214,6546,9780,7047,12703,8535,17435,11975,17751,13962,14554,27844,35730,10502,19978,463,678,1303,2601,1868,4399,2685,6503,4014,5779,3819,3728,5227,7134,9674,18267,126078,71843,14207,6240,79978,47,10,8,5
2021-04-14T23:59:59+02:00,7,1,2658,3165,6452,9685,6903,12543,8264,17168,11545,17288,12782,13171,23137,29653,10484,19924,460,672,1289,2591,1856,4382,2663,6478,3971,5742,3772,3677,5167,7080,9646,18231,113707,71552,14174,6088,76932,25,10,7,5
2021-04-13T23:59:59+02:00,7,1,2606,3131,6324,9599,6752,12411,7985,16919,11121,16867,10119,10249,20065,25490,10462,19882,444,647,1241,2548,1803,4319,2554,6376,3792,5580,3559,3492,5021,6942,9637,18209,105299,71207,13980,4924,70694,21,10,7,5
2021-04-12T23:59:59+02:00,7,1,2585,3117,6264,9571,6646,12324,7793,16791,10874,16660,8756,8758,19245,24519,10461,19873,438,638,1221,2533,1787,4296,2520,6334,3739,5528,3498,3443,4986,6901,9632,18187,105181,71066,13926,4587,65121,16,10,7,5
2021-04-11T23:59:59+02:00,7,1,2557,3109,6168,9544,6531,12287,7628,16741,10675,16555,7485,7481,17519,22542,10459,19870,438,638,1220,2531,1787,4295,2520,6334,3737,5523,3494,3442,4980,6899,9632,18187,105112,71056,13920,4577,58110,12,10,7,5
2021-04-10T23:59:59+02:00,7,1,2556,3107,6158,9539,6522,12282,7623,16736,10668,16546,7477,7469,17510,22536,10459,19870,437,635,1218,2528,1786,4293,2518,6329,3734,5522,3485,3428,4972,6885,9632,18187,105030,70996,13919,4570,58101,12,9,7,5
2021-04-09T23:59:59+02:00,7,1,2494,3009,6023,9329,6365,12020,7364,16329,10356,16047,7320,7264,17394,22356,10458,19868,432,630,1200,2516,1759,4278,2487,6280,3655,5443,3372,3318,4834,6796,9627,18184,104561,70914,13890,3876,55537,10,9,7,5
2021-04-08T23:59:59+02:00,7,1,2415,2937,5927,9210,6262,11892,7193,16143,10100,15859,7126,7005,16135,20896,10447,19838,425,625,1188,2484,1734,4242,2460,6207,3603,5377,3298,3272,4755,6691,9605,18139,100912,70473,13536,3612,54929,9,9,7,5
2021-04-07T23:59:59+02:00,7,1,2388,2901,5854,9139,6174,11817,7060,16044,9858,15708,6829,6678,13821,17948,10426,19791,420,624,1178,2471,1721,4219,2446,6167,3536,5318,3227,3220,4700,6632,9598,18111,94759,70200,13375,3369,54294,8,9,7,5
2021-04-06T23:59:59+02:00,7,1,2371,2868,5758,9073,6083,11738,6907,15931,9618,15525,6472,6316,11722,15348,10399,19732,417,617,1171,2444,1709,4196,2420,6129,3472,5253,3143,3170,4655,6578,9593,18095,89732,69957,13075,3088,53048,8,7,7,5
2021-04-05T23:59:59+02:00,7,1,2363,2859,5740,9056,6071,11719,6894,15912,9598,15500,6348,6218,10442,14061,10399,19731,413,609,1167,2429,1703,4180,2404,6099,3439,5212,3113,3133,4634,6532,9587,18079,89653,69767,13039,2951,50214,7,6,7,5
2021-04-04T23:59:59+02:00,7,1,2363,2859,5737,9053,6069,11719,6892,15912,9596,15499,6343,6214,10442,14059,10399,19731,413,608,1167,2428,1703,4180,2403,6099,3439,5212,3113,3133,4632,6532,9587,18079,89644,69763,13037,2950,50201,7,6,7,5
2021-04-03T23:59:59+02:00,7,1,2361,2851,5729,9046,6064,11715,6889,15908,9593,15497,6340,6209,10435,14056,10399,19731,413,608,1167,2428,1703,4180,2403,6099,3439,5211,3113,3133,4632,6532,9587,18079,89587,69762,13036,2950,50195,7,6,7,5
2021-04-02T23:59:59+02:00,7,1,2360,2849,5723,9039,6062,11712,6885,15907,9589,15495,6336,6203,10421,14027,10398,19730,411,606,1166,2428,1702,4179,2402,6099,3438,5204,3087,3116,4622,6523,9587,18079,89504,69685,13033,2949,50194,7,6,7,5
2021-04-01T23:59:59+02:00,7,1,2339,2846,5692,9010,6019,11670,6842,15852,9534,15439,6243,6106,10126,13680,10375,19682,409,590,1163,2422,1695,4168,2386,6082,3412,5183,3025,3068,4563,6451,9512,17966,88517,69135,13012,2946,49922,7,5,7,5
2021-03-31T23:59:59+02:00,7,1,2305,2819,5616,8944,5951,11577,6739,15740,9400,15305,6098,5964,9576,12942,10333,19592,404,584,1157,2411,1688,4152,2380,6069,3392,5149,2993,3035,4516,6392,9456,17865,86544,68687,12799,2944,49555,7,4,7,4
2021-03-30T23:59:59+02:00,7,1,2285,2803,5569,8886,5888,11502,6668,15643,9302,15161,5912,5750,8672,11605,10258,19410,402,582,1154,2407,1675,4135,2362,6047,3358,5105,2936,2967,4429,6293,9326,17626,83476,67987,12418,2806,49419,7,4,5,3
2021-03-29T23:59:59+02:00,6,1,2218,2749,5466,8775,5780,11352,6499,15412,9071,14906,5554,5375,6733,9071,10038,18990,395,578,1143,2396,1662,4123,2337,6020,3329,5048,2866,2902,4312,6189,9125,17296,77387,67040,11608,2670,48992,7,4,5,3
2021-03-28T23:59:59+02:00,6,1,2197,2736,5422,8716,5704,11274,6412,15326,8953,14787,5430,5223,6093,8142,9972,18874,386,572,1128,2380,1637,4096,2290,5959,3273,4956,2781,2823,4196,6044,9053,17160,75095,66581,11350,2145,48814,4,4,5,3
2021-03-27T23:59:59+01:00,6,1,2197,2730,5411,8710,5700,11259,6397,15304,8942,14774,5402,5196,6083,8139,9972,18873,386,572,1126,2379,1636,4091,2286,5956,3264,4949,2776,2820,4180,6019,8973,17013,74988,66274,11350,2144,48749,4,4,5,3
2021-03-26T23:59:59+01:00,6,1,2181,2710,5374,8672,5661,11210,6318,15234,8793,14625,5240,5047,5914,7959,9970,18865,382,564,1120,2366,1620,4062,2258,5920,3230,4895,2715,2757,3996,5763,8268,15838,74643,63640,10519,2106,48609,4,4,5,3
2021-03-25T23:59:59+01:00,6,0,2064,2629,5198,8457,5459,10934,6110,14935,8553,14337,5080,4893,5818,7840,9967,18857,373,550,1099,2340,1596,4034,2212,5862,3157,4817,2617,2655,3623,5269,7138,14105,74188,59554,9571,1886,47370,4,3,5,3
2021-03-24T23:59:59+01:00,6,0,1978,2581,5050,8297,5298,10741,5946,14697,8349,14105,4941,4734,5704,7724,9961,18848,369,539,1086,2312,1563,3978,2153,5797,3069,4716,2483,2540,3198,4652,5740,11886,73815,54534,8409,1540,46728,4,3,5,3
2021-03-23T23:59:59+01:00,6,0,1902,2528,4939,8174,5199,10599,5825,14504,8234,13937,4859,4648,5638,7665,9953,18830,358,514,1067,2277,1530,3920,2109,5708,2987,4626,2394,2445,2748,4020,3847,8677,73421,47829,7663,1392,46348,3,3,5,3
2021-03-22T23:59:59+01:00,6,0,1837,2469,4804,8038,5066,10424,5665,14271,8042,13724,4755,4535,5569,7556,9939,18786,331,497,1038,2239,1485,3847,2043,5598,2885,4475,2281,2293,2230,3340,1339,4563,72925,39320,6625,1159,45928,1,3,5,3
2021-03-21T23:59:59+01:00,6,0,1835,2463,4792,8023,5051,10414,5649,14254,8012,13700,4732,4520,5553,7544,9935,18786,330,497,1032,2225,1476,3818,2025,5560,2859,4425,2240,2245,2188,3299,1322,4518,72902,39180,6575,875,45785,1,2,5,3
2021-03-20T23:59:59+01:00,6,0,1835,2463,4791,8022,5050,10412,5648,14253,8005,13694,4731,4519,5545,7536,9935,18786,330,497,1032,2225,1476,3818,2025,5560,2858,4424,2239,2242,2188,3299,1322,4518,72891,39178,6575,871,45758,1,2,5,3
2021-03-19T23:59:59+01:00,6,0,1782,2215,4275,6727,4641,9430,5378,13696,7781,13292,4606,4422,5475,7470,9935,18786,329,497,1032,2225,1476,3817,2025,5559,2857,4424,2237,2241,2183,3293,1321,4516,72833,39163,6565,865,40512,1,2,5,3
2021-03-18T23:59:59+01:00,6,0,1727,1962,3857,5662,4111,8050,4561,11158,6424,9958,4240,4123,5273,7250,9914,18746,328,494,1025,2212,1469,3792,1999,5520,2832,4400,2216,2226,2158,3264,1316,4507,72403,38971,6503,783,28109,1,2,5,3
2021-03-17T23:59:59+01:00,6,0,1721,1953,3847,5636,4094,8020,4537,11094,6374,9886,4203,4076,5234,7206,9908,18723,325,493,1021,2204,1463,3783,1992,5505,2822,4374,2189,2199,2138,3249,1309,4493,72147,38820,6443,734,27921,1,2,5,3
2021-03-16T23:59:59+01:00,6,0,1699,1919,3788,5555,4023,7913,4408,10932,6169,9686,3980,3887,5094,7047,9902,18702,323,489,1020,2185,1458,3770,1983,5491,2813,4355,2181,2185,2126,3221,1301,4464,71835,38655,5168,705,27700,1,2,5,3
2021-03-15T23:59:59+01:00,6,0,1689,1899,3763,5521,3998,7876,4357,10863,6090,9601,3898,3820,5041,6987,9896,18677,320,485,1011,2168,1450,3764,1967,5455,2795,4327,2166,2153,2101,3159,1293,4426,71611,38436,4810,601,27556,1,0,5,3
2021-03-14T23:59:59+01:00,6,0,1683,1889,3755,5511,3993,7860,4348,10832,6082,9579,3891,3811,5036,6979,9895,18675,320,485,1009,2168,1446,3761,1964,5453,2777,4321,2160,2151,2090,3149,1289,4424,71579,38428,4794,536,27447,1,0,5,3
2021-03-13T23:59:59+01:00,6,0,1680,1884,3742,5488,3986,7851,4328,10821,6068,9564,3888,3808,5033,6976,9895,18675,320,485,1009,2168,1446,3761,1964,5452,2777,4320,2159,2150,2090,3147,1281,4419,71555,38409,4789,536,27344,1,0,5,3
2021-03-12T23:59:59+01:00,5,0,1641,1827,3228,5341,3471,7737,4194,10695,5842,9275,3722,3662,4892,6868,9870,18628,315,463,1005,2138,1438,3737,1944,5381,2724,4235,1980,1995,2030,3097,1274,4413,71343,37639,4069,528,25481,0,0,5,3
2021-03-11T23:59:59+01:00,5,0,1533,1691,2842,5080,3034,7481,3914,10282,5215,8382,3498,3486,4786,6751,9832,18578,314,462,1002,2125,1435,3717,1937,5362,2715,4218,1973,1987,2016,3080,1269,4395,70780,37517,3807,488,21798,0,0,5,3
2021-03-10T23:59:59+01:00,5,0,1503,1659,2803,5035,2998,7422,3859,10195,5107,8265,3372,3382,4671,6637,9789,18511,312,461,1000,2122,1433,3706,1933,5349,2703,4198,1956,1980,1991,3048,1258,4381,70372,37436,3477,393,21359,0,0,5,3
2021-03-09T23:59:59+01:00,5,0,1494,1643,2771,5010,2977,7378,3821,10135,5029,8185,3275,3299,4591,6548,9683,18301,309,460,996,2116,1426,3694,1907,5327,2661,4168,1915,1955,1941,3020,1246,4372,69781,37407,3210,104,21149,0,0,5,3
2021-03-08T23:59:59+01:00,5,0,1479,1629,2741,4983,2951,7348,3798,10087,5005,8123,3234,3259,4518,6484,9509,18002,309,460,994,2112,1418,3678,1890,5294,2642,4140,1896,1936,1916,2997,1240,4353,68994,37259,3201,14,20955,0,0,5,3
2021-03-07T23:59:59+01:00,5,0,1466,1619,2711,4938,2917,7300,3765,10025,4962,8062,3199,3226,4453,6384,9433,17858,309,459,994,2111,1417,3673,1887,5284,2641,4135,1892,1933,1912,2993,1237,4345,68458,37208,3147,12,20713,0,0,5,3
2021-03-06T23:59:59+01:00,5,0,1465,1617,2705,4927,2914,7291,3757,10018,4944,8046,3189,3216,4430,6345,9345,17689,309,459,992,2108,1417,3671,1881,5275,2639,4133,1887,1925,1906,2991,1236,4342,68068,37158,3147,12,20683,0,0,5,2
2021-03-05T23:59:59+01:00,5,0,1392,1538,2607,4765,2857,7134,3672,9811,4843,7850,3139,3157,4214,6059,8641,16502,309,459,990,2106,1412,3666,1879,5274,2635,4126,1878,1921,1901,2988,1231,4339,65427,37101,3144,12,19610,0,0,5,2
2021-03-04T23:59:59+01:00,5,0,1219,1434,2437,4565,2686,6865,3504,9465,4585,7508,3023,3034,3853,5602,7479,14689,308,451,981,2082,1396,3626,1851,5221,2607,4080,1850,1896,1868,2933,1204,4293,61236,36634,3141,12,17571,0,0,5,2
2021-03-03T23:59:59+01:00,5,0,1186,1381,2358,4457,2626,6741,3417,9300,4488,7364,2937,2964,3480,5003,6096,12509,304,442,970,2059,1384,3598,1837,5171,2553,4026,1802,1861,1844,2904,1189,4265,56197,36196,3115,12,16996,0,0,4,2
2021-03-02T23:59:59+01:00,5,0,1152,1344,2298,4399,2575,6650,3335,9177,4351,7215,2823,2837,2998,4338,4101,9157,299,433,965,2033,1371,3554,1823,5116,2521,4000,1792,1847,1825,2878,1178,4238,49170,35860,2867,12,16715,0,0,3,2
2021-03-01T23:59:59+01:00,5,0,1093,1314,2236,4336,2502,6563,3241,9051,4209,7027,2692,2700,2430,3597,1394,4714,298,430,958,2021,1360,3535,1815,5100,2509,3984,1776,1837,1808,2859,1166,4210,40143,35653,2478,12,16480,0,0,3,2
2021-02-28T23:59:59+01:00,5,0,1059,1300,2194,4299,2472,6520,3193,8994,4147,6968,2625,2654,2382,3566,1386,4694,298,429,956,2016,1358,3522,1812,5086,2503,3976,1769,1826,1795,2848,1159,4195,40047,35535,2186,12,16222,0,0,3,2
2021-02-27T23:59:59+01:00,5,0,1017,1217,2129,4056,2414,6286,3129,8696,4056,6714,2570,2597,2362,3542,1383,4694,298,429,955,2016,1358,3522,1812,5085,2502,3976,1769,1825,1793,2848,1159,4195,39941,35529,2185,12,14738,0,0,3,2
2021-02-26T23:59:59+01:00,4,0,850,963,1927,3664,2252,5618,2912,7774,3745,5920,2521,2544,2344,3528,1380,4692,298,429,955,2013,1356,3520,1810,5084,2500,3975,1769,1822,1786,2847,1157,4188,39926,35496,2098,12,10611,0,0,3,2
2021-02-25T23:59:59+01:00,4,0,507,806,1647,3465,2069,5314,2716,7378,3519,5617,2440,2467,2304,3467,1376,4678,288,408,930,1963,1326,3451,1780,5003,2471,3911,1744,1795,1748,2803,1130,4148,39731,34887,1841,11,8199,0,0,3,2
2021-02-24T23:59:59+01:00,3,0,487,788,1612,3368,2007,5184,2656,7195,3453,5475,2375,2420,2269,3438,1367,4645,279,404,915,1930,1312,3397,1767,4942,2447,3866,1733,1777,1739,2784,1118,4121,39543,34527,1672,3,7524,0,0,3,2
2021-02-23T23:59:59+01:00,3,0,468,752,1551,3265,1952,5044,2578,7063,3367,5370,2315,2361,2234,3382,1352,4614,278,400,910,1915,1305,3367,1758,4911,2426,3834,1713,1757,1719,2749,1103,4068,39397,34209,1401,3,6870,0,0,3,2
2021-02-22T23:59:59+01:00,2,0,452,721,1496,3164,1913,4905,2519,6845,3306,5226,2307,2265,2219,3303,1348,4569,277,397,907,1904,1297,3340,1741,4875,2412,3804,1694,1738,1692,2721,1088,4023,39186,33908,1138,1,6233,0,0,3,2
2021-02-21T23:59:59+01:00,2,0,444,683,1438,3022,1866,4755,2466,6686,3223,5122,2271,2232,2192,3283,1338,4564,277,396,904,1896,1296,3331,1737,4865,2408,3795,1692,1735,1691,2719,1088,4022,39145,33850,905,1,5534,0,0,3,2
2021-02-20T23:59:59+01:00,2,0,440,678,1430,3018,1860,4755,2463,6683,3219,5118,2268,2231,2192,3282,1337,4564,277,396,904,1895,1296,3330,1737,4865,2407,3794,1691,1734,1688,2719,1087,4020,39141,33838,901,1,5495,0,0,3,2
2021-02-19T23:59:59+01:00,1,0,419,641,1401,2956,1833,4701,2422,6583,3132,5000,2088,2069,2129,3233,1332,4558,275,395,902,1893,1295,3329,1737,4860,2404,3793,1689,1732,1686,2718,1087,4019,38389,33813,882,1,5224,0,0,3,1
2021-02-18T23:59:59+01:00,1,0,394,585,1296,2713,1729,4457,2284,6321,3030,4818,2059,2053,2113,3216,1327,4550,275,389,894,1860,1286,3290,1719,4812,2385,3756,1677,1721,1669,2706,1075,4001,38315,33514,809,1,3819,0,0,3,1
2021-02-17T23:59:59+01:00,1,0,378,554,1257,2583,1673,4282,2214,6078,2971,4669,2040,2034,2090,3196,1312,4541,266,372,859,1775,1243,3161,1658,4653,2311,3620,1600,1652,1595,2596,1026,3884,38159,32270,758,1,2953,0,0,3,1
2021-02-16T23:59:59+01:00,1,0,360,524,1202,2463,1623,4146,2135,5893,2890,4533,2031,2030,2082,3189,1307,4530,258,355,838,1694,1188,3025,1597,4449,2239,3443,1550,1598,1535,2496,999,3756,38099,31019,728,1,2109,0,0,3,1
2021-02-15T23:59:59+01:00,1,0,350,502,1129,2319,1578,4073,2103,5840,2862,4492,2012,2014,2061,3159,1300,4510,251,336,815,1649,1156,2949,1541,4314,2168,3323,1475,1534,1481,2389,957,3579,37994,29916,618,1,1690,0,0,3,1
2021-02-14T23:59:59+01:00,1,0,342,497,1106,2263,1515,3909,2061,5748,2831,4453,2006,2012,2050,3150,1298,4503,244,331,797,1622,1140,2910,1499,4262,2130,3293,1459,1513,1457,2353,942,3537,37976,29488,553,1,1213,0,0,3,1
2021-02-13T23:59:59+01:00,1,0,342,497,1105,2263,1515,3908,2059,5747,2831,4453,2005,2010,2049,3150,1297,4500,244,331,797,1622,1140,2910,1498,4260,2130,3293,1457,1510,1456,2352,942,3536,37965,29477,553,1,1212,0,0,2,1
2021-02-12T23:59:59+01:00,1,0,338,494,1088,2254,1510,3894,2054,5738,2828,4447,1991,2000,2043,3137,1292,4497,243,330,791,1617,1134,2901,1481,4241,2111,3280,1444,1494,1441,2321,935,3503,37898,29266,545,1,1161,0,0,2,1
2021-02-11T23:59:59+01:00,1,0,318,470,1024,2156,1456,3767,1960,5474,2743,4328,1961,1967,2003,3072,1267,4441,223,304,742,1512,1054,2675,1357,3884,1927,2973,1257,1287,1273,2046,829,3153,37509,26495,508,1,389,0,0,2,1
2021-02-10T23:59:59+01:00,1,0,312,461,1002,2116,1418,3688,1906,5312,2648,4147,1892,1917,1961,3034,1249,4415,199,259,649,1323,927,2292,1169,3282,1688,2558,1098,1113,1127,1802,722,2813,37103,23020,373,1,1,0,0,2,1
2021-02-09T23:59:59+01:00,1,0,306,451,994,2084,1402,3636,1862,5245,2581,4091,1836,1881,1893,2981,1228,4394,165,199,551,1063,779,1848,964,2673,1425,2146,952,953,939,1523,606,2400,36803,19186,60,0,1,0,0,2,1
2021-02-08T23:59:59+01:00,1,0,305,449,991,2077,1392,3620,1854,5222,2562,4075,1822,1869,1875,2963,1221,4369,114,164,451,850,616,1432,765,2024,1149,1661,766,777,748,1205,483,1951,36648,15156,16,0,1,0,0,2,1
2021-02-07T23:59:59+01:00,1,0,305,449,990,2075,1391,3614,1851,5219,2555,4072,1816,1860,1859,2956,1217,4363,105,145,401,704,542,1258,686,1809,1053,1514,693,697,672,1084,418,1735,36578,13516,13,0,0,0,0,2,1
2021-02-06T23:59:59+01:00,1,0,305,449,989,2074,1391,3611,1851,5217,2555,4069,1816,1859,1854,2954,1214,4361,105,144,396,701,537,1234,670,1790,1042,1492,690,693,667,1080,417,1731,36555,13390,13,0,0,0,0,2,0
2021-02-05T23:59:59+01:00,1,0,305,448,987,2071,1387,3602,1847,5203,2549,4063,1815,1858,1846,2946,1205,4348,101,137,381,683,520,1205,638,1738,994,1429,653,643,622,1006,391,1643,36466,12785,13,0,0,0,0,2,0
2021-02-04T23:59:59+01:00,1,0,298,431,976,2039,1368,3549,1828,5126,2534,4015,1799,1838,1821,2911,1188,4317,76,106,282,461,359,812,454,1175,682,970,505,469,481,795,305,1312,36024,9245,13,0,0,0,0,2,0
2021-02-03T23:59:59+01:00,1,0,294,422,958,2012,1352,3511,1815,5077,2500,3972,1779,1815,1805,2887,1175,4303,60,82,236,395,289,633,347,919,522,724,339,325,346,568,218,959,35663,6963,13,0,0,0,0,2,0
2021-02-02T23:59:59+01:00,1,0,290,415,952,1984,1344,3479,1804,5031,2477,3937,1761,1799,1779,2846,1154,4256,39,63,181,312,242,485,265,736,377,556,235,208,221,377,150,627,35294,5074,13,0,0,0,0,2,0
2021-02-01T23:59:59+01:00,1,0,289,413,947,1977,1341,3463,1796,5011,2469,3918,1754,1788,1764,2831,1148,4243,19,39,134,227,167,310,169,490,236,321,119,105,96,184,69,277,35138,2962,13,0,0,0,0,2,0
2021-01-31T23:59:59+01:00,1,0,288,412,945,1970,1338,3454,1793,4992,2465,3903,1750,1780,1760,2824,1146,4234,18,34,116,199,150,268,152,410,200,277,100,91,88,157,61,243,35040,2564,13,0,0,0,0,2,0
2021-01-30T23:59:59+01:00,1,0,288,412,945,1970,1338,3454,1793,4992,2465,3903,1749,1780,1760,2823,1146,4233,18,34,115,199,150,266,149,407,199,276,99,90,88,157,61,243,35037,2551,13,0,0,0,0,2,0
2021-01-29T23:59:59+01:00,1,0,286,409,943,1968,1337,3446,1787,4983,2462,3900,1743,1773,1751,2813,1139,4212,16,33,114,190,141,258,137,379,168,249,72,66,79,136,56,211,34939,2305,13,0,0,0,0,1,0
2021-01-28T23:59:59+01:00,1,0,281,401,924,1912,1313,3382,1762,4921,2434,3838,1721,1753,1720,2782,1121,4177,0,0,9,19,8,18,11,46,7,22,7,3,7,9,2,13,34430,181,12,0,0,0,0,1,0
2021-01-27T23:59:59+01:00,1,0,276,383,891,1832,1279,3268,1700,4798,2374,3738,1665,1705,1676,2716,1085,4095,0,0,4,6,5,11,7,20,3,12,6,3,7,9,2,12,33473,107,8,0,0,0,0,1,0
2021-01-26T23:59:59+01:00,1,0,270,374,881,1819,1265,3230,1683,4741,2344,3672,1634,1673,1639,2646,1068,4013,0,0,4,6,5,11,7,20,3,12,6,3,7,9,2,12,32946,107,6,0,0,0,0,1,0
2021-01-25T23:59:59+01:00,1,0,259,350,839,1700,1195,3066,1593,4470,2241,3463,1576,1620,1587,2562,1022,3845,0,0,1,3,1,3,4,3,3,5,6,3,6,8,2,12,31386,60,2,0,0,0,0,1,0
2021-01-24T23:59:59+01:00,1,0,256,347,828,1681,1185,3044,1562,4437,2215,3442,1565,1612,1577,2551,1017,3838,0,0,1,2,1,3,4,3,3,5,6,3,6,8,2,12,31155,59,2,0,0,0,0,1,0
2021-01-23T23:59:59+01:00,1,0,256,347,828,1681,1184,3043,1562,4433,2214,3441,1564,1612,1576,2550,1016,3833,0,0,1,2,1,3,4,3,3,5,6,3,6,8,2,12,31138,59,2,0,0,0,0,1,0
2021-01-22T23:59:59+01:00,1,0,255,345,822,1678,1180,3038,1559,4426,2202,3436,1552,1601,1570,2531,1011,3814,0,0,1,2,1,3,4,3,3,5,6,3,6,8,2,12,31018,59,2,0,0,0,0,1,0
2021-01-21T23:59:59+01:00,1,0,244,335,795,1612,1155,2911,1503,4265,2122,3301,1454,1499,1438,2368,932,3633,0,0,1,2,1,3,4,2,3,5,4,2,5,8,1,12,29565,53,2,0,0,0,0,1,0
2021-01-20T23:59:59+01:00,1,0,221,291,723,1455,1065,2597,1367,3805,1949,2947,1333,1353,1318,2173,861,3413,0,0,1,2,1,3,4,2,3,5,4,2,5,8,1,12,26869,53,2,0,0,0,0,1,0
2021-01-19T23:59:59+01:00,1,0,190,235,625,1207,919,2151,1147,3190,1668,2517,1153,1155,1092,1837,716,2900,0,0,1,1,1,2,4,1,2,5,4,2,5,8,1,12,22700,49,2,0,0,0,0,1,0
2021-01-18T23:59:59+01:00,1,0,132,185,491,946,710,1636,879,2321,1298,1905,903,924,873,1456,560,2311,0,0,0,0,0,0,0,0,1,2,2,1,0,0,0,0,17529,6,1,0,0,0,0,1,0
2021-01-17T23:59:59+01:00,1,0,119,159,431,775,625,1415,778,2068,1186,1716,839,845,793,1320,501,2105,0,0,0,0,0,0,0,0,0,1,0,0,0,0,0,0,15675,1,0,0,0,0,0,1,0
2021-01-16T23:59:59+01:00,1,0,119,158,427,774,623,1407,768,2064,1178,1709,837,840,788,1309,493,2090,0,0,0,0,0,0,0,0,0,0,0,0,0,0,0,0,15585,0,0,0,0,0,0,0,0
2021-01-15T23:59:59+01:00,1,0,109,152,415,753,597,1369,736,1986,1117,1628,793,788,745,1224,463,1976,0,0,0,0,0,0,0,0,0,0,0,0,0,0,0,0,14852,0,0,0,0,0,0,0,0
2021-01-14T23:59:59+01:00,1,0,75,112,298,486,395,884,508,1278,762,1067,579,546,542,903,353,1501,0,0,0,0,0,0,0,0,0,0,0,0,0,0,0,0,10290,0,0,0,0,0,0,0,0
2021-01-13T23:59:59+01:00,1,0,58,85,246,409,319,667,378,978,556,760,365,344,362,614,246,1037,0,0,0,0,0,0,0,0,0,0,0,0,0,0,0,0,7425,0,0,0,0,0,0,0,0
2021-01-12T23:59:59+01:00,0,0,47,69,200,351,257,542,278,804,405,595,245,217,227,406,166,691,0,0,0,0,0,0,0,0,0,0,0,0,0,0,0,0,5500,0,0,0,0,0,0,0,0
2021-01-11T23:59:59+01:00,0,0,32,50,174,303,210,441,218,647,297,420,150,126,129,248,88,397,0,0,0,0,0,0,0,0,0,0,0,0,0,0,0,0,3930,0,0,0,0,0,0,0,0
2021-01-10T23:59:59+01:00,0,0,24,41,152,254,180,363,179,536,248,359,129,106,114,204,77,320,0,0,0,0,0,0,0,0,0,0,0,0,0,0,0,0,3286,0,0,0,0,0,0,0,0
2021-01-09T23:59:59+01:00,0,0,24,41,151,252,179,361,177,530,247,358,128,105,114,204,77,320,0,0,0,0,0,0,0,0,0,0,0,0,0,0,0,0,3268,0,0,0,0,0,0,0,0
2021-01-08T23:59:59+01:00,0,0,22,40,149,243,171,351,164,499,218,332,104,89,109,189,71,298,0,0,0,0,0,0,0,0,0,0,0,0,0,0,0,0,3049,0,0,0,0,0,0,0,0
2021-01-07T23:59:59+01:00,0,0,1,0,4,9,8,13,10,6,16,11,10,9,14,21,2,32,0,0,0,0,0,0,0,0,0,0,0,0,0,0,0,0,166,0,0,0,0,0,0,0,0
2021-01-06T23:59:59+01:00,0,0,0,0,1,3,1,5,5,2,3,6,6,2,7,10,1,14,0,0,0,0,0,0,0,0,0,0,0,0,0,0,0,0,66,0,0,0,0,0,0,0,0
2021-01-05T23:59:59+01:00,0,0,0,0,1,3,1,5,5,2,3,5,6,2,6,9,1,13,0,0,0,0,0,0,0,0,0,0,0,0,0,0,0,0,62,0,0,0,0,0,0,0,0
2021-01-04T23:59:59+01:00,0,0,0,0,1,3,1,4,4,2,3,5,6,2,5,8,1,13,0,0,0,0,0,0,0,0,0,0,0,0,0,0,0,0,58,0,0,0,0,0,0,0,0
2021-01-03T23:59:59+01:00,0,0,0,0,1,2,1,4,4,2,3,5,5,2,5,8,1,13,0,0,0,0,0,0,0,0,0,0,0,0,0,0,0,0,56,0,0,0,0,0,0,0,0
2021-01-02T23:59:59+01:00,0,0,0,0,1,2,1,4,4,2,3,5,5,2,5,8,1,13,0,0,0,0,0,0,0,0,0,0,0,0,0,0,0,0,56,0,0,0,0,0,0,0,0
2021-01-01T23:59:59+01:00,0,0,0,0,1,2,1,3,4,2,3,5,5,2,5,8,1,13,0,0,0,0,0,0,0,0,0,0,0,0,0,0,0,0,55,0,0,0,0,0,0,0,0
2020-12-31T23:59:59+01:00,0,0,0,0,1,2,1,3,4,2,3,5,5,2,5,8,1,13,0,0,0,0,0,0,0,0,0,0,0,0,0,0,0,0,55,0,0,0,0,0,0,0,0
2020-12-30T23:59:59+01:00,0,0,0,0,1,2,1,3,4,2,3,5,5,2,5,8,1,13,0,0,0,0,0,0,0,0,0,0,0,0,0,0,0,0,55,0,0,0,0,0,0,0,0
2020-12-29T23:59:59+01:00,0,0,0,0,1,1,1,2,4,1,2,5,5,2,5,8,1,13,0,0,0,0,0,0,0,0,0,0,0,0,0,0,0,0,51,0,0,0,0,0,0,0,0
2020-12-28T23:59:59+01:00,0,0,0,0,1,1,1,1,2,0,1,5,4,1,1,0,0,2,0,0,0,0,0,0,0,0,0,0,0,0,0,0,0,0,20,0,0,0,0,0,0,0,0
2020-12-27T23:59:59+01:00,0,0,0,0,1,1,1,1,2,0,0,3,2,0,1,0,0,2,0,0,0,0,0,0,0,0,0,0,0,0,0,0,0,0,14,0,0,0,0,0,0,0,0
