Datum,<24_1_m,<24_1_w,25-34_1_m,25-34_1_w,35-44_1_m,35-44_1_w,45-54_1_m,45-54_1_w,55-64_1_m,55-64_1_w,65-74_1_m,65-74_1_w,75-84_1_m,75-84_1_w,>84_1_m,>84_1_w,<24_2_m,<24_2_w,25-34_2_m,25-34_2_w,35-44_2_m,35-44_2_w,45-54_2_m,45-54_2_w,55-64_2_m,55-64_2_w,65-74_2_m,65-74_2_w,75-84_2_m,75-84_2_w,>84_2_m,>84_2_w,bp_1,bp_2,mo_1,mo_2,az_1,az_2,ja
2021-04-26T23:59:59+02:00,3000,4094,7036,10041,7992,13684,11204,19099,17008,20454,25906,29105,29071,38269,8886,17628,699,998,1642,2904,2163,4846,3157,6923,4479,5897,4202,4270,10413,14636,8356,16541,152551,84268,19886,7737,90039,120,1
2021-04-25T23:59:59+02:00,2956,4071,6879,9995,7769,13638,10879,19061,15404,19024,25363,28568,29028,38215,8886,17626,699,996,1636,2902,2158,4844,3155,6919,4476,5888,4202,4267,10406,14630,8356,16541,152081,84254,19874,7706,85406,114,1
2021-04-24T23:59:59+02:00,2948,4063,6864,9982,7760,13631,10864,19051,15383,19007,25322,28505,29025,38210,8886,17626,699,996,1636,2902,2157,4844,3155,6919,4476,5888,4202,4266,10405,14629,8356,16541,151878,84250,19871,7706,85377,114,1
2021-04-23T23:59:59+02:00,2926,4043,6830,9944,7717,13586,10796,18996,15319,18931,24923,28028,28994,38166,8885,17623,699,994,1634,2902,2157,4840,3150,6916,4468,5875,4188,4250,10332,14515,8351,16529,150732,83986,19749,7699,85225,114,1
2021-04-22T23:59:59+02:00,2842,3948,6647,9791,7220,13189,9667,18240,14064,18073,23048,25722,28826,37967,8872,17599,634,937,1539,2811,2056,4714,3008,6766,4305,5712,4068,4096,9846,13897,8324,16471,146121,82194,15281,6924,84312,65,1
2021-04-21T23:59:59+02:00,2795,3905,6538,9718,7060,13064,9369,18028,13684,17662,20708,22785,28610,37694,8856,17579,584,910,1473,2735,1980,4632,2900,6637,4165,5573,3914,3957,9301,13151,8290,16400,139630,80433,14907,6110,83517,58,1
2021-04-20T23:59:59+02:00,2747,3866,6443,9636,6933,12957,9119,17809,13234,17223,17473,18931,28373,37315,8844,17549,552,878,1403,2673,1910,4558,2803,6521,4043,5431,3733,3754,8486,12012,8233,16278,131320,77676,14666,5538,82465,53,1
2021-04-19T23:59:59+02:00,2733,3858,6401,9602,6884,12931,9055,17742,13098,17103,17175,18584,28344,37287,8844,17544,484,839,1311,2582,1815,4470,2679,6375,3861,5268,3505,3474,6782,9705,8071,15947,131035,72236,14500,4881,81649,50,1
2021-04-18T23:59:59+02:00,2716,3844,6322,9577,6778,12884,8864,17679,12270,16954,15980,17335,28297,37242,8840,17538,479,835,1302,2575,1799,4464,2646,6349,3809,5219,3434,3410,6402,9118,8039,15886,130831,70874,14358,4844,77930,47,1
2021-04-17T23:59:59+02:00,2709,3842,6311,9564,6753,12862,8832,17650,12249,16935,15923,17286,28253,37177,8839,17538,479,833,1302,2573,1798,4461,2641,6343,3806,5214,3433,3409,6397,9118,8038,15885,130531,70838,14358,4844,77833,47,1
2021-04-16T23:59:59+02:00,2691,3828,6277,9550,6708,12827,8756,17594,12122,16814,15643,16962,27825,36609,8838,17533,479,830,1297,2568,1791,4459,2636,6337,3801,5205,3428,3404,6380,9091,8037,15883,129086,70746,14347,4835,77143,44,1
2021-04-15T23:59:59+02:00,2636,3765,6145,9447,6516,12647,8413,17322,11596,16265,14482,15557,26034,34245,8823,17515,474,823,1294,2551,1776,4436,2612,6311,3757,5153,3377,3333,6349,9044,8028,15871,123383,70447,14070,4706,73954,35,1
2021-04-14T23:59:59+02:00,2571,3712,6060,9352,6375,12494,8151,17068,11101,15760,13179,13971,21971,28940,8809,17474,471,816,1286,2545,1767,4419,2587,6291,3723,5111,3322,3291,6294,8986,8009,15847,111988,70191,14034,4556,70965,17,1
2021-04-13T23:59:59+02:00,2517,3672,5942,9271,6247,12366,7869,16832,10646,15316,10543,10945,19227,25236,8789,17440,464,796,1267,2517,1739,4386,2534,6226,3652,5034,3255,3229,6245,8935,8002,15834,103827,69891,13840,4210,65190,13,1
2021-04-12T23:59:59+02:00,2492,3657,5882,9238,6146,12279,7677,16703,10385,15102,8920,9135,18819,24733,8788,17433,458,790,1261,2510,1732,4377,2531,6207,3640,5018,3230,3221,6239,8923,8000,15824,103714,69797,13799,4152,59875,11,1
2021-04-11T23:59:59+02:00,2462,3649,5795,9213,6041,12244,7528,16655,10193,15001,7076,7156,18036,23788,8787,17430,458,790,1260,2508,1732,4377,2530,6207,3638,5015,3225,3220,6235,8920,8000,15824,103658,69789,13789,4141,53607,9,0
2021-04-10T23:59:59+02:00,2460,3647,5785,9208,6034,12240,7523,16650,10182,14991,7069,7146,18028,23783,8787,17430,458,787,1257,2505,1731,4374,2527,6204,3636,5014,3216,3207,6228,8906,8000,15824,103576,69731,13788,4134,53599,9,0
2021-04-09T23:59:59+02:00,2392,3533,5669,9018,5886,11988,7279,16256,9894,14555,6945,6987,17921,23619,8786,17428,456,782,1245,2500,1718,4362,2506,6176,3593,4980,3149,3147,6163,8848,7996,15820,103131,69655,13759,3779,51266,7,0
2021-04-08T23:59:59+02:00,2324,3456,5578,8893,5786,11864,7113,16087,9663,14368,6761,6719,16698,22213,8776,17401,448,776,1234,2475,1693,4326,2479,6112,3541,4926,3082,3099,6089,8744,7978,15784,99577,69247,13409,3533,50714,6,0
2021-04-07T23:59:59+02:00,2293,3417,5512,8823,5701,11802,6982,15988,9431,14217,6471,6383,14558,19498,8758,17361,442,775,1222,2461,1683,4302,2463,6075,3473,4868,3014,3050,6036,8689,7972,15757,93826,68975,13246,3302,50123,5,0
2021-04-06T23:59:59+02:00,2268,3381,5430,8762,5622,11733,6827,15869,9200,14033,6041,5958,12729,17145,8735,17310,440,766,1215,2439,1674,4276,2434,6034,3406,4805,2939,3006,5993,8640,7966,15742,89000,68740,12943,3030,49100,5,0
2021-04-05T23:59:59+02:00,2259,3370,5415,8748,5611,11713,6813,15855,9182,14008,5872,5804,11709,16141,8734,17309,435,757,1213,2425,1667,4261,2414,6002,3371,4766,2912,2968,5975,8602,7960,15726,88929,68556,12909,2894,46705,4,0
2021-04-04T23:59:59+02:00,2259,3370,5415,8745,5609,11713,6811,15855,9181,14007,5867,5801,11709,16140,8734,17309,435,757,1213,2425,1667,4261,2413,6002,3371,4766,2912,2968,5972,8601,7959,15726,88923,68550,12909,2894,46693,4,0
2021-04-03T23:59:59+02:00,2258,3360,5407,8739,5603,11711,6808,15852,9178,14004,5863,5796,11704,16138,8734,17309,435,757,1213,2425,1667,4261,2413,6002,3371,4765,2912,2968,5972,8601,7959,15726,88867,68549,12909,2894,46688,4,0
2021-04-02T23:59:59+02:00,2256,3358,5403,8736,5601,11710,6804,15851,9173,14002,5858,5790,11691,16109,8733,17308,435,757,1212,2425,1666,4261,2413,6002,3370,4760,2901,2963,5970,8598,7959,15726,88788,68521,12907,2893,46688,4,0
2021-04-01T23:59:59+02:00,2232,3351,5375,8704,5557,11666,6761,15797,9114,13944,5763,5694,11398,15761,8713,17267,432,742,1210,2418,1661,4251,2397,5989,3342,4737,2846,2920,5901,8508,7898,15628,87797,67986,12881,2890,46419,4,0
2021-03-31T23:59:59+02:00,2197,3318,5303,8636,5492,11576,6658,15692,8984,13806,5631,5555,10843,15014,8676,17189,425,733,1204,2407,1655,4236,2390,5973,3322,4705,2814,2887,5840,8434,7857,15544,85823,67533,12670,2889,46077,4,0
2021-03-30T23:59:59+02:00,2175,3299,5254,8577,5434,11498,6588,15594,8886,13659,5443,5340,9940,13663,8613,17038,422,732,1201,2402,1648,4223,2376,5956,3293,4663,2760,2820,5742,8324,7748,15329,82764,66829,12291,2806,45946,4,0
2021-03-29T23:59:59+02:00,2101,3241,5155,8464,5330,11349,6429,15368,8659,13409,5095,4972,7992,11118,8429,16673,414,725,1191,2395,1633,4209,2355,5930,3256,4605,2695,2757,5591,8189,7578,15030,76734,65881,11509,2668,45541,4,0
2021-03-28T23:59:59+02:00,2079,3228,5109,8401,5256,11278,6345,15280,8543,13289,4976,4824,7365,10204,8375,16577,405,719,1175,2377,1608,4181,2303,5866,3194,4508,2608,2683,5470,8034,7517,14907,74511,65409,11254,2143,45364,3,0
2021-03-27T23:59:59+01:00,2078,3223,5098,8394,5252,11266,6329,15255,8531,13275,4949,4799,7355,10202,8375,16575,405,719,1174,2377,1607,4176,2299,5863,3188,4502,2604,2679,5445,7985,7445,14784,74407,65106,11254,2143,45295,3,0
2021-03-26T23:59:59+01:00,2060,3197,5062,8358,5212,11218,6247,15177,8379,13123,4782,4651,7206,10040,8373,16568,401,711,1168,2361,1588,4147,2275,5830,3151,4446,2546,2618,5106,7523,6893,13812,74072,62466,10420,2107,45161,3,0
2021-03-25T23:59:59+01:00,1954,3114,4893,8146,5049,10953,6051,14896,8169,12865,4647,4513,7130,9940,8369,16562,393,696,1148,2338,1564,4117,2237,5778,3085,4370,2446,2521,4475,6674,6026,12446,73652,58423,9491,1889,44108,2,0
2021-03-24T23:59:59+01:00,1853,3055,4769,7986,4898,10769,5888,14665,7974,12650,4518,4367,7028,9830,8365,16553,389,686,1133,2310,1534,4070,2184,5708,3001,4280,2321,2412,3765,5627,4943,10688,73314,53506,8354,1543,43500,2,0
2021-03-23T23:59:59+01:00,1774,2997,4670,7872,4811,10639,5769,14485,7863,12495,4440,4287,6967,9777,8357,16538,377,659,1112,2273,1509,4012,2136,5621,2921,4193,2229,2319,3027,4546,3343,7925,72931,46809,7645,1392,43165,1,0
2021-03-22T23:59:59+01:00,1698,2923,4554,7749,4683,10477,5617,14253,7707,12316,4342,4187,6911,9686,8345,16507,353,641,1090,2236,1466,3947,2075,5515,2826,4035,2126,2183,2185,3414,1187,4284,72479,38404,6648,1159,42828,0,0
2021-03-21T23:59:59+01:00,1696,2915,4543,7735,4670,10465,5599,14237,7680,12297,4324,4170,6892,9676,8344,16507,352,641,1084,2223,1458,3915,2062,5480,2797,3985,2086,2136,2146,3371,1174,4243,72460,38264,6598,889,42692,0,0
2021-03-20T23:59:59+01:00,1695,2915,4543,7733,4669,10463,5598,14237,7672,12292,4322,4169,6885,9668,8344,16507,352,641,1084,2223,1458,3915,2062,5480,2795,3984,2085,2133,2146,3371,1174,4243,72450,38262,6598,884,42664,0,0
2021-03-19T23:59:59+01:00,1619,2570,4018,6480,4284,9511,5343,13716,7455,11942,4213,4084,6829,9613,8343,16507,351,641,1084,2223,1458,3914,2062,5479,2794,3984,2083,2131,2141,3365,1173,4241,72397,38247,6589,877,37541,0,0
2021-03-18T23:59:59+01:00,1547,2239,3589,5436,3746,8030,4477,11060,6169,8963,3923,3857,6648,9411,8323,16472,350,636,1077,2212,1452,3889,2033,5439,2771,3963,2066,2115,2117,3338,1169,4234,71969,38063,6521,798,25400,0,0
2021-03-17T23:59:59+01:00,1541,2227,3580,5412,3727,8001,4452,10993,6118,8888,3886,3812,6610,9373,8316,16446,346,634,1073,2206,1447,3879,2024,5422,2757,3937,2044,2086,2096,3322,1163,4218,71699,37908,6460,746,25223,0,0
2021-03-16T23:59:59+01:00,1510,2188,3531,5334,3656,7910,4318,10825,5919,8698,3662,3622,6487,9233,8311,16423,344,629,1072,2188,1442,3866,2014,5408,2747,3917,2037,2073,2083,3296,1156,4187,71410,37742,5189,717,25028,0,0
2021-03-15T23:59:59+01:00,1501,2164,3508,5301,3628,7872,4268,10760,5840,8617,3585,3564,6440,9177,8305,16398,341,623,1063,2173,1435,3861,1999,5369,2731,3893,2017,2037,2061,3238,1148,4151,71187,37530,4837,610,24904,0,0
2021-03-14T23:59:59+01:00,1501,2161,3503,5296,3623,7861,4258,10736,5835,8600,3577,3556,6436,9169,8304,16397,341,623,1060,2172,1431,3859,1996,5367,2712,3887,2012,2035,2048,3227,1144,4149,71156,37522,4821,541,24836,0,0
2021-03-13T23:59:59+01:00,1498,2155,3488,5279,3612,7852,4241,10724,5822,8585,3574,3552,6434,9166,8304,16397,341,623,1060,2172,1431,3859,1996,5365,2712,3886,2012,2033,2048,3225,1136,4144,71129,37502,4816,541,24738,0,0
2021-03-12T23:59:59+01:00,1456,2091,2927,5148,3192,7750,4112,10595,5599,8304,3416,3423,6319,9059,8280,16354,336,600,1055,2142,1423,3831,1980,5293,2650,3777,1844,1909,1996,3179,1132,4136,70960,36750,4093,533,22972,0,0
2021-03-11T23:59:59+01:00,1389,1960,2566,4929,2820,7534,3832,10170,5014,7494,3241,3292,6212,8938,8252,16312,335,600,1052,2128,1420,3812,1972,5270,2642,3762,1838,1902,1981,3159,1128,4120,70388,36628,3828,493,19739,0,0
2021-03-10T23:59:59+01:00,1361,1928,2531,4891,2790,7472,3778,10081,4897,7390,3115,3186,6100,8817,8223,16260,333,598,1050,2126,1418,3802,1967,5256,2629,3745,1822,1891,1954,3131,1119,4106,69980,36548,3502,399,19338,0,0
2021-03-09T23:59:59+01:00,1357,1916,2514,4867,2770,7428,3739,10025,4819,7309,3024,3104,6005,8715,8132,16065,330,597,1047,2119,1409,3789,1936,5232,2592,3717,1774,1866,1907,3106,1109,4097,69385,36522,3236,105,19168,0,0
2021-03-08T23:59:59+01:00,1352,1907,2501,4851,2752,7397,3722,9987,4793,7256,2985,3064,5900,8622,7982,15790,330,596,1044,2114,1403,3770,1919,5203,2573,3690,1757,1849,1883,3084,1103,4080,68577,36384,3227,14,19057,0,0
2021-03-07T23:59:59+01:00,1345,1897,2487,4822,2730,7362,3701,9936,4768,7209,2952,3033,5826,8507,7917,15665,330,595,1044,2113,1402,3763,1915,5196,2571,3685,1752,1847,1880,3080,1101,4074,68042,36336,3177,12,18938,0,0
2021-03-06T23:59:59+01:00,1342,1894,2483,4814,2726,7352,3692,9929,4753,7195,2941,3021,5792,8441,7840,15523,330,593,1042,2111,1402,3762,1909,5187,2569,3682,1746,1840,1875,3078,1101,4071,67648,36286,3177,12,18913,0,0
2021-03-05T23:59:59+01:00,1264,1814,2407,4658,2674,7195,3607,9726,4657,7014,2897,2970,5421,7947,7282,14529,330,593,1041,2109,1397,3758,1909,5185,2564,3676,1739,1837,1870,3075,1096,4067,64990,36234,3175,12,17897,0,0
2021-03-04T23:59:59+01:00,1150,1728,2283,4489,2540,6954,3477,9422,4426,6729,2808,2867,4773,7102,6402,13107,327,584,1028,2084,1384,3720,1883,5133,2542,3640,1711,1817,1840,3026,1074,4021,60823,35802,3173,12,16261,0,0
2021-03-03T23:59:59+01:00,1121,1681,2219,4385,2486,6834,3399,9260,4335,6606,2732,2802,4119,6069,5318,11362,324,574,1016,2059,1372,3695,1869,5083,2472,3584,1682,1786,1814,2999,1059,3995,55833,35371,3146,12,15749,0,0
2021-03-02T23:59:59+01:00,1093,1646,2180,4325,2448,6752,3315,9142,4201,6466,2625,2681,3329,4940,3609,8440,319,566,1009,2034,1362,3653,1852,5034,2444,3561,1673,1773,1793,2976,1050,3968,48757,35055,2898,12,15537,0,0
2021-03-01T23:59:59+01:00,1059,1619,2149,4271,2387,6676,3228,9015,4069,6282,2495,2557,2408,3699,1253,4469,319,565,1001,2023,1352,3634,1845,5016,2432,3547,1659,1763,1775,2957,1039,3941,39716,34856,2506,12,15414,0,0
2021-02-28T23:59:59+01:00,1045,1612,2126,4242,2372,6638,3185,8957,4006,6226,2431,2517,2367,3666,1247,4453,318,564,1000,2017,1350,3621,1841,5006,2427,3540,1652,1752,1762,2946,1032,3926,39628,34742,2213,12,15249,0,0
2021-02-27T23:59:59+01:00,1000,1496,2056,4016,2316,6408,3122,8647,3917,5993,2381,2466,2347,3647,1245,4453,318,564,999,2017,1350,3621,1841,5005,2426,3540,1652,1751,1760,2946,1032,3926,39523,34736,2213,12,13774,0,0
2021-02-26T23:59:59+01:00,844,1223,1893,3621,2161,5729,2922,7721,3617,5281,2353,2438,2332,3636,1242,4451,318,563,999,2014,1348,3619,1839,5004,2424,3539,1652,1748,1755,2943,1030,3921,39501,34704,2125,12,9838,0,0
2021-02-25T23:59:59+01:00,594,1091,1713,3445,2024,5452,2757,7333,3430,5025,2281,2373,2298,3583,1239,4438,311,541,982,1968,1333,3562,1811,4929,2393,3486,1630,1723,1723,2901,1005,3889,39315,34177,1870,10,7891,0,0
2021-02-24T23:59:59+01:00,569,1067,1676,3348,1966,5312,2689,7142,3366,4905,2222,2326,2263,3553,1232,4406,302,533,973,1947,1319,3513,1802,4873,2376,3445,1620,1707,1712,2882,996,3866,39131,33862,1698,4,7213,0,0
2021-02-23T23:59:59+01:00,545,1017,1613,3253,1920,5180,2613,7022,3277,4807,2171,2273,2223,3497,1222,4377,301,528,968,1930,1312,3485,1793,4841,2350,3420,1605,1683,1689,2846,985,3815,38983,33547,1422,4,6605,0,0
2021-02-22T23:59:59+01:00,523,976,1571,3161,1883,5043,2558,6817,3225,4677,2163,2177,2209,3425,1218,4335,300,524,963,1917,1303,3458,1779,4809,2335,3389,1587,1662,1662,2818,974,3769,38779,33248,1159,1,6023,0,0
2021-02-21T23:59:59+01:00,510,917,1509,3020,1834,4894,2503,6654,3147,4585,2127,2145,2185,3407,1210,4330,300,522,959,1909,1303,3449,1775,4798,2332,3382,1586,1659,1661,2816,974,3768,38739,33192,929,1,5309,0,0
2021-02-20T23:59:59+01:00,505,911,1501,3017,1828,4894,2501,6650,3142,4582,2125,2144,2185,3405,1209,4329,300,522,959,1908,1303,3448,1775,4797,2331,3382,1585,1658,1657,2816,974,3766,38734,33180,924,1,5270,0,0
2021-02-19T23:59:59+01:00,481,872,1474,2955,1804,4835,2459,6546,3049,4444,1952,2013,2128,3359,1205,4322,298,521,958,1905,1301,3448,1775,4792,2328,3380,1583,1657,1655,2815,974,3765,37990,33154,904,1,5004,0,0
2021-02-18T23:59:59+01:00,445,789,1365,2726,1705,4586,2321,6274,2950,4287,1928,1997,2114,3342,1201,4316,298,516,949,1868,1293,3412,1758,4747,2312,3348,1573,1650,1640,2802,962,3748,37915,32875,833,1,3598,0,0
2021-02-17T23:59:59+01:00,432,739,1330,2614,1657,4417,2262,6048,2897,4171,1914,1982,2091,3323,1187,4307,288,493,913,1782,1252,3271,1693,4590,2239,3224,1500,1582,1568,2687,917,3645,37761,31643,780,1,2830,0,0
2021-02-16T23:59:59+01:00,408,695,1279,2501,1613,4292,2203,5898,2836,4074,1905,1976,2086,3319,1184,4296,280,468,881,1703,1200,3127,1633,4379,2171,3071,1448,1527,1507,2583,888,3526,37707,30391,749,1,2109,0,0
2021-02-15T23:59:59+01:00,393,653,1205,2371,1572,4216,2171,5849,2807,4036,1884,1959,2066,3289,1178,4278,271,446,858,1657,1168,3050,1575,4249,2102,2964,1373,1466,1453,2467,847,3354,37601,29299,635,1,1691,0,0
2021-02-14T23:59:59+01:00,383,646,1176,2299,1514,4054,2127,5770,2777,3999,1880,1957,2053,3279,1176,4272,263,440,839,1632,1149,3008,1535,4197,2065,2938,1357,1446,1428,2427,833,3313,37585,28869,566,1,1211,0,0
2021-02-13T23:59:59+01:00,382,646,1176,2299,1514,4053,2125,5769,2777,3999,1879,1955,2052,3279,1176,4269,263,440,839,1632,1149,3008,1534,4196,2064,2938,1356,1443,1427,2426,833,3312,37574,28859,566,1,1210,0,0
2021-02-12T23:59:59+01:00,374,642,1163,2290,1511,4040,2121,5759,2771,3994,1868,1945,2045,3266,1172,4266,261,438,834,1628,1143,2997,1512,4179,2048,2922,1342,1428,1414,2394,826,3280,37510,28645,558,1,1159,0,0
2021-02-11T23:59:59+01:00,351,612,1091,2193,1461,3904,2020,5496,2699,3895,1843,1920,2003,3201,1152,4215,240,403,786,1519,1060,2775,1393,3839,1860,2628,1163,1241,1258,2115,733,2950,37147,25963,521,0,388,0,0
2021-02-10T23:59:59+01:00,343,603,1063,2147,1420,3825,1965,5319,2595,3730,1790,1876,1960,3166,1133,4191,214,350,689,1318,929,2373,1195,3242,1642,2265,1012,1073,1111,1869,636,2627,36743,22545,382,0,1,0,0
2021-02-09T23:59:59+01:00,338,592,1053,2116,1407,3772,1916,5246,2536,3675,1728,1838,1893,3118,1116,4170,177,268,582,1055,780,1927,990,2633,1384,1906,875,920,937,1567,530,2254,36452,18785,61,0,1,0,0
2021-02-08T23:59:59+01:00,337,591,1047,2108,1398,3756,1911,5220,2518,3662,1711,1824,1875,3101,1110,4146,123,223,475,847,623,1501,784,1999,1125,1495,701,743,745,1255,417,1836,36297,14892,17,0,1,0,0
2021-02-07T23:59:59+01:00,336,591,1047,2107,1397,3748,1907,5218,2512,3659,1704,1815,1859,3094,1105,4140,115,194,419,702,548,1322,700,1790,1036,1355,631,667,665,1131,356,1626,36225,13257,14,0,0,0,0
2021-02-06T23:59:59+01:00,336,590,1046,2106,1397,3746,1907,5216,2512,3656,1704,1814,1853,3092,1103,4139,114,193,415,700,545,1297,684,1768,1025,1342,629,663,660,1127,355,1623,36203,13140,14,0,0,0,0
2021-02-05T23:59:59+01:00,336,588,1044,2103,1396,3735,1903,5203,2505,3652,1704,1810,1846,3085,1095,4129,110,186,397,682,527,1269,654,1715,975,1279,595,611,612,1050,333,1540,36120,12535,14,0,0,0,0
2021-02-04T23:59:59+01:00,328,571,1034,2066,1379,3688,1886,5128,2490,3610,1690,1791,1818,3051,1078,4101,81,143,290,453,375,844,451,1154,668,868,465,452,479,829,265,1241,35695,9058,14,0,0,0,0
2021-02-03T23:59:59+01:00,322,558,1015,2042,1366,3645,1870,5077,2460,3571,1671,1769,1800,3030,1068,4087,64,115,241,389,301,653,359,901,506,643,316,321,348,587,186,891,35337,6821,14,0,0,0,0
2021-02-02T23:59:59+01:00,317,547,1011,2018,1356,3614,1859,5023,2434,3545,1657,1748,1772,2992,1049,4042,42,93,186,309,252,501,267,719,371,494,217,204,217,406,123,578,34970,4979,14,0,0,0,0
2021-02-01T23:59:59+01:00,316,543,1006,2011,1353,3597,1851,5003,2426,3529,1652,1737,1757,2975,1044,4029,22,63,139,220,175,328,170,476,236,281,103,113,99,198,63,267,34815,2953,14,0,0,0,0
2021-01-31T23:59:59+01:00,315,541,1004,2003,1349,3588,1847,4982,2423,3515,1649,1730,1753,2966,1041,4019,20,57,123,196,155,280,156,404,200,244,88,98,90,172,57,233,34711,2573,14,0,0,0,0
2021-01-30T23:59:59+01:00,315,541,1004,2003,1349,3588,1847,4982,2422,3515,1649,1730,1753,2965,1041,4017,20,57,123,196,155,278,153,402,199,243,88,98,90,172,57,233,34707,2564,14,0,0,0,0
2021-01-29T23:59:59+01:00,313,538,1003,2000,1346,3580,1842,4974,2419,3512,1642,1720,1744,2956,1036,3998,18,54,121,186,146,271,139,375,169,218,63,73,81,148,50,204,34609,2316,14,0,0,0,0
2021-01-28T23:59:59+01:00,308,528,981,1936,1325,3518,1815,4912,2390,3453,1620,1702,1715,2921,1019,3970,0,3,8,14,8,18,13,44,9,17,7,6,8,7,1,12,34101,175,12,0,0,0,0
2021-01-27T23:59:59+01:00,301,503,946,1856,1291,3399,1753,4788,2330,3364,1569,1657,1669,2849,985,3897,0,2,4,4,5,14,8,20,5,10,6,6,8,7,1,11,33148,111,9,0,0,0,0
2021-01-26T23:59:59+01:00,296,492,936,1842,1277,3361,1736,4729,2303,3310,1539,1625,1634,2775,970,3817,0,2,4,4,5,14,8,20,5,10,6,6,8,7,1,11,32635,111,7,0,0,0,0
2021-01-25T23:59:59+01:00,284,460,883,1726,1213,3183,1643,4457,2199,3123,1483,1574,1575,2682,931,3653,0,2,1,1,1,4,5,3,5,5,6,5,7,7,1,11,31067,64,2,0,0,0,0
2021-01-24T23:59:59+01:00,280,456,871,1706,1202,3161,1613,4423,2172,3107,1474,1565,1566,2671,925,3646,0,2,1,0,1,4,5,3,5,5,5,5,7,7,1,11,30836,62,2,0,0,0,0
2021-01-23T23:59:59+01:00,280,456,871,1706,1201,3160,1613,4419,2171,3106,1473,1565,1565,2670,924,3641,0,2,1,0,1,4,5,3,5,5,5,5,7,7,1,11,30819,62,2,0,0,0,0
2021-01-22T23:59:59+01:00,278,454,867,1703,1196,3153,1607,4414,2160,3099,1463,1555,1558,2650,919,3623,0,2,1,0,1,4,5,3,5,5,5,5,7,7,1,11,30697,62,2,0,0,0,0
2021-01-21T23:59:59+01:00,267,440,837,1632,1171,3026,1550,4249,2073,2966,1367,1460,1427,2474,849,3460,0,2,1,0,1,4,4,2,4,5,4,4,6,7,0,11,29246,55,2,0,0,0,0
2021-01-20T23:59:59+01:00,240,388,760,1472,1085,2715,1402,3789,1915,2665,1250,1315,1312,2293,787,3259,0,2,1,0,1,3,4,2,4,5,4,4,6,7,0,11,26645,54,2,0,0,0,0
2021-01-19T23:59:59+01:00,208,313,652,1217,937,2263,1182,3182,1638,2264,1067,1128,1101,1920,649,2786,0,1,1,0,1,2,4,1,3,5,3,4,6,7,0,11,22505,49,2,0,0,0,0
2021-01-18T23:59:59+01:00,146,253,512,948,726,1722,911,2311,1282,1737,833,898,873,1538,505,2222,0,0,0,0,0,0,0,0,2,2,1,1,0,0,0,0,17416,6,1,0,0,0,0
2021-01-17T23:59:59+01:00,133,216,446,779,640,1498,808,2068,1176,1561,777,820,786,1390,446,2029,0,0,0,0,0,0,0,0,0,1,0,0,0,0,0,0,15573,1,0,0,0,0,0
2021-01-16T23:59:59+01:00,132,215,443,779,638,1490,797,2064,1168,1555,776,816,780,1378,439,2014,0,0,0,0,0,0,0,0,0,0,0,0,0,0,0,0,15484,0,0,0,0,0,0
2021-01-15T23:59:59+01:00,123,207,428,761,612,1450,763,1987,1108,1473,733,762,735,1290,413,1905,0,0,0,0,0,0,0,0,0,0,0,0,0,0,0,0,14750,0,0,0,0,0,0
2021-01-14T23:59:59+01:00,84,150,304,482,412,922,515,1278,753,969,532,529,542,952,317,1443,0,0,0,0,0,0,0,0,0,0,0,0,0,0,0,0,10184,0,0,0,0,0,0
2021-01-13T23:59:59+01:00,66,119,250,406,332,695,396,973,539,680,329,342,370,645,221,988,0,0,0,0,0,0,0,0,0,0,0,0,0,0,0,0,7351,0,0,0,0,0,0
2021-01-12T23:59:59+01:00,53,101,206,348,268,564,287,796,397,532,221,218,230,444,152,672,0,0,0,0,0,0,0,0,0,0,0,0,0,0,0,0,5489,0,0,0,0,0,0
2021-01-11T23:59:59+01:00,37,78,179,299,221,462,219,634,291,372,133,136,128,270,85,386,0,0,0,0,0,0,0,0,0,0,0,0,0,0,0,0,3930,0,0,0,0,0,0
2021-01-10T23:59:59+01:00,27,70,159,246,188,381,181,531,249,318,114,113,113,226,74,311,0,0,0,0,0,0,0,0,0,0,0,0,0,0,0,0,3301,0,0,0,0,0,0
2021-01-09T23:59:59+01:00,27,70,159,244,187,380,180,526,248,317,114,113,113,226,74,311,0,0,0,0,0,0,0,0,0,0,0,0,0,0,0,0,3289,0,0,0,0,0,0
2021-01-08T23:59:59+01:00,25,68,156,234,179,371,165,497,221,293,92,95,107,210,67,289,0,0,0,0,0,0,0,0,0,0,0,0,0,0,0,0,3069,0,0,0,0,0,0
2021-01-07T23:59:59+01:00,1,3,4,7,8,12,11,6,17,11,9,11,16,20,1,31,0,0,0,0,0,0,0,0,0,0,0,0,0,0,0,0,168,0,0,0,0,0,0
2021-01-06T23:59:59+01:00,0,2,1,1,1,5,5,2,5,6,5,5,8,8,0,13,0,0,0,0,0,0,0,0,0,0,0,0,0,0,0,0,67,0,0,0,0,0,0
2021-01-05T23:59:59+01:00,0,2,1,1,1,5,5,2,5,5,5,5,7,7,0,12,0,0,0,0,0,0,0,0,0,0,0,0,0,0,0,0,63,0,0,0,0,0,0
2021-01-04T23:59:59+01:00,0,2,1,1,1,4,4,2,5,5,4,4,6,7,0,12,0,0,0,0,0,0,0,0,0,0,0,0,0,0,0,0,58,0,0,0,0,0,0
2021-01-03T23:59:59+01:00,0,2,1,0,1,4,4,2,5,5,3,4,6,7,0,12,0,0,0,0,0,0,0,0,0,0,0,0,0,0,0,0,56,0,0,0,0,0,0
2021-01-02T23:59:59+01:00,0,2,1,0,1,4,4,2,5,5,3,4,6,7,0,12,0,0,0,0,0,0,0,0,0,0,0,0,0,0,0,0,56,0,0,0,0,0,0
2021-01-01T23:59:59+01:00,0,2,1,0,1,3,4,2,5,5,3,4,6,7,0,12,0,0,0,0,0,0,0,0,0,0,0,0,0,0,0,0,55,0,0,0,0,0,0
2020-12-31T23:59:59+01:00,0,2,1,0,1,3,4,2,5,5,3,4,6,7,0,12,0,0,0,0,0,0,0,0,0,0,0,0,0,0,0,0,55,0,0,0,0,0,0
2020-12-30T23:59:59+01:00,0,2,1,0,1,3,4,2,5,5,3,4,6,7,0,12,0,0,0,0,0,0,0,0,0,0,0,0,0,0,0,0,55,0,0,0,0,0,0
2020-12-29T23:59:59+01:00,0,1,1,0,1,2,4,1,4,5,3,4,6,7,0,12,0,0,0,0,0,0,0,0,0,0,0,0,0,0,0,0,51,0,0,0,0,0,0
2020-12-28T23:59:59+01:00,0,1,1,0,1,1,2,0,3,5,2,1,1,0,0,2,0,0,0,0,0,0,0,0,0,0,0,0,0,0,0,0,20,0,0,0,0,0,0
2020-12-27T23:59:59+01:00,0,1,1,0,1,1,2,0,1,3,1,0,1,0,0,2,0,0,0,0,0,0,0,0,0,0,0,0,0,0,0,0,14,0,0,0,0,0,0
