Datum,<15_1_m,<15_1_w,15-24_1_m,15-24_1_w,25-34_1_m,25-34_1_w,35-44_1_m,35-44_1_w,45-54_1_m,45-54_1_w,55-64_1_m,55-64_1_w,65-74_1_m,65-74_1_w,75-84_1_m,75-84_1_w,>84_1_m,>84_1_w,<15_2_m,<15_2_w,15-24_2_m,15-24_2_w,25-34_2_m,25-34_2_w,35-44_2_m,35-44_2_w,45-54_2_m,45-54_2_w,55-64_2_m,55-64_2_w,65-74_2_m,65-74_2_w,75-84_2_m,75-84_2_w,>84_2_m,>84_2_w,bp_1,bp_2,mo_1,mo_2,az_1,az_2,ja,unb_1,unb_2
2021-12-03T23:59:59+01:00,9756,9121,47345,44312,62446,55935,61635,59188,71213,70221,79118,78544,55620,61365,38027,49332,11866,22698,6324,5960,41167,39129,56563,50163,56796,54488,66869,65895,75723,75188,54068,59590,37149,48040,11472,21832,662052,607394,80123,77409,105746,101779,39779,52,55
2021-12-02T23:59:59+01:00,9487,8856,47255,44243,62355,55816,61548,59103,71148,70146,79063,78469,55597,61329,38004,49302,11859,22677,6211,5852,40860,38894,56247,49909,56519,54272,66638,65711,75579,75049,54026,59539,37124,48004,11462,21823,660640,604776,80053,77334,105746,101779,39776,52,54
2021-12-01T23:59:59+01:00,9304,8656,47178,44174,62295,55743,61476,59031,71089,70084,79003,78394,55563,61282,37990,49270,11853,22658,6145,5799,40696,38785,56094,49736,56369,54150,66498,65593,75488,74938,53990,59489,37106,47979,11459,21811,659477,603206,80003,77310,105746,101779,39776,51,54
2021-11-30T23:59:59+01:00,9051,8392,47120,44128,62216,55657,61398,58956,71033,70021,78941,78319,55529,61232,37968,49249,11844,22638,6061,5736,40539,38657,55921,49560,56240,53994,66353,65460,75386,74822,53943,59430,37078,47941,11453,21798,658156,601480,79976,77286,105745,101778,39774,51,54
2021-11-29T23:59:59+01:00,8801,8175,47051,44058,62132,55569,61340,58877,70992,69971,78889,78257,55498,61197,37955,49227,11841,22627,6024,5691,40378,38463,55691,49396,56080,53848,66215,65353,75278,74720,53896,59396,37062,47907,11452,21790,656990,599787,79911,77252,105745,101777,39770,51,54
2021-11-28T23:59:59+01:00,8703,8071,46994,43997,62059,55496,61289,58818,70948,69913,78845,78219,55475,61176,37939,49200,11838,22615,5998,5668,40306,38377,55572,49309,55992,53780,66152,65293,75233,74683,53876,59378,37048,47899,11450,21786,656139,598967,79905,77237,105745,101777,39765,51,54
2021-11-27T23:59:59+01:00,8671,8045,46972,43979,62038,55469,61266,58795,70925,69899,78830,78204,55466,61173,37939,49199,11838,22614,5991,5660,40280,38356,55553,49301,55975,53770,66142,65287,75223,74677,53874,59375,37047,47899,11450,21786,655867,598813,79904,77237,105745,101777,39765,51,54
2021-11-26T23:59:59+01:00,8531,7948,46889,43919,61987,55407,61221,58746,70872,69856,78800,78176,55458,61151,37937,49190,11835,22610,5974,5651,40230,38324,55501,49259,55931,53730,66107,65258,75194,74655,53871,59369,37044,47897,11450,21786,655084,598404,79901,77233,105744,101777,39763,51,54
2021-11-25T23:59:59+01:00,8272,7716,46729,43801,61834,55221,61089,58627,70745,69730,78710,78078,55409,61095,37906,49160,11831,22598,5875,5526,39870,37983,55154,48935,55660,53487,65856,65066,75059,74551,53836,59330,37030,47871,11448,21773,653116,595533,79887,77183,105744,101777,39763,51,54
2021-11-24T23:59:59+01:00,8134,7593,46597,43703,61707,55084,60983,58498,70651,69627,78599,77975,55365,61032,37881,49114,11818,22564,5835,5482,39784,37897,55052,48819,55566,53377,65774,64972,74990,74493,53820,59288,37018,47845,11444,21764,651512,594478,79875,77158,105744,101777,39753,51,54
2021-11-23T23:59:59+01:00,7980,7453,46472,43585,61584,54910,60878,58356,70533,69508,78484,77864,55301,60953,37851,49063,11809,22543,5793,5436,39666,37803,54894,48691,55452,53295,65669,64873,74912,74415,53776,59240,37005,47819,11438,21753,649729,593208,79863,77142,105744,101776,39750,51,54
2021-11-22T23:59:59+01:00,7873,7349,46300,43472,61439,54753,60720,58248,70435,69393,78406,77770,55265,60891,37830,49024,11805,22524,5744,5386,39391,37603,54584,48485,55241,53125,65481,64730,74816,74343,53744,59201,36994,47802,11432,21746,648123,591160,79851,77120,105744,101776,39738,51,54
2021-11-21T23:59:59+01:00,7792,7279,46198,43378,61320,54646,60597,58174,70347,69313,78333,77701,55231,60847,37818,49011,11802,22514,5715,5357,39282,37522,54466,48401,55149,53059,65411,64664,74777,74299,53726,59186,36989,47786,11430,21741,646941,590279,79839,77115,105744,101776,39736,51,54
2021-11-20T23:59:59+01:00,7770,7253,46136,43310,61236,54574,60525,58127,70300,69276,78294,77673,55214,60831,37813,49004,11801,22513,5711,5355,39259,37509,54440,48387,55127,53039,65396,64657,74767,74295,53725,59182,36984,47785,11429,21741,646300,590115,79837,77115,105744,101776,39728,51,54
2021-11-19T23:59:59+01:00,7675,7158,45943,43135,61061,54390,60373,57969,70160,69183,78208,77598,55189,60805,37807,48988,11799,22507,5697,5339,39199,37458,54400,48354,55081,53003,65369,64632,74741,74281,53723,59170,36981,47782,11428,21738,644632,589736,79826,77106,105741,101774,39706,51,54
2021-11-18T23:59:59+01:00,7474,6954,45545,42808,60735,54022,60064,57705,69872,68949,78045,77431,55127,60730,37780,48935,11794,22486,5628,5272,38926,37207,54156,48151,54867,52826,65176,64476,74613,74216,53683,59127,36964,47752,11419,21729,641198,587604,79797,77080,105740,101772,39678,51,54
2021-11-17T23:59:59+01:00,7331,6835,45212,42570,60443,53758,59842,57486,69677,68756,77885,77270,55066,60674,37763,48885,11783,22469,5591,5243,38831,37138,54045,48061,54793,52760,65102,64416,74559,74159,53655,59100,36948,47730,11412,21723,638528,586750,79746,77044,105740,101771,39647,51,54
2021-11-16T23:59:59+01:00,7192,6721,44959,42367,60178,53498,59630,57284,69497,68578,77750,77127,54997,60602,37733,48834,11768,22441,5529,5191,38662,36987,53916,47926,54683,52652,65002,64327,74475,74085,53619,59052,36917,47698,11408,21710,636012,585346,79723,77031,105740,101771,39637,51,54
2021-11-15T23:59:59+01:00,7047,6598,44429,41969,59732,53134,59329,57010,69228,68353,77557,76951,54932,60527,37688,48788,11765,22431,5485,5143,38472,36814,53715,47767,54505,52522,64866,64208,74396,74015,53592,59018,36909,47678,11406,21701,632414,583802,79702,77017,105740,101771,39568,51,54
2021-11-14T23:59:59+01:00,6970,6529,44188,41795,59525,52955,59139,56857,69081,68223,77445,76881,54909,60493,37677,48771,11762,22424,5439,5098,38301,36681,53534,47614,54370,52418,64743,64112,74338,73944,53560,58995,36901,47659,11405,21696,630601,582415,79681,77010,105740,101771,39558,51,54
2021-11-13T23:59:59+01:00,6966,6523,44173,41784,59509,52942,59129,56847,69075,68217,77434,76877,54907,60492,37676,48769,11761,22424,5439,5096,38299,36681,53532,47614,54366,52414,64738,64108,74332,73941,53555,58991,36899,47651,11403,21695,630486,582361,79680,77010,105737,101771,39558,51,54
2021-11-12T23:59:59+01:00,6909,6483,44037,41647,59362,52846,59007,56741,68985,68149,77367,76839,54894,60477,37669,48757,11756,22419,5436,5088,38273,36662,53505,47598,54342,52402,64715,64094,74316,73930,53549,58985,36897,47648,11401,21693,629368,582171,79666,77009,105737,101771,39529,51,54
2021-11-11T23:59:59+01:00,6732,6295,43365,41133,58747,52337,58540,56363,68609,67815,77093,76650,54832,60408,37642,48717,11747,22408,5382,5026,38090,36529,53356,47464,54221,52291,64601,63994,74239,73883,53517,58956,36885,47630,11400,21682,624644,580951,79625,76984,105734,101771,39386,51,54
2021-11-10T23:59:59+01:00,6631,6204,42951,40837,58341,51989,58241,56119,68353,67564,76916,76483,54763,60344,37620,48678,11739,22397,5362,5000,37995,36467,53282,47389,54154,52217,64547,63938,74180,73844,53486,58922,36869,47608,11395,21675,621501,580254,79610,76972,105734,101769,39281,51,54
2021-11-09T23:59:59+01:00,6561,6153,42848,40745,58215,51848,58125,55983,68222,67447,76831,76387,54721,60301,37606,48653,11732,22381,5336,4972,37922,36423,53237,47328,54101,52129,64491,63860,74102,73767,53455,58885,36851,47582,11388,21656,620133,579613,79577,76777,105732,101768,39273,51,54
2021-11-08T23:59:59+01:00,6425,6039,42115,40085,57474,51242,57574,55543,67807,67064,76548,76115,54603,60210,37578,48613,11724,22367,5307,4950,37816,36319,53079,47206,54011,52046,64421,63771,74022,73709,53426,58851,36840,47566,11385,21651,614803,578797,79555,76764,105731,101768,38993,51,54
2021-11-07T23:59:59+01:00,6369,6000,41952,39950,57280,51083,57430,55435,67707,66990,76497,76065,54585,60190,37570,48607,11722,22362,5289,4935,37741,36247,53006,47124,53955,52003,64390,63718,73997,73686,53413,58839,36830,47559,11384,21644,613535,578219,79501,76737,105731,101767,38983,51,54
2021-11-06T23:59:59+01:00,6364,5991,41934,39932,57260,51069,57415,55425,67697,66981,76491,76062,54583,60190,37568,48607,11722,22361,5287,4935,37740,36245,53004,47120,53953,52001,64385,63717,73995,73684,53411,58837,36830,47558,11384,21644,613397,578193,79500,76736,105731,101767,38980,51,54
2021-11-05T23:59:59+01:00,6348,5971,41892,39903,57223,51019,57367,55395,67673,66964,76464,76049,54579,60184,37565,48605,11722,22359,5279,4930,37716,36237,52995,47109,53945,51994,64373,63705,73988,73675,53407,58835,36828,47554,11384,21644,613051,578085,79497,76733,105731,101767,38959,51,54
2021-11-04T23:59:59+01:00,6224,5825,41357,39412,56638,50554,56918,55028,67249,66637,76247,75907,54541,60134,37552,48575,11716,22351,5219,4866,37510,36098,52792,46961,53772,51861,64214,63586,73887,73605,53375,58810,36814,47532,11373,21638,609205,576928,79428,76707,105730,101766,38458,51,54
2021-11-03T23:59:59+01:00,6188,5780,41266,39345,56523,50457,56820,54943,67176,66570,76201,75863,54531,60115,37543,48558,11711,22346,5175,4832,37440,36035,52744,46912,53729,51806,64168,63543,73844,73569,53359,58785,36801,47512,11369,21630,608322,576301,79408,76702,105729,101763,38433,51,54
2021-11-02T23:59:59+01:00,6140,5730,41131,39233,56357,50337,56703,54835,67050,66491,76132,75804,54506,60091,37531,48546,11710,22336,5104,4760,37307,35882,52594,46755,53610,51686,64080,63441,73759,73483,53311,58740,36781,47479,11366,21620,607101,574875,79387,76665,105729,101763,38401,51,54
2021-11-01T23:59:59+01:00,6055,5652,40640,38864,55827,49988,56335,54580,66772,66289,75990,75714,54472,60063,37524,48539,11707,22327,5071,4719,37165,35768,52463,46662,53494,51601,63983,63379,73696,73438,53298,58727,36771,47464,11363,21613,604093,574130,79363,76623,105729,101761,38107,51,54
2021-10-31T23:59:59+01:00,6053,5652,40635,38858,55824,49985,56331,54576,66768,66286,75987,75712,54472,60063,37524,48539,11707,22327,5071,4718,37162,35765,52463,46661,53492,51600,63979,63378,73696,73438,53298,58727,36771,47464,11363,21613,604061,574118,79360,76623,105729,101761,38103,51,54
2021-10-30T23:59:59+02:00,6049,5650,40632,38858,55817,49982,56330,54574,66766,66285,75986,75710,54472,60063,37524,48539,11707,22327,5071,4718,37162,35765,52463,46660,53491,51599,63978,63377,73695,73438,53297,58727,36771,47464,11363,21613,604034,574112,79360,76623,105729,101761,38102,51,54
2021-10-29T23:59:59+02:00,6046,5644,40614,38840,55803,49964,56313,54564,66748,66278,75969,75705,54470,60060,37523,48538,11705,22327,5069,4715,37151,35751,52461,46655,53487,51594,63975,63370,73687,73430,53292,58726,36770,47461,11362,21612,603880,574036,79357,76620,105729,101759,38099,51,54
2021-10-28T23:59:59+02:00,5947,5544,40086,38484,55334,49630,55906,54263,66407,66049,75796,75599,54433,60031,37518,48519,11703,22317,5008,4668,36972,35634,52299,46538,53347,51486,63829,63289,73603,73383,53266,58700,36756,47443,11360,21605,600764,573063,79318,76600,105724,101757,37712,51,54
2021-10-27T23:59:59+02:00,5922,5523,40033,38425,55262,49574,55849,54212,66343,66020,75772,75579,54417,60019,37512,48507,11702,22311,4984,4642,36921,35593,52248,46501,53315,51450,63785,63238,73568,73357,53243,58680,36750,47432,11357,21593,600200,572561,79306,76587,105724,101751,37704,51,54
2021-10-26T23:59:59+02:00,5874,5488,39925,38330,55159,49470,55776,54145,66276,65953,75720,75539,54403,60003,37502,48493,11699,22306,4932,4599,36816,35451,52152,46415,53246,51368,63732,63177,73508,73303,53210,58659,36736,47408,11351,21579,599302,571576,79304,76579,105724,101750,37683,51,54
2021-10-25T23:59:59+02:00,5812,5420,39692,38094,54878,49266,55523,53983,66056,65810,75618,75460,54381,59973,37495,48483,11699,22303,4919,4590,36759,35389,52067,46360,53178,51328,63683,63137,73464,73271,53201,58643,36730,47403,11349,21576,597466,571264,79304,76577,105724,101748,37404,51,54
2021-10-24T23:59:59+02:00,5782,5391,39609,38009,54801,49189,55465,53944,66011,65783,75599,75441,54376,59964,37490,48480,11697,22299,4886,4574,36697,35327,52021,46314,53142,51287,63646,63108,73442,73239,53193,58629,36719,47395,11347,21574,596864,570778,79302,76570,105724,101746,37392,51,54
2021-10-23T23:59:59+02:00,5782,5391,39608,38008,54799,49189,55463,53941,66011,65783,75599,75441,54376,59963,37490,48480,11697,22299,4886,4574,36697,35326,52021,46314,53142,51285,63646,63108,73441,73239,53193,58629,36719,47395,11347,21574,596855,570775,79302,76570,105724,101746,37391,51,54
2021-10-22T23:59:59+02:00,5779,5386,39581,37990,54779,49174,55452,53934,65997,65771,75590,75434,54372,59960,37490,48478,11696,22299,4881,4565,36682,35312,52010,46294,53133,51274,63629,63099,73427,73229,53183,58622,36718,47392,11346,21572,596720,570623,79291,76569,105724,101743,37379,51,54
2021-10-21T23:59:59+02:00,5703,5306,39328,37793,54505,48986,55240,53782,65814,65648,75493,75378,54355,59943,37483,48468,11693,22294,4795,4493,36456,35102,51825,46134,52963,51143,63498,62977,73343,73170,53159,58586,36706,47374,11342,21566,595020,569140,79257,76533,105724,101742,37163,51,54
2021-10-20T23:59:59+02:00,5679,5292,39292,37766,54485,48963,55223,53753,65788,65623,75468,75360,54347,59932,37474,48453,11692,22287,4776,4473,36437,35072,51803,46103,52939,51113,63475,62955,73318,73143,53141,58564,36700,47361,11339,21559,594698,568795,79250,76523,105724,101742,37157,51,54
2021-10-19T23:59:59+02:00,5645,5262,39237,37728,54448,48923,55183,53719,65752,65590,75441,75333,54331,59911,37466,48439,11688,22284,4753,4451,36384,35025,51760,46049,52905,51075,63438,62921,73279,73103,53129,58540,36678,47346,11334,21549,594212,568258,79245,76519,105724,101737,37151,51,54
2021-10-18T23:59:59+02:00,5610,5234,39097,37594,54325,48824,55101,53636,65685,65549,75385,75298,54321,59895,37459,48425,11686,22283,4686,4390,36237,34880,51636,45926,52823,50983,63391,62858,73219,73054,53104,58505,36668,47329,11329,21543,593340,567216,79232,76491,105724,101737,37063,51,54
2021-10-17T23:59:59+02:00,5604,5226,39087,37583,54311,48808,55098,53626,65679,65537,75378,75293,54318,59891,37456,48422,11685,22278,4676,4379,36217,34850,51615,45902,52806,50961,63377,62841,73202,73040,53093,58493,36663,47322,11328,21534,593218,566965,79232,76485,105723,101736,37059,51,54
2021-10-16T23:59:59+02:00,5604,5226,39086,37583,54309,48807,55095,53624,65679,65537,75378,75293,54318,59891,37456,48422,11685,22278,4673,4376,36212,34846,51611,45899,52802,50957,63375,62837,73200,73039,53092,58492,36662,47321,11328,21532,593212,566923,79232,76485,105723,101736,37056,51,54
2021-10-15T23:59:59+02:00,5599,5223,39068,37569,54291,48794,55089,53619,65662,65531,75371,75281,54310,59889,37452,48415,11684,22278,4665,4374,36199,34844,51605,45891,52797,50951,63370,62830,73195,73033,53088,58488,36659,47320,11328,21531,593078,566858,79232,76483,105723,101729,37044,51,54
2021-10-14T23:59:59+02:00,5541,5164,38928,37449,54155,48693,54997,53538,65593,65447,75308,75226,54279,59868,37444,48399,11677,22263,4547,4258,35915,34514,51385,45666,52645,50778,63225,62683,73099,72955,53031,58441,36635,47289,11323,21522,592044,564760,79215,76444,105723,101715,36939,51,53
2021-10-13T23:59:59+02:00,5501,5130,38892,37406,54122,48657,54970,53504,65567,65422,75287,75200,54267,59856,37438,48391,11673,22259,4516,4231,35875,34473,51359,45625,52609,50742,63191,62647,73066,72925,53007,58425,36626,47266,11322,21511,591638,564325,79201,76407,105723,101699,36932,51,53
2021-10-12T23:59:59+02:00,5466,5107,38819,37361,54063,48588,54929,53456,65534,65388,75251,75163,54251,59839,37428,48375,11667,22249,4496,4205,35818,34420,51312,45570,52574,50706,63154,62605,73026,72878,52982,58396,36603,47242,11315,21498,591045,563730,79198,76401,105723,101696,36920,51,53
2021-10-11T23:59:59+02:00,5412,5055,38656,37228,53929,48473,54823,53370,65460,65326,75203,75134,54239,59820,37417,48364,11665,22245,4404,4124,35590,34202,51126,45379,52440,50572,63058,62491,72941,72814,52943,58358,36591,47222,11312,21490,590087,562150,79196,76398,105723,101691,36765,51,53
2021-10-10T23:59:59+02:00,5393,5045,38609,37188,53886,48432,54803,53339,65441,65306,75187,75114,54236,59815,37413,48361,11664,22239,4386,4117,35557,34182,51104,45352,52422,50555,63048,62479,72928,72800,52939,58349,36586,47212,11309,21486,589760,561931,79192,76390,105721,101687,36750,51,53
2021-10-09T23:59:59+02:00,5393,5044,38609,37188,53886,48432,54803,53339,65441,65306,75187,75114,54236,59815,37413,48361,11664,22239,4386,4117,35556,34182,51103,45352,52422,50555,63046,62479,72928,72800,52939,58349,36586,47212,11309,21486,589759,561930,79192,76388,105721,101686,36750,51,53
2021-10-08T23:59:59+02:00,5385,5031,38590,37168,53872,48416,54796,53335,65430,65297,75175,75105,54234,59812,37411,48356,11663,22238,4379,4108,35542,34162,51091,45337,52416,50544,63037,62472,72922,72794,52937,58347,36584,47208,11309,21484,589615,561811,79192,76386,105721,101685,36738,51,53
2021-10-07T23:59:59+02:00,5316,4944,38414,37013,53746,48289,54684,53231,65329,65205,75106,75056,54216,59775,37387,48332,11656,22225,4228,3939,35168,33811,50842,45026,52217,50277,62840,62277,72753,72636,52870,58277,36559,47161,11299,21468,588291,559593,79160,75619,105720,101678,36705,51,53
2021-10-06T23:59:59+02:00,5280,4916,38368,36972,53713,48252,54639,53193,65279,65170,75079,75034,54197,59762,37380,48316,11650,22216,4208,3922,35127,33775,50818,44998,52196,50253,62811,62262,72728,72619,52848,58247,36540,47141,11292,21456,587811,559211,79154,75617,105718,101675,36685,51,53
2021-10-05T23:59:59+02:00,5248,4891,38287,36895,53648,48189,54588,53128,65216,65113,75034,74986,54159,59734,37360,48284,11641,22184,4177,3893,35060,33703,50771,44935,52161,50209,62758,62224,72688,72579,52816,58209,36510,47088,11285,21433,587055,558528,79135,75616,105718,101673,36629,51,53
2021-10-04T23:59:59+02:00,5185,4833,38073,36726,53478,48071,54475,53021,65146,65044,74968,74938,54129,59700,37345,48266,11632,22169,4065,3756,34753,33354,50524,44691,51974,50031,62598,62072,72571,72480,52759,58148,36455,47032,11273,21414,585966,556263,79123,75615,105716,101673,36346,51,53
2021-10-03T23:59:59+02:00,5174,4819,38050,36702,53445,48034,54450,53007,65129,65026,74956,74925,54122,59687,37340,48253,11632,22164,4049,3752,34701,33318,50474,44647,51936,49983,62556,62035,72530,72448,52742,58124,36443,47016,11271,21406,585714,555782,79121,75615,105713,101662,36319,51,53
2021-10-02T23:59:59+02:00,5172,4810,38046,36695,53437,48030,54447,53004,65126,65025,74952,74922,54122,59685,37340,48253,11632,22164,4048,3752,34699,33316,50466,44645,51932,49982,62554,62035,72529,72447,52742,58123,36443,47016,11271,21406,585676,555773,79121,75614,105713,101662,36304,51,53
2021-10-01T23:59:59+02:00,5164,4793,38001,36667,53404,48001,54424,52979,65095,65009,74925,74905,54112,59680,37337,48250,11629,22162,4044,3749,34679,33304,50449,44637,51918,49968,62541,62027,72512,72435,52733,58117,36440,47014,11269,21404,585430,555689,79119,75612,105710,101656,36230,51,53
2021-09-30T23:59:59+02:00,5073,4730,37791,36461,53235,47836,54279,52849,64990,64890,74855,74847,54097,59650,37326,48232,11626,22155,3967,3674,34536,33151,50357,44511,51841,49853,62456,61935,72445,72376,52721,58087,36431,46989,11266,21394,583893,555108,79100,75003,105707,101651,36175,50,53
2021-09-29T23:59:59+02:00,5050,4709,37756,36420,53186,47788,54241,52802,64958,64852,74826,74819,54080,59627,37314,48221,11622,22143,3951,3657,34508,33115,50327,44485,51819,49832,62435,61905,72424,72356,52712,58078,36426,46979,11264,21386,583430,554819,79088,74999,105707,101646,36142,50,53
2021-09-28T23:59:59+02:00,5027,4685,37696,36363,53145,47735,54206,52758,64915,64808,74781,74784,54042,59591,37295,48198,11614,22132,3937,3640,34452,33076,50294,44455,51793,49809,62409,61884,72387,72326,52683,58040,36404,46952,11261,21374,582871,554425,79086,74992,105707,101642,36064,50,53
2021-09-27T23:59:59+02:00,4951,4625,37498,36185,52960,47569,54084,52648,64812,64701,74682,74706,54014,59563,37283,48180,11612,22121,3804,3482,34029,32689,49987,44131,51563,49560,62211,61697,72255,72200,52642,57980,36383,46921,11259,21364,581815,551916,79067,74991,105707,101639,35558,50,53
2021-09-26T23:59:59+02:00,4948,4619,37476,36154,52930,47550,54070,52632,64796,64691,74670,74696,54007,59552,37282,48177,11612,22116,3795,3475,34014,32682,49974,44115,51555,49550,62197,61691,72247,72193,52638,57972,36382,46916,11257,21360,581638,551799,79047,74983,105705,101637,35541,50,53
2021-09-25T23:59:59+02:00,4945,4616,37470,36150,52927,47546,54066,52629,64794,64687,74666,74694,54006,59549,37281,48176,11612,22115,3795,3474,34011,32682,49974,44115,51555,49549,62197,61690,72245,72193,52638,57971,36382,46916,11257,21360,581595,551794,79045,74983,105705,101637,35537,50,53
2021-09-24T23:59:59+02:00,4942,4613,37451,36135,52906,47532,54044,52617,64775,64676,74652,74684,53999,59546,37278,48172,11612,22111,3791,3468,34001,32667,49959,44105,51535,49534,62184,61684,72227,72184,52631,57964,36376,46909,11257,21358,581474,551687,79045,74981,105702,101636,35477,50,53
2021-09-23T23:59:59+02:00,4813,4493,37047,35715,52551,47198,53752,52342,64533,64459,74466,74554,53937,59490,37249,48128,11603,22091,3758,3426,33818,32498,49737,43952,51366,49428,62033,61578,72111,72108,52593,57939,36352,46888,11255,21350,579134,551011,79002,74957,105702,101633,34536,50,53
2021-09-22T23:59:59+02:00,4784,4470,37004,35658,52483,47120,53685,52284,64466,64406,74407,74501,53908,59467,37241,48111,11601,22086,3741,3414,33781,32456,49693,43894,51307,49377,61978,61538,72064,72074,52575,57921,36346,46877,11253,21349,578696,550753,78995,74954,105699,101632,34246,49,53
2021-09-21T23:59:59+02:00,4768,4447,36946,35609,52416,47055,53639,52235,64400,64355,74349,74447,53865,59435,37227,48086,11596,22077,3720,3400,33748,32404,49659,43846,51267,49332,61931,61500,72025,72033,52546,57897,36335,46859,11252,21342,578144,550386,78986,74952,105697,101626,34079,49,53
2021-09-20T23:59:59+02:00,4664,4383,36607,35302,52092,46745,53404,52008,64188,64164,74190,74334,53800,59380,37206,48051,11589,22071,3515,3212,33235,31969,49282,43506,50981,49025,61677,61288,71858,71881,52490,57832,36312,46814,11245,21332,576290,547670,78981,74947,105696,101620,33165,49,52
2021-09-19T23:59:59+02:00,4652,4378,36594,35291,52080,46736,53389,51996,64176,64159,74180,74323,53797,59374,37203,48048,11588,22071,3505,3204,33214,31952,49278,43495,50973,49013,61663,61277,71846,71871,52484,57828,36311,46812,11245,21329,576182,547546,78974,74943,105693,101619,33140,49,52
2021-09-18T23:59:59+02:00,4652,4378,36591,35290,52078,46735,53389,51995,64176,64159,74179,74323,53797,59374,37203,48048,11588,22071,3504,3204,33211,31952,49274,43493,50973,49013,61663,61277,71845,71871,52483,57828,36311,46812,11245,21329,576179,547540,78974,74943,105693,101619,33134,49,52
2021-09-17T23:59:59+02:00,4645,4365,36575,35265,52056,46715,53378,51976,64159,64150,74164,74304,53788,59367,37200,48043,11587,22070,3503,3200,33201,31935,49262,43482,50969,49004,61659,61273,71837,71859,52476,57826,36311,46811,11245,21327,576013,547487,78974,74943,105693,101617,33081,49,52
2021-09-16T23:59:59+02:00,4494,4213,36206,34901,51800,46416,53166,51711,63975,63966,74006,74154,53733,59307,37183,48008,11584,22058,3435,3159,33071,31829,49180,43375,50891,48921,61598,61218,71786,71826,52461,57812,36302,46799,11244,21323,573572,546649,78517,74863,105692,101612,33054,49,52
2021-09-15T23:59:59+02:00,4451,4175,36138,34827,51755,46362,53100,51655,63924,63917,73966,74111,53715,59286,37173,47998,11583,22052,3392,3127,33018,31779,49130,43322,50833,48871,61551,61174,71756,71795,52453,57791,36292,46790,11244,21317,573197,546313,78430,74848,105692,101599,32823,49,52
2021-09-14T23:59:59+02:00,4410,4135,36075,34773,51704,46292,53058,51604,63878,63872,73921,74069,53690,59267,37158,47979,11581,22048,3346,3099,32952,31708,49084,43273,50799,48825,61497,61136,71720,71753,52430,57767,36283,46776,11243,21314,572653,545758,78362,74841,105691,101592,32762,49,52
2021-09-13T23:59:59+02:00,4260,3957,35705,34339,51429,45973,52840,51370,63668,63662,73785,73943,53635,59197,37120,47945,11580,22040,3056,2846,32485,31237,48850,43023,50618,48623,61350,60953,71579,71642,52377,57708,36267,46740,11237,21304,570047,542766,77935,74762,105690,101586,32729,49,52
2021-09-12T23:59:59+02:00,4251,3947,35681,34323,51413,45950,52822,51353,63654,63645,73776,73933,53632,59191,37115,47944,11580,22039,3039,2838,32459,31220,48834,43005,50608,48615,61338,60938,71563,71629,52370,57700,36261,46738,11234,21304,569896,542609,77919,74754,105679,101571,32708,49,51
2021-09-11T23:59:59+02:00,4248,3944,35677,34319,51412,45948,52816,51346,63652,63640,73774,73927,53628,59186,37115,47942,11580,22039,3036,2837,32450,31216,48831,43002,50604,48611,61335,60934,71560,71625,52368,57698,36261,46736,11234,21304,569869,542587,77919,74754,105679,101571,32679,49,51
2021-09-10T23:59:59+02:00,4247,3943,35561,34219,51216,45795,52627,51204,63476,63526,73639,73837,53590,59147,37095,47924,11578,22034,3026,2827,32321,31105,48631,42837,50410,48473,61145,60812,71425,71531,52326,57655,36239,46715,11231,21299,569809,542433,77917,74751,105678,101567,31207,49,50
2021-09-09T23:59:59+02:00,4219,3904,35481,34149,51160,45725,52566,51115,63418,63468,73599,73799,53566,59119,37081,47905,11576,22030,2993,2796,32228,31037,48589,42787,50358,48432,61103,60778,71384,71499,52307,57641,36231,46700,11230,21295,569196,541951,77881,74744,105658,101545,31098,49,50
2021-09-08T23:59:59+02:00,4194,3884,35448,34107,51135,45694,52548,51088,63384,63436,73578,73776,53559,59104,37074,47894,11576,22027,2975,2780,32171,31007,48550,42761,50330,48400,61067,60750,71368,71479,52294,57629,36221,46689,11228,21288,568848,541589,77881,74743,105658,101533,31072,49,50
2021-09-07T23:59:59+02:00,4181,3870,35408,34063,51102,45663,52524,51062,63358,63411,73542,73746,53547,59088,37058,47880,11574,22021,2953,2762,32124,30956,48514,42725,50291,48363,61043,60720,71334,71450,52281,57613,36212,46676,11225,21284,568471,541168,77880,74741,105658,101525,31042,49,50
2021-09-06T23:59:59+02:00,4005,3686,34930,33593,50726,45271,52257,50761,63130,63170,73383,73596,53483,59007,37039,47840,11571,22012,2912,2707,31916,30772,48308,42567,50148,48222,60929,60601,71239,71363,52234,57567,36196,46657,11220,21271,565663,540307,77880,74739,105658,101521,30212,49,50
2021-09-05T23:59:59+02:00,3997,3674,34911,33578,50722,45263,52245,50753,63118,63160,73368,73591,53478,58999,37033,47833,11569,22008,2904,2697,31896,30753,48289,42553,50135,48214,60918,60591,71229,71358,52228,57555,36193,46652,11219,21269,565526,540169,77879,74737,105658,101507,30190,49,50
2021-09-04T23:59:59+02:00,3997,3674,34910,33578,50722,45263,52244,50752,63118,63160,73368,73591,53478,58999,37033,47833,11569,22008,2904,2697,31895,30751,48289,42553,50133,48212,60918,60591,71228,71358,52228,57555,36193,46652,11219,21269,565525,540165,77879,74735,105658,101507,30188,49,50
2021-09-03T23:59:59+02:00,3949,3627,34746,33442,50568,45138,52133,50637,62969,63037,73243,73491,53438,58951,37012,47812,11565,22005,2827,2608,31620,30560,48086,42384,49960,48046,60712,60419,71083,71212,52174,57498,36168,46629,11217,21265,565384,540031,77281,73489,105647,101494,29404,49,50
2021-09-02T23:59:59+02:00,3923,3597,34686,33394,50533,45097,52100,50604,62928,62997,73204,73464,53417,58939,37003,47794,11565,21999,2811,2583,31550,30498,48035,42335,49919,48002,60657,60367,71042,71185,52156,57483,36159,46621,11216,21260,564968,539637,77259,73485,105647,101384,29323,49,50
2021-09-01T23:59:59+02:00,3907,3583,34657,33361,50510,45069,52082,50582,62908,62964,73177,73446,53408,58930,37000,47786,11565,21998,2783,2564,31498,30458,48002,42307,49888,47977,60625,60343,71019,71154,52137,57465,36149,46614,11216,21257,564703,539287,77255,73479,105645,101357,29283,49,50
2021-08-31T23:59:59+02:00,3880,3569,34617,33313,50483,45033,52054,50550,62880,62932,73147,73414,53387,58908,36992,47774,11562,21997,2774,2552,31438,30424,47976,42282,49865,47959,60597,60327,71004,71127,52123,57455,36146,46607,11213,21250,564309,539009,77255,73475,105644,101348,29237,49,50
2021-08-30T23:59:59+02:00,3654,3359,34026,32794,50060,44650,51704,50204,62588,62670,72941,73237,53304,58822,36961,47727,11559,21989,2716,2492,31149,30160,47678,42047,49638,47789,60411,60195,70850,71024,52055,57409,36127,46576,11210,21243,561305,537909,77255,73472,105643,101338,28000,48,50
2021-08-29T23:59:59+02:00,3648,3351,34004,32774,50042,44641,51688,50184,62578,62656,72931,73221,53296,58817,36959,47720,11559,21987,2710,2491,31129,30139,47654,42020,49617,47772,60394,60178,70838,71013,52052,57400,36124,46575,11210,21241,561161,537789,77253,73470,105642,101294,27954,48,50
2021-08-28T23:59:59+02:00,3648,3351,34001,32774,50036,44640,51687,50182,62577,62653,72929,73220,53294,58815,36959,47720,11559,21987,2710,2488,31120,30130,47649,42018,49614,47769,60391,60174,70835,71011,52051,57396,36124,46575,11210,21241,561151,537753,77253,73469,105642,101294,27940,48,50
2021-08-27T23:59:59+02:00,3644,3345,33992,32755,50032,44634,51676,50175,62569,62648,72912,73214,53290,58812,36958,47719,11558,21986,2702,2485,31102,30112,47640,42007,49605,47760,60383,60166,70823,71010,52049,57395,36123,46574,11209,21241,561075,537675,77253,73467,105642,101291,27903,48,50
2021-08-26T23:59:59+02:00,3619,3317,33951,32702,50005,44598,51635,50127,62523,62624,72881,73183,53280,58802,36951,47717,11557,21982,2628,2391,30804,29842,47419,41795,49429,47605,60266,60065,70740,70938,52014,57361,36106,46550,11207,21237,560725,535844,77226,73461,105641,101226,27816,48,50
2021-08-25T23:59:59+02:00,3578,3293,33900,32657,49979,44550,51598,50096,62484,62589,72845,73159,53271,58784,36946,47702,11556,21981,2365,2170,30049,29140,46975,41383,49104,47313,60043,59840,70564,70787,51947,57285,36084,46515,11198,21229,560288,531514,77226,73458,105641,101203,27767,48,49
2021-08-24T23:59:59+02:00,3538,3271,33841,32600,49948,44508,51569,50049,62438,62540,72801,73113,53250,58759,36933,47689,11554,21973,2288,2106,29815,28916,46843,41251,48993,47206,59950,59746,70479,70689,51901,57239,36064,46503,11194,21226,559799,530072,77223,73452,105639,101169,27667,48,49
2021-08-23T23:59:59+02:00,3233,3002,33205,31979,49520,44109,51227,49744,62112,62244,72508,72881,53153,58670,36894,47626,11543,21964,2228,2053,29392,28524,46456,40954,48750,46995,59680,59537,70254,70541,51825,57168,36040,46460,11188,21220,556725,528617,77219,73449,105637,101164,25987,48,48
2021-08-22T23:59:59+02:00,3222,2994,33194,31973,49510,44099,51219,49738,62107,62237,72503,72879,53149,58667,36892,47624,11543,21963,2224,2050,29366,28506,46436,40945,48740,46983,59669,59529,70247,70537,51816,57164,36037,46457,11188,21220,556660,528515,77215,73440,105632,101150,25961,47,48
2021-08-21T23:59:59+02:00,3220,2994,33189,31971,49508,44098,51218,49735,62104,62236,72502,72878,53149,58667,36892,47624,11543,21963,2223,2048,29352,28494,46430,40942,48734,46979,59665,59529,70247,70536,51815,57164,36037,46457,11188,21220,556645,528475,77215,73433,105632,101150,25954,47,48
2021-08-20T23:59:59+02:00,3204,2983,33065,31876,49315,43962,51045,49625,61923,62107,72354,72796,53101,58625,36877,47606,11540,21959,2196,2034,28810,27996,45951,40574,48453,46768,59408,59344,70040,70411,51730,57106,36007,46429,11184,21213,556418,526775,77214,73258,105632,100918,24655,46,48
2021-08-19T23:59:59+02:00,3177,2960,33013,31836,49281,43925,50997,49585,61878,62069,72305,72757,53075,58605,36870,47591,11536,21952,2108,1952,27866,27143,45167,39973,48026,46409,59073,59068,69763,70189,51630,57016,35965,46381,11179,21208,556001,522395,77179,72285,105627,100827,24561,46,48
2021-08-18T23:59:59+02:00,3156,2941,32962,31792,49245,43889,50958,49549,61833,62032,72260,72730,53046,58588,36856,47577,11535,21947,2009,1854,26572,25844,44241,39102,47318,45669,58391,58484,69277,69733,51442,56797,35889,46288,11167,21191,555565,516867,77158,69077,105624,100771,24505,46,48
2021-08-17T23:59:59+02:00,3132,2918,32893,31728,49198,43821,50915,49514,61786,61987,72223,72690,53023,58564,36843,47565,11532,21942,1880,1744,25286,24454,43370,38410,46716,45188,57857,58042,68844,69407,51306,56613,35813,46208,11152,21177,555015,511252,77153,66993,105623,100735,24439,46,48
2021-08-16T23:59:59+02:00,3120,2897,32876,31708,49174,43797,50905,49496,61766,61969,72201,72676,53013,58556,36841,47554,11530,21938,1788,1659,23848,23065,42470,37569,46435,44894,57631,57781,68637,69248,51233,56527,35782,46164,11150,21163,554784,504896,77150,66960,105619,100720,24420,46,48
2021-08-15T23:59:59+02:00,3112,2885,32861,31691,49161,43790,50895,49485,61750,61952,72186,72664,53009,58547,36838,47554,11530,21938,1504,1402,21422,20614,41714,37028,46067,44519,57299,57480,68350,68991,51119,56423,35745,46108,11147,21153,554645,496152,77149,66780,105609,100704,24401,46,48
2021-08-14T23:59:59+02:00,3112,2884,32856,31688,49155,43789,50892,49483,61745,61949,72182,72656,53009,58547,36837,47554,11530,21938,1502,1394,21395,20587,41675,36996,46050,44504,57284,57468,68337,68980,51117,56420,35744,46107,11147,21152,554634,495957,77148,66779,105609,100704,24371,46,48
2021-08-13T23:59:59+02:00,3098,2867,32813,31659,49131,43776,50870,49466,61712,61918,72160,72636,53003,58540,36834,47549,11529,21935,1477,1369,21275,20500,41586,36897,45986,44451,57235,57428,68296,68947,51100,56408,35735,46098,11146,21150,554477,495357,77147,66776,105608,100683,24220,46,48
2021-08-12T23:59:59+02:00,3080,2837,32766,31610,49099,43734,50833,49436,61657,61891,72124,72601,52988,58521,36817,47540,11528,21932,1392,1309,20802,20187,40632,36081,45617,44121,57015,57248,68119,68783,51027,56325,35705,46054,11142,21143,554069,491111,77143,66772,105605,100638,24133,46,48
2021-08-11T23:59:59+02:00,3038,2806,32710,31565,49066,43702,50808,49412,61629,61860,72096,72573,52966,58495,36805,47531,11527,21925,1168,1129,19907,19301,39305,34893,45013,43542,56652,56920,67825,68509,50905,56189,35667,45995,11140,21130,553657,483689,77137,66767,105605,100615,24071,46,48
2021-08-10T23:59:59+02:00,3022,2787,32657,31518,49035,43669,50776,49379,61609,61819,72058,72528,52944,58480,36794,47508,11526,21920,922,885,18878,18336,37207,33028,44126,42666,56197,56521,67435,68163,50755,56036,35606,45899,11135,21110,553192,473445,77136,66764,105604,100595,24053,46,48
2021-08-09T23:59:59+02:00,3007,2780,32627,31494,49007,43649,50748,49360,61589,61802,72038,72507,52934,58471,36789,47498,11524,21919,492,474,17455,16924,34229,30609,43458,42033,55788,56158,67100,67834,50613,55887,35555,45849,11130,21092,552939,461263,77134,66759,105599,100583,24027,46,48
2021-08-08T23:59:59+02:00,3004,2780,32615,31481,48995,43642,50743,49354,61578,61794,72034,72506,52933,58468,36789,47495,11524,21918,489,471,17428,16894,34206,30594,43421,42003,55774,56145,67091,67829,50608,55882,35554,45846,11129,21091,552877,461078,77134,66753,105586,100564,24012,46,48
2021-08-07T23:59:59+02:00,3003,2775,32607,31470,48993,43634,50737,49352,61575,61791,72027,72504,52932,58466,36788,47495,11524,21918,486,467,17396,16859,34182,30575,43385,41972,55752,56127,67080,67822,50603,55880,35552,45846,11129,21090,552827,460841,77134,66750,105585,100563,24001,46,48
2021-08-06T23:59:59+02:00,2914,2683,32257,31242,48731,43440,50478,49122,61287,61587,71753,72337,52800,58363,36734,47442,11521,21909,478,465,17185,16715,33469,30091,42913,41603,55408,55899,66771,67644,50473,55786,35503,45809,11126,21083,552753,459157,76024,66458,105581,100560,22198,46,48
2021-08-05T23:59:59+02:00,2868,2644,32097,31122,48639,43351,50400,49067,61234,61542,71701,72296,52774,58344,36725,47424,11519,21907,450,432,16952,16463,31610,28659,41867,40650,55134,55553,66558,67471,50409,55709,35480,45770,11119,21074,551871,452346,76021,66383,105571,100436,22147,46,48
2021-08-04T23:59:59+02:00,2793,2568,31837,30930,48458,43214,50256,48960,61155,61465,71637,72238,52744,58304,36712,47409,11516,21902,424,409,16673,16216,31268,28434,40683,39576,54746,55221,66380,67319,50347,55627,35450,45742,11116,21067,550571,448026,76019,66363,105569,100363,21899,42,47
2021-08-03T23:59:59+02:00,2606,2387,31323,30464,48206,42968,50080,48768,60995,61294,71491,72091,52690,58232,36690,47380,11506,21888,374,345,16235,15770,30678,27905,38950,37955,54057,54575,66046,67006,50252,55498,35403,45690,11111,21057,547624,440349,76017,66355,105566,100344,21812,42,47
2021-08-02T23:59:59+02:00,2495,2292,31006,30177,48004,42786,49927,48640,60888,61188,71403,72008,52657,58200,36668,47361,11505,21885,332,312,15931,15498,30342,27551,36812,36131,53498,54060,65838,66831,50179,55412,35381,45662,11109,21053,545683,433505,76014,66350,105560,100238,21794,41,45
2021-08-01T23:59:59+02:00,2491,2288,30994,30168,47986,42773,49913,48631,60875,61178,71392,72002,52652,58191,36664,47361,11505,21885,319,302,15805,15373,30204,27435,34510,34278,53200,53806,65745,66762,50138,55371,35375,45643,11108,21051,545618,428055,76010,66345,105513,100212,21769,41,44
2021-07-31T23:59:59+02:00,2491,2288,30989,30164,47983,42771,49911,48630,60874,61178,71392,72000,52649,58189,36664,47361,11505,21884,318,302,15790,15360,30169,27407,34497,34269,53182,53798,65733,66757,50134,55367,35375,45642,11107,21050,545598,427897,76010,66344,105512,100208,21764,41,44
2021-07-30T23:59:59+02:00,2477,2283,30941,30117,47951,42750,49887,48606,60840,61148,71356,71982,52640,58178,36664,47361,11505,21882,316,297,15628,15056,29903,27094,34314,34022,52981,53504,65568,66554,50088,55321,35365,45630,11107,21048,545422,427526,76004,66333,105509,98299,21594,41,44
2021-07-29T23:59:59+02:00,2445,2263,30783,30021,47866,42689,49835,48541,60778,61106,71309,71936,52620,58159,36656,47345,11502,21877,293,275,15310,14773,29590,26872,33025,33074,52195,52891,65212,66287,49989,55228,35322,45573,11102,21040,544747,424811,75997,63591,105498,98155,21450,41,44
2021-07-28T23:59:59+02:00,2398,2226,30630,29911,47781,42621,49760,48466,60704,61027,71242,71880,52597,58122,36637,47326,11501,21872,262,255,14905,14395,29148,26556,32654,32742,51485,52276,64819,65960,49895,55125,35287,45516,11086,21021,543794,420650,75993,63536,105490,97772,21385,41,44
2021-07-27T23:59:59+02:00,2320,2153,30390,29644,47630,42444,49617,48329,60592,60903,71142,71792,52538,58061,36609,47287,11494,21864,186,165,14261,13740,28380,25928,31905,32090,50232,51180,64086,65393,49706,54917,35219,45402,11079,21002,541966,412309,75983,63509,105485,97673,21336,41,44
2021-07-26T23:59:59+02:00,2259,2098,30187,29412,47512,42315,49542,48245,60527,60839,71090,71746,52512,58029,36597,47274,11492,21855,149,138,13898,13365,28020,25639,31289,31676,48673,49805,63109,64565,49501,54712,35152,45321,11069,20989,540731,404584,75980,63502,105481,97640,21300,41,44
2021-07-25T23:59:59+02:00,2013,1896,29368,28737,47118,41998,49254,47958,60293,60613,70906,71588,52455,57954,36570,47232,11491,21847,146,136,13804,13304,27922,25573,31205,31608,48552,49741,63021,64513,49478,54694,35145,45312,11069,20988,536542,403940,75980,63494,105474,97477,21256,41,44
2021-07-24T23:59:59+02:00,1932,1828,29112,28507,46969,41891,49135,47857,60135,60495,70776,71508,52406,57924,36552,47211,11489,21847,145,130,13670,13186,27722,25437,31043,31478,48338,49572,62856,64419,49434,54664,35130,45294,11067,20986,535844,403318,75977,63492,105473,97476,20241,41,44
2021-07-23T23:59:59+02:00,1817,1708,28782,28183,46726,41734,48880,47644,59883,60308,70573,71380,52330,57853,36533,47175,11485,21838,135,122,13417,12953,27292,25119,30659,31168,47733,49083,62526,64179,49349,54598,35108,45251,11062,20977,534843,400890,75602,63438,105462,97473,18886,41,44
2021-07-22T23:59:59+02:00,1805,1701,28700,28103,46586,41593,48664,47430,59705,60164,70453,71251,52287,57816,36517,47158,11485,21838,117,117,13187,12687,26951,24785,30305,30847,45804,47520,61719,63478,49253,54496,35070,45208,11059,20967,534523,394173,74453,63286,105419,97245,18822,41,44
2021-07-21T23:59:59+02:00,1771,1659,28436,27895,46198,41255,48072,46874,59120,59684,69996,70862,52116,57657,36460,47100,11476,21825,102,107,12761,12233,26366,24242,29729,30279,42067,44273,60231,62205,49084,54315,35006,45125,11049,20940,533964,382503,71183,62763,105265,96799,18005,41,44
2021-07-20T23:59:59+02:00,1748,1644,28316,27758,46133,41196,48023,46835,59064,59636,69942,70816,52082,57629,36443,47075,11471,21818,86,80,12262,11699,25628,23550,29074,29528,38613,41280,58684,60738,48880,54093,34925,45033,11031,20920,533272,372089,71161,59384,105247,96677,17910,41,44
2021-07-19T23:59:59+02:00,1743,1643,28288,27718,46110,41184,48008,46823,59051,59620,69930,70814,52080,57625,36443,47071,11469,21818,85,78,12213,11667,25561,23515,29038,29493,38568,41247,58643,60711,48876,54085,34924,45030,11028,20919,533125,371764,71160,59367,105230,96622,17884,41,44
2021-07-18T23:59:59+02:00,1739,1636,28263,27693,46085,41174,47996,46813,59044,59611,69923,70806,52078,57624,36442,47070,11469,21817,85,77,12150,11641,25476,23472,28978,29459,38507,41220,58583,60669,48874,54079,34921,45029,11028,20919,533002,371422,71158,59336,105221,96502,17863,41,44
2021-07-17T23:59:59+02:00,1739,1634,28241,27679,46072,41163,47983,46808,59036,59606,69915,70802,52074,57620,36441,47070,11469,21817,83,75,12122,11627,25441,23437,28943,29439,38484,41203,58546,60645,48864,54071,34919,45029,11028,20919,532922,371169,71157,59331,105218,96498,17833,41,44
2021-07-16T23:59:59+02:00,1724,1613,27976,27486,45782,40996,47751,46639,58735,59403,69682,70661,51967,57549,36397,47033,11464,21815,83,72,11872,11432,25105,23194,28635,29210,38083,40928,58036,60222,48727,53958,34867,44979,11022,20915,532605,369959,71156,59328,105085,96221,15788,41,44
2021-07-15T23:59:59+02:00,1626,1500,27512,27101,45521,40761,47602,46525,58594,59290,69578,70574,51926,57506,36382,47010,11463,21808,75,65,11570,11203,24621,22853,28267,28940,37689,40648,55985,58174,48556,53756,34808,44895,11014,20904,530276,363005,71154,59233,105077,96008,15733,41,44
2021-07-14T23:59:59+02:00,1459,1368,26945,26563,45215,40470,47397,46339,58410,59093,69418,70428,51864,57448,36357,46980,11457,21803,69,57,11376,11009,24212,22497,27913,28621,37165,40245,54764,56991,48417,53604,34758,44831,11006,20882,527102,359283,71148,57562,105058,95861,15667,41,44
2021-07-13T23:59:59+02:00,1172,1063,25994,25669,44723,40059,47039,46019,58087,58808,69145,70182,51753,57322,36314,46925,11453,21788,57,42,11032,10666,23681,21944,27289,28031,35782,39055,50624,53081,48053,53217,34627,44680,10989,20853,521720,349989,71141,52353,105055,95757,15560,41,44
2021-07-12T23:59:59+02:00,708,666,24618,24418,44165,39574,46839,45804,57874,58614,68962,70013,51691,57231,36297,46899,11451,21780,49,39,10795,10555,23475,21804,27036,27895,35531,38884,50180,52658,47978,53131,34596,44644,10989,20847,515842,348513,71140,52322,105049,94672,15535,40,44
2021-07-11T23:59:59+02:00,705,661,24598,24397,44134,39552,46821,45791,57860,58601,68948,70010,51689,57228,36294,46895,11450,21780,47,39,10699,10464,23254,21676,26767,27794,35220,38803,49465,52170,46491,51542,34506,44536,10989,20845,515753,347992,71136,52273,105033,89544,15454,40,44
2021-07-10T23:59:59+02:00,703,656,24591,24388,44129,39543,46818,45787,57854,58599,68948,70009,51689,57228,36294,46895,11450,21780,44,38,10686,10452,23232,21655,26753,27782,35198,38798,49451,52165,46476,51526,34504,44535,10989,20845,515713,347881,71134,52272,105032,89488,15444,40,44
2021-07-09T23:59:59+02:00,696,646,24140,23932,43853,39305,46751,45727,57793,58557,68897,69984,51672,57215,36291,46887,11449,21779,44,38,10604,10279,23136,21465,26691,27573,35129,38581,49385,52061,46454,51501,34500,44532,10989,20844,513960,346641,71129,52258,105025,89441,15422,40,44
2021-07-08T23:59:59+02:00,630,580,23057,22932,43059,38707,46501,45526,57586,58414,68700,69845,51594,57149,36263,46864,11447,21771,39,33,10347,10087,22759,21205,26293,27307,34648,38265,48776,51538,46116,51134,34430,44454,10982,20822,509299,343043,71102,52106,104967,88823,15219,40,44
2021-07-07T23:59:59+02:00,577,534,21735,21545,42319,38022,46276,45303,57346,58222,68534,69684,51510,57066,36225,46810,11439,21757,33,29,9973,9777,21887,20611,25181,26514,32810,36897,47855,50649,45616,50596,34323,44314,10974,20804,503920,338099,70929,47728,104946,87902,15071,40,43
2021-07-06T23:59:59+02:00,520,471,20503,20269,41469,37379,45797,44950,56950,57916,68206,69427,51411,56940,36181,46758,11431,21749,25,24,9580,9397,21018,20015,24215,25855,31325,35700,46652,49445,44834,49810,34187,44137,10961,20784,499448,330747,68995,45627,104926,86627,14920,40,43
2021-07-05T23:59:59+02:00,483,443,19089,18896,40602,36580,45578,44723,56766,57713,68045,69300,51355,56884,36160,46729,11429,21742,23,20,9286,9140,20460,19626,23545,25432,30685,35269,45892,48827,44078,49019,34057,43948,10952,20772,493727,324949,68991,45604,104918,85591,14844,39,43
2021-07-04T23:59:59+02:00,476,437,17298,16894,40263,36354,45490,44648,56680,57644,67964,69231,51322,56857,36150,46708,11427,21740,23,20,9224,9086,20319,19563,23372,25354,30421,35191,45095,48697,42711,47666,33978,43874,10950,20766,488903,324481,68965,45559,104902,81452,14775,39,43
2021-07-03T23:59:59+02:00,476,435,17276,16861,40213,36307,45471,44631,56675,57639,67956,69224,51320,56854,36150,46708,11427,21739,22,20,9179,9042,20250,19493,23309,25288,30338,35111,44874,48521,42642,47590,33933,43815,10947,20766,488704,323513,68963,45558,104901,81270,14756,39,43
2021-07-02T23:59:59+02:00,456,412,17159,16750,39748,35923,45355,44532,56621,57598,67907,69193,51308,56849,36144,46696,11427,21738,22,18,9016,8868,19925,19210,22918,24910,29920,34695,44247,47875,42438,47358,33834,43679,10941,20762,487192,320498,68945,44523,104899,80831,14742,39,42
2021-07-01T23:59:59+02:00,404,372,16853,16468,38017,34590,44781,44031,56358,57389,67732,69024,51228,56758,36116,46658,11424,21730,17,13,8639,8471,19061,18499,21948,24054,28533,33500,41212,44898,41440,46272,33219,42952,10924,20733,481713,312980,68869,39641,104877,77286,14436,39,42
2021-06-30T23:59:59+02:00,356,327,16565,16221,35835,32768,44159,43401,56131,57194,67529,68832,51147,56666,36087,46604,11420,21714,16,12,8277,8136,18385,17871,21059,23222,27251,32232,36563,40024,40361,45124,32558,42163,10903,20706,474880,302467,68823,33609,104857,74387,14358,39,42
2021-06-29T23:59:59+02:00,316,290,16339,16018,34842,31687,43706,42956,55950,57031,67358,68683,51070,56593,36048,46560,11412,21707,14,9,7693,7527,17254,16943,19802,22005,25549,30550,33814,36892,37511,42072,31813,41269,10879,20667,470676,286237,68815,33561,104843,68230,14194,39,41
2021-06-28T23:59:59+02:00,307,268,16190,15857,33131,30282,43385,42662,55783,56890,67241,68576,51024,56541,36030,46539,11409,21695,13,7,7389,7267,16695,16567,19409,21688,25039,30162,33224,36389,36133,40579,31025,40335,10875,20656,466267,283188,68790,33509,104822,62821,13893,39,41
2021-06-27T23:59:59+02:00,307,268,16169,15831,32979,30194,43319,42635,55745,56881,67213,68568,51020,56537,36027,46538,11409,21694,12,7,7345,7237,16557,16500,19243,21625,24837,30088,32994,36248,34874,39304,29395,38411,10874,20655,465947,283015,68786,33470,104816,55933,13747,39,41
2021-06-26T23:59:59+02:00,305,266,16145,15802,32955,30178,43273,42591,55720,56864,67207,68565,51019,56536,36025,46537,11409,21694,11,7,7340,7224,16537,16488,19226,21614,24805,30065,32974,36226,34860,39290,29393,38408,10874,20655,465708,282812,68783,33470,104816,55928,13746,39,41
2021-06-25T23:59:59+02:00,298,264,16084,15750,32836,30075,43078,42429,55663,56818,67165,68541,51009,56525,36021,46536,11409,21694,11,7,7151,6946,16251,15979,18956,20957,24435,29132,32585,35502,34698,39072,29370,38377,10874,20655,464856,280116,68778,33459,104799,53618,13724,39,41
2021-06-24T23:59:59+02:00,277,251,15810,15543,32374,29784,41607,41187,55197,56462,66931,68381,50954,56469,36005,46508,11404,21683,10,7,6829,6711,15546,15530,17504,19935,22349,27571,31479,34604,34291,38644,29246,38195,10862,20639,460282,270383,68773,33407,104795,53182,12939,39,41
2021-06-23T23:59:59+02:00,262,234,15527,15245,31869,29381,39508,39363,54654,55919,66681,68161,50865,56360,35965,46462,11399,21670,9,5,6621,6545,15186,15254,16977,19486,21462,26769,29775,33236,33532,37788,29055,37954,10855,20624,453215,262549,68720,33315,104790,52466,12762,39,41
2021-06-22T23:59:59+02:00,240,199,15146,14851,31204,28748,36075,36319,53743,55115,66378,67855,50759,56238,35926,46405,11395,21656,6,4,6438,6331,14783,14924,16174,18765,20044,25454,28169,31577,32730,36810,28515,37345,10837,20592,442290,252426,68686,33228,104783,51348,12455,39,41
2021-06-21T23:59:59+02:00,225,193,14903,14673,30521,28286,33917,34354,53278,54688,66199,67737,50678,56164,35901,46383,11390,21651,6,4,6341,6247,14622,14803,16002,18628,19921,25340,28056,31488,32574,36670,27304,36106,10837,20589,435463,251730,68664,33179,104757,48369,12219,39,41
2021-06-20T23:59:59+02:00,218,192,14777,14582,28621,26949,33306,33905,53189,54592,66130,67700,50655,56136,35893,46379,11389,21649,6,4,5885,5947,13679,14163,15167,18034,19364,24983,27738,31285,32407,36487,27277,36075,10835,20585,431081,246709,68659,33144,104754,48296,11731,38,41
2021-06-19T23:59:59+02:00,212,187,14752,14548,28503,26863,33276,33878,53167,54576,66114,67689,50649,56127,35891,46374,11388,21647,6,4,5672,5788,13117,13758,14561,17553,19034,24780,27543,31114,32328,36387,27260,36061,10835,20585,430667,243187,68657,33139,104754,48293,11726,38,41
2021-06-18T23:59:59+02:00,210,179,14662,14463,28395,26792,32024,32975,52800,54269,65980,67595,50618,56093,35873,46348,11384,21643,6,4,5605,5710,13016,13672,14395,17426,18797,24550,26722,30446,32121,36150,27194,35985,10831,20578,430158,240232,65691,33024,104743,48237,11674,38,41
2021-06-17T23:59:59+02:00,196,163,14282,14197,27807,26538,31535,32714,52011,53703,65555,67329,50537,55992,35839,46307,11378,21630,5,4,5224,5452,12232,13195,13604,16815,17707,23621,24564,28482,31478,35413,26995,35708,10814,20563,426949,231210,65683,32746,104719,47553,10326,37,41
2021-06-16T23:59:59+02:00,167,135,13852,13788,27345,26180,31091,32358,51200,53000,65100,66939,50418,55872,35810,46250,11367,21618,5,4,4859,5013,11516,12524,12810,16118,16603,22495,21591,25614,30406,34204,26698,35306,10799,20523,422082,217153,65637,32714,104711,47157,10024,37,40
2021-06-15T23:59:59+02:00,105,82,13218,13163,26598,25604,30311,31764,49948,51934,64389,66414,50240,55674,35743,46139,11358,21599,5,4,4361,4384,10551,11586,11655,14738,14872,20793,18159,22305,29031,32765,26310,34784,10774,20479,414376,198519,65615,32597,104705,46849,9551,37,40
2021-06-14T23:59:59+02:00,75,61,12812,12787,26188,25280,29648,31296,48154,50464,63338,65581,50024,55448,35666,46063,11350,21587,5,4,4260,4328,10374,11454,11513,14606,14693,20671,17962,22145,28957,32684,26292,34756,10770,20476,406499,198071,65605,32326,104705,46536,8977,37,40
2021-06-13T23:59:59+02:00,74,60,12767,12742,26115,25243,29585,31270,48098,50439,63303,65557,50019,55445,35664,46059,11349,21584,5,4,4104,4249,10047,11322,11189,14495,14393,20558,17561,21800,27442,31039,26151,34561,10766,20465,406290,197315,65529,27649,104698,46327,8820,37,40
2021-06-12T23:59:59+02:00,74,59,12749,12725,26100,25232,29573,31257,48038,50368,63260,65522,50018,55442,35664,46059,11349,21584,5,4,4101,4241,10032,11305,11180,14480,14374,20541,17539,21791,27401,30994,26146,34556,10766,20465,405993,197128,65528,27647,104696,46286,8820,37,40
2021-06-11T23:59:59+02:00,72,56,12649,12598,25973,25117,29448,31131,47800,50142,63128,65403,49994,55416,35653,46048,11347,21582,5,4,4008,3970,9514,10114,10751,13570,14086,19982,17267,21313,26993,30569,26054,34474,10763,20463,404718,196081,65518,27641,104655,41508,8630,37,40
2021-06-10T23:59:59+02:00,64,49,12407,12377,25649,24831,29102,30862,46725,49126,62392,64832,49909,55320,35619,45996,11337,21569,5,3,3738,3600,8745,8870,9858,11926,12780,17216,15474,17702,25267,28644,25757,34167,10757,20439,399823,190538,65461,27202,104453,28776,8393,37,39
2021-06-09T23:59:59+02:00,50,37,12111,12055,25238,24427,28705,30468,44711,47302,61303,63892,49805,55197,35572,45942,11332,21551,5,3,3487,3475,8318,8615,9346,11606,12263,16822,14761,17101,21427,24320,25530,33865,10745,20413,391840,178935,65332,26853,104451,28237,8039,37,38
2021-06-08T23:59:59+02:00,44,26,11679,11514,24567,23802,28046,29802,41540,44457,59525,62255,49634,55006,35498,45851,11322,21529,5,3,3278,3339,7917,8361,8725,11233,11600,16401,14101,16456,16040,18359,25138,33340,10727,20383,379150,163722,65269,26518,104441,27931,7201,37,34
2021-06-07T23:59:59+02:00,39,19,11515,11318,24215,23525,27762,29594,38913,42526,59095,61892,49600,54975,35486,45830,11320,21523,5,3,3182,3269,7613,8191,8406,11056,11027,15949,13597,15977,15962,18279,25107,33289,10725,20376,373478,163402,64842,24696,104432,27522,6359,37,34
2021-06-06T23:59:59+02:00,36,18,11379,11213,23896,23292,27551,29422,37319,41343,58970,61814,49576,54946,35479,45816,11320,21521,5,3,3082,3217,7338,8100,8138,10886,10284,15266,12997,15356,15809,18167,25093,33266,10723,20376,373075,163280,61467,21529,104421,27352,5912,37,33
2021-06-05T23:59:59+02:00,34,17,11360,11193,23852,23252,27514,29395,37289,41329,58870,61730,49566,54939,35477,45814,11320,21518,5,3,3069,3205,7313,8065,8106,10868,10251,15250,12950,15333,15687,18002,25088,33258,10722,20375,372730,162835,61464,21528,104421,27336,5818,37,33
2021-06-04T23:59:59+02:00,34,15,11178,10934,23491,22783,27235,28999,36859,40880,58249,61190,49532,54898,35468,45796,11318,21512,5,2,3044,3190,7286,8046,8082,10848,10220,15226,12915,15300,15474,17794,25077,33237,10720,20374,370923,162246,59195,21515,104407,27238,5810,37,31
2021-06-03T23:59:59+02:00,32,14,10958,10716,23026,22392,26807,28665,35759,40052,55486,58841,49402,54738,35425,45732,11313,21497,5,2,2952,3111,7077,7891,7625,10550,9189,14591,11662,14594,14288,16321,24897,33020,10708,20355,366964,158878,54272,17778,104356,26925,5227,37,30
2021-06-02T23:59:59+02:00,32,14,10920,10679,22989,22358,26772,28638,35724,40011,55357,58683,49389,54713,35419,45725,11313,21496,5,2,2910,3081,7020,7869,7563,10513,9031,14550,11434,14529,12927,14833,24779,32847,10704,20348,366368,155039,54266,17767,104355,26901,5208,36,30
2021-06-01T23:59:59+02:00,19,7,10502,10331,22331,21847,26087,28059,35002,39429,52354,55535,49000,54305,35300,45562,11297,21470,5,2,2454,2724,5667,7187,6290,9937,7631,13878,10297,13566,8611,9261,24299,32164,10681,20294,355604,136822,54084,17397,104336,26321,4378,36,30
2021-05-31T23:59:59+02:00,18,6,10222,10102,21755,21451,25679,27810,34679,39226,50902,54136,48901,54181,35266,45521,11290,21462,5,2,2345,2606,5377,6942,6026,9715,7265,13638,10039,13405,8560,9199,24273,32115,10673,20281,350862,136043,54037,17276,104311,25755,3362,36,30
2021-05-30T23:59:59+02:00,17,6,10165,10052,21660,21410,25614,27775,34567,39156,50536,53795,48876,54156,35260,45515,11288,21459,5,2,2307,2576,5270,6862,5926,9646,7077,13550,9812,13308,8513,9149,24257,32108,10672,20276,349672,135443,54015,17102,104294,25450,3291,36,30
2021-05-29T23:59:59+02:00,16,6,10151,10040,21626,21390,25597,27762,34546,39143,50523,53777,48872,54152,35257,45514,11288,21459,5,2,2286,2526,5227,6735,5865,9513,6960,13352,9673,13086,8442,9057,24190,32041,10671,20275,349514,135160,54015,17049,104273,24385,3282,36,30
2021-05-28T23:59:59+02:00,16,6,10090,9971,21550,21278,25515,27641,34468,39043,50444,53678,48849,54134,35248,45506,11288,21455,5,2,2204,2259,4614,6200,5240,8793,6593,12389,9177,12091,8263,8858,23818,31559,10670,20272,348655,133651,54002,16952,104214,19100,3275,35,29
2021-05-27T23:59:59+02:00,15,6,9820,9723,21022,20901,24970,27280,33944,38665,49830,53067,48677,53943,35178,45432,11284,21435,3,2,1961,1992,4039,5682,4563,8190,6082,11619,8229,10764,7757,8197,22251,29403,10654,20250,344363,127973,53589,15822,104110,14718,3096,35,29
2021-05-26T23:59:59+02:00,15,6,9541,9475,20304,20336,24097,26609,32681,37638,49065,52361,48423,53654,35102,45321,11272,21411,3,1,1903,1919,3940,5555,4429,8024,5875,11357,7903,10379,7193,7468,19809,25968,10634,20206,339643,119462,50623,15569,104057,14553,2954,35,28
2021-05-25T23:59:59+02:00,14,6,9276,9239,19889,19979,23658,26216,32169,37120,48171,51382,48125,53336,35016,45180,11260,21382,3,1,1838,1869,3820,5455,4289,7874,5666,11131,7587,10056,6566,6626,15665,20569,10613,20148,334050,107209,50540,15526,103984,14203,2810,35,28
2021-05-24T23:59:59+02:00,14,6,9060,9079,19320,19687,22883,25828,30660,36107,47946,51211,48033,53236,34987,45150,11258,21381,3,1,1812,1851,3772,5424,4223,7832,5600,11071,7510,9999,6539,6600,15651,20560,10613,20148,332462,107085,46750,15512,103923,13908,2677,35,27
2021-05-23T23:59:59+02:00,14,6,8852,8872,18964,19395,22460,25481,30239,35786,47355,50699,47599,52781,34884,45004,11250,21372,3,1,1810,1850,3762,5419,4218,7826,5589,11063,7499,9989,6533,6588,15651,20558,10613,20148,327636,107020,46748,15510,103921,13889,2674,35,27
2021-05-22T23:59:59+02:00,14,6,8820,8834,18913,19352,22413,25450,30186,35755,47247,50628,47580,52758,34881,44995,11247,21372,3,1,1808,1846,3749,5407,4214,7820,5584,11056,7492,9985,6530,6585,15648,20557,10613,20148,327087,106981,46748,15510,103921,13867,2661,35,27
2021-05-21T23:59:59+02:00,13,6,8543,8479,18471,18837,22049,24805,29759,34946,46758,49959,47491,52633,34843,44952,11244,21367,3,1,1743,1806,3672,5369,4169,7784,5551,11009,7449,9935,6500,6559,15569,20460,10612,20147,321870,106661,46717,15509,103897,13504,2637,35,27
2021-05-20T23:59:59+02:00,12,6,7971,7934,17526,18043,21041,23890,28438,33742,45009,48133,47051,52171,34735,44797,11226,21348,3,1,1443,1642,3361,5078,3903,7396,5251,10531,7066,9481,6265,6300,14251,18911,10589,20108,310260,102888,46629,15023,103669,11162,2481,35,26
2021-05-19T23:59:59+02:00,12,6,7706,7621,16922,17440,20138,23013,27205,32480,43212,46043,46520,51616,34585,44575,11205,21316,3,1,1377,1559,3161,4864,3692,7143,5024,10179,6769,9151,5979,5964,12033,16048,10571,20047,299109,96624,46585,14544,103623,10108,2264,35,25
2021-05-18T23:59:59+02:00,11,6,7179,7081,15772,16419,18869,21766,25698,30849,40521,42807,45690,50669,34349,44271,11180,21274,3,1,1354,1534,3100,4791,3616,7022,4889,10047,6588,8939,5713,5687,10324,13867,10547,19993,283324,91471,45382,14491,103514,9870,2158,34,25
2021-05-17T23:59:59+02:00,11,6,7100,7017,15587,16306,18652,21599,25296,30520,38770,41169,45579,50588,34301,44206,11170,21250,3,1,1320,1511,3043,4744,3551,6962,4819,9943,6493,8838,5671,5647,10310,13849,10543,19985,283095,91398,40616,14210,103468,9684,1916,33,25
2021-05-16T23:59:59+02:00,10,5,6985,6964,15465,16217,18521,21491,25114,30405,35786,38403,45543,50553,34279,44182,11167,21245,3,1,1297,1492,2999,4704,3501,6903,4734,9873,6399,8758,5640,5610,10297,13833,10541,19982,282811,91347,34468,13944,103347,9574,1677,33,25
2021-05-15T23:59:59+02:00,10,5,6960,6933,15404,16160,18475,21449,25046,30360,35750,38362,45520,50526,34272,44177,11167,21245,3,1,1284,1465,2967,4633,3482,6834,4715,9792,6376,8708,5634,5606,10292,13832,10541,19982,282325,91289,34467,13939,103333,9230,1664,33,25
2021-05-14T23:59:59+02:00,10,4,6787,6562,15055,15665,18161,21028,24708,29899,35503,38012,45491,50495,34262,44172,11167,21243,3,1,1225,1404,2886,4530,3429,6732,4650,9640,6293,8578,5605,5561,10279,13822,10541,19981,281254,91198,34315,13918,101026,8423,1597,33,24
2021-05-13T23:59:59+02:00,10,4,6432,6235,14299,15082,17450,20394,23847,29157,34734,37339,45204,50151,34183,44049,11163,21232,3,1,1055,1318,2690,4417,3312,6609,4508,9467,6169,8431,5562,5522,10261,13804,10537,19976,274836,91036,33983,13837,100809,7440,1307,31,22
2021-05-12T23:59:59+02:00,10,4,6035,5964,13327,14415,16432,19589,23181,28720,34427,37055,45022,49955,34152,44018,11160,21229,3,1,1051,1316,2683,4409,3294,6604,4503,9457,6160,8426,5554,5515,10258,13799,10535,19975,268597,90971,33972,13825,100805,7435,1291,31,21
2021-05-11T23:59:59+02:00,10,4,5657,5739,12736,13963,14634,18148,20224,26194,32111,34726,43966,48697,33826,43546,11131,21179,3,0,989,1241,2565,4234,3184,6364,4385,9168,6043,8199,5482,5435,10216,13737,10527,19957,251302,90492,33692,13605,100358,6503,1109,31,20
2021-05-10T23:59:59+02:00,10,4,5508,5639,12465,13836,14278,17923,19419,25624,30734,33703,43436,48082,33768,43457,11123,21160,3,0,946,1182,2466,4071,3090,6164,4259,8905,5919,8000,5443,5402,10204,13720,10523,19948,245816,90378,33479,13544,100048,5508,795,31,20
2021-05-09T23:59:59+02:00,10,4,5105,5401,11282,13307,13277,17561,18389,25292,30189,33413,43380,48009,33742,43443,11120,21152,3,0,921,1150,2367,3964,3001,6026,4128,8729,5825,7896,5434,5388,10197,13715,10518,19944,240497,90330,33404,13502,99706,4917,438,31,19
2021-05-08T23:59:59+02:00,10,4,5093,5393,11260,13287,13253,17541,18359,25260,30148,33369,43372,47998,33741,43439,11120,21152,3,0,917,1143,2354,3957,2996,6026,4124,8723,5822,7893,5431,5385,10194,13710,10518,19944,240228,90304,33402,13502,99705,4882,433,31,19
2021-05-07T23:59:59+02:00,10,4,4992,5309,11032,13119,12964,17319,17753,24660,29198,32476,43178,47757,33685,43367,11116,21146,3,0,887,1112,2320,3902,2951,5976,4071,8669,5738,7840,5383,5337,10181,13701,10518,19943,237721,90167,31515,13498,99597,4626,222,30,19
2021-05-06T23:59:59+02:00,10,4,4577,5024,10364,12701,12204,16652,16155,23215,26651,30082,42477,47009,33518,43130,11100,21125,3,0,828,1055,2186,3654,2783,5666,3876,8196,5540,7518,5331,5283,10158,13673,10516,19937,228950,89982,28173,13185,98780,2952,65,30,19
2021-05-05T23:59:59+02:00,10,4,4269,4793,9761,12254,11484,16066,15054,22186,23801,27319,41495,45902,33235,42744,11082,21083,3,0,812,1031,2123,3530,2725,5510,3783,7985,5444,7382,5280,5228,10121,13632,10514,19934,215913,89712,27987,13047,98558,2204,55,29,19
2021-05-04T23:59:59+02:00,10,4,3921,4341,9096,11563,10711,15226,13750,20935,20197,23913,40146,44440,32861,42222,11059,21044,3,0,794,1000,2054,3414,2654,5375,3690,7832,5347,7258,5241,5182,10090,13603,10512,19931,198864,89486,27969,12748,98530,1679,48,28,19
2021-05-03T23:59:59+02:00,10,4,3678,3922,8688,11070,10229,14601,13213,20280,19472,23263,39879,44188,32782,42118,11056,21029,3,0,780,970,1986,3313,2595,5267,3629,7717,5295,7171,5225,5169,10074,13585,10509,19926,193001,89340,27957,12737,98465,1087,31,28,19
2021-05-02T23:59:59+02:00,10,4,3676,3920,8667,11061,10219,14591,13191,20268,19454,23251,39875,44185,32781,42117,11055,21029,3,0,776,952,1955,3232,2548,5171,3582,7592,5275,7106,5221,5165,10073,13581,10509,19924,192901,89320,27944,12705,98456,597,25,28,18
2021-05-01T23:59:59+02:00,10,4,3673,3913,8654,11047,10210,14580,13183,20265,19440,23243,39875,44182,32780,42117,11055,21029,3,0,775,952,1953,3232,2547,5171,3582,7592,5275,7106,5221,5165,10073,13581,10508,19924,192810,89318,27942,12703,98456,597,24,28,18
2021-04-30T23:59:59+02:00,10,3,3650,3888,8610,11012,10166,14540,13121,20225,19338,23090,39606,43858,32759,42096,11054,21029,3,0,770,946,1938,3224,2546,5163,3578,7585,5273,7099,5218,5162,10069,13580,10508,19924,191882,89291,27672,12700,98450,555,23,28,17
2021-04-29T23:59:59+02:00,10,3,3382,3713,8174,10742,9617,14255,12621,19860,18600,22359,36541,40406,32496,41730,11043,20993,3,0,757,932,1888,3163,2496,5097,3512,7444,5182,6999,5177,5127,10046,13537,10506,19918,186316,89082,21840,12544,98342,122,20,27,16
2021-04-28T23:59:59+02:00,10,3,3215,3647,7906,10632,9221,14081,12241,19625,18115,21926,32754,36090,32278,41429,11030,20971,3,0,740,915,1861,3124,2451,5048,3474,7387,5116,6935,5111,5065,9994,13478,10503,19908,175149,88866,21687,12103,98296,114,15,27,15
2021-04-27T23:59:59+02:00,9,3,3135,3581,7644,10504,8868,13907,11756,19400,17634,21434,27183,29897,31902,40923,11009,20938,3,0,730,901,1829,3088,2415,5002,3420,7328,5061,6859,5061,4995,9958,13425,10499,19899,159790,88652,21665,11680,98230,112,15,27,14
2021-04-26T23:59:59+02:00,9,3,3078,3545,7500,10439,8700,13846,11525,19334,17109,21046,27146,29863,31888,40908,11009,20938,3,0,707,869,1759,3029,2347,4946,3352,7235,4963,6754,4961,4920,9880,13341,10497,19896,159201,88518,21447,10802,97197,111,15,26,13
2021-04-25T23:59:59+02:00,9,3,3041,3528,7340,10388,8463,13796,11192,19290,16276,20577,25592,28199,31834,40844,11009,20935,3,0,707,868,1753,3024,2339,4943,3346,7227,4959,6745,4957,4915,9872,13330,10497,19896,158714,88494,21438,10764,92123,95,15,26,13
2021-04-24T23:59:59+02:00,9,3,3037,3521,7325,10373,8451,13788,11177,19280,16253,20559,25546,28136,31831,40838,11008,20934,3,0,707,868,1753,3023,2339,4943,3344,7227,4959,6745,4957,4913,9870,13329,10497,19896,158499,88486,21434,10764,92095,95,15,26,13
2021-04-23T23:59:59+02:00,9,3,3019,3503,7284,10329,8404,13746,11109,19220,16191,20495,25124,27631,31798,40782,11005,20931,3,0,697,860,1735,3014,2323,4913,3292,7188,4859,6647,4817,4790,9698,13130,10491,19881,157305,88191,21297,10026,91940,94,15,26,12
2021-04-22T23:59:59+02:00,8,3,2938,3424,7091,10144,7865,13338,9897,18422,14635,19446,23106,25200,31585,40514,10986,20901,3,0,632,810,1622,2901,2196,4747,3132,7015,4674,6446,4660,4616,9185,12472,10454,19802,152491,86269,15997,8996,90977,75,15,23,12
2021-04-21T23:59:59+02:00,8,3,2886,3376,6966,10056,7653,13182,9528,18181,14162,18998,20589,22061,31283,40125,10967,20875,3,0,582,785,1543,2822,2109,4656,3005,6872,4511,6282,4476,4436,8613,11704,10408,19709,145474,84464,15221,7958,90166,67,15,23,12
2021-04-20T23:59:59+02:00,8,3,2846,3337,6859,9966,7514,13069,9276,17962,13669,18606,17197,17995,30968,39649,10950,20840,3,0,552,749,1470,2758,2022,4576,2903,6750,4376,6121,4287,4240,7743,10484,10338,19558,136610,81520,14974,7323,89092,62,15,23,10
2021-04-19T23:59:59+02:00,8,3,2831,3328,6811,9925,7461,13033,9200,17889,13530,18488,16860,17612,30934,39613,10948,20835,3,0,493,709,1347,2662,1922,4478,2768,6592,4178,5930,4032,3939,5883,8035,10119,19153,136281,75626,14778,6535,88212,58,15,23,9
2021-04-18T23:59:59+02:00,8,3,2815,3314,6734,9899,7356,12981,9002,17823,12690,18358,15446,16204,30866,39551,10944,20828,3,0,487,703,1336,2654,1907,4467,2735,6563,4117,5879,3956,3868,5468,7401,10071,19069,136058,74120,14635,6486,84091,54,15,23,9
2021-04-17T23:59:59+02:00,8,3,2804,3309,6716,9876,7325,12960,8970,17784,12657,18338,15394,16154,30813,39481,10943,20828,3,0,487,700,1336,2652,1906,4463,2731,6558,4114,5875,3954,3865,5463,7400,10070,19068,135703,74083,14631,6484,83991,54,15,23,9
2021-04-16T23:59:59+02:00,8,3,2791,3295,6683,9861,7271,12918,8895,17732,12549,18233,15145,15872,30294,38832,10940,20820,3,0,486,697,1331,2648,1897,4460,2725,6552,4106,5867,3948,3859,5446,7371,10068,19066,134167,73982,14623,6472,83315,52,15,22,9
2021-04-15T23:59:59+02:00,8,3,2738,3240,6551,9764,7081,12740,8551,17459,12073,17766,14085,14649,28172,36021,10921,20797,3,0,477,691,1327,2622,1883,4436,2702,6522,4064,5815,3890,3784,5413,7317,10060,19053,128236,73659,14348,6335,79999,42,14,22,9
2021-04-14T23:59:59+02:00,7,1,2682,3188,6456,9669,6935,12580,8278,17191,11639,17306,12903,13263,23452,29939,10900,20741,3,0,473,684,1313,2612,1870,4417,2680,6497,4022,5777,3842,3731,5350,7261,10029,19015,115831,73353,14313,6179,76951,22,14,21,8
2021-04-13T23:59:59+02:00,7,1,2631,3152,6328,9584,6782,12445,8000,16940,11212,16881,10238,10339,20363,25762,10876,20697,3,0,456,660,1266,2568,1818,4354,2573,6397,3840,5614,3630,3546,5198,7122,10020,18992,107377,73003,14120,5014,70706,18,14,21,8
2021-04-12T23:59:59+02:00,7,1,2610,3139,6268,9555,6675,12359,7807,16811,10963,16670,8874,8845,19541,24788,10874,20688,3,0,450,652,1247,2550,1801,4329,2539,6358,3790,5562,3566,3498,5163,7081,10015,18970,107246,72863,14065,4673,65129,16,14,21,8
2021-04-11T23:59:59+02:00,7,1,2582,3128,6170,9529,6559,12322,7642,16760,10761,16567,7599,7568,17810,22809,10872,20685,3,0,449,652,1246,2548,1801,4328,2539,6358,3786,5557,3561,3497,5157,7079,10015,18970,107170,72850,14058,4661,58109,14,13,21,8
2021-04-10T23:59:59+02:00,7,1,2580,3126,6160,9524,6550,12317,7636,16755,10754,16559,7590,7556,17800,22802,10872,20685,3,0,449,648,1243,2544,1800,4325,2537,6354,3782,5556,3552,3483,5149,7064,10015,18970,107083,72786,14058,4654,58100,14,12,21,8
2021-04-09T23:59:59+02:00,7,1,2518,3027,6024,9317,6395,12055,7380,16348,10441,16063,7431,7348,17681,22623,10871,20683,3,0,444,643,1225,2531,1774,4307,2505,6303,3703,5474,3433,3373,5006,6966,10010,18968,106603,72695,14028,3941,55549,12,12,21,8
2021-04-08T23:59:59+02:00,7,1,2439,2956,5928,9197,6291,11925,7208,16164,10185,15875,7233,7087,16414,21162,10861,20652,3,0,436,637,1209,2497,1748,4270,2476,6231,3648,5408,3355,3326,4925,6861,9988,18922,102940,72240,13675,3670,54938,11,11,21,8
2021-04-07T23:59:59+02:00,7,1,2411,2920,5855,9125,6198,11851,7075,16062,9942,15723,6935,6760,14086,18209,10840,20605,3,0,430,635,1198,2484,1735,4246,2462,6191,3580,5349,3282,3272,4866,6799,9979,18892,96764,71952,13514,3422,54297,10,11,19,8
2021-04-06T23:59:59+02:00,7,1,2394,2890,5755,9058,6108,11771,6921,15949,9699,15541,6580,6398,11974,15587,10813,20546,3,0,426,628,1189,2457,1724,4223,2436,6153,3515,5285,3196,3223,4820,6747,9973,18874,91705,71706,13214,3140,53045,10,9,19,7
2021-04-05T23:59:59+02:00,7,1,2386,2880,5735,9041,6097,11752,6905,15929,9679,15514,6454,6298,10697,14289,10812,20545,3,0,422,620,1185,2442,1718,4207,2420,6121,3482,5244,3167,3184,4799,6702,9966,18856,91620,71511,13177,3003,50198,9,8,18,7
2021-04-04T23:59:59+02:00,7,1,2386,2879,5732,9037,6095,11752,6903,15929,9677,15513,6449,6293,10697,14287,10812,20545,3,0,422,619,1185,2441,1718,4207,2419,6121,3482,5244,3166,3184,4796,6702,9965,18854,91610,71502,13174,3002,50185,9,8,17,7
2021-04-03T23:59:59+02:00,7,1,2383,2872,5725,9029,6089,11747,6898,15925,9674,15510,6446,6288,10690,14284,10812,20545,3,0,422,619,1185,2441,1718,4207,2419,6121,3482,5243,3166,3184,4796,6702,9965,18854,91550,71501,13172,3002,50178,9,8,17,7
2021-04-02T23:59:59+02:00,7,1,2381,2870,5720,9022,6086,11744,6893,15924,9670,15507,6442,6281,10675,14255,10811,20544,3,0,419,617,1184,2441,1717,4206,2417,6121,3481,5236,3141,3167,4786,6693,9965,18854,91463,71423,13169,3001,50177,9,8,16,7
2021-04-01T23:59:59+02:00,7,1,2360,2867,5690,8992,6043,11701,6852,15869,9614,15451,6348,6184,10377,13906,10788,20495,3,0,417,601,1181,2435,1710,4195,2401,6104,3454,5215,3073,3116,4723,6616,9887,18736,90471,70846,13146,2998,49905,9,7,16,7
2021-03-31T23:59:59+02:00,7,1,2326,2840,5615,8924,5974,11606,6750,15757,9480,15318,6205,6041,9825,13156,10741,20401,3,0,411,595,1175,2423,1703,4179,2394,6091,3434,5181,3041,3083,4673,6558,9829,18634,88478,70392,12931,2996,49538,9,4,16,6
2021-03-30T23:59:59+02:00,7,1,2306,2822,5568,8865,5911,11530,6676,15658,9383,15174,6017,5825,8910,11808,10663,20218,3,0,409,590,1171,2419,1690,4162,2375,6069,3400,5137,2983,3014,4581,6460,9697,18392,85378,69682,12549,2854,49398,9,3,14,4
2021-03-29T23:59:59+02:00,6,1,2239,2767,5465,8752,5801,11382,6508,15428,9147,14919,5656,5450,6957,9272,10437,19788,3,0,401,587,1160,2408,1676,4150,2349,6042,3370,5081,2913,2946,4458,6354,9489,18052,79252,68709,11741,2714,48966,9,3,13,4
2021-03-28T23:59:59+02:00,6,1,2217,2754,5421,8691,5726,11304,6420,15342,9029,14799,5530,5297,6308,8332,10370,19670,3,0,391,579,1144,2392,1649,4123,2302,5981,3314,4991,2829,2866,4342,6208,9413,17911,76935,68240,11482,2188,48784,5,3,13,2
2021-03-27T23:59:59+01:00,6,1,2216,2747,5412,8685,5722,11289,6405,15320,9018,14787,5502,5270,6297,8329,10370,19668,3,0,391,579,1142,2391,1648,4118,2298,5978,3305,4984,2823,2863,4326,6183,9331,17762,76827,67928,11482,2187,48719,5,3,13,2
2021-03-26T23:59:59+01:00,6,1,2199,2726,5375,8647,5683,11238,6327,15249,8868,14637,5335,5120,6126,8147,10367,19659,3,0,387,571,1134,2378,1632,4089,2270,5942,3271,4930,2762,2799,4137,5923,8612,16563,76479,65244,10642,2149,48575,5,3,11,2
2021-03-25T23:59:59+01:00,6,0,2082,2646,5197,8431,5481,10961,6121,14946,8626,14348,5171,4967,6029,8025,10364,19651,3,0,378,556,1114,2352,1609,4059,2224,5884,3196,4851,2663,2692,3759,5427,7448,14790,76018,61068,9687,1929,47334,4,2,11,2
2021-03-24T23:59:59+01:00,6,0,1998,2598,5046,8270,5319,10768,5955,14707,8419,14117,5030,4808,5915,7907,10358,19640,3,0,374,544,1101,2324,1576,4004,2165,5818,3107,4750,2526,2578,3325,4805,6023,12526,75635,55963,8524,1578,46689,4,2,11,2
2021-03-23T23:59:59+01:00,6,0,1922,2546,4933,8147,5218,10627,5834,14516,8300,13948,4947,4724,5848,7847,10351,19621,3,0,363,518,1082,2289,1543,3946,2121,5728,3025,4658,2437,2484,2872,4160,4068,9237,75239,49098,7776,1429,46307,3,2,11,2
2021-03-22T23:59:59+01:00,6,0,1860,2482,4795,8012,5082,10450,5673,14284,8108,13735,4839,4609,5778,7739,10334,19581,2,0,336,501,1054,2251,1498,3872,2055,5617,2923,4506,2320,2331,2338,3459,1466,4966,74735,40302,6738,1188,45882,1,2,10,2
2021-03-21T23:59:59+01:00,6,0,1858,2476,4784,7999,5067,10439,5657,14267,8078,13710,4817,4594,5761,7726,10329,19580,2,0,335,501,1049,2237,1489,3843,2037,5579,2897,4456,2279,2282,2296,3418,1449,4920,74710,40160,6685,904,45741,1,2,10,2
2021-03-20T23:59:59+01:00,6,0,1858,2476,4782,7998,5066,10437,5656,14266,8070,13704,4815,4591,5753,7717,10329,19580,2,0,335,500,1049,2237,1489,3843,2037,5579,2895,4455,2278,2279,2296,3418,1448,4920,74695,40156,6683,899,45714,1,2,10,2
2021-03-19T23:59:59+01:00,6,0,1804,2232,4274,6717,4659,9455,5386,13706,7848,13301,4688,4491,5682,7650,10328,19580,2,0,334,500,1049,2237,1489,3842,2036,5578,2894,4455,2276,2278,2290,3411,1446,4917,74631,40137,6670,892,40494,1,2,10,2
2021-03-18T23:59:59+01:00,6,0,1748,1978,3858,5660,4130,8078,4570,11166,6487,9965,4318,4189,5475,7426,10307,19541,2,0,333,497,1042,2224,1480,3817,2009,5540,2869,4431,2255,2262,2265,3382,1441,4908,74191,39944,6606,808,28094,1,2,9,2
2021-03-17T23:59:59+01:00,6,0,1742,1969,3846,5633,4113,8048,4546,11100,6436,9890,4278,4142,5431,7380,10299,19513,1,0,330,496,1038,2216,1474,3808,2002,5525,2859,4404,2228,2233,2243,3367,1434,4892,73920,39786,6540,759,27901,1,2,9,2
2021-03-16T23:59:59+01:00,6,0,1717,1936,3786,5551,4042,7942,4419,10938,6228,9692,4053,3952,5288,7221,10292,19489,1,0,327,492,1037,2197,1469,3795,1993,5509,2850,4384,2218,2218,2230,3337,1425,4861,73606,39609,5261,729,27674,1,2,9,2
2021-03-15T23:59:59+01:00,6,0,1707,1915,3762,5514,4016,7904,4368,10869,6148,9606,3966,3885,5231,7159,10283,19462,1,0,324,488,1028,2181,1461,3789,1977,5473,2832,4356,2203,2186,2205,3272,1414,4822,73371,39388,4893,621,27528,1,0,9,2
2021-03-14T23:59:59+01:00,6,0,1701,1905,3754,5504,4011,7887,4359,10838,6139,9583,3958,3874,5225,7151,10282,19460,1,0,324,488,1026,2181,1456,3786,1974,5471,2814,4350,2197,2183,2194,3261,1409,4820,73335,39380,4876,552,27417,1,0,9,2
2021-03-13T23:59:59+01:00,6,0,1697,1899,3739,5480,4004,7876,4339,10827,6124,9567,3955,3871,5222,7148,10282,19460,1,0,324,488,1026,2181,1456,3786,1974,5470,2814,4349,2196,2182,2194,3259,1400,4813,73308,39358,4871,552,27308,1,0,9,2
2021-03-12T23:59:59+01:00,5,0,1659,1841,3231,5334,3488,7759,4205,10702,5898,9275,3785,3724,5078,7034,10256,19411,1,0,319,466,1022,2151,1448,3761,1954,5399,2761,4264,2016,2027,2134,3209,1393,4807,73084,38586,4135,544,25457,0,0,9,2
2021-03-11T23:59:59+01:00,5,0,1553,1702,2849,5073,3048,7501,3924,10288,5265,8382,3555,3549,4969,6912,10216,19355,1,0,318,465,1019,2138,1445,3741,1947,5380,2752,4247,2009,2019,2119,3192,1387,4786,72497,38459,3868,504,21774,0,0,7,2
2021-03-10T23:59:59+01:00,5,0,1521,1668,2809,5028,3010,7442,3868,10200,5155,8265,3429,3443,4851,6797,10168,19288,1,0,316,464,1018,2135,1441,3730,1943,5366,2740,4226,1990,2011,2092,3159,1377,4771,72077,38371,3535,407,21328,0,0,7,2
2021-03-09T23:59:59+01:00,5,0,1511,1652,2772,4999,2988,7398,3829,10140,5073,8186,3328,3355,4767,6708,10059,19076,1,0,313,463,1014,2127,1434,3717,1917,5344,2698,4196,1947,1986,2038,3130,1365,4761,71467,38339,3264,110,21109,0,0,6,2
2021-03-08T23:59:59+01:00,5,0,1495,1637,2743,4970,2959,7367,3805,10092,5049,8124,3286,3315,4690,6646,9878,18772,1,0,312,463,1012,2123,1426,3701,1900,5311,2679,4168,1928,1967,2011,3107,1358,4742,70661,38189,3256,18,20910,0,0,6,2
2021-03-07T23:59:59+01:00,5,0,1482,1626,2713,4927,2924,7319,3769,10031,5007,8065,3252,3281,4624,6544,9800,18626,1,0,312,462,1011,2122,1425,3695,1897,5301,2678,4163,1924,1964,2007,3103,1354,4733,70120,38134,3202,16,20668,0,0,5,2
2021-03-06T23:59:59+01:00,5,0,1481,1625,2708,4915,2921,7310,3761,10024,4989,8049,3242,3271,4601,6505,9709,18454,1,0,312,462,1009,2119,1425,3693,1891,5292,2676,4161,1919,1956,2001,3101,1353,4730,69724,38084,3202,16,20639,0,0,5,1
2021-03-05T23:59:59+01:00,5,0,1408,1549,2609,4754,2864,7152,3676,9817,4889,7853,3192,3211,4381,6215,8988,17244,1,0,312,462,1007,2117,1421,3688,1889,5291,2673,4155,1911,1952,1996,3098,1348,4726,67031,38030,3199,16,19572,0,0,5,1
2021-03-04T23:59:59+01:00,5,0,1234,1442,2443,4554,2695,6881,3508,9473,4631,7511,3075,3085,4016,5756,7793,15400,1,0,310,454,998,2093,1405,3648,1861,5238,2645,4107,1883,1927,1963,3043,1320,4680,62765,37559,3196,16,17536,0,0,5,1
2021-03-03T23:59:59+01:00,5,0,1200,1389,2367,4446,2634,6758,3422,9306,4533,7367,2988,3015,3633,5150,6373,13168,1,0,306,445,987,2070,1393,3620,1847,5188,2590,4052,1833,1891,1935,3010,1304,4649,57618,37104,3168,16,16964,0,0,4,1
2021-03-02T23:59:59+01:00,5,0,1167,1350,2307,4387,2585,6666,3340,9182,4396,7218,2873,2890,3145,4479,4323,9757,1,0,301,435,982,2043,1380,3578,1832,5133,2558,4025,1823,1875,1915,2982,1290,4621,50470,36757,2917,16,16680,0,0,3,1
2021-03-01T23:59:59+01:00,5,0,1107,1321,2245,4326,2512,6578,3245,9053,4254,7030,2739,2754,2569,3730,1545,5207,1,0,300,432,975,2031,1369,3560,1824,5118,2545,4009,1805,1864,1899,2962,1279,4592,41245,36548,2526,16,16446,0,0,3,1
2021-02-28T23:59:59+01:00,5,0,1071,1306,2204,4290,2482,6533,3197,8996,4192,6971,2674,2706,2520,3699,1537,5187,1,0,300,431,972,2024,1367,3547,1821,5104,2539,4000,1798,1853,1886,2950,1271,4577,41148,36424,2232,16,16187,0,0,3,1
2021-02-27T23:59:59+01:00,5,0,1030,1224,2136,4049,2424,6299,3134,8698,4102,6718,2619,2649,2500,3675,1534,5187,1,0,300,431,971,2024,1367,3547,1821,5103,2538,4000,1798,1852,1884,2949,1271,4577,41040,36417,2231,16,14709,0,0,3,1
2021-02-26T23:59:59+01:00,4,0,864,974,1938,3661,2264,5638,2918,7780,3792,5927,2571,2595,2481,3659,1530,5184,1,0,300,431,971,2020,1365,3545,1819,5102,2536,3999,1798,1849,1877,2948,1269,4570,41021,36383,2142,16,10614,0,0,3,1
2021-02-25T23:59:59+01:00,4,0,531,817,1661,3461,2084,5333,2722,7383,3564,5626,2489,2515,2440,3598,1526,5169,1,0,291,410,946,1967,1334,3474,1787,5021,2507,3935,1773,1821,1837,2902,1240,4530,40826,35762,1880,13,8215,0,0,2,1
2021-02-24T23:59:59+01:00,3,0,510,798,1626,3363,2020,5201,2662,7201,3497,5485,2421,2468,2403,3569,1516,5133,1,0,282,405,930,1936,1320,3420,1774,4960,2483,3890,1762,1803,1828,2883,1228,4499,40631,35399,1709,4,7534,0,0,2,1
2021-02-23T23:59:59+01:00,3,0,489,760,1566,3259,1965,5060,2584,7070,3412,5380,2360,2410,2364,3510,1501,5098,1,0,280,401,925,1920,1313,3390,1765,4928,2462,3857,1742,1783,1808,2847,1212,4443,40474,35073,1435,3,6880,0,0,2,1
2021-02-22T23:59:59+01:00,2,0,473,729,1512,3159,1925,4920,2525,6851,3351,5235,2349,2311,2348,3430,1495,5053,1,0,279,398,922,1908,1305,3363,1747,4892,2447,3826,1722,1764,1780,2816,1197,4394,40257,34759,1169,1,6240,0,0,2,1
2021-02-21T23:59:59+01:00,2,0,464,690,1453,3015,1877,4770,2473,6691,3268,5132,2313,2278,2320,3410,1485,5047,1,0,279,397,919,1900,1304,3354,1742,4881,2443,3817,1720,1762,1779,2814,1197,4393,40213,34700,936,1,5537,0,0,2,1
2021-02-20T23:59:59+01:00,2,0,458,684,1444,3011,1872,4770,2470,6688,3263,5128,2310,2277,2320,3409,1483,5046,1,0,279,397,919,1899,1304,3353,1742,4881,2441,3816,1719,1761,1776,2814,1196,4391,40207,34687,931,1,5495,0,0,2,1
2021-02-19T23:59:59+01:00,1,0,435,647,1415,2949,1844,4713,2429,6588,3176,5010,2129,2114,2256,3360,1478,5040,1,0,277,396,918,1897,1303,3352,1742,4876,2438,3815,1718,1760,1774,2813,1196,4390,39453,34664,911,1,5218,0,0,2,1
2021-02-18T23:59:59+01:00,1,0,408,590,1310,2708,1740,4470,2292,6326,3072,4829,2100,2098,2240,3343,1473,5029,1,0,277,390,911,1864,1294,3312,1724,4828,2419,3777,1707,1748,1757,2801,1184,4370,39375,34362,837,1,3815,0,0,2,1
2021-02-17T23:59:59+01:00,1,0,391,558,1272,2577,1683,4295,2223,6085,3012,4680,2081,2079,2216,3323,1459,5019,1,0,266,373,875,1777,1250,3183,1664,4669,2344,3642,1628,1678,1681,2689,1131,4249,39220,33099,786,0,2946,0,0,2,1
2021-02-16T23:59:59+01:00,1,0,373,528,1219,2458,1633,4161,2144,5900,2931,4544,2072,2074,2208,3316,1453,5006,1,0,258,356,854,1695,1195,3045,1601,4466,2271,3463,1577,1623,1617,2586,1099,4112,39157,31818,755,0,2107,0,0,2,1
2021-02-15T23:59:59+01:00,1,0,363,506,1148,2318,1588,4086,2112,5847,2903,4503,2053,2058,2183,3285,1445,4985,1,0,252,337,830,1650,1163,2969,1545,4327,2198,3343,1500,1558,1559,2473,1052,3922,39050,30678,640,0,1692,0,0,2,1
2021-02-14T23:59:59+01:00,1,0,354,500,1124,2263,1525,3925,2071,5754,2872,4464,2047,2055,2171,3275,1442,4978,1,0,246,332,812,1621,1147,2929,1503,4275,2160,3313,1484,1537,1534,2436,1035,3876,39031,30240,571,0,1217,0,0,2,1
2021-02-13T23:59:59+01:00,1,0,354,500,1123,2263,1525,3924,2069,5753,2872,4464,2046,2053,2170,3275,1441,4975,1,0,246,332,811,1621,1147,2929,1502,4273,2160,3313,1482,1534,1533,2435,1035,3875,39020,30228,571,0,1216,0,0,1,1
2021-02-12T23:59:59+01:00,1,0,346,496,1105,2255,1520,3911,2064,5745,2869,4458,2032,2043,2164,3262,1436,4972,1,0,244,331,805,1616,1141,2920,1486,4255,2142,3300,1469,1518,1518,2403,1028,3838,38954,30014,563,0,1161,0,0,1,1
2021-02-11T23:59:59+01:00,1,0,323,472,1041,2159,1467,3784,1970,5481,2784,4339,2001,2010,2124,3194,1406,4914,1,0,223,303,754,1511,1061,2696,1360,3898,1953,2994,1280,1305,1344,2123,913,3466,38555,27184,526,0,388,0,0,1,1
2021-02-10T23:59:59+01:00,1,0,317,463,1020,2120,1428,3706,1916,5319,2690,4159,1930,1960,2076,3152,1384,4888,1,0,198,260,661,1323,932,2307,1174,3295,1710,2573,1117,1126,1192,1872,793,3092,38140,23625,386,0,2,0,0,1,1
2021-02-09T23:59:59+01:00,1,0,311,451,1012,2089,1413,3654,1872,5253,2624,4104,1872,1920,2004,3097,1363,4866,1,0,165,200,560,1062,782,1860,967,2683,1440,2159,965,965,993,1581,669,2641,37838,19692,65,0,2,0,0,1,1
2021-02-08T23:59:59+01:00,1,0,309,449,1009,2082,1402,3638,1864,5230,2604,4087,1858,1909,1985,3080,1357,4841,1,0,116,165,459,847,618,1441,768,2034,1161,1671,773,789,792,1246,532,2158,37682,15570,20,0,2,0,0,1,1
2021-02-07T23:59:59+01:00,1,0,309,449,1007,2081,1401,3633,1861,5227,2597,4084,1852,1900,1969,3072,1353,4833,1,0,106,146,410,703,544,1266,688,1818,1064,1523,696,708,709,1122,455,1914,37611,13872,17,0,0,0,0,1,1
2021-02-06T23:59:59+01:00,1,0,309,449,1006,2080,1401,3630,1861,5225,2597,4081,1852,1899,1964,3070,1350,4831,1,0,105,145,405,700,539,1242,672,1799,1053,1501,693,704,704,1118,454,1910,37588,13745,17,0,0,0,0,1,0
2021-02-05T23:59:59+01:00,1,0,309,448,1004,2076,1397,3621,1857,5211,2591,4075,1851,1898,1956,3061,1340,4817,1,0,101,137,389,682,522,1212,640,1747,1003,1438,656,653,655,1044,427,1816,37495,13123,17,0,0,0,0,1,0
2021-02-04T23:59:59+01:00,1,0,301,431,993,2044,1378,3567,1837,5134,2576,4027,1835,1877,1929,3026,1320,4784,1,0,77,106,288,461,363,819,456,1185,691,979,510,478,507,825,339,1454,37042,9539,17,0,0,0,0,1,0
2021-02-03T23:59:59+01:00,1,0,297,422,974,2018,1362,3529,1823,5085,2542,3984,1815,1854,1914,3002,1306,4768,1,0,60,82,243,393,293,641,347,925,533,729,341,333,369,585,247,1067,36678,7189,17,0,0,0,0,1,0
2021-02-02T23:59:59+01:00,1,0,292,415,968,1989,1354,3496,1812,5038,2519,3949,1797,1838,1886,2960,1284,4717,0,0,40,63,186,310,245,488,265,741,385,560,237,216,235,390,167,703,36297,5231,17,0,0,0,0,1,0
2021-02-01T23:59:59+01:00,1,0,291,413,963,1981,1351,3481,1804,5017,2510,3930,1789,1827,1872,2945,1280,4702,0,0,20,39,137,224,169,313,169,492,241,323,119,109,102,189,78,314,36139,3038,17,0,0,0,0,1,0
2021-01-31T23:59:59+01:00,1,0,290,412,961,1973,1348,3472,1801,4998,2506,3916,1785,1819,1868,2937,1277,4692,0,0,19,34,119,196,151,271,152,411,203,278,100,95,94,161,70,274,36038,2628,17,0,0,0,0,1,0
2021-01-30T23:59:59+01:00,1,0,290,412,961,1973,1348,3472,1801,4998,2506,3916,1784,1819,1868,2936,1277,4691,0,0,19,34,118,196,151,268,149,408,202,278,99,94,94,161,70,274,36035,2615,17,0,0,0,0,1,0
2021-01-29T23:59:59+01:00,1,0,288,409,960,1971,1347,3464,1795,4989,2503,3913,1778,1812,1859,2924,1270,4669,0,0,17,33,116,186,142,260,137,380,170,251,72,70,84,139,63,238,35934,2358,17,0,0,0,0,1,0
2021-01-28T23:59:59+01:00,1,0,285,400,941,1916,1323,3400,1770,4927,2475,3850,1756,1790,1827,2893,1251,4633,0,0,1,0,11,20,8,20,11,45,8,22,6,4,7,10,3,15,35422,191,15,0,0,0,0,1,0
2021-01-27T23:59:59+01:00,1,0,279,382,908,1835,1287,3286,1709,4804,2415,3750,1699,1741,1782,2825,1212,4545,0,0,1,0,6,6,5,12,7,19,4,12,4,4,7,10,3,14,34448,114,11,0,0,0,0,1,0
2021-01-26T23:59:59+01:00,1,0,274,372,898,1820,1273,3246,1691,4748,2384,3683,1666,1708,1743,2752,1194,4453,0,0,1,0,6,6,5,12,7,19,4,12,4,4,7,10,3,14,33898,114,7,0,0,0,0,1,0
2021-01-25T23:59:59+01:00,1,0,263,348,857,1701,1203,3082,1600,4477,2278,3475,1605,1655,1686,2664,1144,4266,0,0,1,0,2,3,1,4,4,2,4,5,4,4,6,9,2,14,32301,65,3,0,0,0,0,1,0
2021-01-24T23:59:59+01:00,1,0,259,345,846,1681,1193,3059,1569,4444,2252,3454,1594,1646,1674,2652,1138,4258,0,0,1,0,2,2,1,4,4,2,4,5,4,4,6,9,2,14,32061,64,3,0,0,0,0,1,0
2021-01-23T23:59:59+01:00,1,0,259,345,845,1681,1192,3058,1569,4440,2251,3453,1593,1646,1673,2651,1137,4253,0,0,1,0,2,2,1,4,4,2,4,5,4,4,6,9,2,14,32043,64,3,0,0,0,0,1,0
2021-01-22T23:59:59+01:00,1,0,258,343,838,1678,1188,3053,1566,4433,2238,3448,1581,1634,1667,2632,1131,4231,0,0,1,0,2,2,1,4,4,2,4,5,4,4,6,9,2,14,31917,64,3,0,0,0,0,0,0
2021-01-21T23:59:59+01:00,1,0,246,332,811,1610,1163,2926,1510,4271,2158,3313,1482,1530,1530,2464,1046,4040,0,0,1,0,1,2,1,4,4,2,4,5,4,3,5,9,1,14,30430,60,3,0,0,0,0,0,0
2021-01-20T23:59:59+01:00,1,0,224,291,737,1455,1071,2608,1377,3812,1985,2958,1359,1382,1406,2266,968,3799,0,0,1,0,1,2,1,4,4,2,3,5,4,3,5,9,1,14,27697,59,2,0,0,0,0,0,0
2021-01-19T23:59:59+01:00,1,0,193,234,635,1207,926,2163,1154,3195,1696,2527,1174,1178,1170,1922,806,3227,0,0,1,0,1,1,1,2,4,1,2,5,4,3,5,9,1,14,23406,54,2,0,0,0,0,0,0
2021-01-18T23:59:59+01:00,1,0,137,185,502,947,714,1647,886,2326,1319,1915,912,946,935,1516,630,2576,0,0,0,0,0,0,0,0,0,0,1,2,2,1,0,0,0,0,18093,6,1,0,0,0,0,0,0
2021-01-17T23:59:59+01:00,1,0,123,160,443,776,629,1424,784,2073,1204,1724,845,867,851,1378,556,2356,0,0,0,0,0,0,0,0,0,0,0,1,0,0,0,0,0,0,16194,1,0,0,0,0,0,0,0
2021-01-16T23:59:59+01:00,1,0,122,159,439,775,627,1416,774,2069,1195,1718,843,862,846,1367,548,2340,0,0,0,0,0,0,0,0,0,0,0,0,0,0,0,0,0,0,16101,0,0,0,0,0,0,0,0
2021-01-15T23:59:59+01:00,1,0,111,152,426,754,600,1377,742,1991,1133,1636,799,808,799,1278,517,2215,0,0,0,0,0,0,0,0,0,0,0,0,0,0,0,0,0,0,15339,0,0,0,0,0,0,0,0
2021-01-14T23:59:59+01:00,1,0,78,113,305,488,399,891,512,1285,776,1074,584,560,580,943,399,1686,0,0,0,0,0,0,0,0,0,0,0,0,0,0,0,0,0,0,10674,0,0,0,0,0,0,0,0
2021-01-13T23:59:59+01:00,1,0,60,86,255,410,323,675,379,982,569,764,368,357,394,638,284,1176,0,0,0,0,0,0,0,0,0,0,0,0,0,0,0,0,0,0,7721,0,0,0,0,0,0,0,0
2021-01-12T23:59:59+01:00,0,0,49,70,207,350,259,548,279,809,414,599,248,228,245,426,191,788,0,0,0,0,0,0,0,0,0,0,0,0,0,0,0,0,0,0,5710,0,0,0,0,0,0,0,0
2021-01-11T23:59:59+01:00,0,0,33,51,179,300,212,445,220,649,304,422,151,131,140,259,106,452,0,0,0,0,0,0,0,0,0,0,0,0,0,0,0,0,0,0,4054,0,0,0,0,0,0,0,0
2021-01-10T23:59:59+01:00,0,0,25,42,157,251,183,367,179,537,254,361,130,110,125,214,94,362,0,0,0,0,0,0,0,0,0,0,0,0,0,0,0,0,0,0,3391,0,0,0,0,0,0,0,0
2021-01-09T23:59:59+01:00,0,0,25,42,156,249,182,364,177,531,253,360,129,109,125,214,94,362,0,0,0,0,0,0,0,0,0,0,0,0,0,0,0,0,0,0,3372,0,0,0,0,0,0,0,0
2021-01-08T23:59:59+01:00,0,0,23,40,153,239,174,354,164,500,223,334,105,93,119,198,87,335,0,0,0,0,0,0,0,0,0,0,0,0,0,0,0,0,0,0,3141,0,0,0,0,0,0,0,0
2021-01-07T23:59:59+01:00,0,0,2,0,6,10,8,15,10,7,18,11,10,11,14,21,3,35,0,0,0,0,0,0,0,0,0,0,0,0,0,0,0,0,0,0,181,0,0,0,0,0,0,0,0
2021-01-06T23:59:59+01:00,0,0,1,0,3,4,1,7,5,2,4,6,6,4,7,10,1,16,0,0,0,0,0,0,0,0,0,0,0,0,0,0,0,0,0,0,77,0,0,0,0,0,0,0,0
2021-01-05T23:59:59+01:00,0,0,1,0,3,3,1,6,5,2,4,5,6,4,6,10,1,15,0,0,0,0,0,0,0,0,0,0,0,0,0,0,0,0,0,0,72,0,0,0,0,0,0,0,0
2021-01-04T23:59:59+01:00,0,0,1,0,2,3,1,5,4,2,4,5,6,4,5,9,1,15,0,0,0,0,0,0,0,0,0,0,0,0,0,0,0,0,0,0,67,0,0,0,0,0,0,0,0
2021-01-03T23:59:59+01:00,0,0,1,0,2,2,1,5,4,2,4,5,5,4,5,9,1,15,0,0,0,0,0,0,0,0,0,0,0,0,0,0,0,0,0,0,65,0,0,0,0,0,0,0,0
2021-01-02T23:59:59+01:00,0,0,1,0,2,2,1,5,4,2,4,5,5,4,5,9,1,15,0,0,0,0,0,0,0,0,0,0,0,0,0,0,0,0,0,0,65,0,0,0,0,0,0,0,0
2021-01-01T23:59:59+01:00,0,0,1,0,2,2,1,4,4,2,4,5,5,4,5,9,1,15,0,0,0,0,0,0,0,0,0,0,0,0,0,0,0,0,0,0,64,0,0,0,0,0,0,0,0
2020-12-31T23:59:59+01:00,0,0,1,0,2,2,1,4,4,2,4,5,5,4,5,9,1,15,0,0,0,0,0,0,0,0,0,0,0,0,0,0,0,0,0,0,64,0,0,0,0,0,0,0,0
2020-12-30T23:59:59+01:00,0,0,1,0,2,2,1,4,4,2,3,5,5,4,5,9,1,15,0,0,0,0,0,0,0,0,0,0,0,0,0,0,0,0,0,0,63,0,0,0,0,0,0,0,0
2020-12-29T23:59:59+01:00,0,0,0,0,1,1,1,2,4,1,2,5,5,4,5,9,1,15,0,0,0,0,0,0,0,0,0,0,0,0,0,0,0,0,0,0,56,0,0,0,0,0,0,0,0
2020-12-28T23:59:59+01:00,0,0,0,0,1,1,1,1,2,0,1,5,4,1,1,0,0,2,0,0,0,0,0,0,0,0,0,0,0,0,0,0,0,0,0,0,20,0,0,0,0,0,0,0,0
2020-12-27T23:59:59+01:00,0,0,0,0,1,1,1,1,2,0,0,3,2,0,1,0,0,2,0,0,0,0,0,0,0,0,0,0,0,0,0,0,0,0,0,0,14,0,0,0,0,0,0,0,0
