Datum,<15_m,<15_w,15-24_1_m,15-24_1_w,25-34_1_m,25-34_1_w,35-44_1_m,35-44_1_w,45-54_1_m,45-54_1_w,55-64_1_m,55-64_1_w,65-74_1_m,65-74_1_w,75-84_1_m,75-84_1_w,>84_1_m,>84_1_w,<24_2_m,<24_2_w,25-34_2_m,25-34_2_w,35-44_2_m,35-44_2_w,45-54_2_m,45-54_2_w,55-64_2_m,55-64_2_w,65-74_2_m,65-74_2_w,75-84_2_m,75-84_2_w,>84_2_m,>84_2_w,bp_1,bp_2,mo_1,mo_2,az_1,az_2,ja,unb_1,unb_2
2021-08-11T23:59:59+02:00,3000,2777,32416,31321,48915,43579,50562,49209,61406,61721,71818,72415,52729,58301,36423,47211,11098,21097,19521,18880,38727,34426,44524,43112,56277,56559,67352,68095,50536,55787,35214,45521,10726,20305,549951,477482,76789,66295,105429,100161,23796,33,23
2021-08-10T23:59:59+02:00,2984,2758,32366,31279,48881,43551,50533,49178,61389,61682,71780,72371,52707,58285,36414,47188,11097,21092,18510,17932,36722,32625,43675,42259,55838,56174,66981,67762,50393,55640,35157,45428,10721,20287,549507,467572,76789,66293,105428,100150,23778,33,23
2021-08-09T23:59:59+02:00,2968,2751,32337,31256,48861,43537,50508,49162,61372,61666,71763,72357,52698,58276,36409,47178,11095,21091,17180,16617,33972,30357,43040,41659,55446,55828,66665,67450,50261,55503,35108,45382,10716,20269,549282,456169,76789,66291,105424,100138,23757,33,23
2021-08-08T23:59:59+02:00,2965,2751,32325,31246,48853,43532,50503,49157,61366,61659,71760,72356,52697,58274,36409,47175,11095,21090,17154,16588,33951,30345,43004,41627,55434,55815,66656,67445,50256,55498,35107,45379,10715,20268,549232,455987,76789,66286,105413,100119,23746,33,23
2021-08-07T23:59:59+02:00,2964,2746,32318,31236,48850,43524,50498,49157,61363,61656,71753,72354,52696,58272,36408,47175,11095,21090,17127,16558,33923,30326,42971,41597,55414,55798,66645,67438,50250,55496,35105,45379,10715,20267,549183,455760,76789,66283,105413,100118,23737,33,23
2021-08-06T23:59:59+02:00,2879,2654,31980,31021,48599,43333,50249,48937,61082,61453,71482,72192,52564,58169,36355,47124,11092,21081,16925,16426,33224,29854,42506,41233,55077,55575,66338,67266,50120,55403,35056,45344,10712,20260,549102,454102,75723,66005,105413,100116,21975,33,23
2021-08-05T23:59:59+02:00,2833,2617,31840,30910,48506,43246,50172,48886,61030,61412,71432,72151,52539,58150,36346,47107,11090,21079,16703,16183,31397,28444,41489,40306,54806,55230,66127,67097,50055,55328,35033,45305,10705,20251,548265,447431,75721,65934,105407,99995,21920,33,23
2021-08-04T23:59:59+02:00,2762,2544,31609,30730,48327,43120,50023,48782,60954,61337,71373,72100,52511,58111,36333,47093,11087,21074,16445,15944,31049,28224,40306,39236,54419,54906,65956,66948,49992,55245,35004,45278,10702,20244,547052,443168,75720,65915,105406,99922,21667,25,22
2021-08-03T23:59:59+02:00,2580,2368,31111,30274,48084,42878,49852,48592,60797,61167,71229,71954,52458,58040,36311,47065,11077,21060,16017,15508,30472,27706,38612,37646,53737,54269,65624,66642,49897,55118,34956,45227,10697,20235,544167,435633,75720,65910,105404,99903,21581,25,22
2021-08-02T23:59:59+02:00,2469,2272,30799,29992,47887,42697,49701,48464,60691,61064,71142,71873,52426,58008,36289,47046,11076,21057,15713,15235,30135,27357,36484,35843,53184,53764,65420,66467,49825,55033,34934,45200,10695,20232,542244,428847,75718,65907,105401,99793,21565,25,21
2021-08-01T23:59:59+02:00,2466,2269,30786,29987,47870,42688,49689,48456,60680,61054,71134,71867,52421,58000,36285,47046,11076,21057,15593,15116,30001,27246,34183,33992,52888,53515,65330,66399,49786,54993,34927,45182,10694,20230,542191,423427,75716,65904,105355,99772,21544,25,21
2021-07-31T23:59:59+02:00,2466,2269,30782,29983,47868,42686,49687,48456,60679,61054,71134,71865,52418,57998,36285,47046,11076,21056,15579,15105,29970,27227,34170,33985,52870,53507,65317,66394,49782,54988,34927,45181,10693,20229,542173,423284,75716,65903,105355,99769,21539,25,21
2021-07-30T23:59:59+02:00,2452,2264,30736,29939,47837,42665,49663,48431,60645,61025,71099,71846,52409,57988,36285,47046,11076,21054,15426,14813,29714,26919,33994,33741,52675,53225,65155,66195,49738,54942,34916,45171,10693,20228,542000,422935,75711,65894,105353,97912,21371,25,21
2021-07-29T23:59:59+02:00,2423,2244,30577,29848,47754,42605,49612,48365,60584,60984,71054,71800,52390,57969,36277,47030,11073,21049,15120,14540,29402,26708,32734,32809,51902,52617,64801,65933,49640,54851,34874,45114,10688,20220,541343,420275,75705,63207,105341,97768,21224,25,21
2021-07-28T23:59:59+02:00,2379,2207,30427,29740,47674,42539,49539,48296,60515,60906,70991,71744,52365,57932,36259,47010,11072,21044,14719,14170,28963,26394,32365,32482,51189,52009,64416,65607,49547,54750,34840,45057,10672,20202,540418,416161,75701,63154,105335,97380,21160,25,21
2021-07-27T23:59:59+02:00,2300,2134,30188,29473,47523,42367,49395,48163,60408,60783,70894,71659,52309,57872,36232,46972,11064,21037,14086,13525,28218,25785,31637,31841,49948,50929,63695,65046,49361,54547,34773,44942,10665,20184,538615,407971,75691,63128,105329,97287,21113,25,21
2021-07-26T23:59:59+02:00,2239,2080,29992,29241,47406,42240,49322,48081,60345,60720,70844,71614,52285,57840,36221,46959,11062,21028,13724,13152,27871,25499,31022,31434,48396,49567,62720,64220,49156,54343,34706,44861,10655,20172,537404,400296,75688,63123,105325,97257,21077,25,21
2021-07-25T23:59:59+02:00,1993,1879,29173,28571,47018,41931,49038,47799,60112,60500,70663,71457,52229,57766,36194,46917,11061,21021,13632,13093,27777,25437,30937,31369,48277,49505,62633,64172,49135,54327,34700,44853,10655,20171,533258,399677,75688,63116,105318,97097,21033,25,21
2021-07-24T23:59:59+02:00,1913,1812,28920,28342,46867,41827,48921,47703,59957,60382,70534,71377,52181,57736,36177,46896,11059,21021,13497,12983,27574,25305,30778,31244,48067,49337,62470,64077,49092,54297,34685,44835,10653,20169,532572,399074,75686,63113,105318,97095,20024,25,21
2021-07-23T23:59:59+02:00,1801,1691,28590,28018,46624,41677,48669,47493,59709,60193,70332,71250,52106,57665,36158,46859,11055,21012,13246,12762,27141,24992,30402,30941,47471,48848,62142,63842,49009,54231,34663,44791,10648,20160,531580,396683,75312,63060,105307,97093,18678,25,21
2021-07-22T23:59:59+02:00,1789,1684,28512,27941,46488,41538,48460,47284,59535,60055,70216,71122,52063,57629,36142,46842,11055,21012,13019,12512,26807,24661,30053,30625,45551,47292,61339,63142,48913,54129,34625,44748,10645,20150,531289,390010,74164,62911,105268,96872,18621,25,21
2021-07-21T23:59:59+02:00,1756,1646,28250,27737,46108,41208,47872,46730,58957,59577,69762,70738,51895,57468,36085,46787,11046,20999,12593,12077,26234,24120,29482,30060,41839,44066,59862,61883,48746,53950,34562,44666,10635,20123,530750,378424,70912,62406,105116,96430,17818,25,21
2021-07-20T23:59:59+02:00,1733,1631,28130,27603,46046,41151,47826,46692,58904,59529,69709,70694,51861,57441,36069,46761,11042,20991,12098,11547,25497,23430,28833,29313,38392,41080,58317,60425,48543,53730,34481,44574,10617,20103,530072,368065,70892,59021,105100,96308,17724,25,21
2021-07-19T23:59:59+02:00,1728,1630,28102,27568,46025,41138,47815,46679,58891,59514,69697,70692,51859,57437,36069,46758,11040,20991,12053,11519,25435,23397,28803,29281,38348,41048,58277,60398,48539,53722,34480,44571,10614,20102,529929,367755,70892,59008,105087,96259,17700,25,21
2021-07-18T23:59:59+02:00,1724,1625,28077,27542,46001,41129,47801,46666,58885,59504,69690,70683,51857,57436,36068,46756,11040,20990,11991,11494,25352,23358,28743,29248,38288,41021,58217,60357,48537,53718,34477,44570,10614,20102,529801,367423,70890,58978,105077,96139,17681,25,21
2021-07-17T23:59:59+02:00,1724,1623,28058,27529,45986,41120,47792,46662,58878,59499,69683,70679,51852,57433,36067,46756,11040,20990,11964,11483,25319,23322,28711,29228,38268,41004,58183,60333,48527,53710,34475,44570,10614,20102,529725,367176,70890,58976,105077,96137,17654,25,21
2021-07-16T23:59:59+02:00,1709,1604,27793,27341,45704,40957,47569,46489,58580,59298,69452,70538,51746,57360,36023,46720,11035,20988,11711,11289,24991,23084,28413,28998,37873,40730,57676,59911,48391,53597,34423,44520,10608,20098,529414,365979,70889,58973,104953,95863,15625,25,21
2021-07-15T23:59:59+02:00,1611,1491,27330,26956,45448,40722,47423,46376,58441,59187,69350,70453,51707,57319,36008,46698,11034,20982,11418,11063,24511,22739,28050,28727,37481,40453,55635,57870,48221,53397,34366,44436,10600,20087,527110,359055,70886,58888,104944,95652,15571,25,21
2021-07-14T23:59:59+02:00,1448,1360,26776,26432,45145,40435,47225,46193,58261,58991,69190,70308,51648,57261,35982,46668,11028,20977,11232,10878,24107,22387,27698,28409,36958,40053,54419,56697,48085,53248,34316,44372,10592,20065,523989,355369,70880,57230,104925,95506,15509,25,21
2021-07-13T23:59:59+02:00,1164,1059,25828,25537,44652,40027,46869,45875,57939,58709,68916,70061,51535,57136,35939,46614,11024,20962,10887,10541,23575,21843,27082,27826,35582,38862,50298,52803,47724,52860,34188,44224,10575,20037,518627,346146,70873,52035,104921,95399,15400,25,21
2021-07-12T23:59:59+02:00,700,662,24449,24279,44092,39547,46670,45660,57726,58514,68735,69891,51473,57046,35921,46589,11022,20954,10654,10433,23370,21705,26831,27691,35339,38695,49858,52385,47651,52775,34158,44189,10575,20031,512742,344697,70872,52009,104917,94322,15374,25,21
2021-07-11T23:59:59+02:00,697,657,24428,24259,44063,39527,46652,45649,57713,58503,68722,69889,51472,57043,35918,46585,11021,20954,10558,10348,23154,21583,26567,27592,35031,38613,49146,51900,46168,51194,34068,44083,10575,20029,512659,344194,70869,51964,104905,89217,15294,25,21
2021-07-10T23:59:59+02:00,695,652,24421,24253,44058,39519,46649,45646,57706,58502,68722,69888,51472,57043,35918,46585,11021,20954,10546,10339,23130,21564,26553,27583,35008,38608,49133,51895,46154,51178,34066,44082,10575,20029,512625,344090,70866,51963,104903,89161,15285,25,21
2021-07-09T23:59:59+02:00,688,642,23974,23793,43783,39282,46580,45586,57647,58461,68672,69863,51456,57031,35914,46577,11020,20954,10469,10168,23036,21376,26492,27374,34942,38392,49069,51792,46132,51154,34062,44079,10575,20029,510874,342867,70863,51950,104899,89118,15262,25,21
2021-07-08T23:59:59+02:00,622,575,22899,22793,42984,38681,46328,45385,57439,58318,68475,69725,51379,56967,35886,46554,11018,20946,10215,9977,22660,21124,26100,27112,34466,38081,48464,51274,45796,50789,33992,44002,10568,20007,506206,339304,70838,51802,104841,88503,15064,25,21
2021-07-07T23:59:59+02:00,570,527,21579,21401,42249,37993,46110,45166,57202,58131,68309,69567,51294,56885,35849,46501,11011,20932,9842,9672,21785,20534,25001,26322,32630,36715,47547,50388,45296,50252,33888,43863,10561,19989,500841,334377,70667,47427,104817,87590,14926,25,21
2021-07-06T23:59:59+02:00,512,464,20353,20122,41404,37348,45637,44817,56809,57829,67987,69312,51195,56762,35805,46450,11003,20923,9451,9293,20924,19940,24041,25668,31142,35521,46359,49194,44518,49473,33754,43687,10548,19969,496381,327078,68749,45324,104795,86321,14782,25,21
2021-07-05T23:59:59+02:00,476,436,18949,18742,40547,36547,45421,44597,56629,57627,67826,69184,51140,56707,35784,46421,11001,20916,9163,9039,20364,19558,23375,25250,30504,35094,45601,48581,43763,48684,33624,43499,10539,19957,490683,321307,68746,45302,104792,85293,14710,19,21
2021-07-04T23:59:59+02:00,469,430,17162,16704,40204,36318,45333,44524,56545,57558,67747,69115,51107,56681,35774,46401,10999,20914,9103,8987,20226,19493,23201,25172,30250,35015,44809,48454,42400,47338,33546,43425,10537,19951,485835,320848,68716,45257,104775,81179,14640,19,21
2021-07-03T23:59:59+02:00,469,429,17141,16684,40154,36270,45317,44509,56538,57554,67741,69108,51105,56678,35774,46401,10999,20913,9060,8946,20160,19425,23142,25109,30166,34936,44589,48278,42332,47264,33501,43366,10534,19951,485652,319893,68714,45256,104774,81001,14625,19,21
2021-07-02T23:59:59+02:00,448,406,17027,16579,39686,35896,45204,44412,56485,57512,67693,69078,51094,56672,35768,46389,10999,20912,8901,8780,19832,19147,22757,24731,29747,34524,43963,47633,42130,47036,33403,43230,10529,19947,484158,316904,68698,44221,104772,80567,14613,19,21
2021-07-01T23:59:59+02:00,397,366,16721,16300,37957,34563,44637,43914,56227,57305,67522,68910,51014,56582,35740,46350,10995,20904,8529,8388,18971,18444,21794,23880,28362,33338,40940,44672,41135,45957,32792,42504,10512,19918,478697,309441,68624,39342,104749,77043,14315,19,21
2021-06-30T23:59:59+02:00,349,323,16431,16054,35772,32740,44016,43287,56005,57110,67321,68720,50932,56490,35711,46296,10991,20888,8172,8052,18303,17820,20913,23052,27088,32082,36313,39811,40058,44816,32130,41717,10491,19893,471860,298989,68581,33323,104730,74156,14246,19,21
2021-06-29T23:59:59+02:00,310,286,16211,15854,34769,31660,43568,42843,55823,56951,67152,68571,50856,56417,35674,46251,10983,20881,7592,7446,17173,16888,19663,21836,25395,30412,33572,36694,37212,41776,31391,40831,10468,19855,467671,282832,68573,33276,104716,68015,14081,19,19
2021-06-28T23:59:59+02:00,300,266,16070,15698,33049,30235,43248,42549,55660,56812,67035,68466,50810,56364,35656,46230,10980,20869,7290,7185,16623,16513,19271,21522,24887,30028,32981,36196,35835,40290,30604,39896,10464,19844,463250,279787,68551,33226,104693,62629,13784,19,19
2021-06-27T23:59:59+02:00,300,266,16048,15675,32895,30147,43186,42520,55623,56803,67009,68458,50805,56360,35653,46229,10980,20868,7246,7158,16485,16446,19107,21460,24685,29955,32753,36057,34582,39022,28980,37975,10463,19843,462928,279617,68548,33187,104686,55765,13644,19,19
2021-06-26T23:59:59+02:00,298,264,16027,15655,32871,30131,43141,42480,55600,56789,67003,68455,50803,56359,35651,46228,10980,20868,7242,7146,16466,16434,19091,21452,24652,29933,32732,36036,34569,39010,28978,37972,10463,19843,462709,279425,68546,33187,104686,55760,13643,19,19
2021-06-25T23:59:59+02:00,293,263,15973,15610,32757,30031,42949,42321,55545,56744,66963,68431,50793,56348,35647,46227,10980,20868,7055,6870,16186,15926,18825,20799,24287,28998,32346,35317,34407,38794,28955,37942,10463,19843,461888,276759,68545,33178,104669,53450,13622,19,19
2021-06-24T23:59:59+02:00,272,250,15705,15410,32309,29744,41480,41076,55084,56388,66733,68272,50740,56293,35631,46200,10975,20858,6740,6645,15494,15482,17375,19784,22217,27445,31249,34424,34005,38374,28832,37762,10451,19829,457328,267087,68544,33126,104665,53026,12864,19,19
2021-06-23T23:59:59+02:00,257,233,15425,15117,31811,29344,39376,39251,54537,55847,66482,68051,50651,56184,35591,46154,10970,20845,6534,6483,15130,15205,16850,19336,21339,26648,29557,33072,33250,37529,28641,37522,10444,19814,450255,259306,68498,33036,104662,52313,12692,19,19
2021-06-22T23:59:59+02:00,235,198,15043,14725,31143,28713,35932,36201,53626,55048,66180,67746,50545,56062,35553,46098,10966,20831,6359,6272,14728,14880,16052,18620,19923,25335,27957,31421,32453,36556,28104,36916,10426,19783,439315,249231,68466,32954,104658,51202,12387,19,19
2021-06-21T23:59:59+02:00,220,192,14803,14552,30455,28251,33762,34237,53163,54624,66001,67629,50464,55988,35527,46076,10961,20826,6264,6189,14568,14763,15882,18486,19803,25224,27850,31336,32298,36417,26897,35690,10426,19780,432490,248562,68444,32908,104627,48241,12151,19,19
2021-06-20T23:59:59+02:00,213,191,14678,14463,28556,26926,33157,33791,53075,54528,65933,67592,50443,55962,35519,46073,10960,20824,5820,5896,13627,14133,15068,17904,19255,24868,27541,31141,32134,36242,26871,35659,10424,19776,428139,243642,68440,32872,104623,48171,11663,19,19
2021-06-19T23:59:59+02:00,207,186,14653,14430,28442,26844,33126,33764,53053,54512,65917,67581,50437,55953,35517,46068,10959,20822,5605,5735,13065,13721,14461,17428,18929,24667,27348,30970,32056,36142,26854,35645,10424,19776,427733,240119,68438,32870,104623,48168,11658,19,19
2021-06-18T23:59:59+02:00,205,179,14564,14345,28342,26779,31880,32856,52686,54205,65784,67489,50406,55919,35499,46042,10955,20818,5540,5661,12967,13637,14298,17306,18693,24440,26528,30305,31852,35906,26788,35570,10420,19769,427245,237183,65468,32764,104614,48115,11607,19,19
2021-06-17T23:59:59+02:00,191,163,14194,14083,27748,26533,31391,32596,51898,53639,65357,67223,50326,55820,35466,46001,10949,20806,5165,5401,12183,13166,13512,16695,17603,23515,24376,28341,31212,35172,26592,35293,10403,19755,424059,228193,65463,32486,104590,47437,10257,15,19
2021-06-16T23:59:59+02:00,162,135,13769,13684,27286,26179,30952,32240,51086,52936,64907,66837,50211,55700,35437,45944,10938,20794,4801,4961,11463,12491,12724,16005,16505,22394,21411,25479,30147,33969,26296,34890,10388,19714,419220,214172,65421,32458,104584,47040,9957,15,19
2021-06-15T23:59:59+02:00,101,82,13141,13068,26534,25601,30171,31647,49834,51872,64196,66313,50032,55505,35369,45832,10929,20775,4305,4331,10493,11557,11572,14627,14775,20690,17986,22178,28779,32533,25911,34371,10362,19670,411519,195569,65405,32343,104578,46732,9485,15,19
2021-06-14T23:59:59+02:00,71,61,12737,12696,26129,25276,29510,31184,48041,50405,63145,65480,49817,55280,35292,45756,10921,20763,4205,4278,10317,11430,11432,14495,14597,20570,17794,22020,28709,32453,25892,34344,10359,19669,403661,195141,65396,32071,104576,46425,8916,15,19
2021-06-13T23:59:59+02:00,70,60,12696,12652,26056,25244,29447,31157,47987,50380,63110,65456,49810,55277,35290,45753,10920,20760,4052,4201,9990,11302,11109,14384,14303,20460,17397,21677,27201,30815,25752,34149,10355,19658,403459,194406,65323,27412,104569,46217,8759,15,19
2021-06-12T23:59:59+02:00,70,59,12679,12636,26042,25234,29436,31145,47928,50310,63068,65420,49809,55274,35290,45753,10920,20760,4050,4191,9974,11288,11101,14370,14284,20443,17377,21668,27160,30770,25747,34143,10355,19658,403168,194223,65323,27410,104568,46176,8759,15,19
2021-06-11T23:59:59+02:00,68,56,12580,12506,25917,25120,29315,31021,47692,50085,62936,65301,49785,55248,35279,45742,10918,20758,3956,3923,9449,10098,10670,13462,13995,19887,17104,21191,26753,30349,25657,34061,10352,19656,401904,193183,65314,27406,104525,41394,8569,15,19
2021-06-10T23:59:59+02:00,61,49,12336,12294,25599,24840,28970,30754,46622,49070,62201,64732,49700,55154,35245,45690,10908,20745,3689,3559,8680,8849,9770,11819,12695,17139,15321,17596,25049,28434,25361,33761,10346,19632,397038,187697,65263,26967,104324,28694,8330,15,19
2021-06-09T23:59:59+02:00,48,37,12045,11971,25192,24434,28577,30358,44617,47248,61112,63794,49596,55034,35199,45636,10903,20727,3445,3440,8265,8596,9262,11500,12185,16749,14615,17001,21229,24133,25135,33460,10334,19606,389061,176173,65142,26625,104323,28158,7987,15,19
2021-06-08T23:59:59+02:00,42,26,11615,11439,24532,23811,27921,29696,41450,44403,59339,62163,49428,54844,35127,45546,10893,20705,3236,3304,7868,8338,8647,11128,11521,16326,13959,16359,15858,18196,24744,32934,10316,19578,376417,161008,65081,26292,104313,27856,7154,15,9
2021-06-07T23:59:59+02:00,37,19,11454,11250,24182,23537,27645,29490,38823,42475,58910,61801,49394,54813,35115,45525,10891,20699,3140,3236,7561,8162,8330,10952,10948,15876,13459,15882,15782,18118,24716,32884,10314,19571,370780,160694,64654,24469,104304,27457,6309,13,9
2021-06-06T23:59:59+02:00,34,18,11318,11144,23863,23308,27436,29317,37224,41289,58786,61723,49369,54785,35107,45511,10891,20697,3037,3186,7290,8074,8061,10788,10212,15195,12865,15264,15631,18007,24702,32861,10312,19571,370373,160581,61275,21317,104294,27291,5865,13,9
2021-06-05T23:59:59+02:00,34,17,11300,11127,23820,23273,27401,29291,37197,41275,58688,61638,49358,54779,35105,45509,10891,20694,3025,3175,7267,8042,8032,10772,10182,15181,12825,15240,15510,17843,24697,32853,10311,19570,370043,160157,61273,21316,104294,27276,5774,13,9
2021-06-04T23:59:59+02:00,34,15,11115,10868,23458,22809,27128,28894,36772,40826,58070,61098,49324,54738,35095,45491,10890,20688,3001,3158,7238,8026,8011,10754,10153,15156,12791,15206,15299,17637,24686,32832,10309,19569,368247,159574,59004,21303,104281,27179,5768,13,9
2021-06-03T23:59:59+02:00,32,14,10895,10652,23002,22417,26704,28559,35677,39999,55312,58747,49196,54580,35052,45428,10885,20673,2912,3077,7030,7871,7555,10458,9128,14529,11551,14510,14121,16173,24509,32615,10297,19550,364314,156232,54081,17594,104231,26872,5186,12,9
2021-06-02T23:59:59+02:00,32,14,10860,10619,22966,22383,26673,28534,35646,39958,55185,58589,49182,54557,35046,45421,10885,20672,2872,3048,6975,7853,7496,10425,8973,14490,11328,14447,12775,14700,24390,32443,10292,19543,363730,152435,54075,17583,104231,26856,5174,12,9
2021-06-01T23:59:59+02:00,19,7,10447,10277,22310,21876,25990,27951,34925,39382,52187,55444,48793,54147,34928,45259,10869,20646,2413,2689,5625,7167,6228,9851,7586,13821,10196,13485,8471,9147,23917,31763,10269,19485,352980,134267,53905,17216,104212,26280,4348,12,9
2021-05-31T23:59:59+02:00,18,6,10173,10049,21737,21479,25582,27701,34604,39179,50739,54048,48694,54022,34895,45218,10862,20638,2304,2565,5339,6922,5968,9631,7221,13580,9940,13326,8420,9085,23891,31716,10261,19472,348254,133497,53866,17097,104188,25721,3324,12,9
2021-05-30T23:59:59+02:00,17,6,10119,10001,21648,21441,25517,27668,34492,39108,50376,53707,48670,53997,34889,45212,10860,20635,2269,2535,5234,6844,5866,9563,7032,13492,9715,13230,8376,9038,23875,31709,10260,19467,347072,132903,53847,16924,104174,25418,3258,12,9
2021-05-29T23:59:59+02:00,16,6,10104,9989,21614,21423,25500,27656,34471,39095,50363,53689,48666,53993,34886,45211,10860,20635,2250,2481,5190,6719,5806,9431,6916,13295,9577,13010,8303,8948,23808,31642,10259,19466,346916,132626,53847,16873,104153,24351,3249,12,9
2021-05-28T23:59:59+02:00,16,6,10046,9921,21539,21315,25422,27538,34394,38995,50285,53591,48645,53975,34878,45201,10860,20631,2166,2214,4572,6178,5185,8709,6545,12332,9082,12015,8128,8751,23440,31162,10258,19463,346073,131134,53836,16775,104095,19047,3242,12,9
2021-05-27T23:59:59+02:00,15,6,9782,9673,21011,20937,24879,27180,33870,38617,49671,52983,48477,53782,34808,45126,10856,20612,1925,1946,3992,5657,4508,8107,6036,11566,8142,10697,7624,8093,21886,29013,10243,19441,341795,125491,53427,15641,103986,14675,3065,12,9
2021-05-26T23:59:59+02:00,15,6,9508,9427,20287,20369,24009,26509,32609,37589,48907,52280,48223,53493,34734,45012,10845,20588,1870,1875,3898,5530,4375,7944,5830,11305,7817,10313,7063,7367,19463,25592,10225,19398,337087,117032,50452,15387,103933,14515,2926,12,9
2021-05-25T23:59:59+02:00,14,6,9243,9193,19874,20012,23571,26118,32101,37075,48014,51304,47925,53178,34651,44872,10833,20558,1804,1827,3778,5433,4239,7799,5622,11083,7507,9994,6440,6529,15355,20235,10205,19340,331517,104890,50372,15343,103860,14171,2781,12,9
2021-05-24T23:59:59+02:00,13,6,9024,9037,19307,19723,22801,25731,30587,36057,47790,51131,47832,53077,34622,44842,10831,20557,1779,1812,3733,5399,4176,7757,5557,11024,7432,9938,6414,6505,15341,20226,10205,19340,329937,104774,46569,15331,103802,13880,2648,12,9
2021-05-23T23:59:59+02:00,13,6,8816,8830,18948,19431,22379,25383,30163,35736,47198,50620,47399,52622,34520,44696,10823,20548,1777,1811,3724,5394,4172,7754,5547,11014,7423,9928,6410,6494,15341,20224,10205,19340,325104,104717,46568,15329,103801,13861,2646,12,9
2021-05-22T23:59:59+02:00,13,6,8785,8793,18899,19388,22332,25351,30110,35706,47089,50550,47380,52600,34517,44687,10820,20548,1776,1808,3712,5381,4168,7748,5543,11008,7416,9924,6408,6492,15339,20224,10205,19340,324561,104685,46568,15329,103800,13840,2633,12,9
2021-05-21T23:59:59+02:00,12,6,8511,8440,18460,18872,21973,24709,29684,34897,46600,49885,47292,52478,34479,44644,10817,20543,1713,1767,3633,5342,4126,7714,5511,10963,7375,9875,6380,6466,15262,20127,10204,19339,319364,104374,46539,15328,103776,13479,2611,12,9
2021-05-20T23:59:59+02:00,12,6,7937,7889,17511,18078,20971,23791,28365,33699,44852,48064,46853,52018,34371,44490,10800,20524,1411,1605,3321,5053,3859,7326,5216,10484,6996,9422,6147,6212,13957,18592,10181,19300,307761,100637,46453,14848,103549,11136,2456,12,9
2021-05-19T23:59:59+02:00,12,6,7671,7574,16907,17475,20073,22918,27138,32442,43060,45976,46321,51462,34220,44270,10779,20494,1347,1521,3118,4839,3652,7075,4992,10131,6698,9091,5865,5880,11764,15758,10164,19241,296633,94433,46413,14377,103502,10084,2238,12,8
2021-05-18T23:59:59+02:00,11,6,7145,7030,15752,16450,18806,21669,25628,30814,40370,42744,45492,50517,33982,43966,10754,20452,1326,1495,3058,4768,3576,6956,4856,9998,6516,8880,5600,5605,10066,13592,10140,19186,280837,89309,45209,14327,103401,9847,2131,10,8
2021-05-17T23:59:59+02:00,11,6,7065,6969,15569,16340,18592,21500,25230,30487,38618,41107,45382,50439,33935,43900,10745,20429,1293,1472,3002,4723,3513,6897,4788,9896,6421,8779,5559,5565,10052,13575,10137,19178,280623,89242,40441,14045,103357,9666,1893,10,8
2021-05-16T23:59:59+02:00,10,5,6950,6917,15449,16252,18463,21394,25048,30373,35636,38337,45346,50404,33913,43876,10742,20424,1269,1454,2958,4682,3465,6840,4702,9828,6325,8699,5529,5528,10040,13559,10135,19175,280344,89194,34293,13777,103236,9557,1656,10,8
2021-05-15T23:59:59+02:00,10,5,6926,6886,15388,16194,18417,21354,24981,30330,35600,38296,45323,50377,33906,43871,10742,20424,1257,1428,2926,4609,3446,6771,4683,9747,6303,8649,5523,5523,10035,13558,10135,19175,279862,89139,34293,13773,103222,9209,1643,10,8
2021-05-14T23:59:59+02:00,10,5,6750,6518,15043,15695,18105,20937,24647,29868,35354,37944,45294,50346,33896,43866,10742,20422,1200,1367,2848,4505,3399,6669,4619,9596,6221,8520,5493,5479,10022,13549,10135,19174,278807,89054,34145,13754,100902,8406,1578,10,8
2021-05-13T23:59:59+02:00,10,5,6400,6202,14287,15111,17400,20309,23790,29126,34586,37274,45006,50003,33817,43740,10738,20411,1023,1283,2652,4396,3281,6548,4478,9428,6099,8377,5450,5441,10007,13533,10131,19169,272406,88906,33821,13673,100687,7422,1291,10,8
2021-05-12T23:59:59+02:00,10,5,6000,5930,13307,14434,16380,19508,23125,28690,34280,36993,44823,49809,33786,43709,10735,20408,1020,1281,2645,4390,3262,6544,4473,9418,6091,8372,5445,5436,10005,13528,10130,19168,266149,88847,33812,13663,100683,7417,1278,10,7
2021-05-11T23:59:59+02:00,10,5,5625,5706,12721,13988,14576,18068,20173,26164,31965,34665,43771,48549,33462,43237,10706,20359,958,1207,2529,4218,3156,6312,4354,9131,5976,8146,5374,5358,9963,13468,10122,19152,248862,88375,33535,13448,100245,6499,1098,10,7
2021-05-10T23:59:59+02:00,10,5,5476,5609,12449,13862,14226,17846,19371,25593,30587,33646,43239,47938,33405,43149,10698,20339,915,1148,2430,4056,3062,6110,4229,8867,5854,7950,5337,5329,9951,13452,10118,19143,243387,88268,33324,13387,99941,5506,786,10,7
2021-05-09T23:59:59+02:00,10,5,5070,5368,11255,13330,13225,17483,18349,25263,30044,33355,43183,47866,33380,43134,10695,20332,891,1118,2331,3952,2972,5971,4097,8692,5760,7845,5329,5315,9944,13448,10113,19140,238055,88223,33252,13345,99602,4918,428,10,7
2021-05-08T23:59:59+02:00,10,5,5059,5359,11233,13311,13200,17464,18319,25230,30004,33312,43175,47855,33379,43130,10695,20332,887,1112,2318,3944,2966,5971,4093,8686,5757,7842,5326,5312,9941,13443,10113,19140,237787,88195,33251,13345,99601,4884,423,10,7
2021-05-07T23:59:59+02:00,10,5,4958,5276,11005,13143,12908,17248,17711,24629,29056,32418,42984,47615,33323,43058,10691,20326,860,1081,2282,3889,2920,5925,4038,8632,5674,7789,5279,5265,9929,13434,10113,19139,235295,88060,31358,13342,99493,4635,208,10,7
2021-05-06T23:59:59+02:00,10,5,4543,4996,10337,12726,12149,16584,16106,23186,26508,30026,42281,46866,33157,42822,10675,20303,804,1026,2146,3639,2752,5616,3844,8159,5478,7467,5228,5212,9906,13406,10111,19131,226533,87878,28010,13028,98679,2967,48,10,7
2021-05-05T23:59:59+02:00,10,5,4230,4769,9742,12280,11430,16004,15004,22160,23660,27267,41304,45761,32875,42435,10657,20262,790,1004,2084,3514,2695,5461,3751,7948,5382,7331,5179,5157,9870,13367,10109,19128,213522,87618,27828,12890,98455,2218,40,10,7
2021-05-04T23:59:59+02:00,10,5,3880,4311,9072,11582,10659,15164,13700,20906,20057,23860,39956,44301,32503,41915,10634,20224,772,974,2017,3397,2625,5326,3659,7797,5287,7208,5141,5112,9840,13338,10107,19125,196455,87402,27810,12592,98430,1693,34,10,7
2021-05-03T23:59:59+02:00,10,4,3638,3889,8662,11088,10181,14539,13165,20251,19335,23213,39691,44050,32424,41812,10631,20209,758,945,1950,3292,2568,5219,3599,7683,5237,7121,5126,5101,9825,13321,10104,19120,190595,87262,27798,12584,98367,1097,22,10,7
2021-05-02T23:59:59+02:00,10,4,3635,3887,8644,11081,10172,14531,13144,20239,19317,23204,39690,44049,32423,41811,10630,20209,754,928,1920,3211,2522,5123,3552,7558,5217,7055,5122,5098,9824,13317,10104,19118,190507,87244,27785,12553,98360,604,18,10,7
2021-05-01T23:59:59+02:00,10,4,3633,3880,8632,11068,10164,14522,13137,20237,19306,23195,39690,44047,32423,41811,10630,20209,753,928,1919,3211,2522,5123,3552,7558,5217,7055,5122,5098,9824,13317,10103,19118,190427,87243,27784,12552,98360,604,17,10,7
2021-04-30T23:59:59+02:00,10,3,3610,3857,8586,11032,10121,14483,13076,20198,19203,23044,39422,43724,32402,41791,10629,20209,750,924,1906,3202,2521,5114,3549,7551,5215,7048,5119,5095,9820,13316,10103,19118,189503,87217,27515,12549,98355,564,17,10,7
2021-04-29T23:59:59+02:00,10,3,3344,3684,8153,10758,9573,14198,12584,19835,18466,22317,36364,40274,32142,41423,10617,20171,737,910,1858,3141,2472,5048,3483,7409,5123,6949,5081,5061,9798,13273,10101,19112,183963,87013,21678,12393,98249,130,16,10,7
2021-04-28T23:59:59+02:00,10,3,3183,3617,7889,10648,9176,14025,12209,19598,17980,21882,32575,35957,31924,41122,10604,20149,721,895,1832,3102,2427,4999,3446,7352,5058,6888,5020,5001,9746,13215,10098,19103,172804,86807,21525,11961,98202,120,11,9,7
2021-04-27T23:59:59+02:00,9,3,3102,3551,7629,10516,8823,13852,11724,19373,17502,21393,27013,29767,31547,40615,10583,20117,711,881,1800,3065,2392,4953,3393,7293,5003,6812,4969,4932,9711,13164,10095,19094,157462,86600,21503,11537,98134,117,11,9,6
2021-04-26T23:59:59+02:00,9,3,3049,3517,7488,10451,8657,13793,11493,19305,16977,21006,26980,29734,31533,40600,10583,20117,688,850,1732,3005,2326,4897,3327,7204,4910,6710,4872,4857,9629,13081,10093,19091,156885,86474,21285,10667,97105,117,11,9,6
2021-04-25T23:59:59+02:00,9,3,3011,3500,7326,10399,8419,13743,11161,19261,16150,20535,25424,28077,31478,40537,10583,20114,688,848,1725,3000,2319,4894,3322,7196,4906,6701,4869,4852,9621,13069,10093,19091,156400,86450,21275,10630,92035,100,11,9,6
2021-04-24T23:59:59+02:00,9,3,3007,3494,7310,10386,8408,13735,11147,19252,16133,20517,25381,28014,31475,40531,10582,20113,688,848,1725,2999,2319,4894,3321,7196,4906,6701,4869,4851,9619,13068,10093,19091,156198,86444,21271,10630,92008,100,11,9,6
2021-04-23T23:59:59+02:00,9,3,2989,3476,7268,10343,8363,13690,11081,19192,16073,20453,24958,27510,31442,40475,10579,20110,680,840,1707,2990,2303,4865,3269,7158,4808,6606,4732,4728,9452,12870,10087,19076,155009,86154,21131,9903,91854,100,11,9,6
2021-04-22T23:59:59+02:00,8,3,2910,3394,7076,10159,7821,13282,9873,18399,14521,19412,22944,25078,31231,40206,10560,20082,615,789,1592,2878,2178,4701,3108,6987,4624,6406,4577,4554,8942,12216,10051,18997,150210,84243,15836,8877,90893,81,11,9,6
2021-04-21T23:59:59+02:00,8,3,2857,3346,6952,10070,7610,13128,9507,18158,14051,18966,20439,21941,30934,39820,10543,20056,566,765,1512,2799,2092,4610,2982,6844,4461,6242,4391,4375,8374,11459,10008,18908,143212,82456,15073,7845,90085,73,11,8,6
2021-04-20T23:59:59+02:00,8,3,2817,3307,6846,9981,7472,13019,9255,17940,13560,18574,17050,17879,30621,39345,10526,20020,536,731,1439,2735,2005,4531,2882,6726,4325,6081,4206,4181,7514,10252,9940,18756,134361,79547,14828,7212,89015,68,11,8,5
2021-04-19T23:59:59+02:00,8,3,2803,3300,6799,9940,7420,12984,9179,17866,13423,18459,16717,17498,30589,39310,10525,20016,477,691,1321,2640,1906,4434,2750,6568,4128,5889,3953,3879,5688,7836,9725,18361,134050,73738,14633,6430,88137,65,11,8,5
2021-04-18T23:59:59+02:00,8,3,2787,3286,6723,9914,7315,12935,8983,17799,12587,18331,15308,16093,30521,39249,10522,20009,472,686,1312,2632,1891,4423,2717,6539,4067,5840,3877,3808,5278,7214,9680,18278,133837,72256,14490,6384,84027,61,11,8,5
2021-04-17T23:59:59+02:00,8,3,2777,3282,6706,9892,7285,12914,8951,17760,12555,18311,15255,16043,30467,39177,10521,20009,472,684,1312,2631,1890,4419,2713,6534,4064,5836,3876,3806,5273,7213,9679,18277,133483,72221,14489,6384,83925,61,11,8,5
2021-04-16T23:59:59+02:00,8,3,2764,3268,6672,9877,7234,12875,8876,17708,12447,18209,15010,15766,29949,38530,10518,20002,472,682,1306,2626,1881,4417,2708,6528,4056,5828,3871,3800,5256,7183,9679,18275,131962,72124,14482,6373,83253,58,11,8,5
2021-04-15T23:59:59+02:00,8,3,2713,3211,6539,9776,7045,12697,8533,17435,11973,17744,13954,14550,27836,35724,10502,19979,463,676,1301,2600,1866,4394,2685,6500,4013,5775,3816,3725,5225,7132,9671,18263,126047,71809,14206,6237,79951,47,10,8,5
2021-04-14T23:59:59+02:00,7,1,2657,3162,6445,9681,6901,12537,8262,17168,11543,17281,12774,13168,23130,29648,10484,19925,460,670,1288,2590,1854,4377,2663,6475,3970,5738,3769,3674,5165,7078,9643,18226,113679,71518,14173,6085,76905,25,10,7,5
2021-04-13T23:59:59+02:00,7,1,2605,3128,6317,9595,6750,12406,7983,16919,11120,16861,10114,10247,20060,25487,10462,19883,444,645,1240,2547,1801,4315,2554,6373,3791,5576,3556,3489,5020,6941,9634,18204,105277,71175,13980,4922,70671,21,10,7,5
2021-04-12T23:59:59+02:00,7,1,2584,3114,6257,9567,6644,12319,7791,16791,10873,16654,8751,8756,19240,24516,10461,19874,438,636,1220,2532,1785,4292,2520,6331,3738,5524,3495,3440,4985,6900,9629,18182,105159,71034,13926,4585,65098,16,10,7,5
2021-04-11T23:59:59+02:00,7,1,2556,3106,6161,9540,6529,12282,7626,16741,10674,16549,7482,7479,17515,22540,10459,19871,438,636,1219,2530,1785,4291,2520,6331,3736,5519,3491,3439,4979,6898,9629,18182,105090,71024,13920,4575,58091,12,10,7,5
2021-04-10T23:59:59+02:00,7,1,2555,3104,6151,9535,6520,12277,7621,16736,10667,16540,7474,7467,17506,22534,10459,19871,437,633,1217,2527,1784,4289,2518,6326,3733,5518,3482,3425,4971,6884,9629,18182,105008,70964,13919,4568,58082,12,9,7,5
2021-04-09T23:59:59+02:00,7,1,2493,3006,6016,9325,6363,12015,7363,16329,10355,16041,7317,7262,17390,22354,10458,19869,432,628,1199,2515,1757,4274,2487,6277,3655,5439,3369,3315,4833,6795,9624,18179,104539,70882,13890,3875,55519,10,9,7,5
2021-04-08T23:59:59+02:00,7,1,2414,2934,5920,9206,6260,11887,7192,16143,10099,15853,7123,7003,16131,20894,10447,19839,425,623,1187,2483,1732,4238,2460,6204,3603,5373,3295,3270,4754,6690,9602,18134,100890,70442,13536,3611,54911,9,9,7,5
2021-04-07T23:59:59+02:00,7,1,2387,2898,5847,9135,6172,11812,7059,16044,9857,15702,6826,6676,13818,17946,10426,19792,420,622,1177,2470,1719,4215,2446,6164,3536,5314,3224,3218,4699,6631,9595,18106,94738,70169,13375,3368,54276,8,9,7,5
2021-04-06T23:59:59+02:00,7,1,2370,2865,5751,9069,6081,11733,6906,15931,9617,15519,6469,6314,11720,15346,10399,19733,417,615,1170,2443,1707,4192,2420,6126,3472,5249,3140,3168,4654,6577,9590,18090,89711,69926,13075,3087,53031,8,7,7,5
2021-04-05T23:59:59+02:00,7,1,2362,2856,5733,9052,6069,11714,6893,15912,9597,15494,6345,6216,10440,14059,10399,19732,413,607,1166,2428,1701,4176,2404,6096,3439,5208,3110,3131,4633,6531,9584,18074,89632,69736,13039,2950,50197,7,6,7,5
2021-04-04T23:59:59+02:00,7,1,2362,2856,5730,9049,6067,11714,6891,15912,9595,15493,6340,6212,10440,14057,10399,19732,413,606,1166,2427,1701,4176,2403,6096,3439,5208,3110,3131,4631,6531,9584,18074,89623,69732,13037,2949,50184,7,6,7,5
2021-04-03T23:59:59+02:00,7,1,2360,2848,5722,9042,6062,11710,6888,15908,9592,15491,6337,6207,10433,14054,10399,19732,413,606,1166,2427,1701,4176,2403,6096,3439,5207,3110,3131,4631,6531,9584,18074,89566,69731,13036,2949,50178,7,6,7,5
2021-04-02T23:59:59+02:00,7,1,2359,2846,5716,9035,6060,11707,6884,15907,9588,15489,6333,6201,10419,14025,10398,19731,411,604,1165,2427,1700,4175,2402,6096,3438,5200,3084,3114,4621,6522,9584,18074,89483,69654,13033,2948,50177,7,6,7,5
2021-04-01T23:59:59+02:00,7,1,2338,2843,5686,9006,6017,11665,6841,15852,9533,15433,6240,6104,10124,13678,10375,19683,409,589,1162,2421,1693,4164,2386,6079,3412,5179,3022,3066,4562,6450,9509,17962,88496,69106,13012,2945,49906,7,5,7,5
2021-03-31T23:59:59+02:00,7,1,2304,2816,5610,8940,5949,11572,6738,15740,9399,15298,6095,5962,9574,12940,10333,19593,404,583,1156,2410,1686,4148,2380,6066,3392,5145,2990,3033,4515,6391,9453,17861,86522,68658,12799,2943,49539,7,4,7,4
2021-03-30T23:59:59+02:00,7,1,2284,2800,5563,8882,5886,11497,6667,15643,9301,15155,5910,5748,8671,11603,10258,19411,402,581,1153,2406,1673,4131,2362,6044,3358,5101,2933,2965,4428,6292,9323,17622,83457,67958,12418,2805,49403,7,4,5,3
2021-03-29T23:59:59+02:00,6,1,2217,2746,5460,8771,5778,11347,6499,15412,9070,14900,5552,5373,6732,9069,10038,18991,395,577,1142,2395,1660,4119,2337,6018,3329,5044,2863,2900,4311,6188,9122,17292,77369,67011,11608,2670,48976,7,4,5,3
2021-03-28T23:59:59+02:00,6,1,2196,2733,5417,8712,5702,11269,6412,15326,8952,14781,5428,5221,6092,8140,9972,18875,386,571,1127,2379,1635,4092,2290,5957,3273,4952,2778,2821,4195,6043,9050,17156,75078,66552,11350,2145,48798,4,4,5,3
2021-03-27T23:59:59+01:00,6,1,2196,2728,5406,8706,5698,11254,6397,15304,8941,14768,5400,5194,6082,8137,9972,18874,386,571,1125,2378,1634,4087,2286,5954,3264,4945,2773,2818,4179,6018,8970,17009,74972,66245,11350,2144,48733,4,4,5,3
2021-03-26T23:59:59+01:00,6,1,2180,2708,5369,8668,5659,11205,6318,15234,8792,14619,5238,5045,5913,7958,9970,18866,382,563,1119,2365,1618,4058,2258,5918,3230,4891,2712,2755,3995,5762,8265,15834,74628,63611,10519,2106,48593,4,4,5,3
2021-03-25T23:59:59+01:00,6,0,2063,2627,5193,8453,5457,10929,6110,14935,8552,14331,5078,4891,5817,7839,9967,18858,373,549,1098,2339,1594,4030,2212,5860,3157,4813,2614,2653,3622,5268,7135,14101,74173,59525,9571,1886,47354,4,3,5,3
2021-03-24T23:59:59+01:00,6,0,1977,2579,5045,8293,5296,10736,5946,14697,8348,14099,4938,4732,5703,7723,9961,18849,369,538,1085,2311,1561,3974,2153,5795,3069,4712,2481,2539,3198,4651,5737,11882,73799,54508,8409,1540,46712,4,3,5,3
2021-03-23T23:59:59+01:00,6,0,1901,2526,4934,8170,5197,10594,5825,14504,8233,13931,4856,4646,5637,7664,9953,18831,358,513,1066,2276,1528,3916,2109,5706,2987,4622,2392,2444,2748,4019,3845,8673,73405,47804,7663,1392,46332,3,3,5,3
2021-03-22T23:59:59+01:00,6,0,1836,2467,4800,8034,5064,10419,5665,14271,8041,13718,4752,4534,5568,7555,9939,18787,331,496,1037,2238,1483,3843,2043,5596,2885,4471,2279,2292,2230,3339,1339,4563,72911,39301,6625,1159,45912,1,3,5,3
2021-03-21T23:59:59+01:00,6,0,1834,2461,4788,8019,5049,10409,5649,14254,8011,13694,4729,4519,5552,7543,9935,18787,330,496,1031,2224,1474,3814,2025,5558,2859,4421,2238,2244,2188,3298,1322,4518,72888,39161,6575,875,45769,1,2,5,3
2021-03-20T23:59:59+01:00,6,0,1834,2461,4787,8018,5048,10407,5648,14253,8004,13688,4728,4518,5544,7535,9935,18787,330,496,1031,2224,1474,3814,2025,5558,2858,4420,2237,2241,2188,3298,1322,4518,72877,39159,6575,871,45742,1,2,5,3
2021-03-19T23:59:59+01:00,6,0,1781,2213,4271,6724,4639,9425,5378,13696,7780,13285,4603,4421,5474,7469,9935,18787,329,496,1031,2224,1474,3813,2025,5557,2857,4420,2235,2240,2183,3292,1321,4516,72819,39144,6565,865,40496,1,2,5,3
2021-03-18T23:59:59+01:00,6,0,1726,1961,3853,5660,4109,8046,4561,11158,6423,9954,4237,4122,5272,7249,9914,18747,328,493,1024,2211,1467,3788,1999,5518,2832,4396,2214,2225,2158,3263,1316,4507,72389,38952,6503,783,28099,1,2,5,3
2021-03-17T23:59:59+01:00,6,0,1720,1952,3843,5634,4092,8016,4537,11094,6373,9882,4200,4075,5233,7205,9908,18724,325,492,1020,2203,1461,3779,1992,5503,2822,4370,2187,2198,2138,3248,1309,4493,72133,38801,6443,734,27911,1,2,5,3
2021-03-16T23:59:59+01:00,6,0,1698,1918,3784,5553,4021,7910,4408,10932,6168,9682,3977,3886,5093,7046,9902,18703,323,488,1019,2184,1456,3766,1983,5489,2813,4351,2179,2184,2126,3220,1301,4464,71822,38636,5168,705,27690,1,2,5,3
2021-03-15T23:59:59+01:00,6,0,1688,1898,3759,5519,3996,7873,4357,10863,6089,9598,3896,3819,5040,6986,9896,18678,320,484,1010,2167,1448,3760,1967,5453,2795,4323,2164,2152,2101,3158,1293,4426,71600,38417,4810,601,27546,1,0,5,3
2021-03-14T23:59:59+01:00,6,0,1682,1888,3751,5509,3991,7857,4348,10832,6081,9576,3889,3810,5035,6978,9895,18676,320,484,1008,2167,1444,3757,1964,5451,2777,4317,2158,2150,2090,3148,1289,4424,71568,38409,4794,536,27437,1,0,5,3
2021-03-13T23:59:59+01:00,6,0,1679,1883,3738,5486,3984,7848,4328,10821,6067,9561,3886,3807,5032,6975,9895,18676,320,484,1008,2167,1444,3757,1964,5450,2777,4316,2157,2149,2090,3146,1281,4419,71544,38390,4789,536,27334,1,0,5,3
2021-03-12T23:59:59+01:00,5,0,1640,1826,3224,5339,3469,7734,4194,10695,5842,9272,3720,3661,4891,6867,9870,18629,315,462,1004,2137,1436,3733,1944,5379,2724,4231,1978,1994,2030,3096,1274,4413,71332,37620,4069,528,25472,0,0,5,3
2021-03-11T23:59:59+01:00,5,0,1532,1690,2841,5078,3032,7479,3914,10282,5215,8380,3496,3485,4785,6750,9832,18579,314,461,1001,2124,1433,3713,1937,5360,2715,4214,1971,1986,2016,3079,1269,4395,70769,37498,3807,488,21794,0,0,5,3
2021-03-10T23:59:59+01:00,5,0,1502,1658,2802,5033,2997,7420,3859,10195,5107,8263,3370,3381,4670,6636,9789,18512,312,460,999,2121,1431,3702,1933,5347,2703,4194,1954,1979,1991,3047,1258,4381,70361,37417,3477,393,21356,0,0,5,3
2021-03-09T23:59:59+01:00,5,0,1493,1642,2770,5008,2976,7376,3821,10135,5029,8183,3273,3298,4590,6547,9683,18302,309,459,996,2115,1424,3690,1907,5325,2661,4164,1913,1954,1941,3019,1246,4372,69770,37389,3210,104,21146,0,0,5,3
2021-03-08T23:59:59+01:00,5,0,1478,1629,2740,4982,2950,7346,3798,10087,5005,8121,3232,3258,4517,6483,9509,18003,309,459,994,2111,1416,3674,1890,5292,2642,4136,1894,1935,1916,2996,1240,4353,68983,37241,3201,14,20954,0,0,5,3
2021-03-07T23:59:59+01:00,5,0,1465,1619,2710,4937,2916,7298,3765,10025,4962,8061,3197,3225,4452,6383,9433,17859,309,458,994,2110,1415,3669,1887,5282,2641,4131,1890,1932,1912,2992,1237,4345,68448,37190,3147,12,20712,0,0,5,3
2021-03-06T23:59:59+01:00,5,0,1464,1617,2704,4926,2913,7289,3757,10018,4944,8045,3187,3215,4429,6344,9345,17690,309,458,992,2107,1415,3667,1881,5273,2639,4129,1885,1924,1906,2990,1236,4342,68058,37140,3147,12,20682,0,0,5,2
2021-03-05T23:59:59+01:00,5,0,1391,1538,2606,4764,2856,7132,3672,9811,4843,7849,3137,3156,4213,6058,8641,16503,309,458,990,2105,1410,3662,1879,5272,2635,4122,1876,1920,1901,2987,1231,4339,65417,37083,3144,12,19609,0,0,5,2
2021-03-04T23:59:59+01:00,5,0,1218,1434,2436,4564,2685,6863,3504,9465,4585,7507,3021,3033,3852,5601,7479,14689,308,450,981,2081,1394,3622,1851,5219,2607,4076,1848,1895,1868,2932,1204,4293,61225,36616,3141,12,17570,0,0,5,2
2021-03-03T23:59:59+01:00,5,0,1185,1381,2357,4456,2625,6739,3417,9300,4488,7363,2936,2963,3480,5002,6096,12509,304,441,970,2058,1382,3594,1837,5169,2553,4022,1801,1860,1844,2903,1189,4265,56188,36179,3115,12,16995,0,0,4,2
2021-03-02T23:59:59+01:00,5,0,1151,1344,2297,4398,2574,6648,3335,9177,4351,7214,2822,2836,2998,4337,4101,9157,299,432,965,2032,1369,3550,1823,5114,2521,3996,1791,1846,1825,2877,1178,4238,49161,35843,2867,12,16714,0,0,3,2
2021-03-01T23:59:59+01:00,5,0,1092,1314,2235,4335,2501,6561,3241,9051,4209,7026,2691,2699,2430,3596,1394,4714,298,429,958,2020,1358,3531,1815,5098,2509,3980,1775,1836,1808,2858,1166,4210,40134,35636,2478,12,16479,0,0,3,2
2021-02-28T23:59:59+01:00,5,0,1058,1300,2193,4298,2471,6518,3193,8994,4147,6967,2624,2653,2382,3565,1386,4694,298,428,956,2015,1356,3518,1812,5084,2503,3972,1768,1825,1795,2847,1159,4195,40038,35518,2186,12,16221,0,0,3,2
2021-02-27T23:59:59+01:00,5,0,1016,1217,2128,4055,2413,6284,3129,8696,4056,6713,2569,2596,2362,3541,1383,4694,298,428,955,2015,1356,3518,1812,5083,2502,3972,1768,1824,1793,2847,1159,4195,39932,35512,2185,12,14737,0,0,3,2
2021-02-26T23:59:59+01:00,4,0,849,963,1926,3663,2251,5616,2912,7774,3745,5919,2520,2543,2344,3527,1380,4692,298,428,955,2012,1354,3516,1810,5082,2500,3971,1768,1821,1786,2846,1157,4188,39917,35479,2098,12,10610,0,0,3,2
2021-02-25T23:59:59+01:00,4,0,506,806,1646,3464,2068,5312,2716,7378,3519,5616,2439,2466,2304,3466,1376,4678,288,407,930,1962,1324,3447,1780,5001,2471,3907,1743,1794,1748,2802,1130,4148,39722,34870,1841,11,8198,0,0,3,2
2021-02-24T23:59:59+01:00,3,0,486,788,1611,3367,2006,5182,2656,7195,3453,5474,2374,2419,2269,3437,1367,4645,279,403,915,1929,1310,3393,1767,4941,2447,3862,1732,1776,1739,2783,1118,4121,39534,34511,1672,3,7523,0,0,3,2
2021-02-23T23:59:59+01:00,3,0,467,752,1550,3264,1951,5042,2578,7063,3367,5369,2314,2360,2234,3381,1352,4614,278,399,910,1914,1303,3363,1758,4910,2426,3830,1712,1756,1719,2748,1103,4068,39388,34193,1401,3,6869,0,0,3,2
2021-02-22T23:59:59+01:00,2,0,451,721,1495,3163,1912,4903,2519,6845,3306,5225,2306,2264,2219,3302,1348,4569,277,396,907,1903,1295,3336,1741,4874,2412,3800,1693,1737,1692,2720,1088,4023,39177,33892,1138,1,6232,0,0,3,2
2021-02-21T23:59:59+01:00,2,0,443,683,1437,3021,1865,4753,2466,6686,3223,5121,2270,2231,2192,3282,1338,4564,277,395,904,1895,1294,3327,1737,4864,2408,3791,1691,1734,1691,2718,1088,4022,39136,33834,905,1,5533,0,0,3,2
2021-02-20T23:59:59+01:00,2,0,439,678,1429,3017,1859,4753,2463,6683,3219,5117,2267,2230,2192,3281,1337,4564,277,395,904,1894,1294,3326,1737,4864,2407,3790,1690,1733,1688,2718,1087,4020,39132,33822,901,1,5494,0,0,3,2
2021-02-19T23:59:59+01:00,1,0,418,641,1400,2955,1832,4699,2422,6583,3132,4999,2087,2068,2129,3232,1332,4558,275,394,902,1892,1293,3325,1737,4859,2404,3789,1688,1731,1686,2717,1087,4019,38380,33797,882,1,5223,0,0,3,1
2021-02-18T23:59:59+01:00,1,0,393,585,1295,2712,1728,4455,2284,6321,3030,4817,2058,2052,2113,3215,1327,4550,275,388,894,1859,1284,3286,1719,4811,2385,3753,1676,1720,1669,2705,1075,4001,38306,33499,809,1,3818,0,0,3,1
2021-02-17T23:59:59+01:00,1,0,378,554,1256,2582,1672,4280,2214,6078,2971,4668,2039,2033,2090,3195,1312,4541,266,371,859,1774,1241,3157,1658,4652,2311,3617,1599,1651,1595,2595,1026,3884,38150,32255,758,1,2953,0,0,3,1
2021-02-16T23:59:59+01:00,1,0,360,524,1202,2462,1622,4144,2135,5893,2890,4532,2030,2029,2082,3188,1307,4530,258,354,838,1693,1186,3021,1597,4448,2239,3440,1549,1597,1535,2495,999,3756,38091,31004,728,1,2109,0,0,3,1
2021-02-15T23:59:59+01:00,1,0,350,502,1129,2318,1577,4071,2103,5840,2862,4491,2011,2013,2061,3158,1300,4510,251,335,815,1648,1154,2946,1541,4315,2168,3321,1474,1533,1481,2388,957,3579,37986,29905,618,1,1690,0,0,3,1
2021-02-14T23:59:59+01:00,1,0,342,497,1106,2262,1514,3907,2061,5748,2831,4452,2005,2011,2050,3149,1298,4503,244,330,797,1621,1138,2907,1499,4263,2130,3291,1458,1512,1457,2352,942,3537,37968,29477,553,1,1213,0,0,3,1
2021-02-13T23:59:59+01:00,1,0,342,497,1105,2262,1514,3906,2059,5747,2831,4452,2004,2009,2049,3149,1297,4500,244,330,797,1621,1138,2907,1498,4261,2130,3291,1456,1509,1456,2351,942,3536,37957,29466,553,1,1212,0,0,2,1
2021-02-12T23:59:59+01:00,1,0,338,494,1088,2253,1509,3892,2054,5738,2828,4446,1990,1999,2043,3136,1292,4497,243,329,791,1616,1132,2898,1481,4242,2111,3278,1443,1493,1441,2320,935,3503,37890,29255,545,1,1161,0,0,2,1
2021-02-11T23:59:59+01:00,1,0,318,470,1024,2155,1455,3765,1960,5474,2743,4327,1960,1966,2003,3071,1267,4441,223,303,742,1511,1052,2672,1357,3885,1927,2971,1256,1286,1273,2045,829,3153,37501,26484,508,1,389,0,0,2,1
2021-02-10T23:59:59+01:00,1,0,312,461,1002,2115,1417,3686,1906,5312,2648,4146,1891,1916,1961,3033,1249,4415,199,258,649,1322,926,2289,1169,3283,1688,2556,1098,1113,1127,1801,722,2813,37095,23012,373,1,1,0,0,2,1
2021-02-09T23:59:59+01:00,1,0,306,451,994,2083,1401,3634,1862,5245,2581,4090,1835,1880,1893,2980,1228,4394,165,199,551,1062,778,1845,964,2674,1425,2144,952,953,939,1522,606,2400,36795,19179,60,0,1,0,0,2,1
2021-02-08T23:59:59+01:00,1,0,305,449,991,2076,1391,3618,1854,5222,2562,4074,1821,1868,1875,2962,1221,4369,114,164,451,850,615,1431,765,2024,1149,1661,766,777,748,1204,483,1951,36640,15153,16,0,1,0,0,2,1
2021-02-07T23:59:59+01:00,1,0,305,449,990,2074,1390,3612,1851,5219,2555,4071,1815,1859,1859,2955,1217,4363,105,145,401,704,541,1257,686,1809,1053,1514,693,697,672,1084,418,1735,36570,13514,13,0,0,0,0,2,1
2021-02-06T23:59:59+01:00,1,0,305,449,989,2073,1390,3609,1851,5217,2555,4068,1815,1858,1854,2953,1214,4361,105,144,396,701,536,1233,670,1790,1042,1492,690,693,667,1080,417,1731,36547,13388,13,0,0,0,0,2,0
2021-02-05T23:59:59+01:00,1,0,305,448,987,2070,1386,3600,1847,5203,2549,4062,1814,1857,1846,2945,1205,4348,101,137,381,683,519,1204,638,1738,994,1429,653,643,622,1006,391,1643,36458,12783,13,0,0,0,0,2,0
2021-02-04T23:59:59+01:00,1,0,298,431,976,2038,1367,3547,1828,5126,2534,4014,1798,1837,1821,2910,1188,4317,76,106,282,461,358,811,454,1175,682,970,505,469,481,795,305,1312,36016,9243,13,0,0,0,0,2,0
2021-02-03T23:59:59+01:00,1,0,294,422,958,2011,1351,3509,1815,5077,2500,3971,1778,1814,1805,2886,1175,4303,60,82,236,395,289,632,347,919,522,724,339,325,346,568,218,959,35655,6962,13,0,0,0,0,2,0
2021-02-02T23:59:59+01:00,1,0,290,415,952,1983,1343,3477,1804,5031,2477,3936,1760,1798,1779,2845,1154,4256,39,63,181,312,242,484,265,736,377,556,235,208,221,377,150,627,35286,5073,13,0,0,0,0,2,0
2021-02-01T23:59:59+01:00,1,0,289,413,947,1976,1340,3461,1796,5011,2469,3917,1753,1787,1764,2830,1148,4243,19,39,134,227,167,309,169,490,236,321,119,105,96,184,69,277,35130,2961,13,0,0,0,0,2,0
2021-01-31T23:59:59+01:00,1,0,288,412,945,1969,1337,3452,1793,4992,2465,3902,1749,1779,1760,2823,1146,4234,18,34,116,199,150,267,152,410,200,277,100,91,88,157,61,243,35032,2563,13,0,0,0,0,2,0
2021-01-30T23:59:59+01:00,1,0,288,412,945,1969,1337,3452,1793,4992,2465,3902,1748,1779,1760,2822,1146,4233,18,34,115,199,150,265,149,407,199,276,99,90,88,157,61,243,35029,2550,13,0,0,0,0,2,0
2021-01-29T23:59:59+01:00,1,0,286,409,943,1967,1336,3444,1787,4983,2462,3899,1742,1772,1751,2812,1139,4212,16,33,114,190,141,257,137,379,168,249,72,66,79,136,56,211,34931,2304,13,0,0,0,0,1,0
2021-01-28T23:59:59+01:00,1,0,281,401,924,1911,1312,3380,1762,4921,2434,3837,1720,1752,1720,2781,1121,4177,0,0,9,19,8,17,11,46,7,22,7,3,7,9,2,13,34422,180,12,0,0,0,0,1,0
2021-01-27T23:59:59+01:00,1,0,276,383,891,1831,1278,3266,1700,4798,2374,3737,1664,1704,1676,2715,1085,4095,0,0,4,6,5,11,7,20,3,12,6,3,7,9,2,12,33465,107,8,0,0,0,0,1,0
2021-01-26T23:59:59+01:00,1,0,270,374,881,1818,1264,3228,1683,4741,2344,3671,1633,1672,1639,2645,1068,4013,0,0,4,6,5,11,7,20,3,12,6,3,7,9,2,12,32938,107,6,0,0,0,0,1,0
2021-01-25T23:59:59+01:00,1,0,259,350,839,1699,1194,3064,1593,4470,2241,3462,1574,1619,1587,2561,1022,3845,0,0,1,3,1,3,4,3,3,5,6,3,6,8,2,12,31377,60,2,0,0,0,0,1,0
2021-01-24T23:59:59+01:00,1,0,256,347,828,1680,1184,3042,1562,4437,2215,3441,1563,1611,1577,2550,1017,3838,0,0,1,2,1,3,4,3,3,5,6,3,6,8,2,12,31146,59,2,0,0,0,0,1,0
2021-01-23T23:59:59+01:00,1,0,256,347,828,1680,1183,3041,1562,4433,2214,3440,1562,1611,1576,2549,1016,3833,0,0,1,2,1,3,4,3,3,5,6,3,6,8,2,12,31129,59,2,0,0,0,0,1,0
2021-01-22T23:59:59+01:00,1,0,255,345,822,1677,1179,3036,1559,4426,2202,3435,1550,1600,1570,2530,1011,3814,0,0,1,2,1,3,4,3,3,5,6,3,6,8,2,12,31009,59,2,0,0,0,0,1,0
2021-01-21T23:59:59+01:00,1,0,244,335,795,1611,1154,2909,1503,4266,2122,3300,1452,1498,1438,2367,932,3633,0,0,1,2,1,3,4,2,3,5,4,2,5,8,1,12,29557,53,2,0,0,0,0,1,0
2021-01-20T23:59:59+01:00,1,0,221,291,723,1455,1064,2595,1367,3806,1949,2946,1332,1353,1318,2172,861,3413,0,0,1,2,1,3,4,2,3,5,4,2,5,8,1,12,26864,53,2,0,0,0,0,1,0
2021-01-19T23:59:59+01:00,1,0,190,235,625,1207,918,2149,1147,3191,1668,2516,1152,1155,1092,1836,716,2900,0,0,1,1,1,2,4,1,2,5,4,2,5,8,1,12,22695,49,2,0,0,0,0,1,0
2021-01-18T23:59:59+01:00,1,0,132,185,491,946,709,1635,879,2322,1298,1905,902,924,873,1455,560,2311,0,0,0,0,0,0,0,0,1,2,2,1,0,0,0,0,17526,6,1,0,0,0,0,1,0
2021-01-17T23:59:59+01:00,1,0,119,159,431,775,624,1414,778,2069,1186,1716,838,845,793,1319,501,2105,0,0,0,0,0,0,0,0,0,1,0,0,0,0,0,0,15672,1,0,0,0,0,0,1,0
2021-01-16T23:59:59+01:00,1,0,119,158,427,774,622,1406,768,2065,1178,1709,836,840,788,1308,493,2090,0,0,0,0,0,0,0,0,0,0,0,0,0,0,0,0,15582,0,0,0,0,0,0,0,0
2021-01-15T23:59:59+01:00,1,0,109,152,415,753,596,1368,736,1987,1117,1628,792,788,745,1223,463,1976,0,0,0,0,0,0,0,0,0,0,0,0,0,0,0,0,14849,0,0,0,0,0,0,0,0
2021-01-14T23:59:59+01:00,1,0,75,112,298,486,395,883,508,1279,762,1067,578,546,542,902,353,1501,0,0,0,0,0,0,0,0,0,0,0,0,0,0,0,0,10288,0,0,0,0,0,0,0,0
2021-01-13T23:59:59+01:00,1,0,58,85,246,409,319,666,378,978,556,760,364,344,362,613,246,1037,0,0,0,0,0,0,0,0,0,0,0,0,0,0,0,0,7422,0,0,0,0,0,0,0,0
2021-01-12T23:59:59+01:00,0,0,47,69,200,351,257,541,278,804,405,595,244,217,227,405,166,691,0,0,0,0,0,0,0,0,0,0,0,0,0,0,0,0,5497,0,0,0,0,0,0,0,0
2021-01-11T23:59:59+01:00,0,0,32,50,174,303,210,440,218,647,297,420,149,126,129,248,88,397,0,0,0,0,0,0,0,0,0,0,0,0,0,0,0,0,3928,0,0,0,0,0,0,0,0
2021-01-10T23:59:59+01:00,0,0,24,41,152,254,180,362,179,536,248,359,128,106,114,204,77,320,0,0,0,0,0,0,0,0,0,0,0,0,0,0,0,0,3284,0,0,0,0,0,0,0,0
2021-01-09T23:59:59+01:00,0,0,24,41,151,252,179,360,177,530,247,358,127,105,114,204,77,320,0,0,0,0,0,0,0,0,0,0,0,0,0,0,0,0,3266,0,0,0,0,0,0,0,0
2021-01-08T23:59:59+01:00,0,0,22,40,149,243,171,350,164,499,218,332,103,89,109,189,71,298,0,0,0,0,0,0,0,0,0,0,0,0,0,0,0,0,3047,0,0,0,0,0,0,0,0
2021-01-07T23:59:59+01:00,0,0,1,0,4,9,8,13,10,6,16,11,10,9,14,21,2,32,0,0,0,0,0,0,0,0,0,0,0,0,0,0,0,0,166,0,0,0,0,0,0,0,0
2021-01-06T23:59:59+01:00,0,0,0,0,1,3,1,5,5,2,3,6,6,2,7,10,1,14,0,0,0,0,0,0,0,0,0,0,0,0,0,0,0,0,66,0,0,0,0,0,0,0,0
2021-01-05T23:59:59+01:00,0,0,0,0,1,3,1,5,5,2,3,5,6,2,6,9,1,13,0,0,0,0,0,0,0,0,0,0,0,0,0,0,0,0,62,0,0,0,0,0,0,0,0
2021-01-04T23:59:59+01:00,0,0,0,0,1,3,1,4,4,2,3,5,6,2,5,8,1,13,0,0,0,0,0,0,0,0,0,0,0,0,0,0,0,0,58,0,0,0,0,0,0,0,0
2021-01-03T23:59:59+01:00,0,0,0,0,1,2,1,4,4,2,3,5,5,2,5,8,1,13,0,0,0,0,0,0,0,0,0,0,0,0,0,0,0,0,56,0,0,0,0,0,0,0,0
2021-01-02T23:59:59+01:00,0,0,0,0,1,2,1,4,4,2,3,5,5,2,5,8,1,13,0,0,0,0,0,0,0,0,0,0,0,0,0,0,0,0,56,0,0,0,0,0,0,0,0
2021-01-01T23:59:59+01:00,0,0,0,0,1,2,1,3,4,2,3,5,5,2,5,8,1,13,0,0,0,0,0,0,0,0,0,0,0,0,0,0,0,0,55,0,0,0,0,0,0,0,0
2020-12-31T23:59:59+01:00,0,0,0,0,1,2,1,3,4,2,3,5,5,2,5,8,1,13,0,0,0,0,0,0,0,0,0,0,0,0,0,0,0,0,55,0,0,0,0,0,0,0,0
2020-12-30T23:59:59+01:00,0,0,0,0,1,2,1,3,4,2,3,5,5,2,5,8,1,13,0,0,0,0,0,0,0,0,0,0,0,0,0,0,0,0,55,0,0,0,0,0,0,0,0
2020-12-29T23:59:59+01:00,0,0,0,0,1,1,1,2,4,1,2,5,5,2,5,8,1,13,0,0,0,0,0,0,0,0,0,0,0,0,0,0,0,0,51,0,0,0,0,0,0,0,0
2020-12-28T23:59:59+01:00,0,0,0,0,1,1,1,1,2,0,1,5,4,1,1,0,0,2,0,0,0,0,0,0,0,0,0,0,0,0,0,0,0,0,20,0,0,0,0,0,0,0,0
2020-12-27T23:59:59+01:00,0,0,0,0,1,1,1,1,2,0,0,3,2,0,1,0,0,2,0,0,0,0,0,0,0,0,0,0,0,0,0,0,0,0,14,0,0,0,0,0,0,0,0
