Datum,<15_m,<15_w,15-24_1_m,15-24_1_w,25-34_1_m,25-34_1_w,35-44_1_m,35-44_1_w,45-54_1_m,45-54_1_w,55-64_1_m,55-64_1_w,65-74_1_m,65-74_1_w,75-84_1_m,75-84_1_w,>84_1_m,>84_1_w,<24_2_m,<24_2_w,25-34_2_m,25-34_2_w,35-44_2_m,35-44_2_w,45-54_2_m,45-54_2_w,55-64_2_m,55-64_2_w,65-74_2_m,65-74_2_w,75-84_2_m,75-84_2_w,>84_2_m,>84_2_w,bp_1,bp_2,mo_1,mo_2,az_1,az_2,ja,unb_1,unb_2
2021-09-17T23:59:59+02:00,4612,4336,36356,35104,52022,46693,53217,51892,64069,64117,74031,74282,53672,59275,36896,47811,11187,21284,32949,31753,49158,43376,50737,48843,61470,61117,71578,71682,52269,57590,35964,46462,10885,20576,573593,544080,78708,74662,105737,101511,32791,29,24
2021-09-16T23:59:59+02:00,4468,4190,36002,34752,51777,46400,53015,51643,63887,63935,73878,74136,53618,59218,36883,47777,11186,21276,32822,31649,49076,43269,50660,48762,61409,61061,71526,71649,52252,57578,35954,46449,10884,20569,571210,543246,78306,74584,105736,101506,32762,29,24
2021-09-15T23:59:59+02:00,4428,4153,35939,34681,51733,46348,52954,51591,63841,63887,73842,74095,53601,59197,36873,47766,11185,21270,32775,31600,49027,43216,50606,48713,61364,61017,71496,71617,52244,57556,35944,46441,10884,20563,570859,542914,78221,74569,105736,101494,32541,29,24
2021-09-14T23:59:59+02:00,4388,4113,35875,34631,51688,46278,52915,51543,63798,63843,73803,74056,53575,59179,36857,47747,11184,21266,32710,31533,48988,43167,50572,48668,61312,60981,71463,71577,52222,57533,35935,46427,10883,20560,570340,542379,78152,74562,105736,101487,32484,29,24
2021-09-13T23:59:59+02:00,4242,3940,35517,34209,51423,45968,52702,51312,63591,63637,73668,73932,53520,59110,36820,47714,11183,21258,32250,31065,48754,42921,50394,48472,61167,60799,71321,71468,52170,57475,35919,46391,10877,20551,567797,539427,77735,74481,105735,101481,32451,29,24
2021-09-12T23:59:59+02:00,4234,3930,35496,34193,51406,45946,52685,51295,63578,63620,73658,73922,53517,59104,36815,47713,11183,21257,32225,31048,48740,42903,50384,48464,61156,60785,71305,71456,52163,57466,35913,46389,10874,20550,567650,539272,77719,74473,105724,101466,32431,29,24
2021-09-11T23:59:59+02:00,4231,3927,35492,34190,51404,45944,52680,51288,63576,63615,73656,73917,53513,59099,36815,47711,11183,21257,32216,31045,48737,42900,50381,48461,61153,60781,71302,71454,52161,57464,35913,46387,10874,20550,567622,539252,77719,74473,105724,101466,32405,29,24
2021-09-10T23:59:59+02:00,4230,3926,35379,34093,51213,45795,52495,51148,63401,63503,73523,73827,53475,59060,36795,47693,11181,21252,32091,30937,48544,42739,50189,48325,60966,60661,71169,71360,52119,57421,35891,46365,10871,20545,567565,539099,77717,74471,105723,101464,30956,29,24
2021-09-09T23:59:59+02:00,4203,3888,35302,34032,51157,45726,52437,51063,63345,63448,73483,73789,53452,59032,36781,47677,11179,21248,31999,30869,48501,42689,50139,48283,60926,60627,71126,71327,52101,57407,35884,46350,10870,20541,566971,538615,77683,74464,105709,101442,30851,29,24
2021-09-08T23:59:59+02:00,4178,3867,35267,33994,51131,45694,52420,51037,63312,63415,73462,73765,53442,59017,36775,47666,11179,21246,31940,30842,48463,42663,50111,48252,60891,60599,71110,71305,52089,57394,35874,46339,10867,20523,566622,538243,77683,74463,105709,101430,30825,29,24
2021-09-07T23:59:59+02:00,4166,3852,35227,33950,51102,45664,52395,51008,63286,63392,73427,73736,53430,59001,36759,47650,11176,21240,31893,30796,48427,42629,50071,48216,60866,60569,71076,71276,52076,57378,35866,46326,10864,20519,566246,537828,77683,74461,105709,101423,30795,29,24
2021-09-06T23:59:59+02:00,3991,3670,34762,33480,50736,45283,52134,50712,63066,63154,73270,73587,53365,58920,36740,47609,11173,21232,31689,30617,48226,42474,49930,48078,60756,60451,70981,71188,52028,57332,35850,46307,10859,20506,563481,536973,77683,74460,105709,101419,29983,29,24
2021-09-05T23:59:59+02:00,3983,3658,34747,33465,50734,45275,52122,50703,63055,63144,73255,73582,53361,58912,36734,47602,11171,21227,31669,30598,48210,42460,49917,48069,60744,60441,70969,71182,52022,57320,35848,46302,10858,20504,563347,536830,77682,74458,105709,101406,29964,29,24
2021-09-04T23:59:59+02:00,3983,3658,34746,33465,50732,45275,52121,50702,63055,63144,73255,73582,53361,58912,36734,47602,11171,21227,31668,30596,48209,42460,49915,48067,60744,60441,70968,71182,52022,57320,35848,46302,10858,20504,563345,536826,77682,74456,105709,101406,29961,29,24
2021-09-03T23:59:59+02:00,3935,3611,34584,33339,50583,45153,52017,50585,62907,63021,73130,73484,53321,58864,36714,47581,11167,21224,31397,30406,48015,42288,49746,47902,60542,60269,70823,71037,51968,57263,35823,46279,10855,20500,563206,536691,77098,73221,105698,101393,29190,29,24
2021-09-02T23:59:59+02:00,3910,3582,34528,33294,50549,45112,51984,50553,62868,62982,73093,73459,53300,58853,36705,47564,11167,21220,31329,30345,47965,42242,49704,47857,60487,60216,70781,71010,51950,57247,35814,46270,10854,20495,562810,536301,77077,73216,105698,101282,29110,29,24
2021-09-01T23:59:59+02:00,3893,3568,34501,33263,50524,45085,51964,50531,62848,62949,73064,73441,53291,58844,36701,47556,11167,21219,31277,30306,47932,42212,49674,47832,60458,60191,70759,70979,51931,57228,35804,46263,10854,20492,562541,535955,77073,73209,105698,101255,29069,29,24
2021-08-31T23:59:59+02:00,3866,3555,34461,33214,50497,45047,51937,50498,62820,62916,73034,73410,53271,58822,36693,47543,11164,21219,31218,30276,47905,42186,49652,47815,60431,60175,70744,70952,51917,57218,35800,46256,10851,20486,562145,535679,77073,73206,105698,101249,29023,29,24
2021-08-30T23:59:59+02:00,3639,3347,33881,32704,50080,44676,51590,50158,62530,62655,72827,73232,53189,58736,36663,47496,11161,21211,30940,30013,47609,41957,49428,47648,60249,60046,70587,70848,51851,57173,35781,46224,10848,20479,559175,534595,77073,73203,105697,101239,27802,29,24
2021-08-29T23:59:59+02:00,3633,3339,33859,32682,50062,44668,51574,50140,62519,62641,72817,73216,53181,58731,36661,47489,11161,21209,30922,29993,47585,41930,49408,47631,60232,60029,70575,70836,51848,57165,35778,46223,10848,20477,559028,534476,77072,73202,105696,101195,27758,29,24
2021-08-28T23:59:59+02:00,3633,3339,33856,32682,50057,44667,51573,50138,62517,62638,72815,73215,53180,58729,36661,47489,11161,21209,30913,29985,47579,41928,49406,47629,60229,60025,70572,70834,51847,57161,35778,46223,10848,20477,559019,534442,77072,73201,105696,101195,27744,29,24
2021-08-27T23:59:59+02:00,3628,3333,33849,32661,50053,44665,51561,50132,62509,62633,72798,73209,53176,58727,36660,47488,11160,21208,30895,29966,47570,41921,49397,47620,60221,60017,70560,70833,51845,57160,35777,46222,10847,20477,558944,534364,77072,73199,105696,101192,27710,29,24
2021-08-26T23:59:59+02:00,3603,3306,33807,32611,50027,44626,51520,50083,62464,62609,72765,73179,53166,58717,36652,47486,11159,21204,30602,29698,47353,41711,49224,47465,60106,59918,70477,70763,51813,57129,35760,46199,10845,20473,558591,532562,77046,73192,105695,101128,27624,29,24
2021-08-25T23:59:59+02:00,3562,3282,33758,32569,50001,44580,51488,50056,62426,62576,72729,73157,53158,58698,36646,47472,11158,21203,29855,28996,46925,41298,48899,47173,59883,59695,70303,70613,51746,57053,35739,46164,10836,20465,558169,528255,77046,73189,105695,101105,27581,29,24
2021-08-24T23:59:59+02:00,3522,3260,33702,32509,49972,44537,51460,50008,62382,62528,72684,73110,53136,58674,36633,47459,11156,21195,29626,28776,46797,41168,48791,47067,59791,59601,70218,70513,51700,57005,35718,46152,10833,20462,557679,526824,77042,73185,105693,101070,27485,29,24
2021-08-23T23:59:59+02:00,3219,2994,33070,31891,49550,44144,51119,49708,62056,62234,72391,72880,53040,58585,36595,47396,11145,21186,29207,28384,46414,40870,48550,46855,59522,59394,69992,70365,51623,56934,35693,46109,10827,20455,554642,525378,77039,73183,105692,101065,25802,29,24
2021-08-22T23:59:59+02:00,3208,2986,33059,31884,49540,44134,51111,49702,62051,62227,72387,72878,53037,58582,36593,47394,11145,21185,29184,28368,46396,40862,48542,46844,59511,59386,69986,70362,51613,56930,35690,46106,10827,20455,554573,525281,77035,73179,105689,101051,25778,29,24
2021-08-21T23:59:59+02:00,3206,2986,33053,31881,49538,44132,51110,49699,62048,62226,72386,72877,53037,58582,36593,47394,11145,21185,29172,28355,46391,40858,48537,46839,59506,59386,69986,70361,51612,56930,35690,46106,10827,20455,554556,525239,77035,73175,105689,101051,25770,29,24
2021-08-20T23:59:59+02:00,3190,2975,32931,31788,49349,44003,50939,49589,61869,62100,72240,72797,52989,58539,36578,47376,11142,21181,28635,27853,45918,40503,48258,46629,59253,59203,69783,70238,51527,56872,35660,46078,10823,20448,554329,523545,77035,73001,105688,100824,24495,29,24
2021-08-19T23:59:59+02:00,3163,2952,32880,31749,49315,43968,50892,49547,61824,62062,72191,72757,52963,58519,36571,47361,11138,21174,27693,27000,45130,39898,47831,46266,58922,58930,69510,70014,51427,56783,35618,46031,10818,20442,553915,519171,77000,72025,105683,100732,24400,29,24
2021-08-18T23:59:59+02:00,3142,2933,32834,31704,49279,43933,50854,49511,61779,62025,72144,72730,52934,58502,36557,47347,11137,21169,26400,25692,44205,39020,47129,45525,58247,58346,69023,69559,51240,56561,35541,45937,10806,20425,553482,513623,76979,68827,105680,100679,24345,29,24
2021-08-17T23:59:59+02:00,3120,2910,32762,31646,49238,43865,50813,49477,61735,61983,72108,72690,52911,58478,36544,47335,11134,21164,25109,24305,43337,38326,46528,45046,57719,57904,68591,69233,51105,56377,35466,45857,10790,20411,552948,508006,76974,66751,105679,100642,24284,29,24
2021-08-16T23:59:59+02:00,3109,2890,32745,31625,49214,43843,50804,49460,61715,61966,72087,72674,52899,58470,36543,47324,11132,21160,23676,22905,42427,37475,46256,44754,57497,57644,68385,69073,51032,56293,35436,45812,10788,20397,552720,501642,76971,66719,105677,100629,24264,29,24
2021-08-15T23:59:59+02:00,3102,2879,32734,31609,49203,43838,50794,49450,61700,61950,72072,72662,52895,58462,36540,47324,11132,21160,21241,20434,41673,36936,45890,44387,57164,57348,68101,68817,50920,56190,35399,45756,10785,20388,552596,492895,76970,66540,105667,100613,24245,29,24
2021-08-14T23:59:59+02:00,3102,2878,32730,31607,49198,43837,50791,49448,61695,61947,72068,72656,52895,58462,36539,47324,11132,21160,21218,20408,41633,36906,45873,44372,57150,57337,68089,68806,50918,56188,35398,45755,10785,20387,552590,492712,76969,66537,105667,100613,24215,29,24
2021-08-13T23:59:59+02:00,3088,2861,32688,31580,49175,43822,50769,49430,61662,61916,72046,72636,52890,58455,36536,47319,11131,21157,21101,20321,41545,36807,45811,44319,57102,57299,68049,68772,50901,56176,35389,45746,10784,20385,552433,492121,76968,66534,105666,100592,24066,29,24
2021-08-12T23:59:59+02:00,3071,2832,32640,31530,49140,43782,50731,49401,61609,61887,72010,72600,52874,58436,36519,47310,11130,21154,20635,20008,40591,35997,45443,43988,56884,57122,67872,68607,50829,56093,35358,45701,10779,20377,552018,487883,76964,66532,105664,100547,23982,29,24
2021-08-11T23:59:59+02:00,3029,2801,32583,31486,49106,43746,50706,49377,61582,61857,71982,72572,52852,58410,36507,47301,11129,21150,19741,19122,39264,34811,44841,43409,56524,56792,67579,68334,50708,55955,35321,45642,10777,20364,551604,480465,76958,66528,105663,100525,23923,29,24
2021-08-10T23:59:59+02:00,3013,2782,32532,31441,49069,43716,50676,49345,61563,61817,71942,72527,52829,58394,36496,47278,11128,21145,18718,18155,37162,32950,43956,42532,56072,56396,67190,67986,50557,55801,35260,45545,10772,20344,551141,470229,76958,66526,105662,100506,23904,29,24
2021-08-09T23:59:59+02:00,2997,2775,32503,31417,49045,43698,50648,49327,61544,61799,71922,72507,52820,58385,36491,47268,11126,21144,17294,16739,34166,30515,43292,41898,55666,56034,66858,67660,50416,55653,35209,45496,10767,20326,550892,458020,76956,66522,105658,100493,23882,29,24
2021-08-08T23:59:59+02:00,2994,2775,32491,31407,49035,43691,50643,49321,61536,61792,71919,72506,52819,58383,36491,47265,11126,21143,17267,16709,34144,30501,43255,41866,55653,56021,66849,67655,50411,55647,35208,45493,10766,20325,550837,457832,76956,66517,105647,100474,23869,29,24
2021-08-07T23:59:59+02:00,2993,2770,32484,31397,49032,43683,50638,49321,61533,61789,71912,72504,52818,58381,36490,47265,11126,21143,17241,16679,34116,30482,43222,41836,55632,56004,66838,67648,50405,55645,35206,45493,10766,20324,550788,457605,76956,66514,105647,100473,23860,29,24
2021-08-06T23:59:59+02:00,2905,2678,32141,31173,48778,43485,50383,49095,61245,61584,71637,72337,52686,58277,36436,47212,11123,21134,17036,16543,33407,30004,42754,41468,55288,55778,66528,67472,50275,55551,35157,45456,10763,20317,550719,455934,75849,66227,105643,100471,22070,29,24
2021-08-05T23:59:59+02:00,2858,2639,31986,31056,48684,43395,50303,49042,61192,61539,71585,72296,52659,58258,36427,47195,11121,21132,16806,16289,31547,28572,41713,40522,55013,55429,66316,67300,50210,55474,35134,45417,10756,20308,549845,449136,75846,66154,105634,100348,22014,29,24
2021-08-04T23:59:59+02:00,2783,2562,31740,30862,48496,43260,50150,48930,61111,61463,71523,72240,52630,58218,36414,47180,11118,21127,16540,16046,31193,28351,40521,39448,54622,55098,66142,67148,50145,55390,35104,45389,10753,20301,548553,444824,75845,66135,105632,100274,21756,22,23
2021-08-03T23:59:59+02:00,2595,2382,31231,30400,48246,43011,49976,48739,60948,61289,71377,72093,52575,58147,36392,47151,11108,21113,16101,15601,30607,27823,38790,37829,53931,54450,65807,66838,50048,55262,35056,45338,10748,20291,545609,437154,75845,66129,105629,100255,21669,22,23
2021-08-02T23:59:59+02:00,2484,2287,30917,30116,48048,42830,49822,48610,60840,61185,71288,72011,52542,58115,36370,47132,11107,21110,15797,15332,30268,27471,36644,36004,53373,53938,65599,66662,49976,55177,35034,45310,10746,20287,543674,430310,75842,66125,105624,100143,21653,22,23
2021-08-01T23:59:59+02:00,2481,2284,30905,30109,48029,42818,49810,48602,60827,61175,71279,72005,52537,58107,36366,47132,11107,21110,15673,15206,30130,27357,34338,34149,53075,53688,65507,66593,49937,55137,35027,45292,10745,20285,543617,424862,75840,66121,105578,100120,21627,22,23
2021-07-31T23:59:59+02:00,2481,2284,30901,30105,48027,42816,49808,48602,60826,61175,71279,72003,52534,58105,36366,47132,11107,21109,15658,15194,30097,27337,34325,34142,53057,53680,65494,66588,49933,55132,35027,45291,10744,20284,543599,424714,75840,66120,105578,100117,21622,22,23
2021-07-30T23:59:59+02:00,2467,2279,30854,30060,47995,42795,49784,48577,60792,61146,71244,71985,52525,58094,36366,47132,11107,21107,15503,14893,29839,27022,34145,33892,52857,53388,65330,66385,49886,55086,35016,45279,10744,20283,543424,424363,75835,66111,105575,98206,21454,22,23
2021-07-29T23:59:59+02:00,2435,2259,30694,29968,47912,42734,49731,48512,60731,61105,71198,71939,52506,58075,36358,47116,11104,21102,15191,14617,29526,26809,32858,32943,52075,52777,64975,66117,49787,54994,34974,45222,10739,20275,542761,421668,75828,63384,105563,98061,21306,22,23
2021-07-28T23:59:59+02:00,2389,2222,30541,29858,47829,42665,49658,48440,60657,61027,71132,71882,52482,58037,36340,47098,11103,21097,14788,14246,29087,26492,32488,32612,51361,52165,64583,65790,49693,54892,34940,45165,10723,20256,541814,417529,75824,63331,105557,97671,21241,22,23
2021-07-27T23:59:59+02:00,2311,2149,30300,29589,47676,42489,49514,48303,60549,60904,71032,71794,52424,57976,36312,47059,11095,21090,14146,13591,28321,25866,31737,31960,50108,51071,63856,65222,49506,54687,34872,45050,10716,20238,539986,409200,75814,63305,105551,97574,21194,22,23
2021-07-26T23:59:59+02:00,2250,2094,30100,29355,47558,42360,49439,48219,60486,60839,70982,71749,52398,57944,36301,47046,11093,21081,13781,13215,27970,25578,31119,31550,48550,49702,62878,64395,49301,54483,34804,44968,10706,20226,538759,401489,75811,63300,105547,97544,21156,22,23
2021-07-25T23:59:59+02:00,2003,1892,29278,28682,47167,42047,49154,47934,60250,60616,70801,71591,52342,57869,36274,47004,11092,21074,13688,13155,27874,25516,31034,31484,48430,49640,62791,64346,49280,54466,34797,44959,10706,20225,534586,400860,75811,63293,105540,97384,21112,22,23
2021-07-24T23:59:59+02:00,1923,1824,29024,28452,47016,41942,49037,47835,60095,60497,70672,71511,52294,57839,36257,46983,11090,21074,13553,13045,27670,25381,30874,31356,48219,49469,62628,64251,49236,54436,34782,44941,10704,20223,533897,400248,75809,63290,105539,97382,20099,22,23
2021-07-23T23:59:59+02:00,1811,1703,28694,28126,46771,41791,48782,47622,59846,60308,70468,71384,52219,57768,36238,46946,11086,21065,13302,12821,27237,25067,30495,31049,47621,48979,62299,64016,49153,54370,34760,44897,10699,20214,532903,397852,75432,63236,105528,97380,18744,22,23
2021-07-22T23:59:59+02:00,1799,1696,28615,28048,46633,41650,48571,47411,59668,60166,70351,71255,52176,57731,36222,46929,11086,21065,13075,12568,26902,24733,30145,30731,45697,47417,61495,63316,49057,54268,34722,44853,10696,20204,532599,391159,74280,63087,105486,97157,18686,22,23
2021-07-21T23:59:59+02:00,1766,1657,28350,27843,46249,41316,47980,46855,59085,59684,69894,70865,52004,57570,36164,46872,11077,21052,12649,12129,26323,24191,29571,30163,41968,44178,60011,62048,48887,54088,34659,44770,10686,20177,532047,379525,71011,62577,105332,96710,17872,22,23
2021-07-20T23:59:59+02:00,1743,1642,28229,27705,46186,41258,47934,46817,59031,59634,69841,70817,51969,57542,36148,46846,11073,21045,12150,11596,25585,23500,28921,29413,38511,41186,58465,60584,48684,53867,34577,44678,10668,20157,531357,369139,70991,59184,105315,96587,17776,22,23
2021-07-19T23:59:59+02:00,1738,1641,28199,27670,46164,41245,47922,46803,59018,59618,69829,70815,51967,57538,36148,46842,11071,21045,12105,11568,25522,23466,28890,29380,38467,41154,58424,60557,48680,53859,34576,44675,10665,20156,531211,368828,70991,59171,105300,96536,17750,22,23
2021-07-18T23:59:59+02:00,1734,1634,28173,27644,46140,41236,47908,46790,59012,59608,69822,70806,51965,57537,36147,46841,11071,21044,12043,11543,25437,23426,28829,29347,38406,41127,58364,60516,48678,53855,34573,44674,10665,20156,531079,368492,70989,59140,105292,96416,17731,22,23
2021-07-17T23:59:59+02:00,1734,1632,28154,27631,46125,41227,47898,46786,59005,59603,69815,70802,51960,57533,36146,46841,11071,21044,12016,11532,25404,23390,28796,29327,38384,41110,58329,60492,48668,53847,34571,44674,10665,20156,531002,368244,70988,59136,105292,96413,17704,22,23
2021-07-16T23:59:59+02:00,1719,1612,27888,27442,45842,41062,47674,46613,58706,59401,69583,70661,51854,57460,36102,46805,11066,21042,11763,11338,25075,23150,28498,29096,37988,40835,57821,60069,48532,53733,34519,44624,10659,20152,530686,367043,70987,59133,105167,96138,15671,22,23
2021-07-15T23:59:59+02:00,1621,1499,27425,27054,45584,40823,47528,46500,58566,59288,69480,70573,51813,57418,36087,46783,11065,21035,11470,11111,24595,22805,28133,28824,37594,40556,55774,58025,48362,53532,34462,44540,10651,20141,528361,360101,70984,59048,105159,95927,15617,22,23
2021-07-14T23:59:59+02:00,1454,1367,26859,26515,45278,40534,47325,46315,58383,59091,69320,70426,51752,57359,36061,46753,11059,21030,11283,10924,24185,22453,27781,28505,37070,40154,54556,56845,48225,53382,34411,44476,10643,20119,525187,356392,70978,57388,105140,95781,15555,22,23
2021-07-13T23:59:59+02:00,1169,1063,25906,25617,44785,40120,46968,45997,58057,58806,69045,70179,51639,57233,36018,46698,11055,21015,10938,10586,23650,21906,27163,27919,35691,38963,50425,52940,47862,52994,34282,44327,10626,20090,519795,347136,70971,52184,105137,95674,15446,22,23
2021-07-12T23:59:59+02:00,704,666,24524,24358,44225,39639,46769,45781,57844,58610,68861,70007,51577,57142,36000,46672,11053,21007,10705,10478,23443,21767,26911,27784,35445,38794,49984,52519,47787,52909,34252,44292,10626,20084,513898,345676,70971,52158,105131,94594,15419,21,23
2021-07-11T23:59:59+02:00,701,661,24503,24337,44195,39617,46751,45769,57830,58598,68847,70005,51575,57139,35997,46668,11052,21007,10609,10393,23226,21644,26646,27685,35135,38711,49271,52032,46301,51319,34162,44186,10626,20082,513808,345171,70967,52112,105118,89471,15339,21,23
2021-07-10T23:59:59+02:00,699,656,24496,24331,44190,39609,46748,45766,57823,58597,68847,70004,51575,57139,35997,46668,11052,21007,10597,10384,23202,21625,26632,27676,35112,38706,49258,52027,46287,51303,34160,44185,10626,20082,513774,345067,70964,52111,105116,89415,15330,21,23
2021-07-09T23:59:59+02:00,692,646,24048,23870,43913,39370,46679,45705,57762,58556,68796,69979,51558,57126,35993,46660,11051,21007,10518,10213,23108,21436,26571,27467,35045,38489,49194,51923,46265,51278,34156,44182,10626,20082,512014,343839,70961,52098,105110,89371,15306,21,23
2021-07-08T23:59:59+02:00,626,579,22966,22861,43106,38765,46426,45501,57553,58412,68598,69839,51479,57060,35965,46637,11049,20999,10261,10022,22730,21183,26174,27205,34568,38178,48586,51405,45929,50912,34086,44104,10619,20060,507307,340263,70937,51950,105052,88755,15105,21,23
2021-07-07T23:59:59+02:00,574,533,21640,21462,42363,38076,46205,45279,57315,58221,68431,69679,51394,56976,35928,46582,11041,20985,9887,9715,21852,20593,25070,26409,32731,36808,47665,50519,45427,50375,33979,43965,10611,20042,501907,335317,70763,47565,105028,87840,14966,21,23
2021-07-06T23:59:59+02:00,516,470,20404,20177,41512,37427,45726,44928,56921,57916,68103,69419,51294,56850,35884,46530,11033,20976,9495,9332,20989,19999,24107,25753,31239,35613,46470,49318,44647,49592,33843,43789,10598,20022,497402,327986,68836,45459,105006,86566,14822,21,23
2021-07-05T23:59:59+02:00,480,442,18996,18791,40647,36623,45508,44702,56738,57713,67942,69291,51238,56795,35863,46501,11031,20969,9206,9076,20428,19617,23440,25333,30599,35185,45711,48705,43891,48802,33713,43601,10589,20010,491671,322205,68833,45436,104999,85537,14749,19,23
2021-07-04T23:59:59+02:00,473,436,17207,16750,40300,36392,45420,44629,56653,57644,67863,69223,51205,56769,35853,46481,11029,20967,9145,9024,20287,19552,23266,25255,30341,35105,44917,48577,42524,47451,33634,43527,10587,20004,486810,321745,68806,45391,104983,81405,14676,19,23
2021-07-03T23:59:59+02:00,473,435,17186,16730,40250,36344,45404,44614,56646,57640,67857,69216,51203,56766,35853,46481,11029,20966,9102,8983,20221,19484,23206,25191,30257,35026,44696,48401,42455,47376,33589,43468,10584,20004,486627,320787,68804,45390,104982,81225,14661,19,23
2021-07-02T23:59:59+02:00,452,412,17071,16625,39780,35969,45291,44517,56593,57598,67808,69184,51191,56761,35847,46469,11029,20965,8944,8816,19893,19206,22820,24813,29838,34613,44067,47756,42253,47147,33491,43332,10578,20000,485127,317791,68787,44354,104980,80791,14649,19,23
2021-07-01T23:59:59+02:00,400,372,16765,16343,38042,34634,44717,44018,56333,57389,67634,69015,51111,56671,35819,46430,11025,20957,8569,8421,19030,18500,21855,23959,28453,33423,41039,44786,41256,46066,32878,42604,10561,19971,479639,310308,68712,39469,104957,77254,14348,19,23
2021-06-30T23:59:59+02:00,352,327,16474,16097,35850,32808,44093,43385,56109,57193,67429,68823,51027,56578,35790,46376,11021,20941,8210,8085,18358,17872,20970,23128,27178,32162,36400,39916,40176,44922,32214,41816,10540,19946,472772,299824,68667,33437,104938,74361,14277,19,23
2021-06-29T23:59:59+02:00,313,290,16255,15897,34846,31724,43645,42940,55927,57033,67258,68674,50950,56505,35751,46332,11013,20934,7629,7476,17226,16937,19717,21909,25480,30486,33654,36793,37322,41872,31473,40928,10517,19908,468574,283624,68659,33390,104924,68205,14111,19,21
2021-06-28T23:59:59+02:00,303,268,16112,15740,33123,30298,43323,42644,55762,56893,67141,68568,50904,56453,35733,46311,11010,20922,7325,7215,16674,16559,19325,21593,24971,30102,33063,36294,35938,40382,30684,39993,10513,19896,464136,280569,68637,33341,104903,62804,13813,19,21
2021-06-27T23:59:59+02:00,303,268,16090,15717,32968,30210,43261,42615,55725,56884,67115,68560,50900,56449,35730,46310,11010,20921,7281,7187,16536,16491,19160,21531,24769,30028,32835,36153,34680,39111,29058,38068,10512,19895,463813,280395,68634,33302,104897,55924,13673,19,21
2021-06-26T23:59:59+02:00,301,266,16069,15697,32944,30193,43216,42574,55702,56870,67109,68557,50898,56447,35727,46309,11010,20921,7277,7175,16516,16479,19144,21523,24736,30006,32814,36132,34667,39099,29056,38065,10512,19895,463590,280202,68632,33302,104897,55919,13672,19,21
2021-06-25T23:59:59+02:00,295,265,16015,15652,32831,30093,43024,42414,55644,56825,67069,68533,50888,56436,35723,46308,11010,20921,7089,6898,16233,15970,18875,20869,24368,29070,32425,35410,34505,38883,29033,38035,10512,19895,462767,277525,68631,33293,104880,53602,13649,19,21
2021-06-24T23:59:59+02:00,274,252,15742,15451,32380,29804,41553,41168,55177,56468,66836,68373,50835,56379,35707,46280,11005,20911,6773,6672,15537,15526,17423,19851,22287,27511,31326,34514,34103,38462,28909,37855,10500,19881,458188,267829,68630,33241,104876,53176,12882,19,21
2021-06-23T23:59:59+02:00,259,235,15459,15158,31881,29403,39447,39342,54629,55924,66584,68152,50746,56270,35667,46234,11000,20898,6566,6509,15174,15247,16897,19402,21405,26712,29633,33154,33345,37613,28718,37614,10493,19866,451102,260021,68584,33151,104873,52461,12710,19,21
2021-06-22T23:59:59+02:00,237,200,15075,14765,31212,28770,36001,36289,53716,55124,66281,67847,50640,56148,35628,46177,10996,20884,6389,6298,14768,14919,16097,18685,19987,25396,28031,31502,32546,36638,28179,37007,10475,19833,440148,249925,68552,33068,104868,51345,12403,19,21
2021-06-21T23:59:59+02:00,222,194,14832,14591,30522,28307,33830,34321,53252,54698,66102,67730,50559,56074,35602,46155,10991,20879,6293,6213,14607,14802,15927,18550,19867,25284,27923,31417,32391,36499,26970,35772,10475,19830,433308,249252,68530,33021,104837,48371,12167,19,21
2021-06-20T23:59:59+02:00,215,193,14707,14502,28613,26966,33217,33874,53163,54602,66033,67693,50536,56046,35594,46152,10990,20877,5842,5917,13663,14168,15104,17963,19316,24928,27613,31219,32227,36321,26944,35741,10473,19826,428916,244290,68526,32986,104833,48301,11679,19,21
2021-06-19T23:59:59+02:00,209,188,14682,14469,28499,26885,33186,33847,53141,54586,66017,67682,50530,56037,35592,46147,10989,20875,5627,5755,13100,13756,14497,17486,18989,24727,27420,31048,32148,36221,26927,35727,10473,19826,428511,240762,68524,32984,104833,48298,11674,19,21
2021-06-18T23:59:59+02:00,207,180,14593,14383,28399,26820,31936,32937,52774,54279,65884,67589,50499,56003,35574,46121,10985,20871,5557,5679,13002,13672,14332,17361,18753,24498,26600,30381,31943,35985,26861,35652,10469,19819,428022,237820,65547,32867,104824,48244,11622,19,21
2021-06-17T23:59:59+02:00,193,164,14221,14120,27804,26574,31447,32675,51984,53713,65457,67322,50418,55903,35541,46080,10979,20859,5180,5420,12217,13200,13544,16749,17660,23571,24441,28416,31302,35250,26663,35374,10452,19805,424826,228808,65542,32589,104800,47565,10270,16,21
2021-06-16T23:59:59+02:00,164,136,13793,13721,27340,26219,31007,32318,51172,53007,65005,66934,50300,55783,35512,46023,10968,20847,4815,4977,11494,12524,12754,16056,16559,22449,21472,25549,30234,34044,26366,34971,10437,19764,419969,214754,65500,32561,104794,47168,9970,16,21
2021-06-15T23:59:59+02:00,103,83,13165,13101,26588,25641,30223,31723,49919,51943,64291,66407,50122,55587,35444,45911,10959,20828,4319,4345,10524,11587,11599,14674,14828,20744,18036,22238,28863,32607,25980,34452,10411,19720,412252,196112,65484,32446,104788,46859,9498,16,21
2021-06-14T23:59:59+02:00,73,62,12761,12729,26181,25316,29562,31259,48121,50473,63240,65571,49907,55362,35367,45835,10951,20816,4219,4292,10349,11458,11459,14542,14650,20623,17844,22079,28793,32527,25961,34425,10407,19717,404380,195678,65475,32174,104786,46552,8929,16,21
2021-06-13T23:59:59+02:00,72,61,12719,12684,26107,25283,29499,31232,48068,50448,63204,65547,49900,55359,35365,45831,10950,20813,4065,4215,10021,11330,11136,14431,14353,20511,17444,21736,27279,30887,25821,34230,10403,19706,404176,194939,65399,27502,104779,46343,8772,16,21
2021-06-12T23:59:59+02:00,72,60,12702,12668,26093,25272,29488,31220,48009,50377,63162,65511,49899,55356,35365,45831,10950,20813,4063,4205,10005,11316,11128,14417,14334,20494,17424,21727,27238,30842,25816,34224,10403,19706,403883,194756,65399,27500,104778,46302,8772,16,21
2021-06-11T23:59:59+02:00,70,57,12603,12538,25968,25158,29367,31096,47774,50151,63030,65391,49875,55330,35354,45820,10948,20811,3969,3934,9479,10122,10697,13509,14044,19937,17151,21249,26828,30421,25726,34142,10400,19704,402617,193714,65390,27496,104736,41508,8582,16,21
2021-06-10T23:59:59+02:00,62,50,12358,12326,25650,24877,29022,30830,46701,49134,62292,64821,49790,55234,35320,45768,10938,20798,3701,3570,8710,8871,9796,11862,12739,17181,15365,17648,25118,28501,25428,33839,10394,19680,397744,188215,65337,27057,104532,28776,8342,16,21
2021-06-09T23:59:59+02:00,49,38,12067,12002,25241,24470,28629,30434,44693,47311,61201,63883,49686,55111,35273,45714,10932,20780,3456,3450,8294,8617,9288,11542,12228,16790,14656,17050,21286,24189,25202,33538,10382,19654,389754,176657,65214,26713,104531,28240,7999,16,21
2021-06-08T23:59:59+02:00,43,27,11637,11468,24580,23848,27973,29770,41526,44465,59428,62250,49515,54920,35200,45623,10922,20758,3247,3313,7896,8359,8671,11170,11565,16369,13999,16404,15911,18242,24810,33012,10364,19626,377098,161470,65153,26380,104521,27937,7165,16,14
2021-06-07T23:59:59+02:00,38,20,11476,11279,24229,23574,27696,29563,38898,42536,58999,61888,49481,54889,35188,45602,10920,20752,3151,3245,7589,8183,8354,10994,10989,15918,13496,15926,15835,18164,24780,32962,10362,19619,371456,161154,64726,24553,104512,27535,6319,15,14
2021-06-06T23:59:59+02:00,35,19,11341,11173,23909,23345,27487,29390,37294,41350,58872,61808,49457,54861,35180,45588,10920,20750,3048,3195,7318,8095,8084,10826,10251,15236,12901,15307,15683,18053,24766,32939,10360,19619,371048,161040,61339,21391,104501,27369,5876,15,13
2021-06-05T23:59:59+02:00,35,18,11323,11156,23866,23310,27452,29364,37267,41336,58774,61723,49446,54855,35178,45586,10920,20747,3036,3184,7295,8063,8055,10810,10221,15222,12861,15283,15562,17889,24761,32931,10359,19618,370718,160616,61337,21390,104501,27354,5785,15,13
2021-06-04T23:59:59+02:00,35,16,11138,10896,23503,22846,27179,28967,36839,40885,58156,61182,49412,54814,35168,45568,10918,20741,3012,3167,7266,8047,8034,10792,10192,15197,12826,15249,15351,17683,24750,32910,10357,19617,368916,160032,59066,21376,104487,27257,5779,15,13
2021-06-03T23:59:59+02:00,33,15,10918,10680,23046,22452,26754,28631,35743,40058,55395,58831,49283,54656,35125,45504,10913,20726,2923,3086,7059,7891,7577,10495,9164,14566,11580,14549,14168,16216,24572,32693,10345,19598,364974,156681,54142,17649,104437,26950,5196,14,13
2021-06-02T23:59:59+02:00,33,15,10883,10647,23010,22418,26723,28606,35712,40017,55268,58673,49269,54633,35119,45497,10913,20725,2883,3057,7004,7873,7518,10462,9007,14526,11357,14486,12810,14731,24452,32519,10340,19591,364390,152854,54136,17638,104437,26934,5184,14,13
2021-06-01T23:59:59+02:00,20,8,10469,10305,22354,21909,26037,28023,34991,39441,52266,55526,48878,54225,35001,45334,10897,20699,2424,2698,5649,7187,6247,9885,7614,13856,10223,13521,8502,9171,23977,31840,10318,19536,353629,134659,53966,17270,104418,26357,4356,14,13
2021-05-31T23:59:59+02:00,19,7,10195,10074,21779,21512,25629,27770,34670,39238,50817,54130,48779,54100,34968,45293,10890,20691,2314,2574,5363,6942,5987,9664,7249,13615,9967,13361,8451,9109,23951,31793,10310,19523,348895,133889,53927,17149,104394,25798,3331,14,13
2021-05-30T23:59:59+02:00,18,7,10141,10026,21690,21474,25564,27736,34558,39167,50452,53789,48754,54074,34962,45287,10888,20688,2279,2544,5258,6864,5885,9597,7059,13527,9742,13265,8407,9062,23935,31786,10309,19518,347710,133296,53908,16976,104378,25494,3265,14,13
2021-05-29T23:59:59+02:00,17,7,10126,10014,21656,21456,25547,27724,34537,39154,50439,53771,48750,54070,34959,45286,10888,20688,2260,2490,5214,6738,5825,9465,6943,13330,9604,13044,8334,8972,23868,31719,10308,19517,347554,133019,53908,16924,104357,24426,3256,14,13
2021-05-28T23:59:59+02:00,17,7,10068,9946,21581,21348,25468,27605,34460,39054,50361,53672,48729,54052,34951,45277,10888,20684,2176,2223,4596,6196,5204,8741,6570,12363,9106,12046,8158,8775,23500,31238,10307,19514,346710,131525,53896,16826,104299,19107,3249,14,13
2021-05-27T23:59:59+02:00,16,7,9804,9698,21053,20969,24923,27247,33936,38675,49748,53064,48558,53860,34881,45202,10884,20665,1934,1955,4011,5674,4525,8137,6059,11595,8160,10721,7653,8117,21943,29088,10292,19492,342426,125874,53487,15691,104191,14711,3072,14,13
2021-05-26T23:59:59+02:00,16,7,9529,9451,20328,20400,24053,26574,32675,37646,48982,52359,48303,53571,34807,45088,10873,20641,1879,1883,3917,5547,4391,7974,5853,11334,7835,10337,7091,7392,19514,25661,10274,19449,337707,117402,50511,15437,104138,14550,2933,14,13
2021-05-25T23:59:59+02:00,15,7,9264,9216,19915,20043,23615,26183,32166,37131,48088,51381,48005,53253,34717,44945,10861,20611,1813,1835,3797,5448,4253,7829,5643,11110,7523,10016,6468,6554,15400,20288,10254,19391,332118,105228,50431,15392,104065,14205,2788,14,13
2021-05-24T23:59:59+02:00,14,7,9044,9059,19346,19754,22843,25796,30650,36113,47864,51208,47911,53152,34688,44915,10859,20610,1788,1819,3751,5414,4190,7787,5578,11051,7447,9960,6442,6530,15386,20279,10254,19391,330535,105110,46624,15379,104005,13914,2655,14,13
2021-05-23T23:59:59+02:00,14,7,8836,8852,18987,19461,22421,25448,30225,35792,47272,50696,47477,52697,34585,44769,10851,20601,1786,1818,3742,5409,4186,7782,5568,11043,7439,9952,6437,6519,15386,20277,10254,19391,325698,105056,46622,15377,104004,13894,2653,14,13
2021-05-22T23:59:59+02:00,14,7,8805,8815,18937,19418,22374,25416,30172,35762,47163,50626,47458,52675,34582,44760,10847,20601,1785,1815,3729,5396,4182,7776,5564,11037,7432,9948,6435,6517,15384,20277,10254,19391,325154,105024,46622,15377,104003,13873,2639,14,13
2021-05-21T23:59:59+02:00,13,7,8531,8460,18497,18902,22013,24774,29745,34952,46674,49961,47369,52553,34544,44717,10844,20596,1722,1773,3650,5357,4140,7742,5531,10992,7391,9899,6407,6491,15307,20180,10253,19390,319950,104713,46592,15376,103979,13510,2617,14,13
2021-05-20T23:59:59+02:00,12,7,7956,7910,17547,18106,21009,23855,28426,33752,44927,48138,46929,52093,34435,44561,10827,20577,1420,1611,3337,5068,3874,7352,5234,10510,7011,9447,6173,6236,14001,18643,10230,19351,308336,100972,46506,14896,103751,11161,2460,14,13
2021-05-19T23:59:59+02:00,12,7,7690,7594,16941,17500,20110,22980,27199,32493,43129,46049,46398,51538,34281,44338,10806,20547,1356,1528,3134,4854,3668,7101,5007,10157,6716,9115,5890,5901,11798,15800,10213,19292,297188,94750,46466,14424,103702,10107,2242,14,11
2021-05-18T23:59:59+02:00,11,7,7164,7049,15786,16474,18844,21731,25687,30865,40436,42816,45568,50591,34043,44032,10781,20505,1335,1502,3074,4783,3592,6982,4872,10024,6533,8904,5624,5625,10097,13631,10188,19237,281382,89618,45261,14374,103600,9869,2135,12,11
2021-05-17T23:59:59+02:00,11,7,7084,6988,15603,16364,18629,21562,25289,30537,38682,41177,45458,50512,33996,43966,10772,20481,1302,1479,3018,4738,3528,6923,4804,9921,6436,8803,5583,5585,10083,13614,10185,19229,281166,89550,40488,14092,103556,9686,1896,12,11
2021-05-16T23:59:59+02:00,10,6,6969,6936,15483,16276,18500,21455,25106,30422,35698,38406,45422,50477,33974,43942,10769,20476,1278,1461,2974,4696,3480,6866,4718,9853,6340,8722,5553,5548,10071,13598,10183,19226,280887,89502,34334,13823,103435,9576,1659,12,11
2021-05-15T23:59:59+02:00,10,6,6945,6905,15422,16218,18454,21415,25039,30379,35662,38365,45399,50450,33967,43937,10769,20476,1266,1435,2942,4623,3461,6797,4699,9771,6318,8672,5547,5543,10066,13597,10183,19226,280405,89447,34334,13819,103421,9227,1646,12,11
2021-05-14T23:59:59+02:00,10,5,6768,6535,15077,15718,18142,20998,24704,29917,35416,38013,45370,50419,33957,43932,10769,20474,1209,1374,2864,4519,3414,6694,4635,9620,6236,8543,5517,5499,10053,13588,10183,19225,279347,89362,34186,13800,101099,8424,1580,12,11
2021-05-13T23:59:59+02:00,10,5,6417,6219,14321,15134,17436,20366,23845,29175,34647,37343,45082,50076,33878,43807,10765,20463,1031,1290,2668,4410,3295,6572,4494,9450,6114,8400,5474,5461,10038,13571,10179,19220,272939,89213,33862,13719,100884,7436,1292,12,11
2021-05-12T23:59:59+02:00,10,5,6015,5946,13341,14457,16415,19564,23179,28738,34341,37060,44897,49881,33847,43776,10762,20460,1028,1288,2661,4404,3276,6568,4489,9440,6106,8395,5468,5455,10036,13566,10178,19219,266670,89152,33853,13709,100880,7431,1279,12,10
2021-05-11T23:59:59+02:00,10,5,5640,5722,12753,14009,14609,18122,20224,26210,32026,34732,43843,48621,33523,43304,10733,20411,966,1214,2544,4232,3169,6334,4370,9152,5990,8169,5397,5377,9994,13505,10170,19203,249368,88678,33576,13493,100442,6509,1099,12,10
2021-05-10T23:59:59+02:00,10,5,5491,5625,12481,13883,14259,17899,19422,25639,30648,33711,43311,48008,33466,43216,10725,20391,923,1155,2445,4070,3075,6132,4245,8888,5868,7972,5360,5346,9982,13489,10166,19194,243890,88570,33365,13432,100137,5515,786,12,10
2021-05-09T23:59:59+02:00,10,5,5085,5384,11286,13350,13257,17536,18396,25309,30103,33420,43255,47936,33441,43201,10722,20384,899,1125,2345,3965,2985,5993,4113,8713,5774,7867,5352,5332,9975,13485,10161,19191,238551,88525,33293,13390,99796,4926,428,12,9
2021-05-08T23:59:59+02:00,10,5,5074,5375,11264,13331,13231,17517,18366,25276,30063,33377,43247,47925,33440,43197,10722,20384,895,1119,2332,3957,2979,5993,4109,8707,5771,7864,5349,5329,9972,13480,10161,19191,238282,88497,33292,13390,99795,4892,423,12,9
2021-05-07T23:59:59+02:00,10,5,4973,5292,11036,13163,12939,17300,17757,24675,29115,32481,43056,47685,33384,43125,10718,20378,868,1088,2296,3902,2933,5947,4054,8653,5688,7811,5302,5282,9960,13470,10161,19190,235787,88361,31398,13387,99687,4643,208,12,9
2021-05-06T23:59:59+02:00,10,5,4558,5012,10367,12745,12179,16634,16151,23228,26565,30088,42352,46936,33218,42889,10702,20355,812,1033,2158,3652,2764,5638,3860,8180,5492,7488,5251,5229,9937,13442,10159,19182,227020,88179,28046,13073,98868,2971,48,12,9
2021-05-05T23:59:59+02:00,10,5,4245,4784,9772,12299,11458,16052,15050,22200,23712,27326,41373,45829,32936,42501,10684,20314,798,1011,2096,3526,2707,5482,3766,7969,5396,7352,5202,5174,9900,13403,10157,19179,213991,87917,27863,12935,98644,2220,40,12,9
2021-05-04T23:59:59+02:00,10,5,3895,4324,9099,11600,10685,15211,13746,20945,20100,23911,40025,44368,32563,41981,10661,20276,780,981,2029,3409,2637,5346,3674,7817,5300,7229,5164,5127,9869,13374,10155,19176,196895,87698,27845,12635,98619,1694,34,12,9
2021-05-03T23:59:59+02:00,10,4,3653,3901,8688,11105,10207,14584,13211,20290,19377,23264,39760,44116,32484,41878,10658,20261,766,952,1962,3302,2580,5238,3614,7702,5250,7142,5150,5116,9854,13357,10152,19171,191028,87558,27833,12627,98556,1095,22,12,9
2021-05-02T23:59:59+02:00,10,4,3650,3899,8670,11098,10198,14576,13190,20278,19359,23255,39759,44115,32483,41877,10657,20261,762,935,1932,3221,2534,5141,3567,7577,5230,7076,5146,5113,9853,13353,10152,19169,190940,87540,27820,12596,98549,601,18,12,9
2021-05-01T23:59:59+02:00,10,4,3648,3892,8657,11085,10190,14567,13183,20276,19348,23246,39759,44113,32483,41877,10657,20261,761,935,1931,3221,2534,5141,3567,7577,5230,7076,5146,5113,9853,13353,10151,19169,190860,87539,27818,12595,98549,601,17,12,9
2021-04-30T23:59:59+02:00,10,3,3625,3869,8611,11049,10147,14528,13122,20237,19245,23095,39490,43790,32462,41857,10656,20261,758,931,1918,3212,2533,5132,3564,7570,5228,7069,5143,5110,9849,13352,10151,19169,189935,87513,27549,12592,98544,561,17,12,9
2021-04-29T23:59:59+02:00,10,3,3359,3696,8177,10775,9597,14243,12628,19873,18507,22367,36428,40336,32202,41490,10645,20226,745,917,1870,3151,2484,5066,3498,7428,5136,6970,5105,5076,9827,13309,10149,19163,184388,87309,21709,12436,98438,127,16,11,9
2021-04-28T23:59:59+02:00,10,3,3197,3629,7913,10664,9200,14068,12251,19636,18019,21933,32636,36018,31985,41189,10632,20204,728,902,1844,3112,2439,5017,3461,7370,5070,6906,5043,5015,9774,13251,10146,19154,173217,87099,21556,11998,98392,118,11,11,9
2021-04-27T23:59:59+02:00,9,3,3116,3563,7653,10532,8847,13895,11766,19411,17541,21444,27073,29824,31608,40681,10611,20172,718,888,1812,3075,2404,4971,3406,7311,5015,6829,4992,4945,9739,13200,10143,19145,157869,86890,21534,11572,98324,115,11,11,8
2021-04-26T23:59:59+02:00,9,3,3063,3529,7511,10467,8681,13836,11535,19343,17016,21057,27039,29790,31594,40666,10611,20172,695,856,1744,3015,2337,4914,3340,7221,4919,6725,4893,4870,9659,13116,10141,19142,157292,86758,21316,10698,97292,115,11,11,8
2021-04-25T23:59:59+02:00,9,3,3025,3512,7349,10415,8443,13786,11203,19299,16186,20585,25482,28128,31539,40603,10611,20169,695,854,1738,3010,2330,4911,3334,7213,4915,6716,4890,4865,9651,13105,10141,19142,156804,86734,21306,10661,92215,99,11,11,8
2021-04-24T23:59:59+02:00,9,3,3021,3506,7333,10402,8432,13778,11189,19290,16169,20567,25439,28065,31536,40597,10610,20168,695,854,1738,3009,2330,4911,3333,7213,4915,6716,4890,4864,9649,13104,10141,19142,156602,86728,21302,10661,92188,99,11,11,8
2021-04-23T23:59:59+02:00,9,3,3003,3488,7291,10359,8387,13733,11121,19230,16109,20503,25016,27561,31503,40541,10607,20165,686,846,1720,3000,2314,4882,3280,7175,4816,6621,4753,4741,9482,12906,10135,19127,155412,86438,21162,9932,92033,99,11,11,7
2021-04-22T23:59:59+02:00,8,3,2924,3406,7099,10175,7845,13325,9910,18436,14555,19458,23001,25129,31291,40272,10588,20136,621,795,1605,2888,2189,4718,3118,7004,4632,6421,4598,4567,8972,12251,10099,19048,150612,84526,15857,8905,91070,80,11,11,7
2021-04-21T23:59:59+02:00,8,3,2871,3358,6975,10085,7634,13170,9543,18194,14085,19011,20485,21986,30993,39885,10571,20110,572,771,1525,2809,2102,4627,2992,6861,4469,6257,4412,4386,8402,11491,10056,18959,143593,82735,15093,7869,90260,72,11,10,7
2021-04-20T23:59:59+02:00,8,3,2831,3319,6868,9996,7496,13061,9290,17976,13594,18617,17096,17921,30680,39409,10554,20074,542,737,1452,2745,2015,4548,2893,6742,4334,6096,4226,4192,7540,10279,9988,18808,134734,79821,14848,7236,89190,67,11,10,5
2021-04-19T23:59:59+02:00,8,3,2817,3311,6821,9955,7444,13026,9214,17902,13457,18501,16763,17540,30645,39370,10552,20069,482,697,1332,2650,1916,4450,2760,6584,4137,5904,3972,3887,5709,7859,9773,18412,134413,73997,14652,6450,88312,64,11,10,5
2021-04-18T23:59:59+02:00,8,3,2801,3297,6744,9929,7339,12977,9016,17835,12621,18372,15351,16133,30577,39308,10549,20062,476,691,1322,2642,1901,4439,2727,6554,4076,5855,3896,3815,5299,7235,9728,18329,134199,72508,14509,6404,84193,60,11,10,5
2021-04-17T23:59:59+02:00,8,3,2791,3293,6727,9907,7309,12956,8984,17796,12589,18352,15298,16083,30523,39236,10548,20062,476,689,1322,2641,1900,4435,2723,6549,4073,5851,3895,3813,5294,7234,9727,18328,133845,72473,14508,6404,84091,60,11,10,5
2021-04-16T23:59:59+02:00,8,3,2778,3279,6693,9892,7258,12917,8909,17744,12481,18249,15053,15806,30005,38587,10545,20055,476,687,1316,2636,1891,4433,2717,6543,4065,5843,3890,3807,5277,7204,9727,18326,132322,72375,14501,6393,83418,57,11,10,5
2021-04-15T23:59:59+02:00,8,3,2725,3221,6560,9791,7069,12739,8566,17471,12007,17784,13997,14588,27890,35780,10529,20032,467,681,1311,2610,1876,4410,2694,6515,4022,5790,3835,3732,5246,7153,9719,18314,126406,72060,14225,6257,80109,46,10,10,5
2021-04-14T23:59:59+02:00,7,1,2669,3171,6466,9696,6925,12578,8294,17204,11577,17321,12816,13205,23179,29697,10509,19978,463,675,1297,2600,1864,4393,2672,6490,3979,5753,3788,3681,5185,7099,9690,18278,114021,71766,14192,6105,77061,24,10,9,5
2021-04-13T23:59:59+02:00,7,1,2617,3137,6338,9610,6774,12445,8015,16955,11153,16900,10152,10280,20104,25533,10487,19935,447,650,1249,2557,1811,4326,2561,6388,3799,5590,3574,3496,5038,6961,9681,18256,105608,71416,13998,4936,70818,20,10,9,5
2021-04-12T23:59:59+02:00,7,1,2596,3123,6278,9581,6666,12358,7823,16827,10906,16693,8785,8785,19282,24561,10486,19926,441,641,1229,2542,1795,4303,2527,6346,3746,5538,3513,3448,5003,6920,9676,18234,105487,71275,13943,4599,65235,16,10,9,5
2021-04-11T23:59:59+02:00,7,1,2568,3115,6182,9554,6551,12321,7657,16777,10706,16587,7509,7506,17555,22582,10484,19923,441,641,1228,2540,1795,4302,2527,6346,3744,5533,3509,3447,4997,6918,9676,18234,105417,71265,13937,4589,58212,12,10,9,5
2021-04-10T23:59:59+02:00,7,1,2567,3113,6172,9549,6542,12316,7652,16772,10699,16578,7501,7493,17546,22576,10484,19923,440,638,1226,2537,1794,4300,2525,6341,3741,5532,3500,3433,4989,6904,9676,18234,105335,71205,13936,4582,58202,12,9,9,5
2021-04-09T23:59:59+02:00,7,1,2505,3015,6037,9339,6385,12054,7392,16364,10387,16079,7344,7288,17430,22396,10483,19921,435,633,1208,2525,1767,4285,2494,6292,3662,5453,3387,3323,4850,6815,9671,18231,104866,71123,13907,3887,55636,10,9,9,5
2021-04-08T23:59:59+02:00,7,1,2426,2943,5941,9220,6282,11925,7221,16178,10130,15891,7150,7029,16171,20936,10472,19891,428,628,1196,2493,1742,4249,2467,6219,3610,5387,3312,3276,4770,6710,9649,18186,101215,70681,13553,3621,55028,9,9,9,5
2021-04-07T23:59:59+02:00,7,1,2399,2907,5868,9149,6194,11850,7088,16078,9888,15740,6853,6700,13853,17986,10451,19844,422,627,1186,2480,1729,4225,2453,6179,3543,5328,3241,3224,4715,6651,9642,18158,95055,70406,13392,3378,54391,8,9,9,5
2021-04-06T23:59:59+02:00,7,1,2382,2874,5771,9083,6103,11770,6935,15965,9648,15556,6496,6336,11751,15381,10424,19784,419,620,1179,2453,1717,4202,2427,6141,3479,5263,3157,3174,4670,6597,9637,18142,90018,70163,13091,3097,53142,8,7,9,5
2021-04-05T23:59:59+02:00,7,1,2374,2864,5753,9066,6091,11751,6922,15946,9628,15531,6372,6238,10470,14086,10424,19783,415,612,1175,2438,1711,4186,2411,6110,3446,5222,3127,3137,4649,6551,9631,18126,89936,69972,13055,2960,50301,7,6,9,5
2021-04-04T23:59:59+02:00,7,1,2374,2864,5750,9063,6089,11751,6920,15946,9626,15530,6367,6234,10470,14084,10424,19783,415,611,1175,2437,1711,4186,2410,6110,3446,5222,3127,3137,4647,6551,9631,18126,89927,69968,13053,2959,50288,7,6,9,5
2021-04-03T23:59:59+02:00,7,1,2372,2856,5742,9056,6084,11747,6917,15942,9623,15528,6364,6229,10463,14081,10424,19783,415,611,1175,2437,1711,4186,2410,6110,3446,5221,3127,3137,4647,6551,9631,18126,89870,69967,13052,2959,50282,7,6,9,5
2021-04-02T23:59:59+02:00,7,1,2370,2854,5736,9049,6082,11744,6913,15941,9619,15526,6360,6223,10449,14052,10423,19782,413,609,1174,2437,1710,4185,2409,6110,3445,5214,3101,3120,4637,6542,9631,18126,89787,69890,13049,2958,50281,7,6,8,5
2021-04-01T23:59:59+02:00,7,1,2349,2851,5705,9020,6039,11702,6870,15886,9564,15470,6267,6126,10154,13705,10400,19734,411,593,1171,2431,1703,4174,2393,6093,3418,5193,3037,3071,4577,6470,9556,18013,88800,69335,13028,2955,50009,7,5,8,5
2021-03-31T23:59:59+02:00,7,1,2315,2824,5629,8954,5971,11608,6765,15773,9430,15335,6122,5983,9603,12966,10358,19644,406,587,1165,2420,1696,4158,2386,6080,3398,5159,3005,3038,4530,6411,9500,17912,86821,68886,12814,2953,49641,7,4,8,4
2021-03-30T23:59:59+02:00,7,1,2295,2808,5582,8896,5908,11533,6694,15674,9332,15191,5936,5769,8697,11628,10283,19463,404,585,1162,2416,1683,4141,2368,6057,3364,5115,2948,2970,4442,6312,9369,17673,83751,68183,12432,2815,49504,7,4,6,3
2021-03-29T23:59:59+02:00,6,1,2228,2754,5479,8785,5800,11382,6525,15442,9099,14936,5577,5392,6756,9094,10063,19042,397,581,1151,2405,1670,4129,2343,6030,3334,5058,2878,2905,4323,6208,9164,17341,77657,67227,11619,2679,49076,7,4,5,3
2021-03-28T23:59:59+02:00,6,1,2206,2741,5435,8726,5724,11304,6437,15356,8982,14818,5453,5238,6112,8165,9998,18926,388,575,1136,2388,1645,4102,2296,5968,3278,4966,2792,2826,4207,6063,9091,17204,75360,66766,11361,2151,48898,4,4,5,3
2021-03-27T23:59:59+01:00,6,1,2206,2735,5424,8720,5720,11289,6422,15334,8971,14805,5425,5211,6102,8162,9998,18925,388,575,1134,2387,1644,4097,2292,5965,3269,4959,2787,2823,4191,6038,9011,17057,75253,66459,11361,2150,48833,4,4,5,3
2021-03-26T23:59:59+01:00,6,1,2190,2715,5387,8682,5681,11240,6343,15264,8822,14656,5262,5062,5933,7981,9996,18917,384,567,1128,2374,1628,4069,2264,5929,3235,4905,2726,2760,4007,5782,8306,15881,74906,63825,10530,2112,48693,4,4,5,3
2021-03-25T23:59:59+01:00,6,0,2073,2634,5211,8467,5478,10963,6135,14964,8582,14367,5102,4909,5837,7862,9993,18909,375,553,1107,2348,1604,4040,2218,5871,3162,4827,2628,2658,3633,5289,7175,14143,74451,59731,9582,1893,47451,4,3,5,3
2021-03-24T23:59:59+01:00,6,0,1986,2586,5063,8307,5317,10770,5971,14726,8377,14135,4962,4750,5723,7746,9987,18899,371,542,1094,2320,1571,3984,2159,5806,3074,4726,2494,2543,3207,4669,5773,11921,74075,54700,8420,1547,46808,4,3,5,3
2021-03-23T23:59:59+01:00,6,0,1909,2533,4952,8184,5218,10628,5850,14533,8261,13967,4880,4664,5657,7687,9980,18880,360,517,1075,2285,1537,3926,2115,5716,2992,4635,2405,2449,2757,4035,3871,8705,73680,47975,7673,1399,46428,3,3,5,3
2021-03-22T23:59:59+01:00,6,0,1844,2474,4817,8048,5085,10453,5690,14300,8069,13752,4776,4550,5588,7578,9964,18835,333,500,1046,2247,1492,3852,2049,5606,2890,4484,2290,2296,2237,3350,1345,4579,73178,39427,6635,1164,46008,1,3,5,3
2021-03-21T23:59:59+01:00,6,0,1842,2468,4805,8033,5070,10443,5674,14283,8039,13728,4753,4535,5572,7566,9960,18835,332,500,1040,2233,1483,3823,2031,5568,2864,4434,2249,2248,2195,3309,1328,4534,73155,39287,6585,880,45865,1,2,5,3
2021-03-20T23:59:59+01:00,6,0,1842,2468,4804,8032,5069,10441,5673,14282,8032,13722,4752,4534,5564,7558,9960,18835,332,500,1040,2233,1483,3823,2031,5568,2863,4433,2248,2245,2195,3309,1327,4534,73144,39284,6585,876,45838,1,2,5,3
2021-03-19T23:59:59+01:00,6,0,1789,2220,4287,6736,4660,9457,5403,13724,7807,13320,4625,4436,5494,7492,9960,18835,331,500,1040,2233,1483,3822,2030,5567,2862,4433,2246,2244,2190,3303,1326,4532,73086,39268,6575,870,40583,1,2,5,3
2021-03-18T23:59:59+01:00,6,0,1734,1965,3868,5670,4129,8072,4582,11182,6449,9984,4259,4135,5292,7271,9939,18795,330,497,1033,2220,1476,3797,2002,5527,2837,4409,2224,2229,2165,3274,1321,4523,72655,39073,6513,787,28157,1,2,5,3
2021-03-17T23:59:59+01:00,6,0,1728,1956,3858,5644,4112,8042,4558,11118,6399,9912,4221,4088,5253,7227,9933,18772,327,496,1029,2212,1470,3788,1995,5512,2827,4383,2197,2202,2145,3259,1314,4509,72399,38922,6453,738,27968,1,2,5,3
2021-03-16T23:59:59+01:00,6,0,1705,1922,3799,5563,4041,7931,4429,10954,6194,9712,3998,3899,5113,7068,9927,18751,325,492,1028,2193,1465,3775,1986,5498,2818,4364,2189,2188,2133,3230,1306,4480,72082,38756,5176,709,27747,1,2,5,3
2021-03-15T23:59:59+01:00,6,0,1695,1902,3774,5529,4016,7894,4378,10884,6113,9627,3915,3832,5060,7008,9921,18726,322,488,1019,2176,1457,3769,1970,5462,2800,4336,2174,2156,2108,3168,1298,4442,71858,38537,4814,605,27603,1,0,5,3
2021-03-14T23:59:59+01:00,6,0,1689,1892,3766,5519,4011,7878,4369,10853,6105,9605,3908,3823,5055,7000,9920,18724,322,488,1017,2176,1452,3766,1967,5460,2782,4330,2167,2154,2098,3158,1294,4440,71826,38529,4798,539,27494,1,0,5,3
2021-03-13T23:59:59+01:00,6,0,1686,1887,3753,5496,4004,7869,4349,10842,6091,9589,3905,3820,5052,6997,9920,18724,322,488,1017,2176,1452,3766,1967,5459,2782,4329,2166,2153,2098,3156,1286,4435,71802,38510,4793,539,27390,1,0,5,3
2021-03-12T23:59:59+01:00,5,0,1647,1830,3238,5349,3488,7755,4213,10717,5865,9300,3738,3674,4911,6889,9895,18677,317,466,1013,2146,1444,3742,1947,5388,2728,4244,1987,1997,2038,3106,1279,4429,71589,37738,4073,531,25524,0,0,5,3
2021-03-11T23:59:59+01:00,5,0,1538,1693,2851,5087,3051,7499,3931,10303,5235,8405,3514,3498,4805,6772,9857,18627,316,465,1010,2133,1441,3722,1940,5369,2719,4227,1980,1989,2024,3089,1274,4411,71025,37616,3811,491,21830,0,0,5,3
2021-03-10T23:59:59+01:00,5,0,1508,1661,2812,5042,3015,7440,3874,10216,5127,8288,3388,3394,4690,6658,9814,18560,314,464,1008,2130,1439,3711,1936,5356,2707,4207,1962,1981,1999,3057,1263,4397,70616,37533,3481,396,21390,0,0,5,3
2021-03-09T23:59:59+01:00,5,0,1499,1645,2779,5017,2994,7396,3836,10156,5049,8208,3291,3311,4610,6568,9708,18350,311,463,1004,2124,1432,3698,1910,5334,2665,4177,1921,1956,1948,3029,1251,4388,70024,37503,3214,106,21179,0,0,5,3
2021-03-08T23:59:59+01:00,5,0,1484,1631,2750,4990,2968,7366,3813,10108,5025,8145,3250,3271,4535,6504,9534,18051,311,463,1002,2120,1424,3682,1893,5301,2646,4149,1902,1937,1923,3006,1245,4369,69234,37355,3205,16,20986,0,0,5,3
2021-03-07T23:59:59+01:00,5,0,1471,1621,2720,4945,2934,7318,3780,10046,4982,8084,3214,3238,4469,6404,9457,17907,311,462,1001,2119,1423,3677,1890,5291,2645,4144,1898,1934,1919,3001,1242,4361,68695,37302,3151,14,20744,0,0,5,3
2021-03-06T23:59:59+01:00,5,0,1470,1619,2714,4934,2931,7309,3772,10039,4964,8068,3204,3228,4446,6364,9368,17738,311,462,999,2116,1423,3675,1884,5282,2643,4142,1893,1926,1913,2999,1241,4358,68303,37252,3151,14,20714,0,0,5,2
2021-03-05T23:59:59+01:00,5,0,1397,1540,2616,4772,2874,7151,3687,9832,4863,7872,3154,3169,4229,6078,8663,16551,311,462,997,2114,1418,3670,1882,5281,2639,4135,1884,1922,1908,2996,1236,4355,65660,37195,3148,14,19640,0,0,5,2
2021-03-04T23:59:59+01:00,5,0,1224,1436,2446,4572,2702,6881,3519,9486,4605,7529,3038,3045,3868,5622,7501,14735,310,454,988,2090,1402,3630,1854,5228,2611,4087,1856,1897,1875,2941,1209,4309,61463,36726,3145,14,17601,0,0,5,2
2021-03-03T23:59:59+01:00,5,0,1191,1383,2367,4464,2642,6757,3432,9321,4508,7385,2951,2975,3493,5021,6116,12551,306,445,976,2067,1390,3602,1840,5178,2555,4032,1807,1862,1850,2911,1194,4281,56413,36281,3119,14,17026,0,0,4,2
2021-03-02T23:59:59+01:00,5,0,1157,1346,2307,4406,2590,6666,3350,9198,4371,7236,2837,2849,3010,4356,4115,9196,301,436,971,2040,1377,3558,1825,5123,2523,4005,1797,1847,1831,2885,1183,4254,49376,35941,2871,14,16745,0,0,3,2
2021-03-01T23:59:59+01:00,5,0,1096,1316,2245,4343,2516,6578,3256,9071,4229,7047,2705,2712,2440,3614,1400,4746,300,433,964,2028,1366,3539,1817,5108,2511,3989,1781,1837,1814,2866,1171,4226,40324,35735,2482,14,16510,0,0,3,2
2021-02-28T23:59:59+01:00,5,0,1062,1302,2203,4306,2486,6534,3208,9013,4167,6988,2638,2666,2391,3583,1392,4726,300,432,961,2022,1364,3526,1814,5094,2505,3981,1774,1826,1801,2855,1164,4211,40228,35615,2188,14,16251,0,0,3,2
2021-02-27T23:59:59+01:00,5,0,1020,1219,2138,4062,2428,6300,3144,8715,4075,6732,2583,2609,2371,3559,1389,4726,300,432,960,2022,1364,3526,1814,5093,2504,3981,1774,1825,1799,2855,1164,4211,40122,35609,2187,14,14763,0,0,3,2
2021-02-26T23:59:59+01:00,4,0,853,965,1936,3669,2265,5630,2926,7791,3764,5937,2534,2556,2353,3545,1386,4724,300,432,960,2019,1362,3524,1812,5092,2502,3980,1774,1822,1792,2854,1162,4204,40106,35576,2100,14,10629,0,0,3,2
2021-02-25T23:59:59+01:00,4,0,509,808,1656,3470,2082,5325,2729,7392,3537,5634,2452,2479,2313,3484,1382,4710,290,411,935,1969,1332,3455,1782,5011,2473,3916,1749,1795,1754,2810,1135,4164,39909,34967,1843,13,8211,0,0,3,2
2021-02-24T23:59:59+01:00,3,0,489,790,1620,3373,2020,5195,2669,7209,3471,5492,2386,2432,2278,3455,1373,4677,281,407,920,1935,1317,3401,1769,4950,2449,3871,1738,1777,1745,2791,1123,4137,39721,34606,1674,4,7534,0,0,3,2
2021-02-23T23:59:59+01:00,3,0,470,753,1559,3270,1965,5055,2591,7078,3385,5387,2326,2373,2243,3398,1358,4646,279,403,915,1920,1310,3371,1760,4919,2428,3839,1718,1757,1725,2756,1108,4084,39575,34287,1403,4,6879,0,0,3,2
2021-02-22T23:59:59+01:00,2,0,454,722,1504,3168,1926,4916,2532,6860,3324,5243,2318,2277,2228,3319,1354,4601,278,400,912,1909,1302,3344,1743,4883,2414,3809,1699,1738,1698,2728,1093,4039,39364,33986,1140,2,6241,0,0,3,2
2021-02-21T23:59:59+01:00,2,0,446,684,1446,3026,1878,4766,2479,6701,3241,5139,2282,2244,2201,3299,1344,4596,278,399,909,1901,1301,3335,1739,4873,2410,3800,1697,1735,1697,2726,1093,4038,39322,33928,907,2,5542,0,0,3,2
2021-02-20T23:59:59+01:00,2,0,442,679,1438,3022,1872,4766,2476,6698,3237,5135,2279,2243,2201,3298,1343,4596,278,399,909,1900,1301,3334,1739,4873,2409,3799,1696,1734,1694,2726,1092,4036,39318,33916,903,2,5503,0,0,3,2
2021-02-19T23:59:59+01:00,1,0,421,642,1409,2960,1844,4710,2434,6598,3150,5016,2099,2079,2138,3248,1338,4590,276,398,907,1898,1300,3333,1739,4868,2406,3798,1694,1732,1692,2725,1092,4035,38559,33891,884,2,5231,0,0,3,1
2021-02-18T23:59:59+01:00,1,0,396,586,1304,2717,1740,4466,2296,6336,3048,4834,2070,2063,2122,3231,1333,4582,276,392,899,1865,1291,3294,1721,4820,2387,3762,1682,1721,1675,2713,1080,4017,38485,33593,811,2,3826,0,0,3,1
2021-02-17T23:59:59+01:00,1,0,380,555,1265,2587,1683,4291,2226,6093,2989,4685,2051,2044,2099,3211,1318,4573,267,375,863,1780,1248,3165,1660,4661,2313,3626,1605,1652,1601,2602,1029,3900,38329,32346,760,1,2959,0,0,3,1
2021-02-16T23:59:59+01:00,1,0,362,525,1210,2467,1633,4155,2147,5908,2908,4548,2042,2040,2091,3204,1313,4562,259,358,842,1699,1193,3029,1599,4457,2241,3449,1555,1598,1540,2502,1002,3772,38269,31094,730,1,2114,0,0,3,1
2021-02-15T23:59:59+01:00,1,0,352,503,1137,2323,1588,4082,2115,5855,2880,4507,2023,2023,2069,3174,1306,4542,252,339,819,1654,1161,2953,1543,4321,2170,3329,1479,1534,1485,2394,960,3594,38162,29986,620,1,1695,0,0,3,1
2021-02-14T23:59:59+01:00,1,0,344,498,1113,2267,1525,3918,2073,5762,2849,4468,2017,2021,2058,3165,1304,4535,245,334,801,1627,1145,2914,1501,4269,2132,3299,1463,1513,1461,2358,945,3552,38143,29558,555,1,1217,0,0,3,1
2021-02-13T23:59:59+01:00,1,0,344,498,1112,2267,1525,3917,2071,5761,2849,4468,2016,2019,2057,3165,1303,4532,245,334,801,1627,1145,2914,1500,4267,2132,3299,1461,1510,1460,2357,945,3551,38132,29547,555,1,1216,0,0,2,1
2021-02-12T23:59:59+01:00,1,0,340,495,1095,2258,1520,3903,2066,5752,2846,4462,2002,2009,2051,3151,1298,4529,244,333,795,1622,1139,2905,1483,4248,2113,3286,1448,1494,1445,2326,938,3518,38064,29336,547,1,1165,0,0,2,1
2021-02-11T23:59:59+01:00,1,0,320,471,1030,2160,1466,3776,1972,5488,2760,4341,1972,1976,2011,3086,1273,4473,224,306,746,1517,1059,2679,1359,3891,1929,2979,1261,1287,1277,2050,832,3168,37673,26563,510,1,391,0,0,2,1
2021-02-10T23:59:59+01:00,1,0,314,462,1008,2119,1428,3697,1918,5325,2664,4160,1903,1926,1968,3047,1255,4446,199,260,653,1327,932,2296,1171,3287,1690,2563,1100,1113,1131,1805,723,2824,37263,23073,375,1,1,0,0,2,1
2021-02-09T23:59:59+01:00,1,0,308,452,1000,2087,1412,3645,1874,5258,2597,4104,1846,1888,1900,2994,1234,4425,165,200,554,1067,784,1852,966,2677,1426,2151,954,953,943,1526,607,2410,36960,19235,62,0,1,0,0,2,1
2021-02-08T23:59:59+01:00,1,0,307,450,997,2080,1402,3628,1866,5235,2578,4087,1832,1876,1882,2976,1227,4400,114,165,454,853,620,1435,767,2027,1150,1664,767,777,751,1206,484,1961,36803,15195,18,0,1,0,0,2,1
2021-02-07T23:59:59+01:00,1,0,307,450,996,2079,1401,3623,1863,5232,2571,4084,1826,1867,1866,2969,1223,4393,105,146,404,707,546,1260,688,1812,1054,1517,694,697,675,1085,419,1741,36734,13550,15,0,0,0,0,2,1
2021-02-06T23:59:59+01:00,1,0,307,450,995,2078,1401,3620,1863,5230,2571,4081,1826,1866,1861,2967,1220,4391,105,145,399,704,541,1236,672,1793,1043,1495,691,693,670,1081,418,1737,36711,13424,15,0,0,0,0,2,0
2021-02-05T23:59:59+01:00,1,0,307,449,993,2075,1397,3611,1859,5216,2565,4075,1825,1865,1853,2959,1211,4378,101,138,384,686,524,1207,640,1741,995,1432,654,643,625,1007,392,1649,36622,12819,15,0,0,0,0,2,0
2021-02-04T23:59:59+01:00,1,0,300,432,982,2043,1378,3558,1840,5139,2550,4027,1809,1845,1828,2924,1194,4346,76,107,285,464,363,814,456,1178,683,973,506,469,483,796,306,1315,36179,9275,15,0,0,0,0,2,0
2021-02-03T23:59:59+01:00,1,0,296,423,964,2016,1362,3520,1827,5090,2516,3983,1789,1822,1812,2900,1181,4332,60,83,239,398,293,635,349,921,523,726,340,325,347,568,219,962,35817,6989,15,0,0,0,0,2,0
2021-02-02T23:59:59+01:00,1,0,291,416,958,1988,1353,3488,1816,5044,2493,3948,1770,1806,1786,2859,1160,4285,39,64,184,315,246,486,266,738,378,557,236,208,221,377,151,629,35445,5095,15,0,0,0,0,2,0
2021-02-01T23:59:59+01:00,1,0,290,413,953,1981,1350,3472,1808,5024,2485,3929,1763,1795,1771,2844,1154,4272,19,39,137,230,171,311,169,490,237,322,119,105,96,184,69,278,35288,2976,15,0,0,0,0,2,0
2021-01-31T23:59:59+01:00,1,0,289,412,951,1974,1347,3463,1805,5005,2481,3914,1759,1787,1767,2837,1152,4263,18,34,119,199,151,268,152,410,200,277,100,91,88,157,61,243,35190,2568,15,0,0,0,0,2,0
2021-01-30T23:59:59+01:00,1,0,289,412,951,1974,1347,3463,1805,5005,2481,3914,1758,1787,1767,2836,1152,4262,18,34,118,199,151,266,149,407,199,276,99,90,88,157,61,243,35187,2555,15,0,0,0,0,2,0
2021-01-29T23:59:59+01:00,1,0,287,409,949,1972,1346,3455,1799,4996,2478,3911,1752,1780,1758,2826,1145,4241,16,33,117,190,142,258,137,379,168,249,72,66,79,136,56,211,35089,2309,15,0,0,0,0,1,0
2021-01-28T23:59:59+01:00,1,0,283,401,929,1917,1322,3391,1774,4934,2450,3849,1730,1760,1727,2795,1126,4206,0,0,9,19,8,18,11,46,7,22,6,3,7,9,2,13,34580,180,14,0,0,0,0,1,0
2021-01-27T23:59:59+01:00,1,0,278,383,896,1837,1287,3277,1712,4811,2390,3749,1674,1712,1683,2729,1089,4124,0,0,4,6,5,11,7,20,3,12,5,3,7,9,2,12,33621,106,10,0,0,0,0,1,0
2021-01-26T23:59:59+01:00,1,0,272,374,886,1824,1272,3239,1695,4754,2359,3683,1643,1680,1646,2658,1072,4042,0,0,4,6,5,11,7,20,3,12,5,3,7,9,2,12,33092,106,7,0,0,0,0,1,0
2021-01-25T23:59:59+01:00,1,0,261,350,844,1705,1202,3075,1604,4483,2254,3475,1585,1627,1594,2574,1026,3874,0,0,1,3,1,3,4,3,3,5,5,3,6,8,2,12,31530,59,3,0,0,0,0,1,0
2021-01-24T23:59:59+01:00,1,0,258,347,833,1686,1192,3053,1573,4450,2228,3454,1574,1619,1584,2563,1021,3867,0,0,1,2,1,3,4,3,3,5,5,3,6,8,2,12,31299,58,3,0,0,0,0,1,0
2021-01-23T23:59:59+01:00,1,0,258,347,833,1686,1191,3052,1573,4446,2227,3453,1573,1619,1583,2562,1020,3862,0,0,1,2,1,3,4,3,3,5,5,3,6,8,2,12,31282,58,3,0,0,0,0,1,0
2021-01-22T23:59:59+01:00,1,0,257,345,827,1683,1187,3047,1569,4439,2215,3448,1561,1608,1577,2543,1015,3843,0,0,1,2,1,3,4,3,3,5,5,3,6,8,2,12,31161,58,3,0,0,0,0,1,0
2021-01-21T23:59:59+01:00,1,0,246,335,800,1617,1162,2919,1513,4277,2134,3313,1462,1506,1445,2380,936,3661,0,0,1,2,1,3,4,2,3,5,4,2,5,8,1,12,29703,53,3,0,0,0,0,1,0
2021-01-20T23:59:59+01:00,1,0,222,291,727,1460,1072,2605,1375,3815,1961,2957,1341,1359,1325,2182,862,3427,0,0,1,2,1,3,4,2,3,5,4,2,5,8,1,12,26979,53,2,0,0,0,0,1,0
2021-01-19T23:59:59+01:00,1,0,191,235,628,1212,925,2158,1155,3198,1680,2525,1161,1161,1098,1845,716,2913,0,0,1,1,1,2,4,1,2,5,4,2,5,8,1,12,22799,49,2,0,0,0,0,1,0
2021-01-18T23:59:59+01:00,1,0,133,185,494,951,716,1641,885,2328,1307,1912,911,928,877,1461,560,2323,0,0,0,0,0,0,0,0,1,2,2,1,0,0,0,0,17611,6,1,0,0,0,0,1,0
2021-01-17T23:59:59+01:00,1,0,120,159,434,780,631,1419,783,2075,1195,1722,846,849,797,1325,501,2116,0,0,0,0,0,0,0,0,0,1,0,0,0,0,0,0,15752,1,0,0,0,0,0,1,0
2021-01-16T23:59:59+01:00,1,0,120,158,430,779,629,1411,773,2071,1187,1715,844,844,792,1314,493,2101,0,0,0,0,0,0,0,0,0,0,0,0,0,0,0,0,15662,0,0,0,0,0,0,0,0
2021-01-15T23:59:59+01:00,1,0,110,152,418,758,602,1373,740,1993,1126,1634,800,791,749,1229,463,1986,0,0,0,0,0,0,0,0,0,0,0,0,0,0,0,0,14925,0,0,0,0,0,0,0,0
2021-01-14T23:59:59+01:00,1,0,76,112,301,491,399,885,509,1281,769,1071,583,548,543,904,353,1506,0,0,0,0,0,0,0,0,0,0,0,0,0,0,0,0,10332,0,0,0,0,0,0,0,0
2021-01-13T23:59:59+01:00,1,0,59,85,249,414,323,668,379,981,561,763,368,346,362,614,246,1042,0,0,0,0,0,0,0,0,0,0,0,0,0,0,0,0,7461,0,0,0,0,0,0,0,0
2021-01-12T23:59:59+01:00,0,0,48,69,203,356,260,543,279,807,409,596,247,218,227,406,166,696,0,0,0,0,0,0,0,0,0,0,0,0,0,0,0,0,5530,0,0,0,0,0,0,0,0
2021-01-11T23:59:59+01:00,0,0,32,50,177,307,213,441,218,648,300,420,150,126,129,248,88,398,0,0,0,0,0,0,0,0,0,0,0,0,0,0,0,0,3945,0,0,0,0,0,0,0,0
2021-01-10T23:59:59+01:00,0,0,24,41,155,255,180,363,179,537,251,359,129,106,114,204,77,320,0,0,0,0,0,0,0,0,0,0,0,0,0,0,0,0,3294,0,0,0,0,0,0,0,0
2021-01-09T23:59:59+01:00,0,0,24,41,154,253,179,361,177,531,250,358,128,105,114,204,77,320,0,0,0,0,0,0,0,0,0,0,0,0,0,0,0,0,3276,0,0,0,0,0,0,0,0
2021-01-08T23:59:59+01:00,0,0,22,40,152,244,171,351,164,500,220,332,104,89,109,189,71,298,0,0,0,0,0,0,0,0,0,0,0,0,0,0,0,0,3056,0,0,0,0,0,0,0,0
2021-01-07T23:59:59+01:00,0,0,1,0,4,9,8,13,10,6,16,11,10,9,14,21,2,32,0,0,0,0,0,0,0,0,0,0,0,0,0,0,0,0,166,0,0,0,0,0,0,0,0
2021-01-06T23:59:59+01:00,0,0,0,0,1,3,1,5,5,2,3,6,6,2,7,10,1,14,0,0,0,0,0,0,0,0,0,0,0,0,0,0,0,0,66,0,0,0,0,0,0,0,0
2021-01-05T23:59:59+01:00,0,0,0,0,1,3,1,5,5,2,3,5,6,2,6,9,1,13,0,0,0,0,0,0,0,0,0,0,0,0,0,0,0,0,62,0,0,0,0,0,0,0,0
2021-01-04T23:59:59+01:00,0,0,0,0,1,3,1,4,4,2,3,5,6,2,5,8,1,13,0,0,0,0,0,0,0,0,0,0,0,0,0,0,0,0,58,0,0,0,0,0,0,0,0
2021-01-03T23:59:59+01:00,0,0,0,0,1,2,1,4,4,2,3,5,5,2,5,8,1,13,0,0,0,0,0,0,0,0,0,0,0,0,0,0,0,0,56,0,0,0,0,0,0,0,0
2021-01-02T23:59:59+01:00,0,0,0,0,1,2,1,4,4,2,3,5,5,2,5,8,1,13,0,0,0,0,0,0,0,0,0,0,0,0,0,0,0,0,56,0,0,0,0,0,0,0,0
2021-01-01T23:59:59+01:00,0,0,0,0,1,2,1,3,4,2,3,5,5,2,5,8,1,13,0,0,0,0,0,0,0,0,0,0,0,0,0,0,0,0,55,0,0,0,0,0,0,0,0
2020-12-31T23:59:59+01:00,0,0,0,0,1,2,1,3,4,2,3,5,5,2,5,8,1,13,0,0,0,0,0,0,0,0,0,0,0,0,0,0,0,0,55,0,0,0,0,0,0,0,0
2020-12-30T23:59:59+01:00,0,0,0,0,1,2,1,3,4,2,3,5,5,2,5,8,1,13,0,0,0,0,0,0,0,0,0,0,0,0,0,0,0,0,55,0,0,0,0,0,0,0,0
2020-12-29T23:59:59+01:00,0,0,0,0,1,1,1,2,4,1,2,5,5,2,5,8,1,13,0,0,0,0,0,0,0,0,0,0,0,0,0,0,0,0,51,0,0,0,0,0,0,0,0
2020-12-28T23:59:59+01:00,0,0,0,0,1,1,1,1,2,0,1,5,4,1,1,0,0,2,0,0,0,0,0,0,0,0,0,0,0,0,0,0,0,0,20,0,0,0,0,0,0,0,0
2020-12-27T23:59:59+01:00,0,0,0,0,1,1,1,1,2,0,0,3,2,0,1,0,0,2,0,0,0,0,0,0,0,0,0,0,0,0,0,0,0,0,14,0,0,0,0,0,0,0,0
