Datum,<15_m,<15_w,15-24_1_m,15-24_1_w,25-34_1_m,25-34_1_w,35-44_1_m,35-44_1_w,45-54_1_m,45-54_1_w,55-64_1_m,55-64_1_w,65-74_1_m,65-74_1_w,75-84_1_m,75-84_1_w,>84_1_m,>84_1_w,<24_2_m,<24_2_w,25-34_2_m,25-34_2_w,35-44_2_m,35-44_2_w,45-54_2_m,45-54_2_w,55-64_2_m,55-64_2_w,65-74_2_m,65-74_2_w,75-84_2_m,75-84_2_w,>84_2_m,>84_2_w,bp_1,bp_2,mo_1,mo_2,az_1,az_2,ja,unb_1,unb_2
2021-07-22T23:59:59+02:00,1713,1627,28159,27624,46195,41277,48246,47124,59352,59895,70078,71027,52013,57586,36117,46817,11050,21011,12910,12414,26638,24515,29896,30474,45242,47024,61040,62889,48758,53960,34549,44659,10630,20130,529326,388542,73973,62489,105206,96505,18378,28,28
2021-07-21T23:59:59+02:00,1681,1593,27912,27430,45831,40956,47687,46582,58794,59435,69637,70658,51850,57431,36061,46764,11041,20998,12507,11995,26085,24001,29354,29939,41597,43863,59611,61665,48598,53789,34488,44581,10621,20108,528819,377253,70825,62017,105054,96082,17615,28,28
2021-07-20T23:59:59+02:00,1659,1579,27793,27302,45770,40898,47643,46546,58740,59387,69586,70614,51817,57406,36045,46738,11037,20990,12016,11477,25355,23317,28714,29201,38200,40904,58075,60216,48396,53570,34407,44490,10603,20088,528153,366983,70805,58679,105038,95966,17526,28,27
2021-07-19T23:59:59+02:00,1654,1578,27768,27270,45751,40887,47633,46534,58727,59373,69574,70612,51815,57402,36045,46735,11035,20990,11972,11450,25294,23285,28685,29171,38156,40872,58035,60189,48392,53562,34406,44487,10600,20087,528022,366677,70805,58666,105025,95919,17503,28,27
2021-07-18T23:59:59+02:00,1649,1573,27744,27244,45728,40878,47619,46521,58721,59364,69567,70603,51813,57401,36044,46733,11035,20989,11910,11425,25212,23246,28626,29138,38096,40845,57976,60149,48390,53558,34403,44486,10600,20087,527895,366348,70803,58637,105016,95799,17484,28,27
2021-07-17T23:59:59+02:00,1649,1571,27727,27232,45714,40870,47610,46517,58715,59359,69560,70599,51808,57398,36043,46733,11035,20989,11885,11415,25180,23211,28594,29118,38077,40828,57943,60125,48380,53550,34401,44486,10600,20087,527819,366102,70803,58635,105016,95797,17463,28,27
2021-07-16T23:59:59+02:00,1635,1556,27476,27062,45452,40720,47400,46360,58441,59171,69345,70463,51710,57335,36006,46700,11030,20987,11642,11228,24867,22982,28309,28903,37705,40567,57453,59710,48251,53446,34356,44440,10594,20083,527550,364917,70802,58633,104892,95525,15577,28,27
2021-07-15T23:59:59+02:00,1539,1449,27027,26687,45203,40491,47257,46248,58302,59061,69244,70378,51671,57294,35991,46678,11029,20981,11357,11008,24399,22652,27951,28635,37315,40293,55432,57691,48083,53249,34300,44356,10587,20072,525296,358093,70799,58549,104883,95315,15524,28,27
2021-07-14T23:59:59+02:00,1382,1325,26495,26193,44909,40214,47062,46068,58124,58871,69088,70234,51614,57236,35966,46648,11023,20976,11178,10826,24003,22303,27612,28323,36796,39896,54228,56532,47950,53100,34250,44292,10579,20050,522279,354445,70793,56927,104864,95170,15464,28,27
2021-07-13T23:59:59+02:00,1113,1034,25588,25320,44433,39815,46721,45755,57813,58600,68822,69989,51502,57113,35923,46597,11019,20961,10837,10493,23480,21765,26998,27746,35442,38730,50164,52682,47591,52716,34123,44147,10562,20022,517086,345287,70786,51852,104860,95064,15358,28,27
2021-07-12T23:59:59+02:00,683,654,24303,24130,43899,39364,46527,45548,57611,58414,68647,69825,51446,57027,35906,46572,11017,20953,10611,10385,23283,21630,26753,27615,35208,38571,49732,52272,47523,52637,34095,44114,10562,20016,511525,343898,70785,51826,104855,94003,15333,28,27
2021-07-11T23:59:59+02:00,680,649,24282,24110,43871,39345,46509,45537,57598,58404,68634,69823,51445,57024,35903,46568,11016,20953,10516,10300,23074,21509,26491,27517,34904,38491,49025,51790,46077,51101,34010,44015,10562,20014,511443,343399,70782,51781,104843,89012,15255,28,27
2021-07-10T23:59:59+02:00,678,644,24275,24104,43867,39337,46506,45534,57591,58403,68634,69822,51445,57024,35903,46568,11016,20953,10506,10292,23054,21491,26479,27508,34886,38486,49014,51785,46063,51085,34008,44014,10562,20014,511409,343297,70779,51780,104842,88971,15246,28,27
2021-07-09T23:59:59+02:00,671,634,23828,23646,43594,39102,46436,45474,57532,58363,68584,69797,51429,57012,35899,46560,11015,20953,10429,10121,22960,21303,26419,27300,34820,38271,48950,51682,46041,51061,34004,44011,10562,20014,509664,342077,70776,51767,104838,88928,15223,28,27
2021-07-08T23:59:59+02:00,607,568,22758,22648,42798,38503,46185,45274,57325,58220,68387,69659,51352,56948,35871,46537,11013,20945,10175,9932,22585,21051,26027,27039,34344,37960,48348,51164,45706,50696,33934,43934,10555,19993,505013,338521,70751,51619,104780,88314,15026,28,27
2021-07-07T23:59:59+02:00,558,522,21477,21285,42088,37842,45969,45057,57092,58035,68221,69502,51268,56866,35834,46485,11006,20931,9806,9629,21717,20468,24930,26253,32536,36617,47441,50283,45207,50160,33830,43795,10548,19975,499786,333624,70580,47304,104756,87405,14888,28,27
2021-07-06T23:59:59+02:00,500,459,20258,20007,41247,37198,45501,44710,56702,57732,67900,69249,51169,56743,35790,46434,10998,20922,9416,9253,20860,19881,23984,25600,31067,35434,46258,49092,44431,49386,33696,43619,10535,19955,495349,326350,68663,45245,104734,86141,14745,28,27
2021-07-05T23:59:59+02:00,464,431,18857,18635,40394,36399,45288,44493,56522,57530,67741,69122,51114,56689,35769,46405,10996,20915,9130,9000,20303,19503,23323,25183,30431,35007,45501,48480,43678,48598,33566,43432,10526,19943,489675,320595,68661,45225,104731,85116,14676,21,27
2021-07-04T23:59:59+02:00,457,425,17108,16631,40064,36178,45203,44422,56440,57465,67663,69054,51081,56663,35759,46385,10994,20913,9071,8948,20166,19439,23149,25106,30180,34929,44719,48353,42328,47269,33488,43359,10524,19937,484932,320143,68631,45180,104714,81044,14607,21,26
2021-07-03T23:59:59+02:00,456,424,17087,16611,40015,36130,45188,44407,56433,57461,67657,69047,51079,56660,35759,46385,10994,20912,9028,8908,20102,19371,23090,25043,30096,34850,44499,48177,42260,47195,33443,43300,10521,19937,484750,319192,68629,45179,104713,80866,14592,21,26
2021-07-02T23:59:59+02:00,436,401,16976,16508,39548,35757,45075,44310,56381,57419,67609,69017,51068,56654,35753,46373,10994,20911,8874,8745,19778,19093,22709,24668,29679,34443,43884,47546,42060,46968,33345,43165,10517,19933,483263,316242,68615,44161,104711,80432,14580,21,26
2021-07-01T23:59:59+02:00,386,361,16674,16233,37826,34429,44509,43816,56127,57212,67438,68851,50988,56563,35725,46333,10990,20903,8502,8354,18919,18391,21748,23819,28303,33264,40867,44592,41066,45891,32734,42442,10500,19904,477825,308796,68542,39292,104688,76918,14288,21,26
2021-06-30T23:59:59+02:00,339,318,16389,15991,35645,32611,43893,43193,55907,57018,67238,68663,50906,56471,35696,46280,10986,20887,8146,8018,18252,17772,20869,22994,27034,32015,36247,39739,39990,44750,32074,41655,10479,19879,471022,298374,68500,33283,104669,74033,14219,21,26
2021-06-29T23:59:59+02:00,300,281,16171,15792,34646,31536,43446,42752,55727,56861,67069,68515,50830,56397,35659,46235,10978,20880,7566,7413,17124,16841,19622,21778,25345,30347,33509,36625,37153,41712,31336,40772,10456,19841,466852,282240,68492,33236,104655,67903,14055,21,23
2021-06-28T23:59:59+02:00,290,263,16031,15637,32929,30119,43126,42459,55565,56723,66951,68410,50784,56344,35643,46214,10975,20868,7265,7152,16577,16466,19229,21464,24837,29962,32919,36128,35779,40228,30549,39838,10452,19830,462450,279199,68470,33186,104631,62522,13759,21,23
2021-06-27T23:59:59+02:00,290,263,16009,15616,32776,30032,43064,42430,55528,56714,66925,68402,50779,56340,35640,46213,10975,20867,7221,7125,16440,16399,19065,21402,24635,29889,32691,35989,34527,38962,28925,37919,10451,19829,462131,279030,68468,33146,104624,55664,13619,21,23
2021-06-26T23:59:59+02:00,288,261,15988,15597,32752,30016,43019,42390,55505,56700,66919,68399,50777,56339,35638,46212,10975,20867,7217,7113,16422,16387,19049,21394,24602,29867,32670,35968,34514,38950,28923,37916,10451,19829,461913,278839,68466,33146,104624,55659,13618,21,23
2021-06-25T23:59:59+02:00,283,260,15935,15553,32639,29917,42830,42232,55449,56656,66879,68375,50767,56328,35634,46211,10975,20867,7032,6837,16142,15880,18784,20744,24238,28933,32284,35250,34352,38734,28900,37886,10451,19829,461100,276183,68465,33137,104607,53349,13597,21,23
2021-06-24T23:59:59+02:00,264,247,15669,15357,32194,29631,41365,40994,54993,56302,66649,68219,50714,56273,35619,46184,10970,20857,6722,6615,15457,15439,17343,19738,22177,27386,31190,34359,33950,38315,28779,37707,10439,19815,456568,266558,68465,33092,104603,52927,12844,21,23
2021-06-23T23:59:59+02:00,250,230,15390,15068,31702,29233,39277,39175,54446,55766,66400,67999,50625,56165,35579,46138,10965,20844,6521,6452,15099,15162,16820,19293,21304,26590,29503,33011,33196,37471,28588,37467,10432,19800,449540,258808,68419,33002,104600,52216,12672,21,22
2021-06-22T23:59:59+02:00,229,195,15009,14681,31035,28602,35843,36138,53540,54971,66099,67697,50519,56043,35542,46082,10962,20830,6347,6241,14699,14837,16024,18578,19890,25280,27908,31360,32401,36500,28054,36864,10414,19769,438646,248752,68387,32920,104595,51111,12368,21,22
2021-06-21T23:59:59+02:00,214,189,14771,14510,30348,28145,33683,34180,53079,54550,65921,67580,50438,55969,35516,46060,10957,20825,6252,6158,14539,14721,15854,18444,19771,25169,27802,31275,32246,36361,26848,35639,10414,19766,431854,248086,68365,32874,104563,48152,12132,21,22
2021-06-20T23:59:59+02:00,209,188,14646,14426,28518,26880,33100,33753,52994,54462,65857,67547,50417,55943,35508,46057,10956,20823,5813,5872,13610,14096,15049,17870,19223,24819,27496,31082,32084,36187,26822,35608,10412,19762,427717,243224,68363,32838,104537,48082,11646,21,22
2021-06-19T23:59:59+02:00,203,183,14621,14393,28405,26799,33069,33726,52973,54446,65841,67536,50411,55934,35506,46052,10955,20821,5598,5714,13048,13685,14443,17394,18897,24618,27303,30911,32006,36087,26805,35594,10412,19762,427313,239706,68362,32836,104537,48079,11641,21,22
2021-06-18T23:59:59+02:00,201,177,14534,14308,28306,26734,31841,32827,52614,54140,65708,67445,50381,55901,35489,46027,10951,20817,5533,5640,12950,13601,14279,17272,18661,24391,26484,30246,31802,35851,26739,35519,10408,19755,426828,236770,65435,32729,104527,48027,11590,21,22
2021-06-17T23:59:59+02:00,187,161,14165,14049,27712,26490,31352,32568,51829,53575,65288,67179,50303,55802,35456,45987,10945,20805,5158,5381,12166,13131,13492,16661,17571,23470,24337,28283,31163,35119,26543,35242,10391,19741,423668,227795,65430,32451,104503,47349,10239,13,22
2021-06-16T23:59:59+02:00,159,134,13749,13652,27251,26136,30917,32216,51020,52882,64845,66796,50190,55683,35427,45930,10935,20793,4794,4944,11448,12456,12704,15973,16474,22354,21375,25426,30098,33919,26247,34840,10376,19700,418877,213793,65388,32423,104497,46957,9940,13,22
2021-06-15T23:59:59+02:00,98,81,13122,13041,26500,25563,30142,31625,49775,51825,64136,66273,50012,55488,35358,45818,10926,20774,4299,4314,10479,11523,11554,14595,14744,20654,17953,22131,28732,32484,25863,34321,10350,19656,411212,195210,65369,32308,104493,46649,9470,13,22
2021-06-14T23:59:59+02:00,68,60,12719,12671,26096,25238,29483,31165,47986,50360,63089,65442,49796,55264,35281,45742,10918,20762,4199,4261,10304,11396,11414,14464,14567,20534,17762,21973,28662,32404,25844,34294,10347,19655,403377,194784,65360,32036,104489,46344,8901,13,22
2021-06-13T23:59:59+02:00,67,59,12678,12627,26024,25206,29420,31138,47932,50335,63054,65419,49789,55261,35279,45739,10917,20759,4046,4184,9977,11268,11092,14353,14273,20424,17365,21630,27158,30769,25705,34099,10343,19644,403176,194053,65288,27381,104482,46137,8744,13,22
2021-06-12T23:59:59+02:00,67,58,12661,12611,26010,25196,29409,31126,47873,50265,63012,65383,49788,55258,35279,45739,10917,20759,4044,4174,9961,11254,11084,14339,14254,20407,17345,21621,27117,30724,25700,34093,10343,19644,402885,193870,65288,27379,104481,46096,8744,13,22
2021-06-11T23:59:59+02:00,65,55,12563,12481,25885,25083,29288,31004,47639,50041,62880,65264,49764,55232,35269,45728,10915,20757,3950,3907,9439,10068,10654,13434,13965,19852,17072,21144,26712,30305,25610,34011,10340,19642,401627,192831,65280,27375,104439,41330,8554,13,22
2021-06-10T23:59:59+02:00,58,48,12320,12270,25569,24802,28945,30739,46577,49030,62150,64698,49680,55138,35235,45676,10905,20744,3683,3543,8670,8822,9756,11794,12666,17113,15291,17558,25011,28390,25314,33712,10334,19618,396789,187350,65229,26937,104235,28654,8318,13,22
2021-06-09T23:59:59+02:00,46,37,12028,11950,25163,24398,28552,30345,44578,47214,61068,63761,49578,55018,35189,45623,10900,20727,3438,3424,8255,8569,9249,11475,12157,16724,14589,16968,21191,24095,25089,33411,10322,19592,388845,175845,65108,26595,104234,28117,7975,13,22
2021-06-08T23:59:59+02:00,40,26,11598,11421,24503,23776,27897,29684,41417,44374,59296,62131,49409,54828,35117,45533,10890,20705,3229,3288,7859,8311,8634,11103,11491,16300,13934,16328,15829,18164,24698,32886,10304,19564,376219,160702,65047,26262,104224,27815,7142,13,7
2021-06-07T23:59:59+02:00,35,19,11438,11233,24153,23503,27621,29479,38789,42446,58867,61770,49375,54797,35105,45512,10888,20699,3133,3221,7552,8136,8317,10928,10921,15851,13434,15852,15753,18086,24670,32836,10302,19557,370585,160389,64621,24443,104215,27418,6298,10,7
2021-06-06T23:59:59+02:00,32,18,11309,11129,23836,23276,27413,29307,37192,41260,58744,61691,49350,54769,35097,45498,10888,20697,3033,3172,7282,8048,8049,10766,10189,15171,12842,15235,15603,17975,24656,32813,10300,19557,370177,160277,61255,21297,104207,27259,5857,10,7
2021-06-05T23:59:59+02:00,32,17,11291,11112,23793,23240,27378,29281,37165,41246,58646,61606,49339,54763,35095,45496,10888,20694,3021,3161,7259,8017,8020,10750,10159,15157,12802,15211,15482,17811,24651,32805,10299,19556,369847,159853,61253,21296,104206,27245,5766,10,7
2021-06-04T23:59:59+02:00,32,15,11106,10853,23432,22776,27106,28885,36740,40798,58028,61067,49305,54722,35085,45478,10887,20688,2997,3144,7230,8001,7999,10732,10130,15132,12768,15177,15272,17605,24640,32784,10297,19555,368054,159271,58986,21283,104193,27148,5760,10,7
2021-06-03T23:59:59+02:00,31,14,10886,10637,22975,22383,26681,28550,35646,39971,55273,58717,49178,54564,35042,45415,10882,20673,2908,3064,7023,7848,7544,10436,9108,14507,11534,14483,14095,16142,24463,32567,10285,19536,364126,155936,54061,17585,104143,26842,5179,9,7
2021-06-02T23:59:59+02:00,31,14,10851,10604,22939,22349,26650,28525,35615,39930,55146,58559,49164,54541,35036,45408,10882,20672,2868,3035,6968,7830,7486,10403,8955,14468,11311,14421,12752,14671,24344,32395,10280,19529,363542,152148,54055,17574,104143,26826,5167,9,7
2021-06-01T23:59:59+02:00,18,7,10438,10262,22284,21842,25967,27943,34894,39353,52149,55416,48775,54131,34918,45246,10866,20646,2410,2677,5620,7149,6220,9830,7569,13799,10180,13461,8453,9124,23871,31717,10257,19471,352796,134008,53885,17208,104124,26250,4341,9,7
2021-05-31T23:59:59+02:00,17,6,10164,10034,21713,21445,25560,27693,34573,39151,50701,54020,48676,54006,34885,45205,10859,20638,2301,2553,5335,6904,5961,9610,7204,13560,9924,13302,8402,9062,23845,31671,10249,19458,348072,133241,53846,17089,104100,25691,3319,9,7
2021-05-30T23:59:59+02:00,16,6,10110,9986,21627,21408,25496,27659,34462,39081,50339,53680,48652,53981,34879,45199,10857,20635,2266,2523,5230,6826,5859,9544,7015,13472,9699,13206,8359,9017,23829,31664,10248,19453,346893,132649,53827,16916,104091,25391,3253,9,7
2021-05-29T23:59:59+02:00,15,6,10095,9975,21594,21390,25479,27647,34441,39068,50326,53662,48648,53977,34876,45198,10857,20635,2247,2469,5187,6701,5799,9412,6899,13275,9562,12986,8286,8927,23762,31597,10247,19452,346739,132373,53827,16865,104070,24325,3244,9,7
2021-05-28T23:59:59+02:00,15,6,10037,9907,21518,21282,25401,27529,34364,38968,50248,53564,48627,53959,34868,45188,10857,20631,2164,2205,4570,6160,5179,8690,6529,12312,9069,11992,8111,8730,23394,31117,10246,19449,345896,130885,53816,16767,104011,19028,3237,9,6
2021-05-27T23:59:59+02:00,14,6,9773,9659,20990,20906,24860,27172,33841,38591,49634,52956,48459,53766,34798,45113,10853,20612,1923,1937,3990,5639,4502,8088,6021,11548,8131,10677,7607,8073,21843,28968,10231,19427,341624,125249,53407,15633,103903,14661,3060,9,6
2021-05-26T23:59:59+02:00,14,6,9500,9414,20266,20340,23992,26501,32581,37563,48871,52254,48205,53477,34724,44999,10842,20588,1868,1867,3896,5513,4369,7925,5815,11287,7806,10298,7047,7347,19424,25550,10213,19384,336923,116804,50432,15379,103851,14501,2922,9,6
2021-05-25T23:59:59+02:00,13,6,9235,9180,19853,19984,23555,26110,32073,37049,47978,51278,47907,53161,34641,44859,10830,20558,1801,1819,3773,5416,4233,7778,5606,11065,7496,9980,6426,6511,15321,20205,10193,19326,331354,104677,50352,15335,103778,14157,2777,9,6
2021-05-24T23:59:59+02:00,12,6,9017,9025,19286,19696,22786,25723,30560,36031,47754,51106,47814,53060,34612,44829,10828,20557,1776,1804,3728,5382,4170,7737,5541,11006,7421,9924,6400,6487,15307,20196,10193,19326,329775,104562,46552,15323,103722,13866,2644,9,6
2021-05-23T23:59:59+02:00,12,6,8809,8818,18929,19404,22364,25375,30136,35710,47162,50595,47382,52605,34510,44683,10820,20548,1774,1803,3719,5377,4166,7734,5532,10995,7411,9915,6396,6476,15307,20194,10193,19326,324945,104505,46551,15321,103721,13847,2642,9,6
2021-05-22T23:59:59+02:00,12,6,8778,8781,18880,19361,22317,25344,30083,35680,47053,50525,47363,52583,34507,44674,10817,20548,1773,1800,3707,5364,4162,7728,5528,10989,7404,9911,6394,6474,15305,20194,10193,19326,324403,104473,46551,15321,103720,13826,2629,9,6
2021-05-21T23:59:59+02:00,11,6,8504,8428,18441,18847,21960,24702,29657,34872,46564,49860,47275,52461,34469,44632,10814,20543,1710,1759,3628,5325,4120,7694,5496,10944,7363,9862,6366,6448,15228,20097,10192,19325,319212,104162,46522,15320,103696,13465,2607,9,6
2021-05-20T23:59:59+02:00,11,6,7931,7878,17493,18055,20958,23784,28338,33675,44819,48040,46837,52002,34360,44479,10797,20524,1410,1598,3316,5036,3855,7306,5202,10465,6984,9410,6134,6195,13925,18564,10169,19286,307619,100434,46437,14841,103470,11125,2452,9,6
2021-05-19T23:59:59+02:00,11,6,7666,7563,16889,17452,20062,22911,27113,32421,43028,45953,46304,51446,34209,44259,10776,20494,1346,1516,3113,4821,3650,7055,4979,10112,6688,9079,5854,5863,11734,15733,10152,19227,296498,94238,46397,14373,103425,10074,2234,9,6
2021-05-18T23:59:59+02:00,10,6,7140,7019,15734,16428,18797,21661,25605,30793,40341,42724,45475,50501,33970,43954,10751,20452,1325,1490,3053,4750,3574,6936,4844,9980,6508,8867,5589,5588,10040,13568,10128,19172,280708,89121,45193,14323,103325,9837,2128,7,6
2021-05-17T23:59:59+02:00,10,6,7060,6958,15551,16318,18583,21492,25207,30467,38589,41087,45365,50423,33923,43888,10742,20429,1292,1467,2997,4705,3511,6877,4776,9878,6413,8766,5548,5548,10027,13551,10125,19164,280494,89055,40426,14041,103281,9656,1890,7,6
2021-05-16T23:59:59+02:00,9,5,6944,6906,15430,16230,18454,21386,25026,30353,35608,38318,45329,50388,33901,43864,10739,20424,1268,1451,2953,4665,3463,6820,4691,9810,6317,8686,5518,5511,10016,13535,10123,19161,280213,89008,34280,13774,103161,9550,1653,7,6
2021-05-15T23:59:59+02:00,9,5,6921,6875,15370,16172,18408,21346,24959,30310,35572,38277,45306,50361,33894,43859,10739,20424,1257,1425,2921,4592,3444,6751,4672,9729,6295,8636,5512,5506,10012,13534,10123,19161,279732,88954,34280,13770,103147,9202,1641,7,6
2021-05-14T23:59:59+02:00,9,5,6745,6507,15024,15674,18096,20929,24625,29848,35326,37925,45277,50330,33884,43854,10739,20422,1197,1364,2843,4488,3397,6649,4608,9574,6209,8503,5482,5462,9999,13525,10123,19160,278678,88870,34130,13735,100828,8399,1576,7,6
2021-05-13T23:59:59+02:00,9,5,6395,6191,14268,15090,17390,20301,23768,29106,34559,37255,44989,49987,33804,43729,10735,20411,1021,1279,2648,4379,3279,6528,4467,9408,6088,8360,5439,5424,9984,13509,10119,19155,272275,88724,33807,13653,100614,7418,1289,7,6
2021-05-12T23:59:59+02:00,9,5,5994,5919,13288,14413,16371,19500,23103,28671,34254,36974,44806,49793,33773,43698,10732,20408,1018,1277,2642,4374,3260,6524,4462,9398,6081,8355,5434,5419,9982,13504,10118,19154,266020,88667,33798,13643,100610,7413,1276,7,6
2021-05-11T23:59:59+02:00,9,5,5619,5695,12704,13967,14568,18061,20152,26148,31939,34647,43754,48533,33450,43226,10703,20359,956,1204,2526,4203,3154,6297,4343,9113,5966,8130,5363,5341,9940,13444,10110,19138,248742,88196,33521,13429,100172,6502,1097,7,6
2021-05-10T23:59:59+02:00,9,5,5473,5598,12433,13841,14218,17839,19350,25577,30561,33628,43222,47924,33393,43138,10695,20339,914,1145,2427,4042,3060,6095,4218,8849,5844,7934,5327,5313,9928,13428,10106,19129,243270,88091,33310,13368,99870,5510,786,7,6
2021-05-09T23:59:59+02:00,9,5,5067,5358,11240,13309,13218,17476,18329,25247,30018,33337,43166,47852,33368,43123,10692,20332,890,1115,2328,3938,2970,5956,4086,8674,5750,7829,5319,5299,9921,13424,10101,19126,237941,88046,33239,13326,99531,4922,428,7,6
2021-05-08T23:59:59+02:00,9,5,5056,5349,11218,13289,13193,17457,18299,25214,29978,33294,43158,47841,33367,43119,10692,20332,886,1109,2315,3930,2964,5956,4082,8668,5747,7826,5316,5296,9918,13419,10101,19126,237672,88018,33238,13326,99530,4888,423,7,6
2021-05-07T23:59:59+02:00,9,5,4956,5266,10990,13121,12901,17241,17693,24614,29031,32400,42967,47601,33311,43047,10688,20326,859,1078,2279,3875,2918,5910,4027,8614,5664,7773,5269,5250,9906,13410,10101,19125,235182,87884,31348,13323,99422,4639,208,7,6
2021-05-06T23:59:59+02:00,9,5,4542,4986,10323,12704,12141,16577,16089,23171,26486,30008,42264,46853,33145,42811,10672,20303,803,1023,2143,3625,2750,5601,3833,8141,5468,7451,5218,5197,9883,13382,10099,19117,226422,87701,28001,13009,98611,2972,48,7,6
2021-05-05T23:59:59+02:00,9,5,4229,4759,9728,12258,11422,15997,14988,22147,23640,27250,41287,45748,32863,42424,10654,20262,789,1001,2081,3500,2693,5446,3740,7930,5372,7315,5169,5142,9847,13344,10097,19114,213418,87442,27818,12871,98387,2223,40,7,6
2021-05-04T23:59:59+02:00,9,5,3879,4303,9059,11561,10651,15157,13684,20892,20037,23845,39940,44289,32491,41905,10631,20224,771,971,2015,3383,2623,5311,3649,7779,5277,7192,5131,5097,9818,13315,10095,19111,196358,87228,27800,12574,98363,1698,34,7,6
2021-05-03T23:59:59+02:00,9,4,3637,3881,8650,11067,10173,14532,13149,20237,19315,23199,39674,44038,32412,41802,10628,20209,757,942,1948,3278,2566,5204,3589,7665,5227,7105,5116,5086,9803,13298,10092,19106,190499,87088,27788,12566,98300,1102,22,7,6
2021-05-02T23:59:59+02:00,9,4,3634,3879,8632,11060,10164,14524,13128,20225,19298,23190,39673,44037,32411,41801,10627,20209,753,925,1918,3197,2520,5109,3542,7540,5207,7040,5112,5083,9802,13294,10092,19104,190412,87071,27775,12536,98293,609,18,7,6
2021-05-01T23:59:59+02:00,9,4,3632,3872,8620,11047,10156,14515,13121,20223,19287,23181,39673,44035,32411,41801,10627,20209,752,925,1917,3197,2520,5109,3542,7540,5207,7040,5112,5083,9802,13294,10091,19104,190332,87070,27774,12535,98293,609,17,7,6
2021-04-30T23:59:59+02:00,9,3,3609,3849,8574,11011,10113,14475,13060,20184,19184,23030,39406,43712,32390,41781,10626,20209,749,921,1904,3189,2519,5100,3539,7533,5205,7033,5109,5080,9798,13293,10091,19104,189408,87045,27505,12532,98288,569,17,7,6
2021-04-29T23:59:59+02:00,9,3,3343,3676,8141,10738,9565,14190,12568,19822,18449,22304,36350,40264,32130,41413,10614,20171,736,907,1856,3128,2470,5034,3473,7391,5113,6934,5072,5047,9776,13251,10089,19098,183875,86844,21669,12376,98183,135,16,7,6
2021-04-28T23:59:59+02:00,9,3,3182,3609,7877,10628,9164,14017,12193,19585,17964,21869,32561,35948,31912,41112,10601,20149,720,891,1830,3089,2425,4985,3436,7334,5048,6872,5011,4988,9724,13193,10086,19089,172713,86637,21517,11945,98136,124,11,6,6
2021-04-27T23:59:59+02:00,8,3,3101,3543,7617,10496,8812,13844,11707,19361,17486,21381,27001,29757,31535,40605,10580,20117,710,877,1798,3052,2390,4939,3383,7275,4992,6796,4960,4920,9689,13142,10083,19080,157374,86429,21495,11522,98068,121,11,6,5
2021-04-26T23:59:59+02:00,8,3,3048,3509,7476,10432,8646,13785,11477,19293,16963,20994,26968,29725,31521,40590,10580,20117,687,846,1730,2992,2324,4883,3317,7186,4900,6694,4863,4845,9607,13059,10081,19077,156798,86303,21277,10653,97043,121,11,6,5
2021-04-25T23:59:59+02:00,8,3,3010,3492,7314,10380,8408,13735,11145,19249,16141,20523,25413,28068,31466,40527,10580,20114,687,844,1723,2987,2317,4880,3311,7178,4896,6685,4860,4840,9599,13047,10081,19077,156313,86279,21267,10615,91979,104,11,6,5
2021-04-24T23:59:59+02:00,8,3,3006,3486,7298,10367,8397,13727,11131,19240,16124,20505,25370,28005,31463,40521,10579,20113,687,844,1723,2986,2317,4880,3310,7178,4896,6685,4860,4839,9597,13046,10081,19077,156111,86273,21263,10615,91952,104,11,6,5
2021-04-23T23:59:59+02:00,8,3,2988,3468,7256,10324,8353,13682,11065,19180,16064,20441,24947,27501,31430,40465,10576,20110,679,837,1705,2977,2301,4851,3258,7141,4798,6590,4723,4716,9431,12849,10075,19062,154923,85987,21123,9888,91798,104,11,6,5
2021-04-22T23:59:59+02:00,7,3,2909,3386,7064,10141,7811,13274,9857,18387,14512,19400,22933,25070,31219,40196,10557,20082,614,786,1591,2865,2177,4688,3098,6970,4614,6390,4568,4542,8921,12197,10039,18983,150125,84080,15829,8864,90837,85,11,6,5
2021-04-21T23:59:59+02:00,7,3,2856,3338,6942,10053,7602,13120,9491,18147,14041,18954,20430,21933,30922,39810,10540,20056,565,762,1512,2787,2091,4597,2972,6827,4454,6226,4382,4363,8354,11441,9996,18894,143132,82299,15066,7833,90030,77,11,6,5
2021-04-20T23:59:59+02:00,7,3,2816,3299,6836,9964,7465,13012,9240,17929,13550,18564,17044,17873,30609,39335,10523,20020,535,728,1439,2724,2004,4518,2872,6710,4318,6065,4197,4169,7496,10238,9928,18742,134289,79396,14821,7201,88962,72,11,6,5
2021-04-19T23:59:59+02:00,7,3,2802,3292,6789,9923,7413,12977,9164,17855,13413,18449,16711,17492,30577,39302,10522,20016,476,688,1321,2629,1905,4421,2740,6552,4121,5873,3944,3868,5674,7823,9714,18347,133980,73596,14626,6419,88084,67,11,6,5
2021-04-18T23:59:59+02:00,7,3,2786,3279,6714,9897,7307,12929,8968,17788,12579,18321,15302,16086,30509,39241,10519,20009,471,683,1312,2621,1890,4410,2707,6523,4061,5824,3868,3798,5265,7201,9669,18264,133766,72116,14484,6374,83977,63,11,6,5
2021-04-17T23:59:59+02:00,7,3,2776,3275,6697,9874,7277,12908,8936,17749,12547,18301,15249,16036,30455,39169,10518,20009,471,681,1312,2620,1889,4406,2703,6518,4058,5820,3867,3796,5260,7200,9668,18263,133411,72081,14483,6374,83875,63,11,6,5
2021-04-16T23:59:59+02:00,7,3,2763,3261,6663,9859,7226,12869,8862,17697,12439,18199,15004,15759,29937,38523,10515,20002,471,679,1306,2615,1880,4404,2698,6512,4050,5812,3862,3790,5243,7170,9668,18261,131892,71984,14476,6363,83203,60,11,6,5
2021-04-15T23:59:59+02:00,7,3,2712,3204,6530,9758,7038,12691,8520,17425,11965,17734,13948,14543,27825,35718,10499,19979,462,673,1301,2590,1865,4381,2675,6484,4007,5759,3807,3715,5212,7119,9660,18249,125980,71670,14200,6227,79903,49,10,6,5
2021-04-14T23:59:59+02:00,6,1,2656,3155,6436,9663,6894,12530,8249,17158,11537,17273,12770,13162,23120,29642,10481,19925,459,668,1288,2581,1853,4364,2653,6459,3964,5722,3760,3664,5152,7065,9632,18212,113616,71380,14167,6076,76859,27,10,6,5
2021-04-13T23:59:59+02:00,6,1,2604,3121,6309,9577,6743,12399,7971,16909,11114,16853,10110,10242,20051,25482,10459,19883,443,643,1240,2538,1800,4302,2545,6357,3785,5561,3547,3480,5006,6929,9623,18190,105217,71038,13974,4915,70627,23,10,6,5
2021-04-12T23:59:59+02:00,6,1,2583,3107,6249,9549,6637,12312,7779,16781,10867,16646,8747,8754,19231,24511,10458,19874,437,634,1221,2523,1784,4281,2512,6316,3732,5509,3486,3431,4971,6888,9618,18168,105098,70902,13920,4578,65058,18,10,6,5
2021-04-11T23:59:59+02:00,6,1,2555,3099,6153,9522,6522,12275,7614,16731,10668,16541,7479,7478,17506,22536,10456,19871,437,634,1220,2521,1784,4280,2512,6316,3730,5504,3482,3430,4965,6886,9618,18168,105031,70892,13914,4568,58052,14,10,6,5
2021-04-10T23:59:59+02:00,6,1,2554,3097,6143,9517,6513,12270,7609,16726,10661,16532,7471,7466,17497,22530,10456,19871,436,631,1218,2518,1783,4278,2510,6311,3727,5503,3473,3416,4957,6872,9618,18168,104949,70832,13913,4561,58043,14,9,6,5
2021-04-09T23:59:59+02:00,6,1,2492,2999,6008,9307,6356,12008,7351,16318,10348,16033,7314,7261,17381,22350,10455,19869,431,626,1200,2506,1756,4263,2479,6262,3649,5424,3361,3306,4819,6783,9613,18165,104480,70750,13883,3869,55479,12,9,6,5
2021-04-08T23:59:59+02:00,6,1,2413,2927,5912,9188,6253,11880,7180,16132,10092,15845,7120,7002,16122,20890,10444,19839,424,621,1188,2474,1731,4227,2452,6189,3597,5358,3289,3261,4740,6678,9591,18120,100832,70310,13528,3607,54871,11,9,6,5
2021-04-07T23:59:59+02:00,6,1,2386,2891,5839,9117,6166,11806,7047,16033,9850,15694,6824,6674,13810,17942,10423,19792,419,620,1178,2461,1718,4204,2438,6150,3531,5299,3218,3209,4685,6619,9584,18092,94682,70037,13367,3366,54237,10,9,6,5
2021-04-06T23:59:59+02:00,6,1,2369,2858,5743,9051,6075,11727,6894,15920,9610,15511,6468,6312,11716,15342,10396,19733,416,613,1171,2436,1706,4181,2412,6112,3467,5234,3134,3159,4640,6565,9579,18076,89659,69795,13067,3086,52993,10,7,6,5
2021-04-05T23:59:59+02:00,6,1,2361,2849,5725,9034,6063,11708,6881,15901,9590,15486,6344,6214,10435,14055,10396,19732,412,605,1167,2421,1700,4165,2396,6082,3434,5193,3104,3122,4619,6519,9573,18060,89580,69605,13031,2949,50158,9,6,6,5
2021-04-04T23:59:59+02:00,6,1,2361,2849,5722,9031,6061,11708,6879,15901,9588,15486,6339,6210,10435,14053,10396,19732,412,604,1167,2420,1700,4165,2395,6082,3434,5193,3104,3122,4617,6519,9573,18060,89571,69601,13030,2948,50145,9,6,6,5
2021-04-03T23:59:59+02:00,6,1,2359,2841,5714,9024,6056,11704,6876,15897,9585,15484,6336,6205,10429,14050,10396,19732,412,604,1167,2420,1700,4165,2395,6082,3434,5192,3104,3122,4617,6519,9573,18060,89514,69600,13029,2948,50140,9,6,6,5
2021-04-02T23:59:59+02:00,6,1,2358,2839,5708,9017,6054,11701,6872,15896,9581,15482,6332,6199,10415,14021,10395,19731,410,602,1166,2420,1699,4164,2394,6082,3433,5185,3078,3105,4607,6510,9573,18060,89431,69523,13026,2947,50139,9,6,6,5
2021-04-01T23:59:59+02:00,6,1,2337,2836,5678,8988,6011,11659,6829,15841,9526,15426,6239,6101,10120,13675,10372,19683,408,587,1163,2414,1692,4153,2378,6065,3407,5164,3017,3058,4548,6438,9498,17948,88444,68977,13005,2944,49868,9,5,6,5
2021-03-31T23:59:59+02:00,6,1,2303,2809,5603,8923,5943,11566,6726,15729,9393,15291,6094,5959,9570,12937,10330,19593,403,581,1157,2403,1685,4137,2372,6053,3387,5130,2985,3025,4501,6379,9442,17847,86473,68530,12792,2942,49501,9,4,6,4
2021-03-30T23:59:59+02:00,6,1,2283,2793,5557,8865,5880,11491,6655,15632,9295,15148,5909,5745,8667,11601,10255,19411,401,579,1154,2399,1672,4120,2354,6031,3353,5086,2928,2957,4414,6280,9312,17608,83409,67830,12411,2804,49365,9,4,5,3
2021-03-29T23:59:59+02:00,5,1,2216,2739,5454,8754,5772,11342,6487,15401,9065,14893,5551,5370,6728,9067,10035,18991,394,575,1143,2388,1659,4108,2329,6005,3324,5029,2858,2892,4297,6176,9111,17279,77322,66884,11601,2669,48939,9,4,5,3
2021-03-28T23:59:59+02:00,5,1,2195,2726,5411,8695,5696,11264,6400,15315,8947,14774,5427,5218,6088,8138,9969,18875,385,569,1128,2372,1634,4081,2282,5944,3268,4937,2773,2813,4181,6031,9039,17143,75031,66425,11343,2144,48761,6,4,5,3
2021-03-27T23:59:59+01:00,5,1,2195,2721,5400,8689,5692,11249,6385,15293,8936,14761,5399,5191,6078,8135,9969,18874,385,569,1126,2371,1633,4076,2278,5941,3259,4930,2768,2810,4165,6006,8959,16996,74925,66118,11343,2143,48696,6,4,5,3
2021-03-26T23:59:59+01:00,5,1,2179,2701,5363,8651,5653,11200,6306,15223,8787,14612,5237,5042,5909,7956,9967,18866,381,561,1120,2358,1617,4048,2250,5905,3225,4876,2707,2747,3982,5751,8254,15821,74581,63487,10512,2105,48556,6,4,5,3
2021-03-25T23:59:59+01:00,5,0,2062,2620,5187,8436,5451,10924,6099,14924,8547,14324,5077,4888,5813,7837,9964,18858,372,547,1099,2333,1593,4020,2204,5848,3152,4800,2609,2645,3611,5259,7124,14090,74126,59410,9565,1886,47317,6,3,5,3
2021-03-24T23:59:59+01:00,5,0,1976,2572,5039,8276,5291,10731,5936,14686,8345,14092,4937,4729,5699,7720,9958,18849,368,536,1086,2305,1560,3965,2145,5783,3064,4699,2476,2531,3189,4642,5726,11871,73752,54395,8403,1541,46678,6,3,5,3
2021-03-23T23:59:59+01:00,5,0,1900,2520,4928,8154,5192,10589,5815,14493,8230,13925,4855,4643,5633,7661,9950,18831,357,511,1066,2270,1527,3907,2101,5694,2982,4608,2387,2436,2739,4010,3839,8662,73360,47695,7657,1393,46299,4,3,5,3
2021-03-22T23:59:59+01:00,5,0,1835,2461,4794,8018,5059,10415,5656,14260,8038,13712,4751,4531,5564,7552,9936,18787,331,494,1037,2233,1482,3834,2036,5585,2880,4457,2274,2284,2224,3332,1338,4556,72868,39210,6619,1160,45879,2,3,5,3
2021-03-21T23:59:59+01:00,5,0,1834,2455,4782,8003,5045,10405,5641,14243,8008,13688,4728,4516,5548,7540,9932,18787,330,494,1031,2219,1473,3805,2018,5547,2854,4407,2233,2236,2182,3291,1321,4511,72845,39070,6569,876,45739,2,2,5,3
2021-03-20T23:59:59+01:00,5,0,1834,2455,4781,8002,5044,10403,5640,14242,8001,13682,4727,4515,5540,7532,9932,18787,330,494,1031,2219,1473,3805,2018,5547,2853,4406,2232,2233,2182,3291,1321,4511,72834,39068,6569,872,45712,2,2,5,3
2021-03-19T23:59:59+01:00,5,0,1781,2207,4266,6710,4636,9421,5370,13685,7777,13279,4603,4418,5470,7466,9932,18787,329,494,1031,2219,1473,3804,2018,5546,2852,4406,2230,2232,2177,3285,1320,4509,72776,39053,6559,866,40471,2,2,5,3
2021-03-18T23:59:59+01:00,5,0,1726,1956,3849,5650,4106,8042,4553,11149,6421,9948,4237,4119,5268,7246,9911,18747,328,491,1024,2206,1466,3779,1992,5507,2827,4382,2209,2217,2152,3256,1315,4500,72346,38861,6497,784,28083,2,2,5,3
2021-03-17T23:59:59+01:00,5,0,1720,1948,3839,5624,4089,8012,4529,11085,6371,9876,4200,4072,5229,7202,9905,18724,325,490,1020,2198,1460,3770,1985,5492,2817,4356,2182,2190,2132,3241,1308,4486,72090,38711,6438,735,27895,2,2,5,3
2021-03-16T23:59:59+01:00,5,0,1698,1914,3780,5543,4018,7906,4400,10924,6166,9676,3977,3884,5089,7043,9899,18703,323,486,1019,2179,1455,3757,1976,5478,2808,4337,2174,2176,2120,3213,1300,4457,71780,38546,5163,706,27675,2,2,5,3
2021-03-15T23:59:59+01:00,5,0,1688,1894,3755,5509,3993,7869,4349,10855,6087,9592,3895,3817,5036,6983,9893,18678,320,482,1010,2162,1447,3751,1960,5442,2790,4309,2159,2144,2095,3152,1292,4419,71557,38328,4805,602,27531,2,0,5,3
2021-03-14T23:59:59+01:00,5,0,1682,1884,3747,5499,3988,7853,4340,10824,6079,9570,3888,3808,5031,6975,9892,18676,319,482,1008,2162,1443,3748,1957,5440,2772,4303,2153,2142,2084,3142,1288,4417,71525,38320,4789,537,27422,1,0,5,3
2021-03-13T23:59:59+01:00,5,0,1679,1879,3734,5477,3981,7844,4320,10813,6065,9555,3885,3805,5028,6972,9892,18676,319,482,1008,2162,1443,3748,1957,5439,2772,4302,2152,2141,2084,3140,1280,4412,71501,38301,4784,537,27320,1,0,5,3
2021-03-12T23:59:59+01:00,4,0,1640,1822,3220,5331,3466,7730,4186,10687,5840,9266,3720,3659,4887,6864,9867,18629,314,460,1004,2132,1435,3724,1938,5368,2719,4217,1973,1986,2024,3090,1273,4406,71290,37532,4065,529,25458,0,0,5,3
2021-03-11T23:59:59+01:00,4,0,1532,1686,2838,5070,3029,7475,3906,10274,5214,8374,3496,3483,4781,6747,9829,18579,313,460,1001,2119,1432,3704,1931,5349,2710,4200,1967,1978,2010,3073,1268,4388,70727,37411,3803,490,21782,0,0,5,3
2021-03-10T23:59:59+01:00,4,0,1502,1655,2799,5025,2994,7416,3851,10188,5106,8257,3370,3379,4666,6633,9786,18512,311,459,999,2116,1430,3693,1927,5336,2698,4180,1950,1971,1985,3041,1257,4374,70320,37330,3473,395,21345,0,0,5,3
2021-03-09T23:59:59+01:00,4,0,1493,1639,2767,5000,2973,7372,3813,10128,5028,8177,3273,3296,4586,6544,9680,18302,308,458,996,2110,1423,3681,1901,5314,2656,4150,1909,1946,1935,3013,1245,4365,69729,37302,3206,106,21135,0,0,5,3
2021-03-08T23:59:59+01:00,4,0,1478,1626,2737,4974,2947,7342,3790,10080,5004,8115,3232,3256,4513,6480,9506,18003,308,458,994,2106,1415,3665,1884,5281,2637,4123,1891,1927,1910,2990,1239,4346,68942,37156,3197,16,20943,0,0,5,3
2021-03-07T23:59:59+01:00,4,0,1465,1616,2707,4929,2913,7294,3757,10018,4962,8055,3197,3223,4448,6380,9430,17859,308,457,994,2105,1414,3660,1881,5271,2636,4118,1887,1924,1906,2986,1236,4338,68407,37105,3144,14,20701,0,0,5,3
2021-03-06T23:59:59+01:00,4,0,1464,1614,2701,4918,2910,7285,3749,10011,4944,8039,3187,3213,4425,6341,9342,17690,308,457,992,2102,1414,3658,1875,5262,2634,4116,1882,1916,1900,2984,1235,4335,68017,37055,3144,14,20671,0,0,5,2
2021-03-05T23:59:59+01:00,4,0,1391,1535,2603,4756,2853,7128,3664,9804,4843,7843,3137,3154,4209,6055,8638,16503,308,457,990,2100,1409,3653,1873,5261,2630,4109,1873,1912,1895,2981,1230,4332,65376,36998,3141,14,19598,0,0,5,2
2021-03-04T23:59:59+01:00,4,0,1218,1431,2433,4555,2682,6859,3496,9459,4585,7502,3021,3031,3848,5598,7476,14689,307,449,981,2077,1393,3613,1845,5209,2602,4063,1845,1887,1862,2926,1203,4286,61185,36533,3138,14,17559,0,0,5,2
2021-03-03T23:59:59+01:00,4,0,1185,1378,2355,4447,2622,6736,3409,9294,4488,7357,2936,2961,3477,4999,6093,12509,303,440,970,2054,1381,3585,1831,5159,2548,4009,1798,1852,1838,2897,1188,4258,56150,36096,3112,14,16984,0,0,4,2
2021-03-02T23:59:59+01:00,4,0,1151,1342,2295,4391,2571,6645,3329,9172,4351,7208,2822,2834,2995,4334,4099,9157,298,431,965,2029,1368,3541,1818,5104,2516,3984,1788,1838,1819,2871,1177,4231,49127,35763,2864,14,16706,0,0,3,2
2021-03-01T23:59:59+01:00,4,0,1092,1312,2234,4329,2499,6558,3235,9046,4209,7020,2691,2697,2428,3594,1394,4714,297,428,957,2016,1356,3522,1810,5088,2505,3968,1772,1828,1802,2852,1165,4203,40104,35557,2478,11,16471,0,0,3,2
2021-02-28T23:59:59+01:00,4,0,1058,1298,2192,4292,2469,6515,3187,8989,4147,6961,2624,2651,2380,3563,1386,4694,297,427,955,2011,1354,3509,1807,5074,2499,3960,1765,1817,1789,2841,1158,4188,40008,35439,2186,11,16213,0,0,3,2
2021-02-27T23:59:59+01:00,4,0,1016,1215,2127,4049,2411,6281,3123,8691,4056,6706,2569,2594,2360,3539,1383,4694,297,427,954,2011,1354,3509,1807,5073,2498,3960,1765,1816,1787,2841,1158,4188,39902,35433,2185,11,14728,0,0,3,2
2021-02-26T23:59:59+01:00,3,0,849,961,1925,3657,2249,5615,2906,7770,3745,5912,2520,2541,2342,3525,1380,4692,297,427,954,2008,1352,3507,1805,5072,2496,3959,1765,1813,1780,2840,1156,4181,39887,35400,2098,11,10604,0,0,3,2
2021-02-25T23:59:59+01:00,3,0,506,804,1645,3458,2066,5311,2710,7375,3519,5610,2439,2465,2302,3464,1376,4678,287,406,929,1958,1322,3438,1775,4991,2467,3895,1740,1786,1742,2797,1129,4141,39692,34792,1842,10,8194,0,0,3,2
2021-02-24T23:59:59+01:00,3,0,486,786,1610,3361,2004,5181,2650,7192,3453,5468,2374,2418,2267,3435,1367,4645,278,402,914,1925,1308,3384,1762,4931,2443,3850,1729,1768,1733,2778,1117,4114,39505,34433,1673,2,7519,0,0,3,2
2021-02-23T23:59:59+01:00,3,0,467,750,1549,3259,1949,5041,2572,7060,3367,5363,2314,2359,2232,3379,1352,4614,277,398,909,1910,1302,3355,1753,4900,2422,3818,1709,1748,1713,2743,1102,4061,39359,34117,1402,2,6866,0,0,3,2
2021-02-22T23:59:59+01:00,2,0,451,719,1494,3159,1910,4902,2514,6842,3306,5219,2306,2263,2217,3300,1348,4569,276,395,905,1899,1294,3328,1736,4864,2408,3788,1690,1729,1687,2715,1087,4016,39148,33816,1139,0,6231,0,0,3,2
2021-02-21T23:59:59+01:00,2,0,443,681,1436,3017,1863,4752,2461,6683,3223,5115,2270,2230,2190,3280,1338,4564,276,394,902,1891,1293,3319,1732,4854,2404,3779,1688,1726,1686,2713,1087,4015,39107,33758,906,0,5532,0,0,3,2
2021-02-20T23:59:59+01:00,2,0,439,676,1428,3013,1857,4752,2458,6680,3219,5111,2267,2229,2190,3279,1337,4564,276,394,902,1890,1293,3318,1732,4854,2403,3778,1687,1725,1683,2713,1086,4013,39103,33746,902,0,5493,0,0,3,2
2021-02-19T23:59:59+01:00,1,0,418,639,1399,2951,1830,4698,2417,6580,3132,4993,2087,2067,2127,3230,1332,4558,274,393,900,1888,1292,3317,1732,4849,2400,3777,1685,1723,1681,2712,1086,4012,38351,33721,883,0,5222,0,0,3,1
2021-02-18T23:59:59+01:00,1,0,393,583,1294,2708,1726,4454,2279,6318,3030,4811,2058,2051,2111,3213,1327,4550,274,387,892,1855,1283,3278,1714,4801,2381,3741,1673,1713,1665,2700,1074,3994,38277,33425,810,0,3817,0,0,3,1
2021-02-17T23:59:59+01:00,1,0,378,552,1255,2578,1671,4279,2209,6075,2971,4662,2039,2032,2088,3193,1312,4541,265,370,857,1770,1240,3149,1653,4642,2307,3605,1597,1644,1591,2590,1025,3878,38121,32183,759,0,2953,0,0,3,1
2021-02-16T23:59:59+01:00,1,0,360,522,1201,2458,1621,4143,2130,5890,2890,4526,2030,2028,2080,3187,1307,4530,257,353,837,1690,1185,3013,1592,4438,2235,3431,1547,1591,1531,2490,998,3750,38063,30938,729,0,2109,0,0,3,1
2021-02-15T23:59:59+01:00,1,0,350,500,1128,2314,1576,4070,2098,5837,2862,4485,2011,2012,2059,3157,1300,4510,250,335,814,1645,1153,2938,1536,4305,2164,3313,1472,1528,1477,2383,956,3573,37958,29842,619,0,1690,0,0,3,1
2021-02-14T23:59:59+01:00,1,0,342,495,1105,2258,1513,3906,2056,5745,2831,4446,2005,2010,2048,3148,1298,4503,243,330,796,1618,1137,2899,1494,4253,2126,3283,1456,1507,1453,2347,941,3531,37940,29414,554,0,1213,0,0,3,1
2021-02-13T23:59:59+01:00,1,0,342,495,1104,2258,1513,3905,2054,5744,2831,4446,2004,2008,2047,3148,1297,4500,243,330,796,1618,1137,2899,1493,4252,2126,3283,1454,1504,1452,2346,941,3530,37929,29404,554,0,1212,0,0,2,1
2021-02-12T23:59:59+01:00,1,0,338,492,1087,2249,1508,3891,2049,5735,2828,4440,1990,1998,2041,3135,1292,4497,242,329,790,1613,1131,2890,1476,4233,2107,3270,1441,1488,1437,2315,934,3497,37862,29193,546,0,1161,0,0,2,1
2021-02-11T23:59:59+01:00,1,0,318,469,1023,2151,1454,3764,1955,5471,2743,4321,1960,1965,2001,3070,1267,4441,222,303,741,1509,1051,2666,1352,3876,1923,2964,1255,1281,1269,2040,828,3147,37474,26427,509,0,389,0,0,2,1
2021-02-10T23:59:59+01:00,1,0,312,460,1000,2111,1416,3685,1901,5309,2648,4139,1891,1915,1959,3032,1249,4415,198,258,648,1321,925,2285,1164,3277,1684,2549,1097,1108,1124,1796,721,2807,37066,22962,374,0,1,0,0,2,1
2021-02-09T23:59:59+01:00,1,0,306,450,992,2080,1400,3633,1858,5242,2581,4083,1835,1879,1891,2979,1228,4394,165,199,550,1062,778,1842,959,2671,1421,2137,951,949,936,1517,605,2394,36768,19136,61,0,1,0,0,2,1
2021-02-08T23:59:59+01:00,1,0,305,448,989,2073,1390,3617,1850,5219,2563,4067,1821,1867,1873,2961,1221,4369,114,164,450,850,615,1428,761,2021,1145,1656,765,774,746,1199,482,1945,36614,15115,17,0,1,0,0,2,1
2021-02-07T23:59:59+01:00,1,0,305,448,988,2072,1389,3610,1847,5216,2556,4064,1815,1858,1857,2954,1217,4363,105,145,400,704,541,1255,682,1806,1049,1510,692,695,671,1080,418,1729,36544,13482,14,0,0,0,0,2,1
2021-02-06T23:59:59+01:00,1,0,305,448,987,2071,1389,3607,1847,5214,2556,4061,1815,1857,1852,2952,1214,4361,105,144,395,701,536,1231,666,1787,1038,1488,689,691,666,1076,417,1725,36521,13356,14,0,0,0,0,2,0
2021-02-05T23:59:59+01:00,1,0,305,447,985,2068,1385,3598,1843,5200,2550,4055,1814,1856,1844,2944,1205,4348,101,137,380,683,519,1202,634,1735,990,1425,652,641,621,1002,391,1637,36432,12751,14,0,0,0,0,2,0
2021-02-04T23:59:59+01:00,1,0,298,430,974,2036,1366,3545,1824,5123,2534,4007,1798,1836,1819,2909,1188,4317,76,106,281,461,358,810,450,1174,679,966,504,467,480,792,305,1306,35989,9216,14,0,0,0,0,2,0
2021-02-03T23:59:59+01:00,1,0,294,421,956,2009,1350,3507,1811,5074,2500,3964,1778,1813,1803,2885,1175,4303,60,82,235,395,289,631,345,918,519,720,338,323,345,565,218,953,35628,6937,14,0,0,0,0,2,0
2021-02-02T23:59:59+01:00,1,0,290,414,950,1981,1342,3475,1800,5028,2477,3929,1760,1797,1777,2844,1154,4256,39,63,180,312,242,483,263,735,375,554,234,206,220,374,150,621,35259,5051,14,0,0,0,0,2,0
2021-02-01T23:59:59+01:00,1,0,289,412,945,1974,1339,3459,1792,5008,2469,3911,1753,1786,1762,2829,1148,4243,19,39,134,227,167,308,169,489,236,320,119,105,96,184,69,277,35104,2958,14,0,0,0,0,2,0
2021-01-31T23:59:59+01:00,1,0,288,411,943,1966,1336,3450,1789,4989,2465,3896,1749,1778,1758,2822,1146,4234,18,34,116,199,150,267,152,409,200,276,100,91,88,157,61,243,35005,2561,14,0,0,0,0,2,0
2021-01-30T23:59:59+01:00,1,0,288,411,943,1966,1336,3450,1789,4989,2465,3896,1748,1778,1758,2821,1146,4233,18,34,115,199,150,265,149,407,199,275,99,90,88,157,61,243,35002,2549,14,0,0,0,0,2,0
2021-01-29T23:59:59+01:00,1,0,286,408,941,1964,1335,3442,1783,4980,2462,3893,1742,1771,1749,2811,1139,4212,16,33,114,190,141,257,137,379,168,248,72,66,79,136,56,211,34904,2303,14,0,0,0,0,1,0
2021-01-28T23:59:59+01:00,1,0,281,400,923,1908,1311,3378,1758,4918,2434,3831,1720,1752,1719,2780,1121,4177,0,0,9,19,8,17,11,46,7,21,7,3,7,9,2,13,34398,179,13,0,0,0,0,1,0
2021-01-27T23:59:59+01:00,1,0,276,382,890,1828,1277,3264,1696,4795,2374,3731,1664,1704,1675,2714,1085,4095,0,0,4,6,5,11,7,20,3,12,6,3,7,9,2,12,33441,107,9,0,0,0,0,1,0
2021-01-26T23:59:59+01:00,1,0,270,373,881,1815,1263,3226,1679,4738,2344,3668,1633,1672,1638,2644,1068,4013,0,0,4,6,5,11,7,20,3,12,6,3,7,9,2,12,32918,107,7,0,0,0,0,1,0
2021-01-25T23:59:59+01:00,1,0,259,349,839,1697,1193,3062,1589,4467,2240,3459,1574,1619,1585,2560,1022,3845,0,0,1,3,1,3,4,3,3,5,6,3,6,8,2,12,31357,60,2,0,0,0,0,1,0
2021-01-24T23:59:59+01:00,1,0,256,346,828,1678,1183,3040,1558,4434,2214,3438,1563,1611,1575,2549,1017,3838,0,0,1,2,1,3,4,3,3,5,6,3,6,8,2,12,31126,59,2,0,0,0,0,1,0
2021-01-23T23:59:59+01:00,1,0,256,346,828,1678,1182,3039,1558,4430,2213,3437,1562,1611,1574,2548,1016,3833,0,0,1,2,1,3,4,3,3,5,6,3,6,8,2,12,31109,59,2,0,0,0,0,1,0
2021-01-22T23:59:59+01:00,1,0,255,344,822,1675,1178,3034,1555,4423,2201,3432,1550,1600,1568,2529,1011,3814,0,0,1,2,1,3,4,3,3,5,6,3,6,8,2,12,30989,59,2,0,0,0,0,1,0
2021-01-21T23:59:59+01:00,1,0,244,334,794,1609,1153,2907,1499,4263,2121,3297,1452,1497,1436,2366,932,3633,0,0,1,2,1,3,4,2,3,5,4,2,5,8,1,12,29535,53,2,0,0,0,0,1,0
2021-01-20T23:59:59+01:00,1,0,221,290,721,1453,1063,2593,1364,3803,1948,2944,1331,1352,1316,2172,861,3413,0,0,1,2,1,3,4,2,3,5,4,2,5,8,1,12,26843,53,2,0,0,0,0,1,0
2021-01-19T23:59:59+01:00,1,0,190,234,623,1206,918,2147,1144,3188,1667,2514,1151,1154,1090,1836,716,2900,0,0,1,1,1,2,4,1,2,5,4,2,5,8,1,12,22676,49,2,0,0,0,0,1,0
2021-01-18T23:59:59+01:00,1,0,132,185,489,945,709,1633,877,2319,1297,1903,901,923,871,1455,560,2311,0,0,0,0,0,0,0,0,1,2,2,1,0,0,0,0,17509,6,1,0,0,0,0,1,0
2021-01-17T23:59:59+01:00,1,0,119,159,429,774,624,1413,776,2066,1185,1714,837,844,791,1319,501,2105,0,0,0,0,0,0,0,0,0,1,0,0,0,0,0,0,15656,1,0,0,0,0,0,1,0
2021-01-16T23:59:59+01:00,1,0,119,158,425,773,622,1405,766,2062,1177,1707,835,839,786,1308,493,2090,0,0,0,0,0,0,0,0,0,0,0,0,0,0,0,0,15566,0,0,0,0,0,0,0,0
2021-01-15T23:59:59+01:00,1,0,109,152,413,753,596,1367,734,1984,1116,1626,791,787,743,1223,463,1976,0,0,0,0,0,0,0,0,0,0,0,0,0,0,0,0,14834,0,0,0,0,0,0,0,0
2021-01-14T23:59:59+01:00,1,0,75,112,296,486,395,882,506,1277,761,1065,577,545,541,902,353,1501,0,0,0,0,0,0,0,0,0,0,0,0,0,0,0,0,10275,0,0,0,0,0,0,0,0
2021-01-13T23:59:59+01:00,1,0,58,85,244,409,319,665,377,977,556,758,363,343,361,613,246,1037,0,0,0,0,0,0,0,0,0,0,0,0,0,0,0,0,7412,0,0,0,0,0,0,0,0
2021-01-12T23:59:59+01:00,0,0,47,69,199,351,257,540,277,803,405,593,243,217,226,405,166,691,0,0,0,0,0,0,0,0,0,0,0,0,0,0,0,0,5489,0,0,0,0,0,0,0,0
2021-01-11T23:59:59+01:00,0,0,32,50,174,303,210,439,217,646,297,419,149,126,128,248,88,397,0,0,0,0,0,0,0,0,0,0,0,0,0,0,0,0,3923,0,0,0,0,0,0,0,0
2021-01-10T23:59:59+01:00,0,0,24,41,152,254,180,362,178,535,248,358,128,106,113,204,77,320,0,0,0,0,0,0,0,0,0,0,0,0,0,0,0,0,3280,0,0,0,0,0,0,0,0
2021-01-09T23:59:59+01:00,0,0,24,41,151,252,179,360,177,530,247,357,127,105,113,204,77,320,0,0,0,0,0,0,0,0,0,0,0,0,0,0,0,0,3264,0,0,0,0,0,0,0,0
2021-01-08T23:59:59+01:00,0,0,22,40,149,243,171,350,164,499,218,331,103,89,108,189,71,298,0,0,0,0,0,0,0,0,0,0,0,0,0,0,0,0,3045,0,0,0,0,0,0,0,0
2021-01-07T23:59:59+01:00,0,0,1,0,4,9,8,13,10,6,16,11,10,9,14,21,2,32,0,0,0,0,0,0,0,0,0,0,0,0,0,0,0,0,166,0,0,0,0,0,0,0,0
2021-01-06T23:59:59+01:00,0,0,0,0,1,3,1,5,5,2,3,6,6,2,7,10,1,14,0,0,0,0,0,0,0,0,0,0,0,0,0,0,0,0,66,0,0,0,0,0,0,0,0
2021-01-05T23:59:59+01:00,0,0,0,0,1,3,1,5,5,2,3,5,6,2,6,9,1,13,0,0,0,0,0,0,0,0,0,0,0,0,0,0,0,0,62,0,0,0,0,0,0,0,0
2021-01-04T23:59:59+01:00,0,0,0,0,1,3,1,4,4,2,3,5,6,2,5,8,1,13,0,0,0,0,0,0,0,0,0,0,0,0,0,0,0,0,58,0,0,0,0,0,0,0,0
2021-01-03T23:59:59+01:00,0,0,0,0,1,2,1,4,4,2,3,5,5,2,5,8,1,13,0,0,0,0,0,0,0,0,0,0,0,0,0,0,0,0,56,0,0,0,0,0,0,0,0
2021-01-02T23:59:59+01:00,0,0,0,0,1,2,1,4,4,2,3,5,5,2,5,8,1,13,0,0,0,0,0,0,0,0,0,0,0,0,0,0,0,0,56,0,0,0,0,0,0,0,0
2021-01-01T23:59:59+01:00,0,0,0,0,1,2,1,3,4,2,3,5,5,2,5,8,1,13,0,0,0,0,0,0,0,0,0,0,0,0,0,0,0,0,55,0,0,0,0,0,0,0,0
2020-12-31T23:59:59+01:00,0,0,0,0,1,2,1,3,4,2,3,5,5,2,5,8,1,13,0,0,0,0,0,0,0,0,0,0,0,0,0,0,0,0,55,0,0,0,0,0,0,0,0
2020-12-30T23:59:59+01:00,0,0,0,0,1,2,1,3,4,2,3,5,5,2,5,8,1,13,0,0,0,0,0,0,0,0,0,0,0,0,0,0,0,0,55,0,0,0,0,0,0,0,0
2020-12-29T23:59:59+01:00,0,0,0,0,1,1,1,2,4,1,2,5,5,2,5,8,1,13,0,0,0,0,0,0,0,0,0,0,0,0,0,0,0,0,51,0,0,0,0,0,0,0,0
2020-12-28T23:59:59+01:00,0,0,0,0,1,1,1,1,2,0,1,5,4,1,1,0,0,2,0,0,0,0,0,0,0,0,0,0,0,0,0,0,0,0,20,0,0,0,0,0,0,0,0
2020-12-27T23:59:59+01:00,0,0,0,0,1,1,1,1,2,0,0,3,2,0,1,0,0,2,0,0,0,0,0,0,0,0,0,0,0,0,0,0,0,0,14,0,0,0,0,0,0,0,0
