Datum,<15_m,<15_w,15-24_1_m,15-24_1_w,25-34_1_m,25-34_1_w,35-44_1_m,35-44_1_w,45-54_1_m,45-54_1_w,55-64_1_m,55-64_1_w,65-74_1_m,65-74_1_w,75-84_1_m,75-84_1_w,>84_1_m,>84_1_w,<24_2_m,<24_2_w,25-34_2_m,25-34_2_w,35-44_2_m,35-44_2_w,45-54_2_m,45-54_2_w,55-64_2_m,55-64_2_w,65-74_2_m,65-74_2_w,75-84_2_m,75-84_2_w,>84_2_m,>84_2_w,bp_1,bp_2,mo_1,mo_2,az_1,az_2,ja,unb_1,unb_2
2021-08-10T23:59:59+02:00,2978,2757,32347,31267,48868,43533,50518,49174,61382,61677,71773,72368,52702,58280,36412,47184,11097,21091,18485,17913,36663,32584,43652,42239,55820,56161,66971,67749,50381,55629,35156,45423,10719,20284,549398,467317,76786,66283,105420,100136,23770,34,24
2021-08-09T23:59:59+02:00,2964,2751,32321,31246,48849,43521,50495,49159,61365,61661,71757,72354,52694,58273,36407,47174,11095,21090,17163,16608,33961,30344,43027,41649,55440,55820,66661,67441,50255,55494,35107,45377,10714,20267,549191,456072,76786,66281,105416,100124,23749,34,24
2021-08-08T23:59:59+02:00,2961,2751,32310,31236,48843,43516,50490,49154,61360,61655,71755,72354,52693,58273,36407,47173,11095,21090,17139,16579,33941,30332,42991,41617,55428,55807,66652,67437,50250,55491,35106,45376,10713,20267,549147,455892,76786,66277,105405,100105,23744,34,24
2021-08-07T23:59:59+02:00,2960,2746,32303,31226,48840,43508,50485,49154,61357,61652,71748,72352,52692,58271,36406,47173,11095,21090,17112,16549,33913,30313,42958,41587,55408,55790,66641,67430,50244,55489,35104,45376,10713,20266,549098,455665,76786,66274,105405,100104,23735,34,24
2021-08-06T23:59:59+02:00,2875,2654,31965,31011,48589,43317,50236,48934,61076,61449,71477,72190,52560,58168,36353,47122,11092,21081,16910,16417,33214,29841,42493,41223,55071,55567,66334,67258,50114,55396,35055,45341,10710,20259,549017,454007,75720,65996,105405,100102,21973,34,24
2021-08-05T23:59:59+02:00,2829,2617,31825,30900,48496,43229,50159,48883,61024,61408,71427,72150,52536,58149,36344,47105,11090,21079,16690,16175,31388,28432,41480,40299,54801,55224,66123,67092,50050,55322,35032,45302,10703,20250,548182,447357,75718,65925,105399,99981,21917,34,24
2021-08-04T23:59:59+02:00,2759,2544,31594,30720,48317,43103,50010,48779,60948,61333,71368,72098,52508,58110,36331,47091,11087,21074,16432,15938,31040,28212,40297,39229,54414,54900,65952,66943,49987,55239,35003,45275,10700,20243,546969,443096,75717,65906,105398,99908,21664,26,23
2021-08-03T23:59:59+02:00,2577,2368,31096,30264,48074,42862,49839,48589,60791,61163,71224,71952,52455,58039,36309,47063,11077,21060,16005,15502,30464,27694,38604,37641,53732,54263,65620,66637,49892,55112,34955,45224,10695,20234,544085,435566,75717,65901,105396,99889,21578,26,23
2021-08-02T23:59:59+02:00,2466,2272,30784,29982,47877,42681,49688,48461,60685,61060,71137,71871,52423,58007,36287,47044,11076,21057,15702,15229,30127,27346,36477,35839,53179,53758,65416,66462,49820,55027,34933,45197,10693,20231,542162,428784,75715,65898,105393,99779,21562,26,22
2021-08-01T23:59:59+02:00,2463,2269,30771,29977,47861,42672,49676,48453,60674,61050,71129,71865,52418,57999,36283,47044,11076,21057,15588,15112,29993,27235,34177,33989,52884,53509,65326,66394,49781,54987,34926,45179,10692,20229,542110,423377,75713,65895,105347,99758,21541,26,22
2021-07-31T23:59:59+02:00,2463,2269,30767,29973,47859,42670,49674,48453,60673,61050,71129,71863,52415,57997,36283,47044,11076,21056,15574,15101,29962,27216,34165,33982,52866,53501,65313,66389,49777,54982,34926,45178,10691,20228,542092,423235,75713,65894,105347,99755,21536,26,22
2021-07-30T23:59:59+02:00,2449,2264,30721,29929,47828,42649,49650,48428,60639,61021,71094,71844,52406,57987,36283,47044,11076,21054,15421,14809,29706,26908,33989,33738,52671,53219,65151,66190,49733,54936,34915,45168,10691,20227,541919,422886,75708,65885,105345,97898,21368,26,22
2021-07-29T23:59:59+02:00,2420,2244,30562,29838,47745,42589,49599,48362,60578,60980,71049,71798,52387,57968,36275,47028,11073,21049,15115,14536,29394,26697,32730,32807,51898,52611,64797,65928,49635,54845,34873,45111,10686,20219,541262,420226,75702,63200,105333,97754,21221,26,22
2021-07-28T23:59:59+02:00,2376,2207,30413,29730,47665,42523,49526,48293,60509,60902,70986,71742,52362,57931,36257,47008,11072,21044,14714,14166,28955,26383,32361,32480,51185,52003,64412,65602,49542,54744,34839,45054,10670,20201,540338,416112,75698,63147,105327,97366,21157,26,22
2021-07-27T23:59:59+02:00,2297,2134,30174,29463,47514,42351,49382,48160,60402,60779,70889,71657,52306,57871,36230,46970,11064,21037,14083,13522,28212,25774,31633,31840,49945,50923,63691,65041,49356,54541,34772,44939,10663,20183,538535,407929,75688,63122,105321,97273,21110,26,22
2021-07-26T23:59:59+02:00,2236,2080,29978,29231,47397,42224,49309,48078,60339,60716,70839,71612,52282,57839,36219,46957,11062,21028,13721,13149,27865,25489,31018,31434,48393,49561,62716,64215,49151,54337,34705,44858,10653,20171,537324,400256,75685,63117,105317,97243,21074,26,22
2021-07-25T23:59:59+02:00,1990,1879,29159,28562,47009,41915,49025,47796,60106,60496,70658,71455,52226,57765,36192,46915,11061,21021,13629,13090,27771,25427,30933,31369,48274,49499,62629,64167,49130,54321,34699,44850,10653,20170,533179,399637,75685,63110,105310,97083,21030,26,22
2021-07-24T23:59:59+02:00,1910,1812,28906,28333,46858,41812,48908,47700,59951,60378,70529,71375,52178,57735,36175,46894,11059,21021,13494,12980,27568,25296,30774,31244,48064,49331,62466,64072,49087,54291,34684,44832,10651,20168,532493,399034,75683,63107,105310,97081,20022,26,22
2021-07-23T23:59:59+02:00,1798,1691,28576,28009,46615,41662,48656,47490,59703,60189,70327,71248,52103,57664,36156,46857,11055,21012,13243,12759,27135,24983,30398,30941,47468,48842,62138,63837,49004,54225,34662,44788,10646,20159,531501,396643,75309,63054,105299,97079,18676,26,22
2021-07-22T23:59:59+02:00,1786,1684,28498,27932,46479,41523,48447,47281,59529,60051,70211,71120,52060,57628,36140,46840,11055,21012,13016,12509,26801,24652,30049,30625,45548,47286,61335,63137,48908,54123,34624,44745,10643,20149,531210,389970,74161,62905,105260,96858,18619,26,22
2021-07-21T23:59:59+02:00,1753,1646,28236,27728,46099,41192,47859,46727,58951,59573,69757,70736,51892,57467,36083,46785,11046,20999,12590,12074,26228,24111,29478,30060,41836,44060,59858,61877,48741,53945,34561,44663,10633,20122,530670,378383,70909,62400,105108,96417,17816,26,22
2021-07-20T23:59:59+02:00,1730,1631,28117,27594,46037,41135,47814,46691,58898,59525,69705,70692,51859,57440,36067,46759,11042,20991,12095,11544,25491,23422,28830,29313,38390,41074,58314,60419,48538,53725,34480,44571,10615,20102,529998,368025,70889,59018,105092,96295,17722,26,22
2021-07-19T23:59:59+02:00,1725,1630,28089,27559,46016,41122,47803,46678,58885,59510,69693,70690,51857,57436,36067,46756,11040,20991,12050,11516,25429,23389,28800,29281,38346,41042,58274,60392,48534,53717,34479,44568,10612,20101,529855,367715,70889,59005,105079,96246,17698,26,22
2021-07-18T23:59:59+02:00,1721,1625,28064,27533,45992,41113,47789,46665,58879,59500,69686,70681,51855,57435,36066,46754,11040,20990,11988,11491,25346,23350,28740,29248,38286,41015,58214,60351,48532,53713,34476,44567,10612,20101,529727,367383,70887,58975,105069,96126,17679,26,22
2021-07-17T23:59:59+02:00,1721,1623,28045,27520,45977,41104,47780,46661,58872,59495,69679,70677,51850,57432,36065,46754,11040,20990,11961,11480,25313,23314,28708,29228,38266,40998,58180,60327,48522,53705,34474,44567,10612,20101,529651,367136,70887,58973,105069,96124,17652,26,22
2021-07-16T23:59:59+02:00,1706,1604,27780,27332,45695,40941,47557,46488,58574,59294,69448,70536,51744,57359,36021,46718,11035,20988,11708,11286,24985,23077,28410,28998,37871,40724,57673,59905,48386,53592,34422,44517,10606,20097,529340,365940,70886,58970,104945,95850,15623,26,22
2021-07-15T23:59:59+02:00,1608,1491,27318,26947,45439,40706,47411,46375,58435,59183,69346,70451,51705,57318,36006,46696,11034,20982,11415,11060,24505,22732,28047,28727,37479,40447,55632,57864,48216,53392,34365,44433,10598,20086,527037,359016,70883,58885,104936,95639,15569,26,22
2021-07-14T23:59:59+02:00,1445,1360,26765,26423,45137,40419,47213,46192,58255,58987,69187,70306,51646,57260,35980,46666,11028,20977,11229,10875,24101,22380,27695,28409,36956,40047,54416,56691,48080,53243,34315,44369,10590,20064,523919,355330,70877,57227,104917,95493,15507,26,22
2021-07-13T23:59:59+02:00,1162,1059,25820,25530,44644,40011,46859,45875,57934,58705,68914,70059,51533,57135,35937,46613,11024,20962,10884,10538,23570,21837,27079,27826,35580,38856,50295,52799,47719,52854,34187,44221,10573,20036,518569,346109,70870,52033,104913,95386,15398,26,22
2021-07-12T23:59:59+02:00,698,662,24441,24273,44084,39534,46660,45660,57723,58510,68734,69889,51472,57045,35919,46588,11022,20954,10652,10430,23365,21699,26828,27691,35337,38689,49855,52381,47646,52769,34157,44186,10573,20030,512692,344661,70869,52007,104909,94309,15372,26,22
2021-07-11T23:59:59+02:00,695,657,24420,24253,44055,39514,46642,45649,57710,58499,68721,69887,51471,57042,35916,46584,11021,20954,10556,10345,23149,21577,26564,27592,35029,38607,49143,51896,46164,51188,34067,44080,10573,20028,512609,344158,70866,51962,104897,89205,15292,26,22
2021-07-10T23:59:59+02:00,693,652,24413,24247,44050,39506,46639,45646,57703,58498,68721,69886,51471,57042,35916,46584,11021,20954,10544,10336,23125,21558,26550,27583,35006,38602,49130,51891,46150,51172,34065,44079,10573,20028,512575,344054,70863,51961,104895,89149,15283,26,22
2021-07-09T23:59:59+02:00,686,642,23966,23787,43775,39269,46570,45586,57644,58457,68671,69861,51455,57030,35912,46576,11020,20954,10467,10165,23031,21370,26489,27374,34940,38386,49066,51788,46128,51148,34061,44076,10573,20028,510824,342831,70860,51948,104891,89106,15260,26,22
2021-07-08T23:59:59+02:00,620,575,22891,22787,42976,38668,46318,45385,57436,58314,68474,69723,51378,56966,35884,46553,11018,20946,10213,9974,22655,21118,26097,27112,34464,38075,48461,51270,45792,50783,33991,43999,10566,20006,506156,339268,70835,51800,104833,88491,15062,26,22
2021-07-07T23:59:59+02:00,568,527,21571,21395,42241,37980,46100,45166,57199,58127,68308,69565,51293,56884,35847,46500,11011,20932,9840,9669,21780,20528,24998,26322,32628,36709,47545,50384,45292,50246,33887,43860,10559,19988,500791,334342,70664,47425,104809,87578,14924,26,22
2021-07-06T23:59:59+02:00,510,464,20346,20116,41398,37335,45629,44817,56806,57825,67986,69310,51194,56761,35803,46449,11003,20923,9449,9290,20919,19934,24038,25668,31140,35515,46357,49190,44514,49470,33753,43684,10546,19968,496335,327043,68747,45322,104787,86312,14780,26,22
2021-07-05T23:59:59+02:00,474,436,18942,18736,40541,36534,45413,44597,56626,57623,67825,69182,51139,56707,35782,46420,11001,20916,9161,9036,20359,19552,23371,25250,30502,35088,45599,48577,43759,48681,33623,43496,10537,19956,490639,321271,68744,45300,104784,85284,14708,19,22
2021-07-04T23:59:59+02:00,467,430,17155,16698,40198,36305,45325,44524,56542,57554,67747,69113,51106,56681,35772,46400,10999,20914,9101,8984,20221,19487,23197,25172,30248,35009,44808,48450,42396,47335,33545,43422,10535,19950,485791,320812,68714,45255,104767,81170,14639,19,22
2021-07-03T23:59:59+02:00,467,429,17134,16678,40148,36257,45309,44509,56535,57550,67741,69106,51104,56678,35772,46400,10999,20913,9058,8943,20155,19419,23138,25109,30164,34930,44588,48274,42328,47261,33500,43363,10532,19950,485608,319857,68712,45254,104766,80992,14624,19,22
2021-07-02T23:59:59+02:00,446,406,17020,16573,39680,35883,45196,44412,56482,57508,67693,69076,51093,56672,35766,46388,10999,20912,8899,8777,19827,19141,22753,24731,29745,34518,43962,47629,42126,47033,33402,43227,10527,19946,484114,316868,68696,44219,104764,80558,14612,19,22
2021-07-01T23:59:59+02:00,395,366,16715,16295,37952,34552,44630,43914,56224,57301,67522,68908,51013,56581,35738,46349,10995,20904,8527,8385,18966,18438,21791,23880,28360,33333,40939,44668,41131,45954,32791,42501,10510,19917,478658,309407,68622,39340,104741,77034,14314,19,22
2021-06-30T23:59:59+02:00,348,323,16428,16050,35767,32731,44011,43288,56002,57107,67321,68719,50931,56489,35709,46295,10991,20888,8170,8049,18299,17816,20910,23051,27086,32078,36312,39807,40054,44813,32129,41714,10489,19892,471833,298957,68579,33321,104722,74148,14245,19,22
2021-06-29T23:59:59+02:00,309,286,16208,15850,34765,31653,43563,42844,55820,56948,67152,68570,50855,56415,35672,46250,10983,20881,7590,7443,17168,16883,19660,21835,25393,30408,33571,36690,37208,41773,31390,40829,10466,19854,467646,282798,68571,33274,104708,68008,14080,19,20
2021-06-28T23:59:59+02:00,299,266,16067,15694,33047,30229,43243,42550,55657,56809,67035,68465,50809,56362,35655,46229,10980,20869,7288,7182,16618,16508,19268,21521,24885,30024,32980,36192,35831,40287,30603,39894,10462,19843,463229,279753,68549,33224,104685,62622,13783,19,20
2021-06-27T23:59:59+02:00,299,266,16045,15671,32893,30141,43181,42521,55620,56800,67009,68457,50804,56358,35652,46228,10980,20868,7244,7155,16480,16441,19104,21459,24683,29951,32752,36053,34578,39019,28979,37973,10461,19842,462907,279583,68546,33185,104678,55758,13643,19,20
2021-06-26T23:59:59+02:00,297,264,16024,15651,32869,30125,43136,42480,55597,56786,67003,68454,50802,56357,35650,46227,10980,20868,7240,7143,16461,16429,19088,21451,24650,29929,32731,36032,34565,39007,28977,37970,10461,19842,462687,279391,68544,33185,104678,55753,13642,19,20
2021-06-25T23:59:59+02:00,292,263,15970,15606,32755,30025,42944,42321,55542,56741,66963,68430,50792,56346,35646,46226,10980,20868,7053,6867,16181,15921,18822,20798,24285,28994,32345,35313,34403,38791,28954,37940,10461,19842,461866,276725,68543,33176,104661,53443,13621,19,20
2021-06-24T23:59:59+02:00,271,250,15702,15406,32307,29738,41475,41076,55081,56385,66733,68271,50739,56291,35630,46199,10975,20858,6738,6642,15490,15477,17372,19783,22215,27441,31248,34420,34001,38371,28831,37760,10449,19828,457306,267054,68542,33124,104657,53019,12863,19,20
2021-06-23T23:59:59+02:00,256,233,15422,15113,31809,29338,39371,39251,54534,55844,66482,68050,50650,56182,35590,46153,10970,20845,6533,6480,15126,15200,16847,19335,21337,26645,29556,33069,33247,37526,28640,37520,10442,19813,450233,259277,68496,33034,104654,52306,12691,19,20
2021-06-22T23:59:59+02:00,234,198,15040,14721,31141,28706,35927,36201,53623,55045,66180,67745,50544,56060,35552,46097,10966,20831,6358,6269,14724,14875,16050,18619,19921,25332,27956,31418,32450,36553,28103,36914,10424,19782,439292,249203,68464,32952,104650,51195,12386,19,20
2021-06-21T23:59:59+02:00,219,192,14800,14548,30453,28244,33757,34237,53160,54621,66001,67628,50463,55986,35526,46075,10961,20826,6263,6186,14564,14758,15880,18485,19801,25221,27849,31333,32295,36414,26896,35688,10424,19779,432467,248534,68442,32906,104619,48234,12150,19,20
2021-06-20T23:59:59+02:00,212,191,14675,14459,28555,26920,33153,33791,53072,54525,65933,67591,50442,55960,35518,46072,10960,20824,5819,5893,13625,14128,15066,17904,19253,24866,27540,31138,32131,36239,26870,35657,10422,19775,428119,243618,68438,32870,104615,48164,11662,19,20
2021-06-19T23:59:59+02:00,206,186,14650,14426,28441,26838,33122,33764,53050,54509,65917,67580,50436,55951,35516,46067,10959,20822,5604,5732,13063,13716,14459,17428,18927,24665,27347,30967,32053,36139,26853,35643,10422,19775,427713,240095,68436,32868,104615,48161,11657,19,20
2021-06-18T23:59:59+02:00,204,179,14561,14341,28341,26773,31876,32856,52683,54202,65784,67488,50405,55917,35498,46041,10955,20818,5539,5658,12965,13632,14296,17306,18691,24438,26527,30302,31849,35903,26787,35568,10418,19768,427225,237159,65466,32762,104606,48108,11606,19,20
2021-06-17T23:59:59+02:00,190,163,14191,14079,27747,26527,31387,32596,51895,53636,65357,67222,50325,55818,35465,46000,10949,20806,5164,5398,12181,13161,13510,16695,17601,23513,24375,28338,31209,35169,26591,35291,10401,19754,424039,228169,65461,32484,104582,47430,10256,15,20
2021-06-16T23:59:59+02:00,162,135,13768,13681,27285,26173,30948,32240,51083,52933,64907,66836,50210,55698,35436,45943,10938,20794,4800,4959,11461,12486,12722,16005,16503,22393,21410,25476,30144,33967,26295,34888,10386,19713,419204,214151,65419,32456,104576,47033,9956,15,20
2021-06-15T23:59:59+02:00,101,82,13140,13065,26533,25595,30167,31647,49831,51869,64196,66312,50031,55503,35368,45831,10929,20775,4304,4329,10491,11552,11570,14627,14773,20689,17985,22176,28776,32531,25910,34369,10360,19669,411503,195549,65403,32341,104570,46725,9484,15,20
2021-06-14T23:59:59+02:00,71,61,12736,12693,26128,25270,29506,31184,48038,50402,63145,65479,49816,55278,35291,45755,10921,20763,4204,4276,10315,11425,11430,14495,14595,20569,17793,22018,28706,32451,25891,34342,10357,19668,403645,195121,65394,32069,104568,46418,8915,15,20
2021-06-13T23:59:59+02:00,70,60,12695,12649,26055,25238,29443,31157,47984,50377,63110,65455,49809,55275,35289,45752,10920,20760,4051,4199,9988,11297,11107,14384,14301,20459,17396,21675,27199,30814,25751,34147,10353,19657,403443,194387,65321,27411,104561,46210,8758,15,20
2021-06-12T23:59:59+02:00,70,59,12678,12633,26041,25228,29432,31145,47925,50307,63068,65419,49808,55272,35289,45752,10920,20760,4049,4189,9972,11283,11099,14370,14282,20442,17376,21666,27158,30769,25746,34141,10353,19657,403152,194204,65321,27409,104560,46169,8758,15,20
2021-06-11T23:59:59+02:00,68,56,12579,12503,25916,25114,29311,31021,47689,50082,62936,65300,49784,55246,35278,45741,10918,20758,3955,3921,9447,10095,10668,13462,13993,19886,17103,21189,26751,30348,25656,34059,10350,19655,401888,193164,65312,27405,104517,41389,8568,15,20
2021-06-10T23:59:59+02:00,61,49,12335,12291,25598,24834,28967,30754,46619,49067,62201,64731,49699,55152,35244,45689,10908,20745,3688,3557,8678,8846,9769,11819,12693,17138,15320,17594,25047,28433,25360,33759,10344,19631,397022,187678,65261,26966,104316,28689,8330,15,20
2021-06-09T23:59:59+02:00,48,37,12044,11968,25191,24428,28574,30358,44614,47245,61112,63793,49595,55032,35198,45635,10903,20727,3444,3438,8263,8593,9261,11500,12183,16748,14614,16999,21227,24132,25134,33458,10332,19605,389045,176154,65140,26624,104315,28153,7987,15,20
2021-06-08T23:59:59+02:00,42,26,11614,11437,24531,23805,27918,29696,41447,44400,59339,62162,49427,54842,35126,45545,10893,20705,3235,3302,7866,8335,8646,11128,11519,16325,13958,16357,15856,18196,24743,32932,10314,19577,376402,160991,65079,26291,104305,27851,7154,15,9
2021-06-07T23:59:59+02:00,37,19,11453,11248,24181,23531,27642,29490,38820,42472,58910,61800,49393,54811,35114,45524,10891,20699,3139,3234,7559,8159,8329,10952,10946,15875,13458,15880,15780,18118,24715,32882,10312,19570,370765,160677,64652,24468,104296,27452,6309,13,9
2021-06-06T23:59:59+02:00,34,18,11317,11142,23862,23302,27433,29317,37221,41286,58786,61722,49368,54783,35106,45510,10891,20697,3036,3184,7288,8071,8060,10788,10210,15194,12864,15262,15630,18007,24701,32859,10310,19570,370358,160564,61273,21317,104286,27286,5865,13,9
2021-06-05T23:59:59+02:00,34,17,11299,11125,23819,23267,27398,29291,37194,41272,58688,61637,49357,54777,35104,45508,10891,20694,3024,3173,7265,8039,8031,10772,10180,15180,12824,15238,15509,17843,24696,32851,10309,19569,370028,160140,61271,21316,104286,27271,5774,13,9
2021-06-04T23:59:59+02:00,34,15,11114,10866,23457,22803,27125,28894,36769,40823,58070,61097,49323,54736,35094,45490,10890,20688,3000,3156,7236,8023,8010,10754,10151,15155,12790,15204,15298,17637,24685,32830,10307,19568,368232,159557,59002,21303,104273,27174,5768,13,9
2021-06-03T23:59:59+02:00,32,14,10894,10650,23001,22411,26701,28559,35674,39996,55312,58746,49195,54578,35051,45427,10885,20673,2911,3075,7028,7868,7554,10458,9126,14528,11550,14508,14120,16173,24508,32613,10295,19549,364299,156215,54079,17594,104223,26867,5186,12,9
2021-06-02T23:59:59+02:00,32,14,10859,10617,22965,22377,26670,28534,35643,39955,55185,58588,49181,54555,35045,45420,10885,20672,2871,3046,6973,7850,7495,10425,8972,14489,11327,14445,12774,14700,24389,32441,10290,19542,363715,152419,54073,17583,104223,26851,5174,12,9
2021-06-01T23:59:59+02:00,19,7,10446,10275,22309,21869,25987,27951,34922,39379,52187,55443,48792,54145,34927,45258,10869,20646,2412,2687,5623,7164,6227,9851,7585,13820,10195,13483,8470,9147,23916,31761,10267,19484,352964,134251,53903,17216,104204,26275,4348,12,9
2021-05-31T23:59:59+02:00,18,6,10172,10047,21736,21472,25579,27701,34601,39176,50739,54047,48693,54020,34894,45217,10862,20638,2303,2563,5338,6919,5967,9631,7220,13579,9939,13324,8419,9085,23890,31714,10259,19471,348238,133482,53864,17097,104180,25716,3324,12,9
2021-05-30T23:59:59+02:00,17,6,10118,9999,21647,21434,25514,27668,34489,39105,50376,53706,48669,53995,34888,45211,10860,20635,2268,2533,5233,6841,5865,9563,7031,13491,9714,13228,8375,9038,23874,31707,10258,19466,347056,132888,53845,16924,104166,25413,3258,12,9
2021-05-29T23:59:59+02:00,16,6,10103,9987,21613,21416,25497,27656,34468,39092,50363,53688,48665,53991,34885,45210,10860,20635,2249,2479,5189,6716,5805,9431,6915,13294,9576,13008,8302,8948,23807,31640,10257,19465,346900,132611,53845,16873,104145,24346,3249,12,9
2021-05-28T23:59:59+02:00,16,6,10045,9919,21538,21308,25419,27538,34391,38992,50285,53590,48644,53973,34877,45200,10860,20631,2165,2212,4571,6175,5184,8709,6544,12331,9081,12013,8127,8751,23439,31160,10256,19462,346057,131119,53834,16775,104087,19042,3242,12,9
2021-05-27T23:59:59+02:00,15,6,9781,9671,21010,20930,24876,27180,33867,38614,49671,52982,48476,53780,34807,45125,10856,20612,1924,1944,3991,5654,4507,8107,6035,11565,8141,10695,7623,8093,21885,29011,10241,19440,341779,125476,53425,15641,103978,14670,3065,12,9
2021-05-26T23:59:59+02:00,15,6,9507,9425,20286,20362,24006,26509,32606,37586,48907,52279,48222,53491,34733,45011,10845,20588,1869,1873,3897,5527,4374,7944,5829,11304,7816,10311,7063,7367,19462,25590,10223,19397,337071,117018,50450,15387,103925,14510,2926,12,9
2021-05-25T23:59:59+02:00,14,6,9242,9191,19873,20005,23568,26118,32098,37072,48014,51303,47924,53176,34650,44871,10833,20558,1803,1825,3777,5430,4238,7799,5621,11082,7506,9992,6440,6529,15354,20233,10203,19339,331501,104876,50370,15343,103852,14166,2781,12,9
2021-05-24T23:59:59+02:00,13,6,9023,9035,19306,19716,22799,25731,30584,36054,47790,51130,47831,53075,34621,44841,10831,20557,1778,1810,3732,5396,4175,7757,5556,11023,7431,9936,6414,6505,15340,20224,10203,19339,329921,104760,46568,15331,103794,13875,2648,12,9
2021-05-23T23:59:59+02:00,13,6,8815,8828,18947,19424,22377,25383,30160,35733,47198,50619,47398,52620,34519,44695,10823,20548,1776,1809,3723,5391,4171,7754,5546,11013,7422,9927,6410,6494,15340,20222,10203,19339,325088,104704,46567,15329,103793,13856,2646,12,9
2021-05-22T23:59:59+02:00,13,6,8784,8791,18898,19381,22330,25351,30107,35703,47089,50549,47379,52598,34516,44686,10820,20548,1775,1806,3711,5378,4167,7748,5542,11007,7415,9923,6408,6492,15338,20222,10203,19339,324545,104672,46567,15329,103792,13835,2633,12,9
2021-05-21T23:59:59+02:00,12,6,8510,8438,18459,18866,21971,24709,29681,34894,46600,49884,47291,52476,34478,44643,10817,20543,1712,1765,3632,5339,4125,7714,5510,10962,7374,9874,6380,6466,15261,20125,10202,19338,319349,104361,46538,15328,103768,13474,2611,12,9
2021-05-20T23:59:59+02:00,12,6,7936,7887,17510,18072,20969,23791,28362,33697,44852,48063,46852,52016,34370,44489,10800,20524,1411,1603,3320,5050,3858,7326,5215,10483,6995,9421,6147,6212,13956,18590,10179,19299,307747,100624,46452,14849,103541,11131,2456,12,9
2021-05-19T23:59:59+02:00,12,6,7670,7572,16906,17469,20072,22918,27135,32441,43060,45975,46320,51460,34219,44269,10779,20494,1347,1519,3117,4836,3651,7075,4991,10130,6697,9090,5865,5880,11763,15756,10162,19240,296621,94420,46412,14378,103494,10079,2238,12,8
2021-05-18T23:59:59+02:00,11,6,7144,7028,15751,16444,18805,21669,25625,30813,40370,42743,45491,50515,33981,43965,10754,20452,1326,1493,3057,4765,3575,6956,4856,9997,6515,8878,5600,5605,10066,13590,10138,19185,280825,89296,45208,14328,103393,9843,2131,10,8
2021-05-17T23:59:59+02:00,11,6,7064,6967,15568,16334,18591,21500,25227,30486,38618,41106,45381,50437,33934,43899,10745,20429,1293,1470,3001,4720,3512,6897,4788,9895,6420,8777,5559,5565,10052,13573,10135,19177,280611,89229,40440,14046,103349,9662,1893,10,8
2021-05-16T23:59:59+02:00,10,5,6949,6915,15448,16246,18462,21394,25045,30372,35636,38336,45345,50402,33912,43875,10742,20424,1269,1453,2957,4680,3464,6840,4703,9827,6324,8697,5529,5528,10040,13557,10133,19174,280332,89181,34292,13778,103228,9556,1656,10,8
2021-05-15T23:59:59+02:00,10,5,6925,6884,15387,16188,18416,21354,24978,30329,35600,38295,45322,50375,33905,43870,10742,20424,1257,1427,2925,4607,3445,6771,4684,9746,6302,8647,5523,5523,10035,13556,10133,19174,279850,89126,34292,13774,103214,9208,1643,10,8
2021-05-14T23:59:59+02:00,10,5,6749,6516,15042,15689,18104,20937,24644,29867,35354,37943,45293,50344,33895,43865,10742,20422,1200,1366,2847,4503,3398,6669,4620,9595,6220,8518,5493,5479,10022,13547,10133,19173,278795,89041,34144,13755,100894,8405,1578,10,8
2021-05-13T23:59:59+02:00,10,5,6399,6200,14285,15105,17399,20309,23787,29125,34586,37273,45005,50001,33816,43739,10738,20411,1023,1282,2651,4394,3280,6548,4479,9428,6098,8375,5450,5441,10007,13531,10129,19168,272393,88894,33820,13674,100679,7421,1291,10,8
2021-05-12T23:59:59+02:00,10,5,5999,5928,13305,14428,16379,19508,23122,28689,34280,36992,44822,49807,33785,43708,10735,20408,1020,1280,2644,4388,3261,6544,4474,9418,6090,8370,5445,5436,10005,13526,10128,19167,266136,88835,33811,13664,100675,7416,1278,10,7
2021-05-11T23:59:59+02:00,10,5,5624,5704,12719,13982,14575,18068,20170,26163,31965,34664,43770,48547,33461,43236,10706,20359,958,1207,2528,4216,3155,6312,4355,9131,5975,8144,5374,5358,9963,13466,10120,19151,248849,88363,33534,13449,100237,6499,1098,10,7
2021-05-10T23:59:59+02:00,10,5,5476,5607,12447,13856,14225,17846,19368,25592,30587,33645,43238,47936,33404,43148,10698,20339,915,1148,2429,4054,3061,6110,4230,8867,5853,7948,5337,5329,9951,13450,10116,19142,243375,88256,33323,13388,99933,5506,786,10,7
2021-05-09T23:59:59+02:00,10,5,5070,5366,11253,13324,13224,17483,18346,25262,30044,33354,43182,47864,33379,43133,10695,20332,891,1118,2330,3950,2971,5971,4098,8692,5759,7843,5329,5315,9944,13446,10111,19139,238043,88211,33251,13346,99594,4918,428,10,7
2021-05-08T23:59:59+02:00,10,5,5059,5357,11231,13305,13199,17464,18316,25229,30004,33311,43174,47853,33378,43129,10695,20332,887,1112,2317,3942,2965,5971,4094,8686,5756,7840,5326,5312,9941,13441,10111,19139,237775,88183,33250,13346,99593,4884,423,10,7
2021-05-07T23:59:59+02:00,10,5,4958,5274,11003,13137,12907,17248,17708,24628,29056,32417,42983,47613,33322,43057,10691,20326,860,1081,2281,3887,2919,5925,4039,8632,5673,7787,5279,5265,9929,13432,10111,19138,235283,88048,31357,13343,99485,4635,208,10,7
2021-05-06T23:59:59+02:00,10,5,4543,4994,10335,12720,12148,16584,16103,23185,26508,30025,42280,46864,33156,42821,10675,20303,804,1026,2145,3637,2751,5616,3845,8159,5477,7465,5228,5212,9906,13404,10109,19130,226521,87866,28009,13029,98671,2967,48,10,7
2021-05-05T23:59:59+02:00,10,5,4230,4767,9740,12274,11429,16004,15001,22159,23660,27266,41303,45759,32874,42434,10657,20262,790,1004,2083,3512,2694,5461,3752,7948,5381,7329,5179,5157,9870,13365,10107,19127,213510,87606,27827,12891,98447,2218,40,10,7
2021-05-04T23:59:59+02:00,10,5,3880,4310,9070,11577,10658,15164,13697,20905,20057,23859,39955,44299,32502,41915,10634,20224,772,974,2016,3395,2624,5326,3660,7797,5286,7206,5141,5112,9840,13336,10105,19124,196445,87390,27809,12593,98423,1693,34,10,7
2021-05-03T23:59:59+02:00,10,4,3638,3888,8660,11083,10180,14539,13162,20250,19335,23212,39690,44048,32423,41812,10631,20209,758,945,1949,3290,2567,5219,3600,7683,5236,7119,5126,5101,9825,13319,10102,19119,190585,87250,27797,12585,98360,1097,22,10,7
2021-05-02T23:59:59+02:00,10,4,3635,3886,8642,11076,10171,14531,13141,20238,19317,23203,39689,44047,32422,41811,10630,20209,754,928,1919,3209,2521,5123,3553,7558,5216,7053,5122,5098,9824,13315,10102,19117,190497,87232,27784,12554,98353,604,18,10,7
2021-05-01T23:59:59+02:00,10,4,3633,3879,8630,11063,10163,14522,13134,20236,19306,23194,39689,44045,32422,41811,10630,20209,753,928,1918,3209,2521,5123,3553,7558,5216,7053,5122,5098,9824,13315,10101,19117,190417,87231,27783,12553,98353,604,17,10,7
2021-04-30T23:59:59+02:00,10,3,3610,3856,8584,11027,10120,14483,13073,20197,19203,23043,39421,43722,32401,41791,10629,20209,750,924,1905,3200,2520,5114,3550,7551,5214,7046,5119,5095,9820,13314,10101,19117,189493,87205,27514,12550,98348,564,17,10,7
2021-04-29T23:59:59+02:00,10,3,3344,3683,8151,10753,9572,14198,12581,19834,18466,22316,36363,40273,32141,41423,10617,20171,737,910,1857,3139,2471,5048,3484,7409,5122,6947,5081,5061,9798,13271,10099,19111,183953,87001,21678,12394,98242,130,16,10,7
2021-04-28T23:59:59+02:00,10,3,3183,3616,7887,10643,9175,14025,12206,19597,17980,21881,32574,35956,31923,41122,10604,20149,721,895,1831,3100,2426,4999,3447,7352,5057,6886,5020,5001,9746,13213,10096,19102,172794,86795,21525,11962,98195,120,11,9,7
2021-04-27T23:59:59+02:00,9,3,3102,3550,7627,10511,8822,13852,11721,19372,17502,21392,27012,29766,31546,40615,10583,20117,711,881,1799,3063,2391,4953,3394,7293,5002,6810,4969,4932,9711,13162,10093,19093,157452,86588,21503,11538,98127,117,11,9,6
2021-04-26T23:59:59+02:00,9,3,3049,3516,7486,10446,8656,13793,11490,19304,16977,21005,26979,29734,31532,40600,10583,20117,688,850,1731,3003,2325,4897,3328,7204,4909,6708,4872,4857,9629,13079,10091,19090,156875,86462,21285,10668,97099,117,11,9,6
2021-04-25T23:59:59+02:00,9,3,3011,3499,7324,10394,8418,13743,11158,19260,16150,20534,25423,28077,31477,40537,10583,20114,688,848,1724,2998,2318,4894,3322,7196,4905,6699,4869,4852,9621,13067,10091,19090,156390,86438,21275,10630,92029,100,11,9,6
2021-04-24T23:59:59+02:00,9,3,3007,3493,7308,10381,8407,13735,11144,19251,16133,20516,25380,28014,31474,40531,10582,20113,688,848,1724,2997,2318,4894,3321,7196,4905,6699,4869,4851,9619,13066,10091,19090,156188,86432,21271,10630,92002,100,11,9,6
2021-04-23T23:59:59+02:00,9,3,2989,3475,7266,10338,8362,13690,11078,19191,16073,20452,24957,27510,31441,40475,10579,20110,680,840,1706,2988,2302,4865,3269,7158,4807,6604,4732,4728,9452,12868,10085,19075,154999,86142,21131,9903,91848,100,11,9,6
2021-04-22T23:59:59+02:00,8,3,2910,3393,7074,10154,7820,13282,9870,18398,14521,19411,22943,25078,31230,40206,10560,20082,615,789,1591,2876,2177,4701,3108,6987,4623,6404,4577,4554,8942,12214,10049,18996,150200,84231,15836,8877,90887,81,11,9,6
2021-04-21T23:59:59+02:00,8,3,2857,3345,6951,10065,7609,13128,9504,18157,14050,18965,20438,21941,30933,39820,10543,20056,566,765,1512,2798,2091,4610,2982,6844,4461,6240,4391,4375,8374,11457,10006,18907,143202,82447,15073,7845,90079,73,11,8,6
2021-04-20T23:59:59+02:00,8,3,2817,3306,6845,9976,7471,13019,9253,17939,13559,18573,17049,17879,30620,39345,10526,20020,536,731,1439,2734,2004,4531,2882,6726,4325,6079,4206,4181,7514,10250,9938,18755,134352,79538,14828,7212,89009,68,11,8,5
2021-04-19T23:59:59+02:00,8,3,2803,3299,6798,9935,7419,12984,9177,17865,13422,18458,16716,17498,30588,39310,10525,20016,477,691,1321,2639,1905,4434,2750,6568,4128,5887,3953,3879,5688,7834,9723,18360,134041,73729,14633,6430,88131,65,11,8,5
2021-04-18T23:59:59+02:00,8,3,2787,3285,6722,9909,7314,12935,8981,17798,12586,18330,15307,16093,30520,39249,10522,20009,472,686,1312,2631,1890,4423,2717,6539,4067,5838,3877,3808,5278,7212,9678,18277,133828,72247,14490,6384,84021,61,11,8,5
2021-04-17T23:59:59+02:00,8,3,2777,3281,6705,9887,7284,12914,8949,17759,12554,18310,15254,16043,30466,39177,10521,20009,472,684,1312,2630,1889,4419,2713,6534,4064,5834,3876,3806,5273,7211,9677,18276,133474,72212,14489,6384,83919,61,11,8,5
2021-04-16T23:59:59+02:00,8,3,2764,3267,6671,9872,7233,12875,8874,17707,12446,18208,15009,15766,29948,38530,10518,20002,472,682,1306,2625,1880,4417,2708,6528,4056,5826,3871,3800,5256,7181,9677,18274,131953,72115,14482,6373,83247,58,11,8,5
2021-04-15T23:59:59+02:00,8,3,2713,3210,6538,9771,7044,12697,8531,17434,11972,17743,13953,14550,27835,35724,10502,19979,463,676,1301,2599,1865,4394,2685,6500,4013,5773,3816,3725,5225,7130,9669,18262,126038,71800,14206,6237,79945,47,10,8,5
2021-04-14T23:59:59+02:00,7,1,2657,3161,6444,9676,6900,12537,8260,17167,11542,17280,12774,13168,23129,29648,10484,19925,460,670,1288,2590,1853,4377,2663,6475,3970,5736,3769,3674,5165,7076,9641,18225,113671,71510,14173,6085,76899,25,10,7,5
2021-04-13T23:59:59+02:00,7,1,2605,3127,6316,9590,6749,12406,7981,16918,11119,16860,10114,10247,20059,25487,10462,19883,444,645,1240,2547,1800,4315,2554,6373,3791,5574,3556,3489,5020,6939,9632,18203,105269,71167,13980,4922,70665,21,10,7,5
2021-04-12T23:59:59+02:00,7,1,2584,3113,6256,9562,6643,12319,7789,16790,10872,16653,8751,8756,19239,24516,10461,19874,438,636,1220,2532,1784,4292,2520,6331,3738,5522,3495,3440,4985,6898,9627,18181,105151,71026,13926,4585,65092,16,10,7,5
2021-04-11T23:59:59+02:00,7,1,2556,3105,6160,9535,6528,12282,7624,16740,10673,16548,7482,7479,17514,22540,10459,19871,438,636,1219,2530,1784,4291,2520,6331,3736,5517,3491,3439,4979,6896,9627,18181,105082,71016,13920,4575,58085,12,10,7,5
2021-04-10T23:59:59+02:00,7,1,2555,3103,6150,9530,6519,12277,7619,16735,10666,16539,7474,7467,17505,22534,10459,19871,437,633,1217,2527,1783,4289,2518,6326,3733,5516,3482,3425,4971,6882,9627,18181,105000,70956,13919,4568,58076,12,9,7,5
2021-04-09T23:59:59+02:00,7,1,2493,3005,6015,9320,6362,12015,7361,16328,10354,16040,7317,7262,17389,22354,10458,19869,432,628,1199,2515,1756,4274,2487,6277,3655,5437,3369,3315,4833,6793,9622,18178,104531,70874,13890,3875,55513,10,9,7,5
2021-04-08T23:59:59+02:00,7,1,2414,2933,5919,9201,6259,11887,7190,16142,10098,15852,7123,7003,16130,20894,10447,19839,425,623,1187,2483,1731,4238,2460,6204,3603,5371,3295,3270,4754,6688,9600,18133,100882,70434,13536,3611,54905,9,9,7,5
2021-04-07T23:59:59+02:00,7,1,2387,2897,5846,9130,6171,11812,7057,16043,9856,15701,6826,6676,13817,17946,10426,19792,420,622,1177,2470,1718,4215,2446,6164,3536,5312,3224,3218,4699,6629,9593,18105,94730,70161,13375,3368,54270,8,9,7,5
2021-04-06T23:59:59+02:00,7,1,2370,2864,5750,9064,6080,11733,6904,15930,9616,15518,6469,6314,11720,15346,10399,19733,417,615,1170,2443,1706,4192,2420,6126,3472,5247,3140,3168,4654,6575,9588,18089,89704,69918,13075,3087,53025,8,7,7,5
2021-04-05T23:59:59+02:00,7,1,2362,2855,5732,9047,6068,11714,6891,15911,9596,15493,6345,6216,10440,14059,10399,19732,413,607,1166,2428,1700,4176,2404,6096,3439,5206,3110,3131,4633,6529,9582,18073,89625,69728,13039,2950,50191,7,6,7,5
2021-04-04T23:59:59+02:00,7,1,2362,2855,5729,9044,6066,11714,6889,15911,9594,15492,6340,6212,10440,14057,10399,19732,413,606,1166,2427,1700,4176,2403,6096,3439,5206,3110,3131,4631,6529,9582,18073,89616,69724,13037,2949,50178,7,6,7,5
2021-04-03T23:59:59+02:00,7,1,2360,2847,5721,9037,6061,11710,6886,15907,9591,15490,6337,6207,10433,14054,10399,19732,413,606,1166,2427,1700,4176,2403,6096,3439,5205,3110,3131,4631,6529,9582,18073,89559,69723,13036,2949,50172,7,6,7,5
2021-04-02T23:59:59+02:00,7,1,2359,2845,5715,9030,6059,11707,6882,15906,9587,15488,6333,6201,10419,14025,10398,19731,411,604,1165,2427,1699,4175,2402,6096,3438,5198,3084,3114,4621,6520,9582,18073,89476,69646,13033,2948,50171,7,6,7,5
2021-04-01T23:59:59+02:00,7,1,2338,2842,5685,9001,6016,11665,6839,15851,9532,15432,6240,6104,10124,13678,10375,19683,409,589,1162,2421,1692,4164,2386,6079,3412,5177,3022,3066,4562,6448,9507,17961,88489,69098,13012,2945,49900,7,5,7,5
2021-03-31T23:59:59+02:00,7,1,2304,2815,5610,8936,5948,11572,6736,15739,9399,15297,6095,5962,9574,12940,10333,19593,404,583,1156,2410,1685,4148,2380,6066,3392,5143,2990,3033,4515,6389,9451,17860,86518,68650,12799,2943,49533,7,4,7,4
2021-03-30T23:59:59+02:00,7,1,2284,2799,5563,8878,5885,11497,6665,15642,9301,15154,5910,5748,8671,11603,10258,19411,402,581,1153,2406,1672,4131,2362,6044,3358,5099,2933,2965,4428,6290,9321,17621,83453,67950,12418,2805,49397,7,4,5,3
2021-03-29T23:59:59+02:00,6,1,2217,2745,5460,8767,5777,11347,6497,15411,9070,14899,5552,5373,6732,9069,10038,18991,395,577,1142,2395,1659,4119,2337,6018,3329,5042,2863,2900,4311,6186,9120,17291,77365,67003,11608,2670,48970,7,4,5,3
2021-03-28T23:59:59+02:00,6,1,2196,2732,5417,8708,5701,11269,6410,15325,8952,14780,5428,5221,6092,8140,9972,18875,386,571,1127,2379,1634,4092,2290,5957,3273,4950,2778,2821,4195,6041,9048,17155,75074,66544,11350,2145,48792,4,4,5,3
2021-03-27T23:59:59+01:00,6,1,2196,2727,5406,8702,5697,11254,6395,15303,8941,14767,5400,5194,6082,8137,9972,18874,386,571,1125,2378,1633,4087,2286,5954,3264,4943,2773,2818,4179,6016,8968,17008,74968,66237,11350,2144,48727,4,4,5,3
2021-03-26T23:59:59+01:00,6,1,2180,2707,5369,8664,5658,11205,6316,15233,8792,14618,5238,5045,5913,7958,9970,18866,382,563,1119,2365,1617,4058,2258,5918,3230,4889,2712,2755,3995,5761,8263,15833,74624,63604,10519,2106,48587,4,4,5,3
2021-03-25T23:59:59+01:00,6,0,2063,2626,5193,8449,5456,10929,6108,14934,8552,14330,5078,4891,5817,7839,9967,18858,373,549,1098,2339,1593,4030,2212,5860,3157,4811,2614,2653,3622,5267,7133,14100,74169,59518,9571,1886,47348,4,3,5,3
2021-03-24T23:59:59+01:00,6,0,1977,2578,5045,8289,5295,10736,5944,14696,8348,14098,4938,4732,5703,7723,9961,18849,369,538,1085,2311,1560,3974,2153,5795,3069,4710,2481,2539,3198,4650,5735,11881,73795,54501,8409,1540,46706,4,3,5,3
2021-03-23T23:59:59+01:00,6,0,1901,2525,4934,8167,5196,10594,5823,14503,8233,13930,4856,4646,5637,7664,9953,18831,358,513,1066,2276,1527,3916,2109,5706,2987,4620,2392,2444,2748,4018,3843,8672,73402,47797,7663,1392,46326,3,3,5,3
2021-03-22T23:59:59+01:00,6,0,1836,2466,4800,8031,5063,10419,5663,14270,8041,13717,4752,4534,5568,7555,9939,18787,331,496,1037,2238,1482,3843,2043,5596,2885,4469,2279,2292,2230,3339,1339,4563,72908,39298,6625,1159,45906,1,3,5,3
2021-03-21T23:59:59+01:00,6,0,1834,2460,4788,8016,5048,10409,5647,14253,8011,13693,4729,4519,5552,7543,9935,18787,330,496,1031,2224,1473,3814,2025,5558,2859,4419,2238,2244,2188,3298,1322,4518,72885,39158,6575,875,45763,1,2,5,3
2021-03-20T23:59:59+01:00,6,0,1834,2460,4787,8015,5047,10407,5646,14252,8004,13687,4728,4518,5544,7535,9935,18787,330,496,1031,2224,1473,3814,2025,5558,2858,4418,2237,2241,2188,3298,1322,4518,72874,39156,6575,871,45736,1,2,5,3
2021-03-19T23:59:59+01:00,6,0,1781,2212,4271,6723,4638,9425,5376,13695,7780,13284,4603,4421,5474,7469,9935,18787,329,496,1031,2224,1473,3813,2025,5557,2857,4418,2235,2240,2183,3292,1321,4516,72816,39141,6565,865,40492,1,2,5,3
2021-03-18T23:59:59+01:00,6,0,1726,1960,3853,5659,4108,8046,4559,11157,6423,9953,4237,4122,5272,7249,9914,18747,328,493,1024,2211,1466,3788,1999,5518,2832,4394,2214,2225,2158,3263,1316,4507,72386,38949,6503,783,28095,1,2,5,3
2021-03-17T23:59:59+01:00,6,0,1720,1951,3843,5633,4091,8016,4535,11093,6373,9881,4200,4075,5233,7205,9908,18724,325,492,1020,2203,1460,3779,1992,5503,2822,4368,2187,2198,2138,3248,1309,4493,72130,38798,6443,734,27907,1,2,5,3
2021-03-16T23:59:59+01:00,6,0,1698,1917,3784,5552,4020,7910,4406,10931,6168,9681,3977,3886,5093,7046,9902,18703,323,488,1019,2184,1455,3766,1983,5489,2813,4349,2179,2184,2126,3220,1301,4464,71819,38633,5168,705,27686,1,2,5,3
2021-03-15T23:59:59+01:00,6,0,1688,1897,3759,5518,3995,7873,4355,10862,6089,9597,3896,3819,5040,6986,9896,18678,320,484,1010,2167,1447,3760,1967,5453,2795,4321,2164,2152,2101,3158,1293,4426,71597,38414,4810,601,27542,1,0,5,3
2021-03-14T23:59:59+01:00,6,0,1682,1887,3751,5508,3990,7857,4346,10831,6081,9575,3889,3810,5035,6978,9895,18676,320,484,1008,2167,1443,3757,1964,5451,2777,4315,2158,2150,2090,3148,1289,4424,71565,38406,4794,536,27433,1,0,5,3
2021-03-13T23:59:59+01:00,6,0,1679,1882,3738,5485,3983,7848,4326,10820,6067,9560,3886,3807,5032,6975,9895,18676,320,484,1008,2167,1443,3757,1964,5450,2777,4314,2157,2149,2090,3146,1281,4419,71541,38387,4789,536,27330,1,0,5,3
2021-03-12T23:59:59+01:00,5,0,1640,1825,3224,5338,3468,7734,4192,10694,5842,9271,3720,3661,4891,6867,9870,18629,315,462,1004,2137,1435,3733,1944,5379,2724,4229,1978,1994,2030,3096,1274,4413,71329,37617,4069,528,25468,0,0,5,3
2021-03-11T23:59:59+01:00,5,0,1532,1689,2841,5077,3031,7479,3912,10281,5215,8379,3496,3485,4785,6750,9832,18579,314,461,1001,2124,1432,3713,1937,5360,2715,4212,1971,1986,2016,3079,1269,4395,70766,37495,3807,488,21790,0,0,5,3
2021-03-10T23:59:59+01:00,5,0,1502,1657,2802,5032,2996,7420,3857,10194,5107,8262,3370,3381,4670,6636,9789,18512,312,460,999,2121,1430,3702,1933,5347,2703,4192,1954,1979,1991,3047,1258,4381,70358,37414,3477,393,21352,0,0,5,3
2021-03-09T23:59:59+01:00,5,0,1493,1641,2770,5007,2975,7376,3819,10134,5029,8182,3273,3298,4590,6547,9683,18302,309,459,996,2115,1423,3690,1907,5325,2661,4162,1913,1954,1941,3019,1246,4372,69767,37386,3210,104,21142,0,0,5,3
2021-03-08T23:59:59+01:00,5,0,1478,1628,2740,4981,2949,7346,3796,10086,5005,8120,3232,3258,4517,6483,9509,18003,309,459,994,2111,1415,3674,1890,5292,2642,4134,1894,1935,1916,2996,1240,4353,68980,37238,3201,14,20950,0,0,5,3
2021-03-07T23:59:59+01:00,5,0,1465,1618,2710,4936,2915,7298,3763,10024,4962,8060,3197,3225,4452,6383,9433,17859,309,458,994,2110,1414,3669,1887,5282,2641,4129,1890,1932,1912,2992,1237,4345,68445,37187,3147,12,20708,0,0,5,3
2021-03-06T23:59:59+01:00,5,0,1464,1616,2704,4925,2912,7289,3755,10017,4944,8044,3187,3215,4429,6344,9345,17690,309,458,992,2107,1414,3667,1881,5273,2639,4127,1885,1924,1906,2990,1236,4342,68055,37137,3147,12,20678,0,0,5,2
2021-03-05T23:59:59+01:00,5,0,1391,1537,2606,4763,2855,7132,3670,9810,4843,7848,3137,3156,4213,6058,8641,16503,309,458,990,2105,1409,3662,1879,5272,2635,4120,1876,1920,1901,2987,1231,4339,65414,37080,3144,12,19605,0,0,5,2
2021-03-04T23:59:59+01:00,5,0,1218,1433,2436,4563,2684,6863,3502,9465,4585,7506,3021,3033,3852,5601,7479,14689,308,450,981,2081,1393,3622,1851,5219,2607,4074,1848,1895,1868,2932,1204,4293,61223,36613,3141,12,17566,0,0,5,2
2021-03-03T23:59:59+01:00,5,0,1185,1380,2357,4455,2624,6739,3415,9300,4488,7362,2936,2963,3480,5002,6096,12509,304,441,970,2058,1381,3594,1837,5169,2553,4020,1801,1860,1844,2903,1189,4265,56186,36176,3115,12,16991,0,0,4,2
2021-03-02T23:59:59+01:00,5,0,1151,1344,2297,4398,2573,6648,3334,9177,4351,7213,2822,2836,2998,4337,4101,9157,299,432,965,2032,1368,3550,1823,5114,2521,3994,1791,1846,1825,2877,1178,4238,49159,35840,2867,12,16713,0,0,3,2
2021-03-01T23:59:59+01:00,5,0,1092,1314,2235,4335,2500,6561,3240,9051,4209,7025,2691,2699,2430,3596,1394,4714,298,429,958,2020,1357,3531,1815,5098,2509,3978,1775,1836,1808,2858,1166,4210,40132,35633,2478,12,16478,0,0,3,2
2021-02-28T23:59:59+01:00,5,0,1058,1300,2193,4298,2470,6518,3192,8994,4147,6966,2624,2653,2382,3565,1386,4694,298,428,956,2015,1355,3518,1812,5084,2503,3970,1768,1825,1795,2847,1159,4195,40036,35515,2186,12,16220,0,0,3,2
2021-02-27T23:59:59+01:00,5,0,1016,1217,2128,4055,2412,6284,3128,8696,4056,6712,2569,2596,2362,3541,1383,4694,298,428,955,2015,1355,3518,1812,5083,2502,3970,1768,1824,1793,2847,1159,4195,39930,35509,2185,12,14736,0,0,3,2
2021-02-26T23:59:59+01:00,4,0,849,963,1926,3663,2250,5616,2911,7774,3745,5918,2520,2543,2344,3527,1380,4692,298,428,955,2012,1353,3516,1810,5082,2500,3969,1768,1821,1786,2846,1157,4188,39915,35476,2098,12,10609,0,0,3,2
2021-02-25T23:59:59+01:00,4,0,506,806,1646,3464,2067,5312,2715,7378,3519,5615,2439,2466,2304,3466,1376,4678,288,407,930,1962,1323,3447,1780,5001,2471,3905,1743,1794,1748,2802,1130,4148,39720,34867,1841,11,8197,0,0,3,2
2021-02-24T23:59:59+01:00,3,0,486,788,1611,3367,2005,5182,2655,7195,3453,5473,2374,2419,2269,3437,1367,4645,279,403,915,1929,1309,3393,1767,4941,2447,3860,1732,1776,1739,2783,1118,4121,39532,34508,1672,3,7522,0,0,3,2
2021-02-23T23:59:59+01:00,3,0,467,752,1550,3264,1950,5042,2577,7063,3367,5368,2314,2360,2234,3381,1352,4614,278,399,910,1914,1302,3363,1758,4910,2426,3828,1712,1756,1719,2748,1103,4068,39386,34190,1401,3,6868,0,0,3,2
2021-02-22T23:59:59+01:00,2,0,451,721,1495,3163,1911,4903,2519,6845,3306,5224,2306,2264,2219,3302,1348,4569,277,396,907,1903,1294,3336,1741,4874,2412,3798,1693,1737,1692,2720,1088,4023,39175,33889,1138,1,6232,0,0,3,2
2021-02-21T23:59:59+01:00,2,0,443,683,1437,3021,1864,4753,2466,6686,3223,5120,2270,2231,2192,3282,1338,4564,277,395,904,1895,1293,3327,1737,4864,2408,3789,1691,1734,1691,2718,1088,4022,39134,33831,905,1,5533,0,0,3,2
2021-02-20T23:59:59+01:00,2,0,439,678,1429,3017,1858,4753,2463,6683,3219,5116,2267,2230,2192,3281,1337,4564,277,395,904,1894,1293,3326,1737,4864,2407,3788,1690,1733,1688,2718,1087,4020,39130,33819,901,1,5494,0,0,3,2
2021-02-19T23:59:59+01:00,1,0,418,641,1400,2955,1831,4699,2422,6583,3132,4998,2087,2068,2129,3232,1332,4558,275,394,902,1892,1292,3325,1737,4859,2404,3787,1688,1731,1686,2717,1087,4019,38378,33794,882,1,5223,0,0,3,1
2021-02-18T23:59:59+01:00,1,0,393,585,1295,2712,1727,4455,2284,6321,3030,4816,2058,2052,2113,3215,1327,4550,275,388,894,1859,1283,3286,1719,4811,2385,3751,1676,1720,1669,2705,1075,4001,38304,33496,809,1,3818,0,0,3,1
2021-02-17T23:59:59+01:00,1,0,378,554,1256,2582,1671,4280,2214,6078,2971,4667,2039,2033,2090,3195,1312,4541,266,371,859,1774,1240,3157,1658,4652,2311,3615,1599,1651,1595,2595,1026,3884,38148,32252,758,1,2953,0,0,3,1
2021-02-16T23:59:59+01:00,1,0,360,524,1202,2462,1621,4144,2135,5893,2890,4531,2030,2029,2082,3188,1307,4530,258,354,838,1693,1185,3021,1597,4448,2239,3438,1549,1597,1535,2495,999,3756,38089,31001,728,1,2109,0,0,3,1
2021-02-15T23:59:59+01:00,1,0,350,502,1129,2318,1576,4071,2103,5840,2862,4490,2011,2013,2061,3158,1300,4510,251,335,815,1648,1153,2946,1541,4315,2168,3319,1474,1533,1481,2388,957,3579,37984,29902,618,1,1690,0,0,3,1
2021-02-14T23:59:59+01:00,1,0,342,497,1106,2262,1513,3907,2061,5748,2831,4451,2005,2011,2050,3149,1298,4503,244,330,797,1621,1137,2907,1499,4263,2130,3289,1458,1512,1457,2352,942,3537,37966,29474,553,1,1213,0,0,3,1
2021-02-13T23:59:59+01:00,1,0,342,497,1105,2262,1513,3906,2059,5747,2831,4451,2004,2009,2049,3149,1297,4500,244,330,797,1621,1137,2907,1498,4261,2130,3289,1456,1509,1456,2351,942,3536,37955,29463,553,1,1212,0,0,2,1
2021-02-12T23:59:59+01:00,1,0,338,494,1088,2253,1508,3892,2054,5738,2828,4445,1990,1999,2043,3136,1292,4497,243,329,791,1616,1131,2898,1481,4242,2111,3276,1443,1493,1441,2320,935,3503,37888,29252,545,1,1161,0,0,2,1
2021-02-11T23:59:59+01:00,1,0,318,470,1024,2155,1454,3765,1960,5474,2743,4326,1960,1966,2003,3071,1267,4441,223,303,742,1511,1051,2672,1357,3885,1927,2969,1256,1286,1273,2045,829,3153,37499,26481,508,1,389,0,0,2,1
2021-02-10T23:59:59+01:00,1,0,312,461,1002,2115,1416,3686,1906,5312,2648,4145,1891,1916,1961,3033,1249,4415,199,258,649,1322,925,2289,1169,3283,1688,2554,1098,1113,1127,1801,722,2813,37093,23009,373,1,1,0,0,2,1
2021-02-09T23:59:59+01:00,1,0,306,451,994,2083,1400,3634,1862,5245,2581,4089,1835,1880,1893,2980,1228,4394,165,199,551,1062,778,1845,964,2674,1425,2142,952,953,939,1522,606,2400,36793,19177,60,0,1,0,0,2,1
2021-02-08T23:59:59+01:00,1,0,305,449,991,2076,1390,3618,1854,5222,2562,4073,1821,1868,1875,2962,1221,4369,114,164,451,850,615,1431,765,2024,1149,1660,766,777,748,1204,483,1951,36638,15152,16,0,1,0,0,2,1
2021-02-07T23:59:59+01:00,1,0,305,449,990,2074,1389,3612,1851,5219,2555,4070,1815,1859,1859,2955,1217,4363,105,145,401,704,541,1257,686,1809,1053,1513,693,697,672,1084,418,1735,36568,13513,13,0,0,0,0,2,1
2021-02-06T23:59:59+01:00,1,0,305,449,989,2073,1389,3609,1851,5217,2555,4067,1815,1858,1854,2953,1214,4361,105,144,396,701,536,1233,670,1790,1042,1491,690,693,667,1080,417,1731,36545,13387,13,0,0,0,0,2,0
2021-02-05T23:59:59+01:00,1,0,305,448,987,2070,1385,3600,1847,5203,2549,4061,1814,1857,1846,2945,1205,4348,101,137,381,683,519,1204,638,1738,994,1428,653,643,622,1006,391,1643,36456,12782,13,0,0,0,0,2,0
2021-02-04T23:59:59+01:00,1,0,298,431,976,2038,1366,3547,1828,5126,2534,4013,1798,1837,1821,2910,1188,4317,76,106,282,461,358,811,454,1175,682,969,505,469,481,795,305,1312,36014,9242,13,0,0,0,0,2,0
2021-02-03T23:59:59+01:00,1,0,294,422,958,2011,1350,3509,1815,5077,2500,3970,1778,1814,1805,2886,1175,4303,60,82,236,395,289,632,347,919,522,723,339,325,346,568,218,959,35653,6961,13,0,0,0,0,2,0
2021-02-02T23:59:59+01:00,1,0,290,415,952,1983,1342,3477,1804,5031,2477,3935,1760,1798,1779,2845,1154,4256,39,63,181,312,242,484,265,736,377,555,235,208,221,377,150,627,35284,5072,13,0,0,0,0,2,0
2021-02-01T23:59:59+01:00,1,0,289,413,947,1976,1339,3461,1796,5011,2469,3916,1753,1787,1764,2830,1148,4243,19,39,134,227,167,309,169,490,236,320,119,105,96,184,69,277,35128,2960,13,0,0,0,0,2,0
2021-01-31T23:59:59+01:00,1,0,288,412,945,1969,1336,3452,1793,4992,2465,3901,1749,1779,1760,2823,1146,4234,18,34,116,199,150,267,152,410,200,276,100,91,88,157,61,243,35030,2562,13,0,0,0,0,2,0
2021-01-30T23:59:59+01:00,1,0,288,412,945,1969,1336,3452,1793,4992,2465,3901,1748,1779,1760,2822,1146,4233,18,34,115,199,150,265,149,407,199,275,99,90,88,157,61,243,35027,2549,13,0,0,0,0,2,0
2021-01-29T23:59:59+01:00,1,0,286,409,943,1967,1335,3444,1787,4983,2462,3898,1742,1772,1751,2812,1139,4212,16,33,114,190,141,257,137,379,168,248,72,66,79,136,56,211,34929,2303,13,0,0,0,0,1,0
2021-01-28T23:59:59+01:00,1,0,281,401,924,1911,1311,3380,1762,4921,2434,3836,1720,1752,1720,2781,1121,4177,0,0,9,19,8,17,11,46,7,21,7,3,7,9,2,13,34420,179,12,0,0,0,0,1,0
2021-01-27T23:59:59+01:00,1,0,276,383,891,1831,1277,3266,1700,4798,2374,3736,1664,1704,1676,2715,1085,4095,0,0,4,6,5,11,7,20,3,12,6,3,7,9,2,12,33463,107,8,0,0,0,0,1,0
2021-01-26T23:59:59+01:00,1,0,270,374,881,1818,1263,3228,1683,4741,2344,3670,1633,1672,1639,2645,1068,4013,0,0,4,6,5,11,7,20,3,12,6,3,7,9,2,12,32936,107,6,0,0,0,0,1,0
2021-01-25T23:59:59+01:00,1,0,259,350,839,1699,1193,3064,1593,4470,2241,3461,1574,1619,1587,2561,1022,3845,0,0,1,3,1,3,4,3,3,5,6,3,6,8,2,12,31375,60,2,0,0,0,0,1,0
2021-01-24T23:59:59+01:00,1,0,256,347,828,1680,1183,3042,1562,4437,2215,3440,1563,1611,1577,2550,1017,3838,0,0,1,2,1,3,4,3,3,5,6,3,6,8,2,12,31144,59,2,0,0,0,0,1,0
2021-01-23T23:59:59+01:00,1,0,256,347,828,1680,1182,3041,1562,4433,2214,3439,1562,1611,1576,2549,1016,3833,0,0,1,2,1,3,4,3,3,5,6,3,6,8,2,12,31127,59,2,0,0,0,0,1,0
2021-01-22T23:59:59+01:00,1,0,255,345,822,1677,1178,3036,1559,4426,2202,3434,1550,1600,1570,2530,1011,3814,0,0,1,2,1,3,4,3,3,5,6,3,6,8,2,12,31007,59,2,0,0,0,0,1,0
2021-01-21T23:59:59+01:00,1,0,244,335,795,1611,1153,2909,1503,4266,2122,3299,1452,1498,1438,2367,932,3633,0,0,1,2,1,3,4,2,3,5,4,2,5,8,1,12,29555,53,2,0,0,0,0,1,0
2021-01-20T23:59:59+01:00,1,0,221,291,722,1455,1063,2595,1367,3806,1949,2945,1332,1353,1318,2172,861,3413,0,0,1,2,1,3,4,2,3,5,4,2,5,8,1,12,26861,53,2,0,0,0,0,1,0
2021-01-19T23:59:59+01:00,1,0,190,235,624,1207,918,2149,1147,3191,1668,2515,1152,1155,1092,1836,716,2900,0,0,1,1,1,2,4,1,2,5,4,2,5,8,1,12,22693,49,2,0,0,0,0,1,0
2021-01-18T23:59:59+01:00,1,0,132,185,490,946,709,1635,879,2322,1298,1904,902,924,873,1455,560,2311,0,0,0,0,0,0,0,0,1,2,2,1,0,0,0,0,17524,6,1,0,0,0,0,1,0
2021-01-17T23:59:59+01:00,1,0,119,159,430,775,624,1414,778,2069,1186,1715,838,845,793,1319,501,2105,0,0,0,0,0,0,0,0,0,1,0,0,0,0,0,0,15670,1,0,0,0,0,0,1,0
2021-01-16T23:59:59+01:00,1,0,119,158,426,774,622,1406,768,2065,1178,1708,836,840,788,1308,493,2090,0,0,0,0,0,0,0,0,0,0,0,0,0,0,0,0,15580,0,0,0,0,0,0,0,0
2021-01-15T23:59:59+01:00,1,0,109,152,414,753,596,1368,736,1987,1117,1627,792,788,745,1223,463,1976,0,0,0,0,0,0,0,0,0,0,0,0,0,0,0,0,14847,0,0,0,0,0,0,0,0
2021-01-14T23:59:59+01:00,1,0,75,112,297,486,395,883,508,1279,762,1066,578,546,542,902,353,1501,0,0,0,0,0,0,0,0,0,0,0,0,0,0,0,0,10286,0,0,0,0,0,0,0,0
2021-01-13T23:59:59+01:00,1,0,58,85,245,409,319,666,378,978,556,759,364,344,362,613,246,1037,0,0,0,0,0,0,0,0,0,0,0,0,0,0,0,0,7420,0,0,0,0,0,0,0,0
2021-01-12T23:59:59+01:00,0,0,47,69,200,351,257,541,278,804,405,594,244,217,227,405,166,691,0,0,0,0,0,0,0,0,0,0,0,0,0,0,0,0,5496,0,0,0,0,0,0,0,0
2021-01-11T23:59:59+01:00,0,0,32,50,174,303,210,440,218,647,297,419,149,126,129,248,88,397,0,0,0,0,0,0,0,0,0,0,0,0,0,0,0,0,3927,0,0,0,0,0,0,0,0
2021-01-10T23:59:59+01:00,0,0,24,41,152,254,180,362,179,536,248,358,128,106,114,204,77,320,0,0,0,0,0,0,0,0,0,0,0,0,0,0,0,0,3283,0,0,0,0,0,0,0,0
2021-01-09T23:59:59+01:00,0,0,24,41,151,252,179,360,177,530,247,357,127,105,114,204,77,320,0,0,0,0,0,0,0,0,0,0,0,0,0,0,0,0,3265,0,0,0,0,0,0,0,0
2021-01-08T23:59:59+01:00,0,0,22,40,149,243,171,350,164,499,218,331,103,89,109,189,71,298,0,0,0,0,0,0,0,0,0,0,0,0,0,0,0,0,3046,0,0,0,0,0,0,0,0
2021-01-07T23:59:59+01:00,0,0,1,0,4,9,8,13,10,6,16,11,10,9,14,21,2,32,0,0,0,0,0,0,0,0,0,0,0,0,0,0,0,0,166,0,0,0,0,0,0,0,0
2021-01-06T23:59:59+01:00,0,0,0,0,1,3,1,5,5,2,3,6,6,2,7,10,1,14,0,0,0,0,0,0,0,0,0,0,0,0,0,0,0,0,66,0,0,0,0,0,0,0,0
2021-01-05T23:59:59+01:00,0,0,0,0,1,3,1,5,5,2,3,5,6,2,6,9,1,13,0,0,0,0,0,0,0,0,0,0,0,0,0,0,0,0,62,0,0,0,0,0,0,0,0
2021-01-04T23:59:59+01:00,0,0,0,0,1,3,1,4,4,2,3,5,6,2,5,8,1,13,0,0,0,0,0,0,0,0,0,0,0,0,0,0,0,0,58,0,0,0,0,0,0,0,0
2021-01-03T23:59:59+01:00,0,0,0,0,1,2,1,4,4,2,3,5,5,2,5,8,1,13,0,0,0,0,0,0,0,0,0,0,0,0,0,0,0,0,56,0,0,0,0,0,0,0,0
2021-01-02T23:59:59+01:00,0,0,0,0,1,2,1,4,4,2,3,5,5,2,5,8,1,13,0,0,0,0,0,0,0,0,0,0,0,0,0,0,0,0,56,0,0,0,0,0,0,0,0
2021-01-01T23:59:59+01:00,0,0,0,0,1,2,1,3,4,2,3,5,5,2,5,8,1,13,0,0,0,0,0,0,0,0,0,0,0,0,0,0,0,0,55,0,0,0,0,0,0,0,0
2020-12-31T23:59:59+01:00,0,0,0,0,1,2,1,3,4,2,3,5,5,2,5,8,1,13,0,0,0,0,0,0,0,0,0,0,0,0,0,0,0,0,55,0,0,0,0,0,0,0,0
2020-12-30T23:59:59+01:00,0,0,0,0,1,2,1,3,4,2,3,5,5,2,5,8,1,13,0,0,0,0,0,0,0,0,0,0,0,0,0,0,0,0,55,0,0,0,0,0,0,0,0
2020-12-29T23:59:59+01:00,0,0,0,0,1,1,1,2,4,1,2,5,5,2,5,8,1,13,0,0,0,0,0,0,0,0,0,0,0,0,0,0,0,0,51,0,0,0,0,0,0,0,0
2020-12-28T23:59:59+01:00,0,0,0,0,1,1,1,1,2,0,1,5,4,1,1,0,0,2,0,0,0,0,0,0,0,0,0,0,0,0,0,0,0,0,20,0,0,0,0,0,0,0,0
2020-12-27T23:59:59+01:00,0,0,0,0,1,1,1,1,2,0,0,3,2,0,1,0,0,2,0,0,0,0,0,0,0,0,0,0,0,0,0,0,0,0,14,0,0,0,0,0,0,0,0
