Datum,<15_1_m,<15_1_w,15-24_1_m,15-24_1_w,25-34_1_m,25-34_1_w,35-44_1_m,35-44_1_w,45-54_1_m,45-54_1_w,55-64_1_m,55-64_1_w,65-74_1_m,65-74_1_w,75-84_1_m,75-84_1_w,>84_1_m,>84_1_w,<15_2_m,<15_2_w,15-24_2_m,15-24_2_w,25-34_2_m,25-34_2_w,35-44_2_m,35-44_2_w,45-54_2_m,45-54_2_w,55-64_2_m,55-64_2_w,65-74_2_m,65-74_2_w,75-84_2_m,75-84_2_w,>84_2_m,>84_2_w,bp_1,bp_2,mo_1,mo_2,az_1,az_2,ja,unb_1,unb_2
2021-11-23T23:59:59+01:00,7951,7425,46374,43478,61503,54846,60794,58299,70465,69458,78427,77822,55279,60940,37851,49052,11813,22522,5788,5421,39615,37720,54852,48638,55400,53243,65599,64827,74863,74368,53729,59208,36990,47798,11433,21730,649071,592683,79832,77098,105704,101738,39654,47,49
2021-11-22T23:59:59+01:00,7853,7330,46223,43379,61368,54703,60649,58195,70377,69354,78355,77733,55244,60882,37831,49015,11809,22505,5745,5377,39360,37544,54565,48450,55201,53085,65424,64695,74774,74298,53699,59172,36979,47781,11427,21723,647601,590795,79820,77075,105704,101738,39642,47,49
2021-11-21T23:59:59+01:00,7772,7262,46123,43289,61252,54599,60527,58124,70292,69274,78283,77665,55209,60838,37817,49000,11806,22495,5717,5348,39254,37468,54451,48367,55109,53020,65354,64629,74736,74255,53682,59157,36974,47764,11425,21718,646437,589931,79808,77070,105704,101738,39640,47,49
2021-11-20T23:59:59+01:00,7750,7236,46061,43223,61168,54527,60456,58077,70245,69237,78244,77637,55192,60822,37812,48993,11805,22494,5713,5346,39231,37455,54425,48353,55086,53000,65339,64622,74727,74251,53681,59153,36969,47763,11424,21718,645799,589767,79806,77070,105704,101738,39632,47,49
2021-11-19T23:59:59+01:00,7657,7140,45869,43050,60996,54344,60305,57923,70107,69146,78162,77564,55167,60796,37806,48978,11803,22489,5699,5331,39172,37405,54387,48320,55041,52964,65312,64597,74701,74237,53679,59141,36966,47760,11423,21715,644155,589393,79795,77061,105701,101736,39611,47,49
2021-11-18T23:59:59+01:00,7459,6941,45474,42723,60672,53974,60001,57662,69823,68913,78000,77399,55104,60722,37779,48926,11798,22470,5630,5264,38900,37157,54143,48120,54830,52786,65121,64444,74574,74172,53639,59098,36950,47732,11414,21708,640751,587280,79766,77035,105700,101735,39583,47,49
2021-11-17T23:59:59+01:00,7322,6822,45156,42497,60386,53714,59782,57450,69630,68719,77840,77238,55042,60667,37762,48876,11787,22456,5593,5235,38806,37087,54032,48029,54755,52722,65049,64384,74520,74116,53611,59073,36937,47710,11407,21703,638137,586435,79716,76999,105700,101734,39552,47,49
2021-11-16T23:59:59+01:00,7185,6710,44913,42299,60128,53457,59572,57248,69449,68542,77707,77095,54973,60595,37732,48826,11772,22428,5531,5185,38643,36941,53903,47895,54648,52616,64949,64295,74437,74045,53578,59026,36907,47680,11404,21690,635655,585061,79693,76987,105700,101734,39542,47,49
2021-11-15T23:59:59+01:00,7041,6587,44390,41906,59687,53094,59274,56977,69180,68321,77514,76920,54909,60520,37687,48780,11769,22418,5487,5137,38452,36771,53700,47737,54469,52488,64813,64177,74358,73975,53551,58992,36899,47660,11402,21681,632089,583520,79672,76974,105700,101734,39472,47,49
2021-11-14T23:59:59+01:00,6964,6518,44148,41733,59479,52914,59085,56825,69032,68192,77402,76850,54886,60486,37676,48763,11766,22411,5441,5092,38281,36638,53519,47585,54334,52384,64689,64082,74300,73904,53519,58969,36891,47641,11401,21676,630277,582134,79651,76968,105700,101734,39461,47,49
2021-11-13T23:59:59+01:00,6960,6512,44133,41722,59464,52901,59075,56815,69026,68186,77391,76846,54884,60485,37675,48761,11765,22411,5441,5090,38280,36638,53517,47585,54330,52380,64685,64078,74294,73901,53514,58965,36889,47632,11399,21675,630163,582081,79650,76968,105697,101734,39461,47,49
2021-11-12T23:59:59+01:00,6903,6472,43998,41585,59324,52805,58957,56708,68936,68118,77324,76808,54871,60470,37668,48749,11760,22406,5438,5082,38254,36619,53491,47570,54306,52367,64662,64064,74277,73890,53508,58959,36887,47629,11397,21673,629054,581891,79637,76966,105697,101734,39433,47,49
2021-11-11T23:59:59+01:00,6730,6284,43330,41071,58714,52297,58492,56331,68562,67786,77048,76620,54809,60401,37641,48709,11751,22395,5384,5020,38072,36487,53343,47436,54185,52255,64548,63965,74200,73842,53476,58930,36875,47611,11396,21662,624350,580670,79595,76943,105694,101734,39291,47,49
2021-11-10T23:59:59+01:00,6629,6193,42919,40776,58312,51951,58193,56088,68307,67536,76871,76454,54740,60336,37618,48671,11743,22384,5364,4994,37978,36427,53269,47362,54119,52181,64494,63909,74140,73802,53445,58896,36857,47589,11391,21655,621220,579974,79580,76931,105694,101732,39186,47,49
2021-11-09T23:59:59+01:00,6559,6142,42815,40686,58187,51810,58077,55952,68177,67422,76789,76358,54698,60293,37604,48646,11736,22368,5338,4968,37904,36383,53223,47302,54067,52094,64438,63831,74062,73725,53414,58859,36839,47563,11384,21636,619859,579336,79548,76736,105693,101731,39178,47,49
2021-11-08T23:59:59+01:00,6422,6030,42089,40033,57450,51210,57526,55514,67766,67041,76507,76086,54579,60202,37576,48606,11728,22354,5309,4946,37800,36281,53064,47183,53979,52012,64368,63743,73981,73668,53385,58825,36828,47547,11381,21631,614558,578526,79526,76723,105692,101731,38902,47,49
2021-11-07T23:59:59+01:00,6367,5993,41927,39897,57261,51052,57386,55405,67667,66968,76456,76036,54561,60182,37567,48601,11726,22350,5291,4931,37725,36209,52992,47102,53923,51969,64338,63690,73956,73645,53372,58813,36818,47540,11380,21624,613303,577950,79474,76697,105692,101730,38892,47,49
2021-11-06T23:59:59+01:00,6362,5984,41910,39879,57241,51039,57371,55395,67658,66959,76450,76033,54559,60182,37565,48601,11726,22349,5289,4931,37724,36207,52990,47099,53921,51967,64333,63689,73954,73643,53370,58811,36818,47539,11380,21624,613168,577925,79473,76696,105692,101730,38889,47,49
2021-11-05T23:59:59+01:00,6346,5964,41870,39850,57204,50989,57324,55365,67634,66941,76422,76020,54555,60176,37562,48599,11726,22347,5281,4926,37700,36199,52981,47088,53913,51960,64321,63677,73947,73634,53366,58809,36816,47535,11380,21624,612824,577818,79470,76693,105692,101730,38867,47,49
2021-11-04T23:59:59+01:00,6223,5821,41338,39367,56620,50528,56880,55002,67213,66618,76208,75881,54517,60128,37549,48569,11720,22339,5221,4863,37495,36061,52779,46941,53739,51829,64161,63558,73846,73564,53334,58784,36802,47513,11369,21618,609017,576662,79402,76667,105691,101729,38370,47,49
2021-11-03T23:59:59+01:00,6188,5776,41244,39300,56506,50432,56787,54920,67141,66552,76162,75838,54507,60109,37540,48552,11715,22334,5177,4829,37423,35998,52730,46892,53696,51773,64115,63515,73802,73528,53318,58759,36789,47493,11365,21610,608149,576034,79382,76662,105690,101726,38341,47,49
2021-11-02T23:59:59+01:00,6140,5727,41112,39189,56341,50312,56670,54813,67015,66474,76093,75779,54482,60085,37528,48540,11714,22324,5106,4757,37290,35846,52579,46736,53579,51653,64028,63413,73717,73442,53271,58715,36770,47460,11362,21600,606935,574614,79362,76626,105690,101726,38309,47,49
2021-11-01T23:59:59+01:00,6055,5649,40621,38821,55816,49964,56308,54558,66736,66273,75950,75688,54447,60057,37521,48533,11711,22316,5073,4716,37149,35731,52449,46643,53463,51569,63931,63351,73655,73397,53258,58702,36760,47445,11359,21593,603936,573870,79339,76585,105690,101724,38016,47,49
2021-10-31T23:59:59+01:00,6053,5649,40616,38815,55813,49961,56303,54554,66733,66270,75948,75686,54447,60057,37521,48533,11711,22316,5073,4716,37147,35728,52449,46642,53461,51568,63930,63351,73655,73397,53258,58702,36760,47445,11359,21593,603904,573863,79336,76585,105690,101724,38013,47,49
2021-10-30T23:59:59+02:00,6049,5647,40613,38815,55806,49958,56302,54552,66731,66269,75947,75684,54447,60057,37521,48533,11711,22316,5073,4716,37147,35728,52449,46641,53460,51567,63929,63350,73655,73397,53257,58702,36760,47445,11359,21593,603877,573858,79336,76585,105690,101724,38012,47,49
2021-10-29T23:59:59+02:00,6046,5641,40595,38799,55792,49940,56286,54543,66713,66262,75930,75679,54445,60054,37520,48532,11709,22316,5071,4713,37137,35715,52448,46636,53456,51562,63926,63343,73647,73389,53252,58701,36759,47442,11358,21592,603728,573785,79332,76582,105690,101722,38009,47,49
2021-10-28T23:59:59+02:00,5947,5541,40075,38444,55326,49609,55882,54243,66372,66034,75758,75573,54408,60025,37515,48513,11707,22306,5010,4666,36962,35597,52287,46520,53317,51455,63779,63262,73563,73342,53226,58675,36745,47424,11356,21585,600631,572817,79293,76561,105685,101720,37624,47,49
2021-10-27T23:59:59+02:00,5922,5520,40022,38385,55255,49554,55825,54192,66307,66005,75733,75553,54392,60013,37509,48501,11706,22300,4986,4640,36911,35557,52236,46484,53285,51419,63735,63211,73528,73316,53203,58655,36739,47413,11353,21573,600066,572317,79282,76548,105685,101714,37616,47,49
2021-10-26T23:59:59+02:00,5874,5485,39915,38290,55154,49449,55752,54125,66240,65938,75681,75513,54378,59997,37497,48486,11703,22295,4934,4597,36807,35415,52140,46399,53217,51337,63682,63150,73468,73262,53170,58634,36725,47389,11347,21559,599165,571334,79281,76540,105685,101713,37596,47,49
2021-10-25T23:59:59+02:00,5812,5417,39684,38057,54873,49247,55500,53964,66022,65795,75578,75435,54356,59967,37490,48476,11703,22292,4921,4588,36751,35354,52054,46345,53149,51297,63634,63110,73423,73231,53161,58618,36719,47384,11345,21556,597339,571022,79281,76538,105685,101713,37318,47,49
2021-10-24T23:59:59+02:00,5782,5388,39600,37973,54796,49170,55442,53926,65977,65768,75559,75416,54351,59958,37485,48473,11701,22288,4888,4572,36689,35292,52009,46300,53114,51256,63597,63081,73401,73199,53153,58604,36708,47376,11343,21554,596738,570539,79279,76531,105685,101711,37306,47,49
2021-10-23T23:59:59+02:00,5782,5388,39599,37973,54794,49170,55440,53923,65977,65768,75559,75416,54351,59957,37485,48473,11701,22288,4888,4572,36689,35291,52009,46300,53114,51254,63597,63081,73401,73199,53153,58604,36708,47376,11343,21554,596730,570537,79279,76531,105685,101711,37305,47,49
2021-10-22T23:59:59+02:00,5779,5383,39573,37955,54774,49157,55429,53916,65963,65755,75550,75409,54347,59954,37485,48471,11700,22288,4883,4563,36673,35277,51997,46280,53105,51243,63581,63074,73387,73190,53143,58597,36707,47373,11342,21552,596598,570386,79268,76530,105684,101709,37293,47,49
2021-10-21T23:59:59+02:00,5703,5303,39322,37759,54503,48969,55219,53764,65780,65634,75452,75354,54330,59937,37479,48461,11697,22282,4797,4491,36447,35070,51813,46120,52935,51112,63450,62953,73303,73131,53119,58561,36695,47355,11338,21546,594906,568906,79234,76494,105684,101708,37079,47,49
2021-10-20T23:59:59+02:00,5680,5289,39286,37733,54483,48947,55204,53735,65754,65609,75427,75336,54322,59926,37470,48446,11696,22275,4778,4471,36428,35040,51791,46088,52911,51082,63427,62931,73278,73104,53101,58538,36689,47342,11335,21539,594589,568559,79227,76484,105684,101708,37073,47,49
2021-10-19T23:59:59+02:00,5646,5259,39230,37695,54446,48907,55164,53700,65718,65576,75400,75309,54306,59905,37462,48431,11692,22272,4755,4449,36373,34993,51749,46034,52877,51043,63389,62897,73239,73064,53089,58514,36668,47327,11330,21529,594101,568020,79221,76480,105684,101703,37067,47,49
2021-10-18T23:59:59+02:00,5612,5231,39089,37561,54321,48810,55083,53618,65651,65536,75344,75275,54296,59889,37455,48417,11690,22271,4688,4388,36225,34849,51625,45911,52795,50952,63342,62834,73180,73016,53064,58479,36658,47310,11325,21523,593231,566982,79209,76450,105684,101703,36980,47,49
2021-10-17T23:59:59+02:00,5606,5224,39078,37550,54307,48794,55079,53608,65645,65524,75337,75271,54293,59885,37452,48415,11690,22266,4678,4377,36205,34820,51604,45887,52778,50930,63328,62817,73162,73002,53053,58467,36652,47303,11324,21514,593110,566730,79209,76444,105684,101702,36976,47,49
2021-10-16T23:59:59+02:00,5606,5224,39077,37550,54305,48793,55076,53606,65645,65524,75337,75271,54293,59885,37452,48415,11690,22266,4675,4374,36200,34816,51600,45884,52774,50926,63326,62813,73160,73001,53052,58466,36651,47302,11324,21512,593104,566688,79209,76444,105684,101702,36973,47,49
2021-10-15T23:59:59+02:00,5601,5221,39059,37537,54287,48780,55070,53601,65628,65518,75330,75259,54285,59883,37448,48408,11689,22266,4667,4372,36187,34814,51594,45876,52769,50920,63321,62806,73156,72995,53048,58462,36648,47301,11324,21511,592971,566624,79209,76442,105684,101695,36961,47,49
2021-10-14T23:59:59+02:00,5543,5163,38924,37417,54151,48679,54978,53519,65559,65434,75267,75204,54254,59862,37440,48391,11682,22251,4549,4256,35903,34485,51374,45651,52617,50747,63176,62659,73060,72917,52991,58415,36624,47270,11319,21502,591940,564526,79192,76403,105684,101681,36857,47,48
2021-10-13T23:59:59+02:00,5503,5129,38889,37374,54117,48643,54951,53484,65534,65409,75246,75178,54242,59850,37433,48383,11678,22247,4518,4229,35863,34444,51348,45610,52581,50711,63142,62623,73027,72887,52967,58399,36615,47247,11318,21491,591532,564091,79179,76366,105684,101665,36850,47,48
2021-10-12T23:59:59+02:00,5469,5106,38815,37329,54058,48574,54910,53436,65501,65375,75210,75140,54227,59833,37423,48367,11672,22237,4498,4204,35807,34391,51301,45555,52545,50675,63105,62581,72987,72840,52942,58370,36592,47223,11312,21478,590938,563497,79177,76361,105684,101662,36838,47,48
2021-10-11T23:59:59+02:00,5415,5054,38651,37196,53923,48459,54803,53351,65426,65313,75162,75111,54215,59814,37412,48356,11670,22233,4406,4123,35579,34175,51113,45367,52411,50541,63008,62467,72902,72776,52903,58332,36578,47195,11307,21465,589980,561904,79175,76359,105684,101657,36680,47,48
2021-10-10T23:59:59+02:00,5396,5044,38604,37156,53881,48418,54783,53320,65409,65294,75146,75091,54212,59809,37408,48353,11669,22227,4387,4116,35545,34154,51092,45340,52393,50524,62998,62455,72889,72762,52899,58323,36573,47185,11304,21461,589655,561682,79172,76351,105682,101653,36666,47,48
2021-10-09T23:59:59+02:00,5396,5043,38604,37156,53881,48418,54783,53320,65409,65294,75146,75091,54212,59809,37408,48353,11669,22227,4387,4116,35544,34154,51091,45340,52393,50524,62996,62455,72889,72762,52899,58323,36573,47185,11304,21461,589654,561681,79172,76349,105682,101652,36666,47,48
2021-10-08T23:59:59+02:00,5388,5030,38585,37136,53867,48403,54776,53316,65398,65285,75134,75082,54210,59806,37406,48348,11668,22226,4380,4107,35530,34135,51079,45325,52387,50513,62987,62448,72883,72756,52897,58321,36571,47181,11304,21459,589511,561563,79172,76347,105682,101651,36654,47,48
2021-10-07T23:59:59+02:00,5319,4944,38409,36983,53741,48277,54663,53213,65299,65195,75065,75033,54191,59769,37382,48324,11661,22212,4229,3938,35154,33786,50830,45014,52188,50245,62790,62252,72714,72598,52830,58251,36544,47131,11291,21434,588190,559327,79143,75579,105681,101644,36621,47,48
2021-10-06T23:59:59+02:00,5283,4916,38364,36942,53708,48240,54618,53175,65249,65160,75038,75011,54172,59755,37375,48308,11655,22203,4209,3921,35113,33750,50806,44985,52167,50222,62761,62237,72689,72581,52808,58221,36525,47111,11284,21422,587711,558945,79137,75578,105679,101641,36600,47,48
2021-10-05T23:59:59+02:00,5251,4891,38283,36868,53643,48177,54567,53110,65185,65103,74993,74963,54134,59727,37355,48277,11645,22170,4178,3892,35046,33680,50759,44922,52132,50178,62708,62199,72649,72541,52776,58183,36495,47058,11276,21399,586955,558262,79118,75577,105679,101639,36545,47,48
2021-10-04T23:59:59+02:00,5188,4833,38067,36698,53471,48059,54452,53006,65115,65034,74927,74915,54104,59693,37340,48259,11636,22155,4066,3755,34739,33331,50513,44677,51944,50001,62548,62047,72532,72442,52719,58122,36440,47002,11264,21380,585861,555997,79106,75576,105678,101639,36262,47,48
2021-10-03T23:59:59+02:00,5177,4819,38044,36674,53438,48024,54427,52992,65098,65016,74916,74902,54097,59680,37335,48246,11636,22150,4050,3751,34688,33295,50463,44633,51906,49953,62506,62009,72492,72410,52702,58098,36428,46986,11262,21372,585611,555516,79104,75576,105675,101628,36236,47,48
2021-10-02T23:59:59+02:00,5175,4810,38040,36667,53430,48020,54424,52989,65095,65015,74912,74899,54097,59678,37335,48246,11636,22150,4049,3751,34686,33293,50455,44631,51902,49952,62504,62009,72491,72409,52702,58097,36428,46986,11262,21372,585573,555507,79104,75575,105675,101628,36221,47,48
2021-10-01T23:59:59+02:00,5167,4793,37994,36639,53397,47992,54401,52964,65064,65000,74885,74882,54087,59673,37332,48243,11633,22148,4045,3748,34667,33281,50437,44623,51888,49938,62491,62001,72474,72397,52693,58091,36425,46984,11260,21370,585327,555423,79102,75573,105673,101622,36147,47,48
2021-09-30T23:59:59+02:00,5076,4730,37786,36435,53229,47829,54257,52835,64959,64881,74815,74824,54072,59643,37321,48225,11630,22141,3968,3673,34524,33130,50344,44496,51812,49824,62406,61908,72407,72338,52681,58061,36417,46959,11257,21360,583796,554842,79084,74964,105670,101617,36094,46,48
2021-09-29T23:59:59+02:00,5053,4709,37751,36394,53181,47781,54219,52788,64927,64843,74786,74796,54055,59620,37310,48214,11626,22129,3952,3656,34496,33094,50316,44470,51790,49803,62385,61878,72386,72318,52672,58052,36412,46949,11255,21352,583334,554554,79072,74960,105670,101612,36062,46,48
2021-09-28T23:59:59+02:00,5030,4685,37690,36337,53140,47729,54184,52746,64883,64799,74741,74761,54017,59584,37291,48191,11618,22118,3938,3640,34440,33056,50282,44441,51764,49781,62359,61857,72349,72288,52643,58014,36390,46922,11252,21340,582774,554161,79070,74954,105670,101607,35986,46,48
2021-09-27T23:59:59+02:00,4954,4625,37492,36159,52955,47563,54062,52636,64780,64692,74643,74683,53989,59556,37279,48173,11616,22107,3805,3481,34014,32668,49974,44117,51535,49532,62161,61671,72218,72162,52602,57954,36369,46891,11250,21330,581719,551645,79049,74953,105670,101606,35482,46,48
2021-09-26T23:59:59+02:00,4951,4619,37470,36129,52925,47544,54048,52620,64764,64682,74631,74673,53982,59545,37278,48170,11616,22102,3796,3474,33999,32661,49961,44102,51529,49522,62147,61665,72210,72155,52598,57946,36368,46886,11248,21326,581543,551531,79029,74945,105668,101604,35465,46,48
2021-09-25T23:59:59+02:00,4948,4616,37464,36125,52922,47540,54044,52617,64762,64678,74627,74671,53981,59542,37277,48169,11616,22101,3796,3473,33996,32661,49960,44102,51529,49521,62147,61664,72208,72155,52598,57945,36368,46886,11248,21326,581500,551525,79027,74945,105668,101604,35461,46,48
2021-09-24T23:59:59+02:00,4945,4613,37445,36111,52901,47526,54022,52605,64743,64667,74614,74661,53974,59539,37274,48165,11616,22097,3792,3467,33986,32646,49945,44093,51509,49506,62134,61658,72190,72146,52591,57938,36362,46879,11248,21324,581381,551419,79027,74943,105665,101603,35401,46,48
2021-09-23T23:59:59+02:00,4816,4493,37039,35690,52548,47193,53729,52331,64500,64450,74428,74531,53912,59483,37245,48121,11607,22077,3759,3425,33801,32476,49725,43941,51340,49401,61983,61553,72074,72069,52554,57913,36338,46858,11246,21316,579043,550748,78984,74919,105665,101600,34457,46,48
2021-09-22T23:59:59+02:00,4787,4470,36997,35634,52480,47116,53661,52271,64433,64397,74369,74479,53883,59460,37237,48104,11605,22072,3742,3413,33765,32433,49682,43884,51280,49350,61928,61513,72027,72036,52536,57895,36332,46847,11244,21315,578605,550490,78976,74916,105662,101599,34169,45,48
2021-09-21T23:59:59+02:00,4771,4447,36939,35585,52413,47051,53616,52221,64367,64346,74311,74425,53840,59428,37223,48078,11600,22063,3721,3399,33732,32381,49648,43837,51241,49305,61882,61475,71988,71995,52507,57871,36321,46829,11243,21308,578051,550124,78967,74914,105660,101594,34003,45,48
2021-09-20T23:59:59+02:00,4667,4383,36600,35281,52089,46742,53380,51995,64154,64155,74152,74312,53775,59373,37202,48043,11593,22057,3516,3211,33221,31948,49270,43499,50956,48998,61627,61263,71821,71843,52451,57806,36298,46784,11236,21298,576200,547413,78962,74909,105659,101588,33089,45,47
2021-09-19T23:59:59+02:00,4654,4378,36587,35270,52078,46733,53365,51983,64142,64150,74142,74301,53772,59367,37199,48040,11592,22057,3506,3203,33200,31931,49266,43489,50948,48986,61613,61252,71809,71833,52445,57802,36297,46782,11236,21295,576092,547290,78955,74905,105656,101587,33064,45,47
2021-09-18T23:59:59+02:00,4654,4378,36584,35269,52076,46732,53365,51982,64142,64150,74141,74301,53772,59367,37199,48040,11592,22057,3505,3203,33197,31931,49262,43487,50948,48986,61613,61252,71808,71833,52444,57802,36297,46782,11236,21295,576089,547284,78955,74905,105656,101587,33058,45,47
2021-09-17T23:59:59+02:00,4647,4365,36568,35245,52054,46714,53354,51963,64125,64141,74126,74282,53763,59360,37196,48035,11591,22056,3504,3199,33187,31914,49250,43477,50944,48977,61609,61248,71800,71821,52437,57800,36297,46781,11236,21293,575925,547231,78955,74905,105656,101585,33006,45,47
2021-09-16T23:59:59+02:00,4496,4214,36198,34882,51798,46414,53142,51698,63941,63956,73968,74132,53708,59300,37179,48000,11588,22044,3436,3158,33059,31808,49168,43370,50865,48894,61548,61193,71749,71788,52422,57786,36288,46769,11235,21289,573483,546394,78498,74825,105655,101580,32979,45,47
2021-09-15T23:59:59+02:00,4453,4176,36130,34808,51753,46361,53076,51642,63891,63907,73928,74089,53690,59279,37169,47990,11587,22038,3393,3126,33005,31758,49118,43318,50808,48844,61502,61149,71719,71757,52414,57765,36278,46760,11235,21283,573108,546058,78411,74810,105655,101567,32750,45,47
2021-09-14T23:59:59+02:00,4412,4136,36067,34754,51703,46290,53034,51591,63845,63861,73883,74047,53665,59260,37154,47971,11585,22034,3347,3098,32939,31687,49073,43269,50774,48798,61448,61111,71683,71716,52391,57741,36269,46746,11234,21280,572564,545503,78341,74804,105654,101560,32690,45,47
2021-09-13T23:59:59+02:00,4262,3957,35695,34320,51429,45972,52815,51357,63635,63651,73747,73921,53610,59190,37116,47937,11584,22026,3057,2846,32471,31215,48839,43019,50592,48597,61301,60928,71542,71605,52338,57682,36253,46710,11228,21270,569957,542510,77913,74725,105653,101554,32657,45,47
2021-09-12T23:59:59+02:00,4253,3947,35672,34304,51413,45949,52797,51340,63621,63634,73738,73911,53607,59184,37111,47936,11584,22025,3040,2838,32445,31197,48823,43001,50582,48589,61290,60913,71526,71593,52331,57674,36247,46708,11225,21270,569807,542354,77897,74717,105642,101539,32636,45,46
2021-09-11T23:59:59+02:00,4250,3944,35668,34300,51412,45947,52791,51333,63619,63629,73736,73905,53603,59179,37111,47934,11584,22025,3037,2837,32436,31193,48820,42998,50578,48585,61287,60909,71523,71590,52329,57672,36247,46706,11225,21270,569780,542333,77897,74717,105642,101539,32607,45,46
2021-09-10T23:59:59+02:00,4249,3943,35554,34199,51216,45795,52598,51191,63443,63514,73602,73815,53565,59140,37091,47916,11582,22020,3027,2827,32309,31081,48620,42834,50380,48448,61097,60786,71389,71496,52287,57629,36225,46685,11222,21265,569720,542179,77895,74714,105641,101536,31133,45,45
2021-09-09T23:59:59+02:00,4221,3904,35473,34131,51160,45724,52537,51102,63385,63456,73562,73777,53541,59112,37077,47897,11580,22016,2994,2796,32215,31013,48576,42785,50328,48407,61056,60752,71348,71464,52268,57615,36217,46670,11221,21261,569107,541697,77860,74707,105621,101514,31023,45,45
2021-09-08T23:59:59+02:00,4196,3884,35439,34089,51135,45693,52519,51075,63351,63423,73541,73754,53534,59097,37070,47886,11580,22013,2976,2780,32156,30983,48537,42759,50300,48375,61020,60724,71332,71444,52255,57602,36207,46659,11218,21243,568758,541321,77860,74706,105621,101502,30996,45,45
2021-09-07T23:59:59+02:00,4183,3870,35399,34045,51102,45662,52495,51049,63326,63399,73505,73724,53522,59081,37054,47872,11578,22007,2954,2762,32109,30934,48502,42723,50260,48338,60996,60694,71298,71415,52242,57586,36198,46646,11215,21239,568383,540902,77859,74704,105621,101494,30966,45,45
2021-09-06T23:59:59+02:00,4007,3686,34919,33574,50724,45271,52229,50746,63098,63158,73346,73574,53459,59000,37035,47832,11575,21998,2913,2707,31902,30751,48298,42565,50117,48196,60882,60575,71203,71327,52196,57540,36182,46627,11210,21226,565569,540042,77859,74702,105621,101490,30138,45,45
2021-09-05T23:59:59+02:00,3999,3674,34900,33559,50720,45263,52217,50738,63086,63148,73331,73569,53454,58992,37029,47825,11573,21994,2905,2697,31882,30732,48279,42550,50104,48188,60871,60565,71193,71322,52190,57528,36179,46622,11209,21224,565432,539903,77858,74700,105621,101476,30116,45,45
2021-09-04T23:59:59+02:00,3999,3674,34899,33559,50719,45263,52216,50737,63086,63148,73331,73569,53454,58992,37029,47825,11573,21994,2905,2697,31881,30730,48279,42550,50102,48186,60871,60565,71192,71322,52190,57528,36179,46622,11209,21224,565430,539899,77858,74698,105621,101476,30114,45,45
2021-09-03T23:59:59+02:00,3951,3627,34735,33425,50565,45138,52105,50620,62937,63025,73206,73469,53414,58944,37008,47804,11569,21991,2828,2608,31606,30538,48075,42381,49930,48020,60665,60393,71047,71176,52136,57471,36154,46599,11207,21220,565290,539765,77259,73451,105610,101463,29330,45,45
2021-09-02T23:59:59+02:00,3925,3597,34675,33377,50530,45097,52073,50587,62897,62985,73167,73442,53394,58932,36999,47786,11569,21985,2812,2583,31536,30476,48025,42333,49889,47976,60610,60341,71006,71149,52118,57456,36145,46591,11206,21215,564877,539372,77237,73447,105610,101354,29249,45,45
2021-09-01T23:59:59+02:00,3909,3583,34646,33344,50507,45070,52055,50565,62877,62952,73140,73424,53385,58923,36996,47778,11569,21984,2784,2564,31486,30437,47992,42305,49857,47951,60578,60317,70983,71118,52099,57437,36135,46584,11206,21212,564613,539023,77233,73441,105608,101327,29209,45,45
2021-08-31T23:59:59+02:00,3882,3570,34606,33296,50480,45034,52027,50533,62849,62920,73110,73392,53364,58901,36988,47765,11566,21983,2775,2552,31426,30404,47965,42280,49834,47933,60550,60301,70968,71091,52085,57427,36132,46577,11203,21205,564220,538746,77233,73437,105607,101318,29162,45,45
2021-08-30T23:59:59+02:00,3656,3360,34018,32778,50056,44653,51677,50187,62557,62659,72904,73214,53281,58815,36957,47718,11563,21975,2717,2492,31142,30140,47666,42046,49608,47763,60365,60170,70814,70987,52017,57381,36113,46546,11200,21198,561216,537648,77233,73434,105606,101308,27930,44,45
2021-08-29T23:59:59+02:00,3650,3352,33996,32758,50039,44644,51661,50167,62547,62645,72894,73198,53273,58810,36955,47711,11563,21973,2711,2491,31121,30119,47643,42019,49587,47746,60348,60153,70802,70976,52014,57372,36110,46545,11200,21196,561072,537527,77231,73432,105605,101264,27885,44,45
2021-08-28T23:59:59+02:00,3650,3352,33993,32758,50034,44643,51660,50165,62546,62642,72892,73197,53271,58808,36955,47711,11563,21973,2711,2488,31112,30110,47638,42017,49584,47743,60345,60149,70799,70974,52013,57368,36110,46545,11200,21196,561063,537491,77231,73431,105605,101264,27871,44,45
2021-08-27T23:59:59+02:00,3646,3346,33984,32739,50031,44639,51649,50158,62539,62637,72875,73191,53267,58805,36954,47710,11562,21972,2703,2485,31094,30092,47630,42007,49575,47734,60338,60141,70787,70973,52011,57367,36109,46544,11199,21196,560988,537413,77231,73429,105605,101261,27837,44,45
2021-08-26T23:59:59+02:00,3621,3318,33944,32687,50004,44603,51608,50109,62493,62613,72843,73161,53257,58795,36947,47708,11561,21968,2629,2391,30796,29822,47410,41795,49399,47578,60222,60040,70703,70902,51977,57334,36092,46520,11197,21192,560639,535585,77204,73423,105604,101196,27750,44,45
2021-08-25T23:59:59+02:00,3580,3294,33893,32642,49977,44557,51572,50080,62454,62578,72807,73137,53248,58777,36942,47693,11560,21967,2366,2170,30039,29120,46965,41381,49072,47286,59998,59815,70527,70751,51910,57258,36070,46485,11188,21184,560206,531247,77204,73420,105604,101173,27701,44,44
2021-08-24T23:59:59+02:00,3540,3271,33834,32583,49946,44515,51544,50032,62409,62529,72763,73090,53227,58752,36929,47680,11558,21959,2289,2106,29805,28897,46833,41249,48964,47179,59906,59721,70442,70652,51864,57212,36050,46473,11184,21181,559714,529809,77201,73414,105602,101139,27601,44,44
2021-08-23T23:59:59+02:00,3235,3003,33195,31960,49520,44116,51202,49726,62084,62232,72470,72858,53130,58663,36890,47617,11547,21950,2229,2053,29384,28502,46447,40951,48722,46967,59637,59511,70218,70504,51788,57141,36026,46430,11178,21175,556640,528356,77197,73411,105600,101134,25918,44,44
2021-08-22T23:59:59+02:00,3224,2995,33184,31954,49510,44106,51194,49720,62079,62225,72465,72856,53126,58660,36888,47615,11547,21949,2225,2050,29359,28484,46427,40942,48712,46956,59626,59503,70211,70500,51779,57137,36023,46427,11178,21175,556574,528255,77193,73402,105595,101120,25893,43,44
2021-08-21T23:59:59+02:00,3222,2995,33179,31952,49508,44105,51193,49717,62076,62224,72464,72855,53126,58660,36888,47615,11547,21949,2224,2048,29345,28472,46422,40938,48706,46952,59622,59503,70211,70499,51778,57137,36023,46427,11178,21175,556559,528215,77193,73395,105595,101120,25886,43,44
2021-08-20T23:59:59+02:00,3206,2984,33055,31857,49317,43968,51020,49608,61895,62095,72316,72773,53078,58618,36873,47597,11544,21945,2197,2034,28803,27972,45944,40567,48425,46742,59365,59318,70004,70374,51693,57079,35993,46399,11174,21168,556332,526511,77193,73220,105595,100888,24588,42,44
2021-08-19T23:59:59+02:00,3179,2961,33003,31817,49283,43932,50972,49568,61850,62057,72267,72734,53052,58598,36866,47582,11540,21938,2109,1952,27861,27118,45159,39966,47999,46381,59030,59043,69728,70152,51593,56989,35951,46351,11169,21163,555916,522133,77158,72246,105590,100797,24494,42,44
2021-08-18T23:59:59+02:00,3158,2942,32953,31773,49247,43897,50933,49532,61806,62020,72222,72707,53023,58581,36852,47568,11539,21933,2010,1854,26568,25819,44232,39093,47292,45641,58349,58459,69243,69696,51405,56769,35874,46258,11157,21146,555482,516603,77137,69038,105587,100741,24439,42,44
2021-08-17T23:59:59+02:00,3134,2919,32884,31709,49201,43829,50890,49497,61759,61974,72185,72667,53000,58557,36839,47556,11536,21928,1881,1744,25281,24428,43355,38402,46690,45159,57815,58017,68810,69370,51269,56585,35798,46179,11141,21132,554932,510981,77132,66953,105586,100705,24373,42,44
2021-08-16T23:59:59+02:00,3122,2898,32867,31690,49177,43806,50881,49479,61739,61956,72163,72652,52990,58549,36837,47545,11534,21924,1789,1659,23844,23038,42453,37559,46410,44866,57589,57756,68602,69211,51196,56499,35767,46135,11139,21118,554701,504621,77129,66920,105584,100691,24354,42,44
2021-08-15T23:59:59+02:00,3114,2886,32853,31672,49166,43800,50871,49468,61723,61940,72148,72640,52986,58540,36834,47545,11534,21924,1505,1402,21415,20585,41698,37017,46043,44491,57258,57457,68316,68954,51084,56397,35730,46079,11136,21108,554564,495879,77128,66740,105574,100675,24337,42,44
2021-08-14T23:59:59+02:00,3114,2885,32848,31669,49160,43798,50868,49466,61718,61937,72144,72633,52986,58540,36833,47545,11534,21924,1503,1394,21389,20558,41660,36984,46026,44476,57243,57445,68303,68943,51082,56394,35729,46078,11136,21107,554554,495685,77126,66739,105574,100675,24307,42,44
2021-08-13T23:59:59+02:00,3100,2868,32805,31640,49136,43785,50846,49449,61685,61906,72122,72613,52980,58533,36830,47540,11533,21921,1478,1369,21269,20471,41571,36886,45963,44423,57195,57405,68262,68910,51065,56382,35720,46070,11135,21105,554397,495089,77125,66736,105573,100654,24156,42,44
2021-08-12T23:59:59+02:00,3082,2838,32758,31591,49104,43743,50809,49419,61631,61878,72086,72578,52965,58514,36813,47531,11532,21918,1393,1309,20797,20159,40619,36074,45594,44093,56976,57225,68085,68746,50992,56299,35690,46026,11130,21098,553988,490850,77121,66732,105570,100609,24070,42,44
2021-08-11T23:59:59+02:00,3040,2807,32702,31546,49071,43709,50784,49395,61603,61847,72058,72550,52943,58488,36801,47522,11531,21911,1169,1129,19901,19275,39290,34884,44989,43514,56613,56897,67792,68472,50870,56162,35652,45967,11128,21085,553573,483423,77115,66727,105570,100586,24009,42,44
2021-08-10T23:59:59+02:00,3024,2788,32649,31501,49040,43677,50754,49362,61583,61806,72020,72505,52921,58472,36790,47499,11530,21906,923,885,18871,18309,37191,33016,44102,42637,56158,56497,67401,68125,50720,56009,35591,45871,11123,21065,553112,473167,77114,66725,105569,100567,23991,42,44
2021-08-09T23:59:59+02:00,3009,2781,32620,31477,49012,43657,50726,49343,61563,61789,72000,72484,52911,58463,36785,47489,11528,21905,493,474,17446,16897,34206,30595,43436,42005,55750,56134,67068,67798,50577,55860,35540,45821,11118,21047,552860,460980,77112,66721,105564,100555,23965,42,44
2021-08-08T23:59:59+02:00,3006,2781,32606,31464,49000,43650,50721,49337,61552,61781,71996,72483,52910,58460,36785,47486,11528,21904,490,471,17418,16867,34185,30580,43399,41975,55736,56121,67059,67793,50572,55855,35539,45818,11117,21046,552796,460796,77112,66715,105551,100536,23950,42,44
2021-08-07T23:59:59+02:00,3005,2776,32598,31453,48998,43642,50715,49336,61549,61778,71989,72481,52909,58458,36784,47486,11528,21904,487,467,17386,16834,34159,30560,43363,41944,55714,56103,67048,67786,50567,55853,35537,45818,11117,21045,552746,460558,77112,66712,105551,100535,23939,42,44
2021-08-06T23:59:59+02:00,2916,2684,32249,31225,48738,43448,50456,49106,61261,61573,71715,72314,52777,58355,36730,47434,11525,21895,479,465,17176,16690,33447,30077,42891,41575,55371,55876,66739,67608,50437,55759,35488,45782,11114,21038,552674,458876,76000,66421,105547,100532,22139,42,44
2021-08-05T23:59:59+02:00,2870,2645,32089,31105,48646,43358,50376,49051,61208,61528,71663,72273,52751,58336,36721,47417,11523,21893,451,432,16943,16438,31586,28642,41847,40619,55096,55530,66526,67435,50373,55682,35465,45743,11107,21029,551790,452058,75997,66346,105537,100408,22088,42,44
2021-08-04T23:59:59+02:00,2795,2569,31824,30913,48458,43220,50226,48941,61130,61451,71599,72217,52721,58296,36708,47402,11520,21888,425,409,16658,16190,31240,28417,40656,39543,54707,55198,66347,67283,50310,55600,35435,45715,11104,21022,550491,447735,75996,66327,105535,100335,21819,38,43
2021-08-03T23:59:59+02:00,2608,2388,31309,30447,48207,42973,50050,48749,60969,61280,71453,72070,52667,58224,36686,47373,11510,21874,375,345,16220,15742,30651,27888,38920,37922,54016,54552,66013,66971,50214,55471,35388,45663,11099,21012,547540,440050,75994,66319,105532,100316,21734,38,43
2021-08-02T23:59:59+02:00,2497,2293,30995,30161,48006,42790,49897,48621,60862,61174,71365,71988,52634,58192,36664,47354,11509,21871,333,312,15915,15470,30314,27534,36777,36097,53457,54037,65806,66796,50141,55385,35366,45635,11097,21008,545600,433201,75991,66314,105527,100206,21718,38,41
2021-08-01T23:59:59+02:00,2493,2289,30983,30152,47987,42777,49884,48612,60849,61164,71355,71982,52629,58183,36660,47354,11509,21871,320,302,15790,15345,30177,27417,34475,34243,53160,53783,65713,66727,50100,55344,35359,45616,11096,21006,545537,427751,75987,66309,105480,100181,21692,38,40
2021-07-31T23:59:59+02:00,2493,2289,30978,30148,47985,42775,49882,48612,60848,61164,71355,71980,52626,58180,36660,47354,11509,21870,319,302,15776,15333,30141,27389,34463,34236,53142,53775,65701,66722,50096,55339,35359,45615,11095,21005,545518,427596,75987,66308,105479,100177,21687,38,40
2021-07-30T23:59:59+02:00,2479,2284,30931,30102,47953,42754,49858,48588,60814,61134,71319,71962,52617,58169,36660,47354,11509,21868,317,297,15614,15029,29874,27074,34281,33988,52941,53481,65535,66519,50050,55293,35349,45603,11095,21003,545344,427222,75981,66298,105476,98266,21517,38,40
2021-07-29T23:59:59+02:00,2447,2264,30774,30008,47867,42693,49806,48521,60752,61092,71272,71916,52597,58150,36652,47338,11506,21863,294,275,15296,14747,29558,26853,32994,33040,52155,52867,65179,66251,49951,55200,35306,45546,11090,20995,544670,424507,75974,63557,105465,98121,21372,38,40
2021-07-28T23:59:59+02:00,2400,2227,30621,29898,47783,42625,49732,48447,60679,61013,71205,71859,52573,58112,36633,47319,11505,21858,263,255,14890,14370,29118,26538,32623,32709,51445,52252,64787,65925,49856,55097,35272,45489,11074,20976,543718,420354,75970,63502,105457,97736,21307,38,40
2021-07-27T23:59:59+02:00,2322,2154,30381,29630,47632,42446,49587,48309,60567,60889,71105,71771,52515,58052,36605,47280,11497,21850,187,165,14245,13715,28353,25907,31872,32055,50192,51156,64052,65358,49668,54890,35204,45374,11067,20956,541887,412005,75960,63476,105451,97638,21257,38,40
2021-07-26T23:59:59+02:00,2261,2099,30178,29399,47514,42317,49512,48225,60502,60825,71053,71725,52489,58020,36593,47267,11495,21841,150,138,13882,13342,27993,25615,31256,31641,48634,49781,63075,64530,49463,54685,35136,45293,11057,20943,540652,404277,75957,63469,105447,97606,21222,38,40
2021-07-25T23:59:59+02:00,2015,1897,29357,28724,47120,42000,49225,47938,60268,60600,70869,71567,52433,57945,36566,47225,11494,21833,147,136,13789,13281,27896,25550,31172,31573,48514,49717,62987,64478,49440,54667,35129,45284,11057,20942,536464,403635,75957,63461,105440,97445,21178,38,40
2021-07-24T23:59:59+02:00,1934,1829,29100,28493,46970,41894,49108,47837,60110,60482,70740,71487,52384,57915,36548,47204,11492,21833,146,130,13655,13164,27696,25414,31010,31443,48300,49548,62823,64384,49396,54637,35114,45266,11055,20940,535768,403017,75954,63458,105439,97444,20162,38,40
2021-07-23T23:59:59+02:00,1819,1709,28770,28167,46727,41738,48854,47624,59858,60296,70537,71360,52309,57844,36529,47168,11488,21824,136,122,13402,12930,27264,25095,30627,31134,47695,49061,62494,64145,49312,54571,35092,45223,11050,20931,534766,400588,75579,63404,105428,97441,18811,38,40
2021-07-22T23:59:59+02:00,1807,1702,28689,28087,46587,41598,48638,47412,59680,60152,70418,71231,52266,57807,36513,47151,11488,21824,118,117,13173,12665,26926,24762,30273,30814,45766,47498,61688,63444,49216,54469,35054,45179,11047,20921,534449,393873,74430,63253,105384,97214,18750,38,40
2021-07-21T23:59:59+02:00,1773,1660,28427,27880,46199,41260,48045,46856,59095,59673,69962,70842,52095,57647,36455,47093,11479,21811,103,107,12749,12215,26342,24219,29697,30246,42030,44251,60201,62171,49047,54288,34990,45096,11037,20894,533891,382208,71159,62734,105230,96766,17935,38,40
2021-07-20T23:59:59+02:00,1750,1645,28307,27744,46135,41202,47997,46817,59039,59625,69908,70796,52061,57619,36438,47068,11474,21804,87,80,12249,11679,25605,23528,29042,29495,38576,41257,58654,60706,48843,54065,34908,45003,11019,20874,533203,371792,71137,59354,105212,96644,17840,38,40
2021-07-19T23:59:59+02:00,1745,1644,28280,27704,46113,41190,47983,46805,59026,59609,69896,70794,52059,57615,36438,47064,11472,21804,86,78,12201,11646,25538,23492,29006,29461,38531,41224,58613,60679,48839,54057,34907,45000,11016,20873,533058,371465,71136,59338,105195,96589,17815,38,40
2021-07-18T23:59:59+02:00,1741,1637,28255,27679,46089,41180,47971,46796,59020,59600,69889,70786,52057,57614,36437,47063,11472,21803,86,77,12138,11620,25453,23449,28946,29428,38470,41197,58553,60637,48837,54052,34904,44999,11016,20873,532937,371124,71134,59307,105187,96470,17794,38,40
2021-07-17T23:59:59+02:00,1741,1635,28232,27665,46075,41168,47960,46791,59012,59594,69882,70782,52053,57610,36436,47063,11472,21803,84,75,12110,11606,25418,23413,28913,29409,38447,41179,58517,60613,48827,54044,34902,44999,11016,20873,532854,370872,71133,59303,105186,96466,17764,38,40
2021-07-16T23:59:59+02:00,1726,1614,27967,27472,45786,41002,47728,46622,58711,59392,69650,70641,51947,57539,36392,47027,11467,21801,84,72,11860,11411,25083,23172,28607,29180,38046,40904,58009,60190,48690,53931,34850,44949,11010,20869,532539,369665,71132,59299,105053,96190,15723,38,40
2021-07-15T23:59:59+02:00,1628,1501,27503,27087,45525,40767,47581,46509,58571,59279,69548,70555,51906,57497,36377,47004,11466,21794,76,65,11560,11180,24601,22833,28240,28910,37653,40623,55958,58142,48519,53729,34791,44865,11002,20858,530217,362712,71130,59206,105045,95978,15669,38,40
2021-07-14T23:59:59+02:00,1461,1369,26937,26548,45220,40476,47376,46324,58387,59082,69387,70409,51844,57438,36352,46974,11460,21789,70,57,11367,10985,24192,22476,27887,28590,37130,40221,54737,56961,48381,53578,34740,44801,10994,20836,527041,358991,71124,57535,105026,95832,15605,38,40
2021-07-13T23:59:59+02:00,1174,1064,25985,25653,44727,40064,47017,46003,58064,58797,69114,70163,51733,57312,36309,46919,11456,21774,58,42,11023,10643,23661,21923,27264,28000,35749,39030,50597,53052,48017,53190,34609,44651,10977,20807,521652,349700,71117,52326,105023,95728,15499,38,40
2021-07-12T23:59:59+02:00,710,667,24608,24400,44168,39578,46817,45788,57851,58603,68931,69993,51671,57221,36292,46893,11454,21766,50,39,10785,10534,23458,21783,27010,27864,35498,38860,50154,52631,47942,53104,34578,44615,10977,20801,515768,348228,71116,52297,105017,94644,15474,37,40
2021-07-11T23:59:59+02:00,707,662,24589,24379,44136,39556,46799,45775,57837,58590,68917,69990,51669,57218,36289,46889,11453,21766,48,39,10690,10445,23236,21656,26744,27765,35187,38778,49437,52144,46455,51515,34488,44507,10977,20799,515679,347714,71112,52249,105001,89514,15393,37,40
2021-07-10T23:59:59+02:00,705,657,24581,24373,44131,39547,46796,45772,57831,58589,68917,69989,51669,57218,36289,46889,11453,21766,45,38,10677,10434,23214,21635,26730,27754,35165,38773,49423,52139,46441,51499,34486,44506,10977,20799,515644,347605,71110,52248,104999,89459,15383,37,40
2021-07-09T23:59:59+02:00,698,647,24130,23913,43852,39306,46729,45712,57771,58548,68865,69964,51652,57205,36286,46881,11452,21765,45,38,10595,10263,23118,21446,26669,27544,35097,38556,49357,52035,46419,51474,34482,44503,10977,20798,513881,346367,71106,52235,104992,89413,15361,37,40
2021-07-08T23:59:59+02:00,632,581,23043,22911,43055,38707,46479,45510,57564,58405,68668,69825,51574,57139,36258,46858,11450,21757,40,33,10336,10073,22741,21190,26272,27278,34617,38242,48746,51511,46081,51107,34412,44425,10970,20776,509211,342778,71079,52082,104934,88794,15156,37,40
2021-07-07T23:59:59+02:00,579,535,21722,21523,42316,38020,46254,45288,57324,58213,68502,69664,51490,57056,36221,46804,11442,21743,33,29,9963,9764,21866,20597,25160,26485,32780,36872,47826,50622,45581,50569,34305,44285,10961,20758,503830,337834,70906,47698,104913,87874,15011,37,39
2021-07-06T23:59:59+02:00,522,472,20488,20243,41461,37375,45777,44936,56928,57907,68174,69407,51391,56930,36177,46753,11434,21734,25,24,9570,9384,20997,20000,24194,25826,31294,35677,46624,49418,44799,49783,34169,44109,10948,20738,499349,330484,68971,45597,104893,86599,14860,37,39
2021-07-05T23:59:59+02:00,485,444,19076,18869,40595,36572,45560,44709,56744,57704,68013,69280,51335,56874,36156,46724,11432,21727,23,20,9277,9128,20439,19614,23525,25403,30654,35249,45865,48800,44044,48992,34039,43920,10939,20726,493622,324691,68969,45575,104886,85565,14787,36,39
2021-07-04T23:59:59+02:00,478,438,17286,16867,40255,36344,45472,44634,56658,57635,67933,69211,51303,56848,36146,46703,11430,21725,23,20,9215,9075,20299,19551,23353,25325,30395,35171,45070,48670,42678,47639,33960,43846,10937,20720,488798,324230,68943,45530,104871,81430,14718,36,39
2021-07-03T23:59:59+02:00,478,436,17264,16836,40206,36297,45453,44617,56653,57630,67926,69204,51301,56845,36146,46703,11430,21724,22,20,9171,9031,20231,19482,23291,25259,30312,35091,44849,48494,42609,47563,33915,43787,10934,20720,488602,323264,68941,45529,104870,81249,14700,36,39
2021-07-02T23:59:59+02:00,458,413,17147,16725,39741,35914,45337,44517,56599,57589,67878,69173,51289,56840,36140,46691,11430,21723,22,18,9009,8858,19906,19199,22899,24880,29894,34675,44222,47847,42405,47334,33816,43651,10928,20716,487092,320250,68923,44494,104868,80812,14685,36,38
2021-07-01T23:59:59+02:00,406,373,16839,16441,38005,34582,44763,44017,56338,57379,67703,69004,51209,56749,36112,46653,11426,21715,17,13,8632,8459,19043,18486,21929,24025,28509,33481,41189,44872,41407,46249,33201,42924,10911,20687,481607,312739,68847,39612,104846,77267,14378,36,38
2021-06-30T23:59:59+02:00,358,328,16549,16194,35821,32759,44140,43388,56113,57184,67499,68812,51128,56657,36083,46599,11422,21699,16,12,8271,8125,18368,17858,21039,23192,27228,32214,36541,39999,40326,45101,32540,42135,10890,20660,474768,302227,68802,33581,104826,74368,14301,36,38
2021-06-29T23:59:59+02:00,318,291,16323,15993,34826,31677,43688,42943,55931,57020,67327,68663,51052,56584,36044,46555,11414,21692,14,9,7687,7518,17237,16928,19781,21975,25526,30532,33795,36869,37474,42052,31796,41242,10867,20622,470563,286005,68794,33532,104812,68214,14136,36,37
2021-06-28T23:59:59+02:00,309,269,16172,15833,33115,30269,43367,42649,55765,56879,67211,68556,51006,56532,36026,46534,11411,21680,13,7,7383,7260,16680,16551,19388,21660,25018,30144,33205,36367,36095,40560,31008,40307,10863,20611,466146,282956,68769,33480,104791,62806,13841,36,37
2021-06-27T23:59:59+02:00,309,269,16151,15807,32964,30182,43304,42622,55729,56870,67185,68548,51002,56528,36023,46533,11411,21679,12,7,7339,7231,16544,16484,19224,21597,24818,30070,32977,36227,34835,39285,29378,38383,10862,20610,465827,282785,68765,33441,104785,55917,13703,36,37
2021-06-26T23:59:59+02:00,307,267,16127,15779,32940,30164,43258,42578,55704,56854,67179,68545,51001,56527,36021,46532,11411,21679,11,7,7335,7218,16524,16473,19208,21586,24785,30047,32957,36207,34821,39271,29376,38380,10862,20610,465589,282586,68761,33441,104785,55912,13702,36,37
2021-06-25T23:59:59+02:00,300,265,16066,15728,32818,30063,43064,42417,55647,56808,67137,68521,50991,56516,36017,46531,11411,21679,11,7,7146,6940,16239,15965,18939,20930,24415,29114,32568,35483,34659,39053,29353,38349,10862,20610,464739,279895,68757,33430,104768,53602,13679,36,37
2021-06-24T23:59:59+02:00,279,252,15792,15522,32362,29773,41594,41172,55180,56452,66904,68360,50936,56460,36001,46503,11406,21669,10,7,6824,6706,15539,15517,17486,19908,22331,27553,31466,34586,34253,38625,29229,38167,10850,20595,460165,270163,68752,33380,104764,53172,12900,36,37
2021-06-23T23:59:59+02:00,264,235,15510,15228,31856,29372,39491,39348,54636,55908,66653,68140,50847,56351,35961,46457,11401,21656,9,5,6618,6540,15175,15241,16959,19459,21446,26751,29763,33219,33495,37769,29037,37926,10843,20580,453094,262330,68701,33288,104759,52456,12724,36,37
2021-06-22T23:59:59+02:00,242,200,15128,14834,31191,28738,36055,36301,53723,55104,66351,67835,50740,56229,35922,46400,11397,21642,6,4,6435,6326,14771,14911,16154,18739,20028,25436,28156,31562,32693,36792,28497,37320,10825,20548,442159,252205,68668,33203,104752,51341,12417,36,37
2021-06-21T23:59:59+02:00,227,194,14884,14656,30504,28274,33894,34336,53258,54677,66171,67717,50659,56155,35896,46378,11392,21637,6,4,6338,6242,14610,14791,15982,18601,19906,25323,28046,31474,32537,36652,27286,36081,10825,20545,435325,251515,68646,33154,104721,48362,12181,36,37
2021-06-20T23:59:59+02:00,220,193,14759,14566,28602,26934,33284,33887,53169,54582,66102,67680,50636,56127,35888,46374,11391,21635,6,4,5881,5942,13663,14150,15148,18008,19349,24966,27729,31271,32370,36469,27259,36050,10823,20541,430940,246489,68642,33119,104718,48290,11694,35,37
2021-06-19T23:59:59+02:00,214,188,14734,14533,28485,26849,33255,33860,53147,54566,66086,67669,50630,56118,35886,46369,11390,21633,6,4,5668,5782,13102,13741,14540,17528,19020,24764,27534,31100,32291,36369,27242,36036,10823,20541,430530,242964,68640,33114,104718,48287,11689,35,37
2021-06-18T23:59:59+02:00,212,179,14644,14449,28378,26779,32004,32957,52780,54259,65952,67575,50599,56084,35868,46343,11386,21629,6,4,5601,5704,13001,13656,14374,17401,18784,24535,26714,30432,32084,36132,27176,35960,10819,20534,430022,240010,65674,33000,104708,48232,11638,35,37
2021-06-17T23:59:59+02:00,198,163,14267,14184,27788,26526,31516,32696,51992,53693,65527,67309,50518,55983,35834,46302,11380,21616,5,4,5220,5446,12218,13181,13585,16789,17693,23606,24554,28469,31442,35395,26977,35683,10802,20519,426814,230987,65667,32722,104684,47549,10293,34,37
2021-06-16T23:59:59+02:00,169,135,13838,13777,27325,26169,31071,32340,51180,52991,65072,66919,50399,55863,35805,46245,11369,21604,5,4,4853,5008,11501,12511,12791,16093,16589,22482,21581,25602,30370,34186,26679,35279,10787,20478,421947,216925,65621,32693,104676,47152,9993,34,36
2021-06-15T23:59:59+02:00,106,82,13205,13151,26580,25591,30292,31745,49928,51926,64359,66394,50221,55665,35738,46133,11360,21585,5,4,4355,4380,10536,11574,11636,14713,14859,20779,18147,22294,28996,32748,26292,34757,10762,20434,414234,198296,65601,32575,104671,46843,9521,34,36
2021-06-14T23:59:59+02:00,76,61,12799,12777,26168,25266,29630,31278,48136,50456,63308,65561,50005,55439,35661,46057,11352,21573,5,4,4254,4324,10359,11441,11494,14581,14681,20656,17953,22134,28923,32667,26274,34729,10758,20431,406359,197850,65591,32303,104671,46531,8948,34,36
2021-06-13T23:59:59+02:00,75,60,12755,12733,26097,25230,29567,31252,48083,50431,63273,65537,49999,55436,35659,46053,11351,21570,5,4,4098,4245,10031,11310,11171,14470,14383,20543,17552,21789,27409,31023,26134,34534,10754,20420,406156,197098,65515,27627,104664,46322,8792,34,36
2021-06-12T23:59:59+02:00,75,59,12737,12716,26081,25220,29555,31239,48023,50360,63231,65502,49998,55433,35659,46053,11351,21570,5,4,4095,4236,10016,11293,11162,14455,14364,20526,17530,21780,27368,30978,26129,34529,10754,20420,405859,196910,65515,27625,104662,46281,8792,34,36
2021-06-11T23:59:59+02:00,73,56,12636,12589,25954,25105,29432,31113,47785,50133,63099,65383,49974,55407,35648,46042,11349,21568,5,4,4002,3964,9498,10103,10733,13545,14076,19970,17257,21303,26960,30554,26037,34447,10751,20418,404583,195865,65505,27620,104621,41503,8603,34,36
2021-06-10T23:59:59+02:00,65,49,12394,12369,25630,24820,29086,30844,46709,49117,62365,64813,49889,55311,35614,45990,11339,21555,5,3,3732,3598,8730,8858,9841,11905,12771,17205,15464,17694,25235,28630,25741,34140,10745,20394,399693,190331,65448,27181,104418,28778,8366,34,35
2021-06-09T23:59:59+02:00,51,37,12100,12045,25221,24414,28688,30451,44695,47293,61275,63875,49784,55188,35568,45936,11334,21537,5,3,3482,3473,8305,8606,9328,11585,12254,16812,14751,17094,21397,24306,25514,33838,10733,20368,391705,178734,65321,26832,104416,28239,8016,34,33
2021-06-08T23:59:59+02:00,45,26,11668,11504,24553,23790,28029,29786,41522,44448,59497,62239,49613,54996,35494,45845,11324,21515,5,3,3272,3337,7905,8350,8708,11212,11591,16393,14092,16448,16013,18343,25122,33313,10715,20338,379017,163521,65258,26498,104406,27933,7179,34,29
2021-06-07T23:59:59+02:00,40,19,11504,11307,24203,23513,27744,29578,38895,42519,59069,61877,49579,54965,35482,45824,11322,21509,5,3,3176,3266,7599,8178,8388,11035,11017,15941,13587,15969,15935,18263,25091,33262,10713,20331,373353,163200,64831,24673,104397,27523,6334,34,29
2021-06-06T23:59:59+02:00,37,18,11368,11202,23880,23282,27532,29406,37300,41335,58944,61799,49555,54936,35474,45810,11322,21507,5,3,3076,3214,7323,8089,8120,10866,10277,15259,12987,15347,15783,18151,25077,33239,10711,20331,372946,163082,61453,21507,104386,27353,5888,34,28
2021-06-05T23:59:59+02:00,35,17,11349,11182,23836,23243,27497,29379,37271,41321,58844,61715,49545,54929,35472,45808,11322,21504,5,3,3063,3202,7299,8055,8089,10848,10245,15244,12942,15324,15661,17986,25072,33231,10710,20330,372603,162642,61450,21506,104386,27337,5796,34,28
2021-06-04T23:59:59+02:00,35,15,11167,10923,23477,22777,27219,28983,36843,40873,58223,61175,49511,54888,35462,45790,11320,21498,5,2,3039,3187,7270,8036,8065,10829,10214,15220,12907,15290,15449,17779,25061,33210,10708,20329,370805,162054,59180,21493,104372,27239,5788,34,26
2021-06-03T23:59:59+02:00,33,14,10948,10706,23016,22386,26792,28649,35743,40047,55461,58826,49381,54728,35419,45726,11315,21483,5,2,2947,3109,7061,7881,7609,10532,9183,14587,11655,14583,14263,16305,24882,32992,10696,20310,366852,158686,54258,17758,104321,26925,5208,34,25
2021-06-02T23:59:59+02:00,33,14,10910,10669,22979,22353,26757,28622,35708,40006,55332,58668,49367,54703,35413,45719,11315,21482,5,2,2905,3079,7005,7860,7547,10496,9025,14546,11427,14519,12905,14817,24764,32819,10692,20303,366254,154850,54252,17747,104320,26903,5191,33,25
2021-06-01T23:59:59+02:00,20,7,10493,10320,22322,21842,26072,28041,34987,39426,52329,55520,48978,54295,35294,45555,11299,21456,5,2,2449,2721,5651,7179,6273,9920,7626,13874,10291,13556,8591,9245,24284,32137,10669,20250,355490,136636,54069,17377,104301,26322,4363,33,25
2021-05-31T23:59:59+02:00,19,6,10214,10090,21746,21447,25663,27792,34664,39223,50877,54122,48879,54171,35260,45515,11292,21448,5,2,2338,2602,5361,6937,6009,9699,7261,13634,10033,13395,8540,9183,24258,32088,10661,20237,350750,135860,54024,17256,104276,25757,3345,33,25
2021-05-30T23:59:59+02:00,18,6,10157,10041,21653,21407,25598,27758,34552,39153,50511,53780,48854,54146,35254,45509,11290,21445,5,2,2301,2572,5256,6858,5909,9631,7073,13546,9806,13298,8494,9133,24242,32081,10660,20232,349560,135264,54003,17082,104260,25452,3276,33,25
2021-05-29T23:59:59+02:00,17,6,10143,10029,21619,21387,25581,27745,34531,39140,50498,53762,48850,54142,35251,45508,11290,21445,5,2,2281,2520,5213,6731,5849,9500,6956,13348,9667,13076,8423,9041,24175,32014,10659,20231,349402,134982,54003,17030,104239,24387,3267,33,25
2021-05-28T23:59:59+02:00,17,6,10083,9959,21542,21275,25500,27624,34453,39040,50418,53664,48828,54124,35242,45500,11290,21441,5,2,2199,2254,4599,6196,5226,8781,6589,12385,9171,12082,8245,8842,23803,31533,10658,20228,348544,133479,53990,16933,104180,19102,3260,32,24
2021-05-27T23:59:59+02:00,16,6,9815,9712,21015,20899,24956,27263,33929,38662,49804,53054,48657,53933,35172,45426,11286,21421,3,2,1957,1988,4023,5678,4549,8180,6080,11615,8223,10756,7739,8181,22236,29378,10642,20206,344257,127805,53579,15800,104074,14723,3084,32,24
2021-05-26T23:59:59+02:00,16,6,9539,9464,20296,20334,24082,26592,32665,37636,49040,52348,48403,53644,35096,45315,11274,21397,3,1,1900,1915,3925,5551,4416,8016,5871,11354,7896,10371,7177,7455,19793,25944,10622,20162,339540,119299,50608,15547,104021,14557,2946,32,23
2021-05-25T23:59:59+02:00,15,6,9274,9228,19884,19978,23643,26200,32153,37118,48146,51369,48105,53325,35008,45173,11262,21368,3,1,1834,1865,3806,5452,4276,7867,5662,11129,7581,10048,6551,6613,15650,20548,10602,20104,333946,107056,50526,15504,103949,14207,2802,32,23
2021-05-24T23:59:59+02:00,14,6,9058,9069,19315,19686,22869,25812,30644,36104,47921,51198,48013,53225,34979,45143,11260,21367,3,1,1808,1847,3760,5420,4211,7825,5596,11069,7504,9991,6525,6588,15636,20539,10602,20104,332362,106935,46732,15490,103888,13913,2669,32,22
2021-05-23T23:59:59+02:00,14,6,8850,8862,18959,19395,22446,25464,30222,35783,47330,50685,47580,52770,34876,44997,11252,21358,3,1,1806,1846,3750,5415,4206,7819,5585,11061,7493,9982,6520,6577,15636,20537,10602,20104,327535,106873,46730,15488,103886,13894,2666,32,22
2021-05-22T23:59:59+02:00,14,6,8819,8825,18908,19352,22399,25432,30169,35752,47223,50615,47561,52747,34873,44988,11249,21358,3,1,1805,1842,3737,5403,4202,7813,5580,11054,7486,9978,6517,6574,15633,20536,10602,20104,326990,106835,46730,15488,103885,13872,2653,32,22
2021-05-21T23:59:59+02:00,13,6,8543,8470,18468,18838,22036,24786,29741,34943,46736,49948,47472,52622,34835,44945,11246,21353,3,1,1740,1801,3660,5364,4157,7777,5547,11007,7444,9929,6487,6548,15555,20439,10601,20103,321779,106516,46699,15487,103861,13508,2630,32,22
2021-05-20T23:59:59+02:00,12,6,7970,7926,17523,18044,21029,23872,28420,33739,44989,48123,47032,52160,34727,44789,11228,21334,3,1,1439,1637,3350,5074,3891,7389,5247,10528,7061,9475,6252,6290,14235,18891,10577,20064,310174,102743,46611,15001,103633,11165,2473,32,22
2021-05-19T23:59:59+02:00,12,6,7705,7612,16919,17442,20126,22994,27188,32477,43192,46033,46501,51604,34577,44567,11207,21302,3,1,1373,1551,3151,4860,3682,7135,5021,10176,6764,9145,5968,5956,12017,16030,10559,20003,299020,96483,46570,14524,103587,10112,2255,32,21
2021-05-18T23:59:59+02:00,11,6,7179,7074,15766,16419,18855,21746,25681,30846,40503,42800,45671,50657,34341,44263,11182,21260,3,1,1350,1525,3091,4789,3607,7014,4886,10044,6583,8933,5702,5678,10308,13850,10535,19949,283235,91331,45366,14473,103479,9874,2149,31,21
2021-05-17T23:59:59+02:00,11,6,7101,7011,15582,16308,18638,21578,25280,30518,38753,41162,45560,50576,34293,44198,11172,21236,3,1,1317,1502,3034,4742,3542,6955,4816,9940,6488,8832,5660,5638,10294,13832,10531,19941,283011,91258,40600,14192,103435,9690,1907,30,21
2021-05-16T23:59:59+02:00,10,5,6986,6958,15461,16220,18508,21471,25099,30403,35770,38393,45524,50541,34271,44174,11169,21231,3,1,1294,1483,2990,4702,3494,6897,4732,9870,6394,8753,5629,5601,10282,13816,10529,19938,282727,91210,34450,13926,103315,9579,1672,30,21
2021-05-15T23:59:59+02:00,10,5,6961,6928,15400,16162,18462,21429,25031,30358,35734,38352,45501,50514,34264,44169,11169,21231,3,1,1281,1458,2958,4631,3475,6828,4713,9789,6371,8702,5623,5597,10277,13815,10529,19938,282241,91153,34449,13922,103301,9234,1659,30,21
2021-05-14T23:59:59+02:00,10,4,6788,6557,15052,15667,18148,21008,24693,29897,35489,38002,45472,50483,34254,44164,11169,21229,3,1,1222,1398,2878,4528,3424,6725,4649,9638,6288,8572,5594,5552,10264,13805,10529,19937,281174,91066,34298,13901,100990,8426,1594,30,20
2021-05-13T23:59:59+02:00,10,4,6433,6229,14296,15086,17437,20375,23833,29154,34720,37330,45185,50139,34175,44041,11165,21218,3,1,1051,1312,2683,4415,3307,6603,4507,9466,6165,8426,5551,5513,10247,13788,10525,19932,274758,90907,33965,13820,100774,7445,1305,28,18
2021-05-12T23:59:59+02:00,10,4,6035,5957,13324,14414,16416,19571,23168,28717,34412,37046,45003,49943,34144,44010,11162,21215,3,1,1048,1310,2676,4407,3289,6598,4502,9456,6156,8421,5543,5506,10244,13783,10523,19931,268509,90842,33954,13808,100770,7440,1290,28,17
2021-05-11T23:59:59+02:00,10,4,5657,5732,12734,13963,14614,18129,20215,26192,32097,34718,43948,48684,33819,43538,11133,21165,3,0,986,1235,2558,4232,3179,6359,4384,9166,6039,8195,5471,5426,10202,13721,10515,19913,251217,90360,33675,13591,100324,6509,1108,28,16
2021-05-10T23:59:59+02:00,10,4,5507,5633,12462,13836,14259,17904,19411,25622,30722,33695,43417,48069,33761,43449,11125,21146,3,0,943,1176,2459,4067,3085,6158,4259,8903,5916,7996,5433,5393,10190,13704,10511,19904,245734,90247,33463,13531,100013,5512,794,28,16
2021-05-09T23:59:59+02:00,10,4,5104,5394,11276,13308,13258,17542,18383,25290,30177,33405,43361,47996,33735,43435,11122,21138,3,0,918,1144,2361,3960,2996,6020,4127,8727,5822,7892,5424,5379,10183,13699,10506,19900,240412,90199,33390,13489,99672,4922,436,28,15
2021-05-08T23:59:59+02:00,10,4,5092,5386,11254,13288,13232,17523,18353,25258,30136,33361,43353,47985,33734,43431,11122,21138,3,0,914,1137,2348,3953,2991,6020,4123,8721,5819,7889,5421,5376,10180,13694,10506,19900,240142,90173,33388,13489,99671,4887,431,28,15
2021-05-07T23:59:59+02:00,10,4,4991,5303,11025,13120,12945,17302,17746,24658,29186,32467,43159,47744,33678,43359,11118,21132,3,0,884,1106,2314,3898,2948,5970,4070,8667,5735,7836,5374,5328,10167,13685,10506,19899,237636,90037,31499,13485,99563,4631,222,27,15
2021-05-06T23:59:59+02:00,10,4,4578,5018,10355,12703,12186,16635,16149,23214,26639,30074,42458,46995,33511,43122,11102,21111,3,0,825,1050,2180,3651,2779,5660,3875,8193,5536,7513,5322,5274,10144,13657,10504,19893,228867,89852,28157,13171,98749,2957,64,27,15
2021-05-05T23:59:59+02:00,10,4,4269,4788,9753,12258,11466,16051,15048,22186,23786,27312,41476,45889,33228,42736,11084,21069,3,0,809,1026,2117,3526,2721,5504,3781,7982,5440,7377,5272,5219,10107,13617,10502,19890,215831,89585,27974,13033,98528,2206,54,26,15
2021-05-04T23:59:59+02:00,10,4,3920,4336,9087,11566,10694,15211,13744,20933,20181,23903,40128,44428,32854,42212,11061,21030,3,0,791,995,2048,3410,2650,5369,3688,7829,5343,7253,5233,5173,10076,13588,10500,19887,198774,89360,27956,12734,98500,1680,47,25,15
2021-05-03T23:59:59+02:00,10,4,3677,3917,8679,11073,10213,14586,13210,20278,19456,23254,39861,44176,32775,42108,11058,21015,3,0,777,965,1980,3309,2591,5261,3627,7714,5291,7166,5217,5160,10060,13570,10497,19882,192915,89214,27944,12723,98436,1088,30,25,15
2021-05-02T23:59:59+02:00,10,4,3675,3915,8658,11063,10203,14576,13189,20266,19438,23243,39858,44175,32774,42107,11057,21015,3,0,773,948,1949,3228,2544,5165,3580,7589,5271,7101,5213,5156,10059,13566,10497,19880,192818,89195,27930,12691,98429,598,24,25,14
2021-05-01T23:59:59+02:00,10,4,3672,3907,8645,11049,10194,14565,13181,20264,19425,23234,39858,44172,32773,42107,11057,21015,3,0,772,948,1948,3228,2543,5165,3580,7589,5271,7101,5213,5156,10059,13566,10496,19880,192727,89194,27928,12689,98429,598,23,25,14
2021-04-30T23:59:59+02:00,10,3,3649,3882,8600,11014,10150,14526,13119,20225,19323,23081,39589,43849,32752,42086,11056,21015,3,0,767,943,1933,3220,2542,5157,3577,7582,5269,7094,5210,5153,10055,13565,10496,19880,191800,89167,27659,12686,98423,557,22,25,14
2021-04-29T23:59:59+02:00,10,3,3379,3708,8163,10741,9602,14241,12619,19860,18585,22350,36525,40398,32490,41720,11045,20979,3,0,754,929,1884,3159,2492,5091,3511,7442,5178,6994,5170,5118,10032,13522,10494,19874,186238,88960,21822,12530,98315,124,19,24,14
2021-04-28T23:59:59+02:00,10,3,3212,3642,7896,10630,9206,14066,12239,19625,18100,21916,32739,36081,32272,41418,11032,20957,3,0,737,913,1858,3120,2447,5043,3473,7385,5113,6930,5104,5056,9980,13463,10491,19864,175068,88747,21668,12090,98270,116,14,24,13
2021-04-27T23:59:59+02:00,9,3,3131,3576,7634,10501,8854,13892,11754,19400,17620,21424,27170,29886,31896,40911,11011,20924,3,0,727,899,1826,3083,2411,4997,3419,7326,5058,6854,5054,4986,9945,13410,10487,19855,159706,88533,21646,11668,98206,113,14,24,12
2021-04-26T23:59:59+02:00,9,3,3074,3540,7490,10437,8686,13832,11523,19334,17095,21037,27133,29852,31882,40896,11011,20924,3,0,704,867,1757,3024,2343,4941,3351,7234,4960,6749,4954,4911,9867,13326,10485,19852,159119,88400,21428,10790,97174,112,14,23,12
2021-04-25T23:59:59+02:00,9,3,3037,3523,7330,10386,8450,13782,11191,19291,16261,20568,25579,28188,31828,40832,11011,20921,3,0,704,866,1751,3019,2335,4938,3345,7226,4956,6740,4950,4906,9859,13315,10485,19852,158634,88376,21419,10752,92100,96,14,23,12
2021-04-24T23:59:59+02:00,9,3,3033,3517,7315,10371,8438,13774,11177,19281,16239,20550,25533,28125,31825,40826,11010,20920,3,0,704,866,1751,3018,2335,4938,3344,7226,4956,6740,4950,4904,9857,13314,10485,19852,158422,88369,21415,10752,92072,96,14,23,12
2021-04-23T23:59:59+02:00,9,3,3015,3500,7275,10327,8391,13732,11110,19222,16178,20485,25112,27621,31792,40770,11007,20917,3,0,694,858,1733,3009,2319,4909,3293,7188,4856,6643,4810,4781,9685,13115,10479,19837,157233,88075,21278,10017,91918,95,14,23,11
2021-04-22T23:59:59+02:00,8,3,2934,3421,7081,10141,7852,13325,9900,18424,14621,19436,23094,25186,31579,40501,10988,20887,3,0,629,808,1619,2897,2192,4743,3133,7015,4672,6442,4653,4607,9173,12457,10442,19758,152416,86154,15978,8988,90953,76,14,20,11
2021-04-21T23:59:59+02:00,8,3,2882,3373,6958,10054,7641,13169,9532,18183,14149,18989,20579,22050,31278,40112,10969,20861,3,0,580,783,1539,2818,2105,4652,3006,6872,4509,6278,4469,4427,8601,11688,10396,19665,145408,84348,15204,7950,90144,68,14,20,11
2021-04-20T23:59:59+02:00,8,3,2842,3334,6851,9965,7503,13057,9280,17965,13656,18597,17187,17985,30964,39638,10952,20827,3,0,550,748,1467,2754,2018,4571,2903,6750,4374,6117,4280,4231,7731,10468,10326,19514,136548,81404,14960,7315,89072,63,14,20,9
2021-04-19T23:59:59+02:00,8,3,2827,3325,6804,9925,7450,13021,9204,17892,13517,18479,16853,17603,30930,39602,10950,20822,3,0,491,708,1346,2658,1918,4473,2768,6591,4176,5926,4025,3930,5874,8019,10107,19109,136224,75514,14764,6527,88193,59,14,20,8
2021-04-18T23:59:59+02:00,8,3,2811,3311,6726,9899,7345,12970,9006,17825,12677,18349,15440,16195,30862,39540,10946,20815,3,0,485,702,1335,2650,1903,4462,2735,6562,4115,5875,3949,3859,5459,7386,10059,19025,136002,74008,14621,6479,84071,55,14,20,8
2021-04-17T23:59:59+02:00,8,3,2801,3307,6708,9876,7315,12949,8974,17786,12644,18329,15388,16145,30808,39468,10945,20815,3,0,485,699,1335,2648,1902,4458,2731,6557,4112,5871,3948,3857,5454,7385,10058,19024,135647,73971,14620,6479,83968,55,14,20,8
2021-04-16T23:59:59+02:00,8,3,2788,3293,6674,9861,7262,12909,8899,17734,12536,18225,15140,15863,30289,38819,10942,20807,3,0,484,696,1330,2643,1893,4456,2725,6551,4104,5863,3942,3851,5437,7356,10056,19022,134115,73869,14612,6468,83292,53,14,19,8
2021-04-15T23:59:59+02:00,8,3,2734,3238,6542,9763,7072,12730,8556,17461,12059,17759,14080,14641,28164,36008,10923,20784,3,0,475,690,1326,2617,1879,4432,2702,6522,4061,5811,3885,3776,5404,7302,10048,19009,128179,73547,14336,6331,79978,43,13,19,8
2021-04-14T23:59:59+02:00,7,1,2678,3186,6448,9668,6926,12570,8282,17193,11625,17298,12897,13257,23444,29928,10902,20728,3,0,471,683,1312,2607,1866,4413,2680,6497,4019,5773,3837,3723,5341,7246,10017,18971,115778,73241,14302,6175,76927,23,13,18,7
2021-04-13T23:59:59+02:00,7,1,2627,3150,6320,9583,6773,12435,8004,16942,11199,16873,10234,10333,20356,25755,10879,20684,3,0,454,659,1265,2564,1815,4350,2572,6396,3837,5610,3625,3538,5191,7107,10008,18948,107330,72891,14108,5012,70686,19,13,18,7
2021-04-12T23:59:59+02:00,7,1,2606,3136,6260,9554,6666,12349,7811,16813,10950,16663,8871,8838,19534,24780,10877,20675,3,0,448,651,1246,2547,1798,4325,2538,6356,3787,5558,3561,3490,5156,7066,10003,18926,107200,72752,14053,4671,65107,16,13,18,7
2021-04-11T23:59:59+02:00,7,1,2578,3126,6163,9528,6549,12312,7646,16762,10749,16560,7593,7560,17803,22802,10875,20672,3,0,447,651,1245,2545,1798,4324,2538,6356,3783,5553,3556,3489,5150,7064,10003,18926,107127,72739,14046,4659,58083,14,12,18,7
2021-04-10T23:59:59+02:00,7,1,2577,3124,6154,9523,6540,12307,7640,16757,10742,16552,7584,7548,17793,22795,10875,20672,3,0,447,647,1242,2542,1797,4321,2536,6352,3780,5552,3547,3475,5142,7049,10003,18926,107042,72677,14046,4652,58074,14,11,18,7
2021-04-09T23:59:59+02:00,7,1,2515,3025,6018,9316,6385,12045,7382,16350,10429,16056,7426,7343,17676,22616,10874,20670,3,0,442,642,1224,2529,1771,4303,2503,6301,3701,5470,3429,3365,5000,6953,9998,18924,106564,72586,14016,3942,55525,12,11,18,7
2021-04-08T23:59:59+02:00,7,1,2436,2953,5923,9196,6282,11915,7210,16165,10173,15867,7228,7083,16407,21155,10863,20639,3,0,435,636,1208,2495,1745,4266,2474,6229,3647,5404,3351,3318,4919,6848,9976,18878,102899,72133,13662,3671,54914,11,10,18,7
2021-04-07T23:59:59+02:00,7,1,2409,2917,5850,9124,6189,11840,7077,16064,9930,15716,6929,6756,14079,18203,10842,20592,3,0,429,634,1197,2482,1732,4242,2460,6189,3579,5345,3278,3265,4860,6786,9967,18848,96724,71846,13501,3423,54275,10,10,15,7
2021-04-06T23:59:59+02:00,7,1,2392,2887,5753,9057,6099,11760,6923,15951,9690,15534,6572,6393,11966,15584,10815,20533,3,0,425,627,1189,2455,1721,4219,2434,6151,3514,5281,3192,3215,4814,6733,9961,18830,91663,71600,13201,3139,53030,10,8,15,7
2021-04-05T23:59:59+02:00,7,1,2384,2877,5734,9040,6088,11741,6907,15931,9670,15507,6446,6293,10688,14287,10814,20532,3,0,421,620,1185,2440,1715,4203,2418,6119,3481,5240,3163,3177,4793,6688,9954,18812,91578,71407,13164,3002,50183,9,7,15,7
2021-04-04T23:59:59+02:00,7,1,2384,2876,5731,9036,6086,11741,6905,15931,9668,15506,6441,6288,10688,14285,10814,20532,3,0,421,619,1185,2439,1715,4203,2417,6119,3481,5240,3162,3177,4790,6688,9953,18811,91568,71399,13161,3001,50170,9,7,14,7
2021-04-03T23:59:59+02:00,7,1,2381,2869,5724,9028,6080,11736,6901,15927,9665,15503,6438,6283,10681,14282,10814,20532,3,0,421,619,1185,2439,1715,4203,2417,6119,3481,5239,3162,3177,4790,6688,9953,18811,91509,71398,13159,3001,50163,9,7,14,7
2021-04-02T23:59:59+02:00,7,1,2379,2867,5719,9021,6078,11733,6897,15926,9661,15501,6434,6276,10666,14253,10813,20531,3,0,418,617,1184,2439,1714,4202,2415,6119,3480,5232,3137,3160,4780,6679,9953,18811,91424,71320,13156,3000,50162,9,7,14,7
2021-04-01T23:59:59+02:00,7,1,2358,2864,5688,8991,6035,11690,6856,15871,9606,15445,6340,6179,10370,13904,10790,20482,3,0,416,601,1181,2433,1707,4191,2399,6102,3453,5211,3071,3111,4717,6603,9875,18693,90433,70748,13133,2997,49891,9,6,14,7
2021-03-31T23:59:59+02:00,7,1,2325,2837,5613,8923,5966,11595,6754,15759,9472,15311,6197,6036,9818,13155,10743,20388,3,0,411,595,1175,2421,1701,4175,2392,6089,3433,5177,3039,3078,4667,6544,9817,18591,88441,70294,12917,2995,49524,9,4,14,6
2021-03-30T23:59:59+02:00,7,1,2305,2819,5566,8864,5903,11519,6680,15660,9375,15168,6009,5821,8905,11807,10665,20205,3,0,409,590,1171,2417,1688,4158,2373,6067,3399,5133,2981,3009,4576,6446,9685,18349,85342,69585,12537,2853,49385,9,3,12,4
2021-03-29T23:59:59+02:00,6,1,2238,2764,5464,8751,5793,11371,6512,15429,9139,14913,5648,5446,6952,9271,10438,19775,3,0,401,587,1160,2406,1674,4146,2347,6040,3369,5077,2911,2942,4453,6340,9477,18008,79216,68611,11729,2714,48952,9,3,11,4
2021-03-28T23:59:59+02:00,6,1,2216,2751,5420,8690,5718,11293,6424,15343,9021,14793,5522,5293,6303,8331,10371,19657,3,0,391,579,1144,2390,1647,4119,2300,5979,3313,4987,2827,2862,4339,6201,9401,17867,76899,68151,11470,2188,48770,5,3,11,2
2021-03-27T23:59:59+01:00,6,1,2215,2744,5411,8684,5714,11278,6409,15321,9010,14781,5494,5266,6292,8328,10371,19655,3,0,391,579,1142,2389,1646,4114,2296,5976,3304,4980,2821,2859,4323,6176,9319,17718,76791,67839,11470,2187,48705,5,3,11,2
2021-03-26T23:59:59+01:00,6,1,2198,2723,5374,8645,5675,11228,6332,15251,8860,14631,5328,5116,6121,8146,10368,19646,3,0,387,571,1134,2376,1630,4085,2268,5940,3270,4926,2760,2795,4134,5916,8602,16519,76443,65157,10633,2149,48561,5,3,9,2
2021-03-25T23:59:59+01:00,6,0,2081,2643,5196,8430,5473,10951,6124,14946,8619,14342,5164,4963,6024,8024,10365,19638,3,0,378,556,1114,2350,1607,4055,2222,5882,3195,4847,2661,2688,3756,5420,7439,14745,75983,60981,9677,1929,47318,4,2,9,2
2021-03-24T23:59:59+01:00,6,0,1997,2595,5045,8269,5311,10758,5958,14707,8412,14111,5024,4804,5910,7906,10359,19627,3,0,374,544,1101,2322,1574,4000,2163,5816,3106,4747,2524,2574,3324,4801,6019,12495,75601,55901,8515,1578,46672,4,2,9,2
2021-03-23T23:59:59+01:00,6,0,1920,2544,4934,8146,5210,10617,5837,14515,8293,13942,4941,4720,5843,7846,10352,19608,3,0,363,518,1082,2287,1541,3942,2119,5726,3024,4655,2435,2480,2870,4156,4066,9209,75205,49040,7768,1429,46290,3,2,9,2
2021-03-22T23:59:59+01:00,6,0,1858,2480,4796,8011,5075,10440,5676,14282,8101,13729,4834,4605,5773,7738,10335,19567,2,0,336,501,1054,2249,1496,3868,2053,5616,2922,4503,2318,2327,2337,3456,1463,4942,74701,40250,6730,1188,45865,1,2,8,2
2021-03-21T23:59:59+01:00,6,0,1856,2474,4785,7997,5061,10429,5660,14265,8071,13704,4812,4590,5756,7726,10330,19566,2,0,335,501,1049,2235,1487,3839,2035,5578,2896,4453,2277,2278,2295,3415,1446,4896,74676,40108,6678,904,45724,1,2,8,2
2021-03-20T23:59:59+01:00,6,0,1856,2474,4783,7996,5060,10427,5659,14264,8063,13698,4811,4588,5748,7717,10330,19566,2,0,335,500,1049,2235,1487,3839,2035,5578,2894,4452,2276,2275,2295,3415,1445,4896,74661,40104,6678,899,45697,1,2,8,2
2021-03-19T23:59:59+01:00,6,0,1803,2229,4275,6715,4652,9446,5388,13704,7842,13297,4684,4488,5678,7650,10329,19566,2,0,334,500,1049,2235,1487,3838,2034,5577,2893,4452,2274,2274,2289,3408,1443,4894,74597,40086,6666,892,40479,1,2,8,2
2021-03-18T23:59:59+01:00,6,0,1748,1977,3859,5658,4123,8070,4573,11162,6481,9960,4316,4186,5472,7426,10308,19528,2,0,333,497,1042,2222,1479,3813,2007,5538,2868,4428,2253,2258,2264,3379,1438,4885,74159,39893,6602,808,28083,1,2,7,2
2021-03-17T23:59:59+01:00,6,0,1742,1968,3847,5632,4106,8040,4549,11096,6430,9886,4277,4139,5428,7380,10300,19500,1,0,330,496,1038,2214,1473,3804,2000,5523,2858,4401,2226,2229,2242,3364,1431,4869,73888,39735,6537,759,27892,1,2,7,2
2021-03-16T23:59:59+01:00,6,0,1718,1935,3787,5550,4037,7934,4421,10934,6222,9688,4053,3949,5285,7221,10293,19476,1,0,327,492,1037,2195,1468,3791,1991,5507,2849,4381,2216,2214,2229,3334,1422,4838,73575,39558,5260,729,27665,1,2,7,2
2021-03-15T23:59:59+01:00,6,0,1708,1915,3763,5513,4011,7896,4370,10865,6143,9602,3966,3882,5228,7159,10284,19449,1,0,324,488,1028,2179,1460,3785,1975,5471,2831,4353,2201,2182,2204,3269,1411,4799,73342,39337,4892,621,27519,1,0,7,2
2021-03-14T23:59:59+01:00,6,0,1702,1905,3754,5503,4006,7880,4361,10834,6134,9579,3958,3871,5222,7151,10283,19447,1,0,324,488,1026,2179,1455,3782,1972,5469,2813,4347,2195,2179,2193,3258,1406,4797,73306,39329,4874,552,27409,1,0,7,2
2021-03-13T23:59:59+01:00,6,0,1698,1899,3739,5480,3999,7870,4341,10823,6120,9563,3955,3868,5219,7148,10283,19447,1,0,324,488,1026,2179,1455,3782,1972,5468,2813,4346,2194,2178,2193,3256,1397,4792,73281,39309,4869,552,27301,1,0,7,2
2021-03-12T23:59:59+01:00,5,0,1660,1841,3230,5334,3483,7753,4207,10698,5894,9272,3785,3721,5076,7035,10257,19399,1,0,319,466,1022,2149,1447,3757,1953,5397,2760,4262,2014,2024,2133,3207,1390,4786,73059,38541,4134,544,25450,0,0,7,2
2021-03-11T23:59:59+01:00,5,0,1553,1702,2848,5074,3045,7497,3926,10283,5261,8379,3557,3546,4967,6914,10217,19343,1,0,318,465,1019,2136,1444,3737,1946,5378,2751,4245,2007,2016,2118,3190,1385,4766,72474,38416,3868,504,21769,0,0,6,2
2021-03-10T23:59:59+01:00,5,0,1521,1668,2809,5029,3007,7438,3869,10195,5151,8262,3431,3440,4849,6800,10169,19276,1,0,316,464,1018,2133,1440,3726,1942,5364,2739,4224,1988,2008,2091,3157,1375,4751,72054,38328,3536,407,21323,0,0,6,2
2021-03-09T23:59:59+01:00,5,0,1511,1652,2772,5001,2985,7394,3830,10135,5069,8183,3330,3352,4765,6711,10060,19064,1,0,313,463,1014,2126,1433,3713,1916,5342,2697,4194,1945,1983,2037,3128,1363,4741,71445,38297,3264,110,21104,0,0,6,2
2021-03-08T23:59:59+01:00,5,0,1495,1637,2743,4972,2956,7363,3806,10087,5045,8121,3288,3312,4688,6647,9879,18760,1,0,312,463,1012,2122,1425,3697,1899,5308,2678,4166,1926,1964,2010,3105,1356,4722,70638,38146,3255,18,20905,0,0,6,2
2021-03-07T23:59:59+01:00,5,0,1482,1626,2713,4929,2921,7315,3770,10026,5003,8062,3253,3278,4622,6545,9801,18614,1,0,312,462,1011,2121,1424,3691,1896,5298,2677,4161,1922,1961,2006,3101,1352,4713,70096,38091,3201,16,20663,0,0,5,2
2021-03-06T23:59:59+01:00,5,0,1481,1625,2708,4917,2918,7306,3762,10019,4985,8046,3243,3268,4599,6506,9710,18442,1,0,312,462,1009,2118,1424,3689,1890,5289,2675,4159,1917,1953,2000,3099,1351,4710,69700,38041,3201,16,20634,0,0,5,1
2021-03-05T23:59:59+01:00,5,0,1408,1549,2609,4756,2861,7147,3677,9812,4885,7850,3193,3208,4379,6216,8990,17232,1,0,312,462,1007,2116,1420,3684,1888,5288,2672,4153,1909,1949,1995,3096,1346,4706,67008,37987,3198,16,19566,0,0,5,1
2021-03-04T23:59:59+01:00,5,0,1236,1443,2443,4556,2692,6876,3509,9468,4627,7508,3076,3082,4014,5757,7796,15388,1,0,310,454,998,2092,1404,3644,1860,5235,2644,4105,1881,1924,1962,3041,1318,4660,62743,37516,3195,16,17533,0,0,5,1
2021-03-03T23:59:59+01:00,5,0,1202,1389,2367,4448,2631,6753,3423,9301,4529,7365,2989,3012,3631,5151,6376,13154,1,0,306,445,987,2069,1392,3616,1846,5185,2589,4050,1831,1888,1934,3008,1302,4630,57595,37062,3167,16,16960,0,0,4,1
2021-03-02T23:59:59+01:00,5,0,1169,1350,2306,4389,2582,6661,3341,9177,4392,7216,2874,2887,3142,4480,4326,9744,1,0,301,436,982,2042,1379,3574,1831,5130,2557,4023,1821,1872,1914,2979,1288,4602,50447,36715,2916,16,16675,0,0,3,1
2021-03-01T23:59:59+01:00,5,0,1109,1321,2244,4327,2509,6574,3246,9049,4250,7028,2740,2751,2567,3730,1545,5196,1,0,300,433,975,2030,1368,3556,1823,5115,2544,4007,1803,1861,1898,2960,1277,4573,41222,36507,2525,16,16441,0,0,3,1
2021-02-28T23:59:59+01:00,5,0,1073,1306,2203,4292,2479,6529,3198,8992,4188,6969,2675,2703,2518,3699,1537,5176,1,0,300,432,972,2023,1366,3543,1820,5101,2538,3998,1796,1850,1885,2948,1269,4558,41125,36383,2232,16,16182,0,0,3,1
2021-02-27T23:59:59+01:00,5,0,1032,1224,2135,4051,2421,6295,3135,8694,4098,6716,2620,2646,2498,3675,1534,5176,1,0,300,432,971,2023,1366,3543,1820,5100,2537,3998,1796,1849,1883,2947,1269,4558,41017,36376,2231,16,14704,0,0,3,1
2021-02-26T23:59:59+01:00,4,0,866,972,1937,3662,2260,5635,2919,7777,3788,5926,2572,2592,2479,3659,1530,5174,1,0,300,432,971,2020,1364,3541,1818,5099,2535,3997,1796,1846,1876,2946,1267,4551,40999,36343,2142,16,10608,0,0,3,1
2021-02-25T23:59:59+01:00,4,0,531,815,1661,3462,2081,5330,2723,7380,3561,5625,2490,2512,2438,3598,1526,5159,1,0,291,411,946,1969,1333,3470,1786,5018,2506,3933,1771,1818,1836,2900,1238,4511,40803,35724,1880,13,8211,0,0,2,1
2021-02-24T23:59:59+01:00,3,0,510,796,1626,3364,2019,5199,2663,7198,3495,5484,2422,2465,2401,3569,1516,5123,1,0,282,406,930,1938,1319,3416,1773,4957,2482,3888,1760,1800,1827,2881,1226,4480,40609,35361,1709,4,7533,0,0,2,1
2021-02-23T23:59:59+01:00,3,0,489,758,1566,3261,1964,5058,2585,7067,3410,5379,2361,2407,2362,3510,1501,5088,1,0,280,402,925,1922,1312,3386,1764,4925,2461,3855,1740,1780,1807,2845,1210,4424,40453,35035,1435,3,6879,0,0,2,1
2021-02-22T23:59:59+01:00,2,0,473,727,1512,3161,1924,4918,2526,6848,3349,5235,2350,2308,2346,3430,1495,5043,1,0,279,399,922,1910,1304,3359,1746,4889,2446,3824,1720,1761,1779,2814,1195,4375,40236,34721,1169,1,6240,0,0,2,1
2021-02-21T23:59:59+01:00,2,0,464,688,1454,3016,1876,4768,2473,6688,3266,5132,2314,2275,2318,3410,1485,5037,1,0,279,398,919,1902,1303,3350,1741,4878,2442,3815,1718,1759,1778,2812,1195,4374,40192,34662,936,1,5536,0,0,2,1
2021-02-20T23:59:59+01:00,2,0,458,682,1445,3012,1871,4768,2470,6685,3261,5128,2311,2274,2318,3409,1483,5037,1,0,279,398,919,1901,1303,3349,1741,4878,2440,3814,1717,1758,1775,2812,1194,4372,40187,34649,931,1,5494,0,0,2,1
2021-02-19T23:59:59+01:00,1,0,435,645,1416,2950,1843,4711,2429,6585,3174,5010,2130,2112,2254,3360,1478,5031,1,0,277,397,918,1899,1302,3348,1741,4873,2437,3813,1716,1757,1773,2811,1194,4371,39434,34626,911,1,5217,0,0,2,1
2021-02-18T23:59:59+01:00,1,0,408,588,1311,2710,1739,4469,2291,6323,3070,4828,2101,2096,2238,3343,1473,5020,1,0,277,391,910,1865,1293,3308,1723,4825,2418,3775,1705,1746,1756,2799,1182,4351,39356,34323,837,1,3814,0,0,2,1
2021-02-17T23:59:59+01:00,1,0,391,556,1273,2579,1682,4294,2222,6082,3010,4679,2082,2077,2214,3323,1459,5010,1,0,267,374,874,1779,1249,3179,1663,4666,2343,3640,1626,1676,1680,2687,1129,4229,39201,33061,786,0,2945,0,0,2,1
2021-02-16T23:59:59+01:00,1,0,373,526,1220,2460,1632,4160,2143,5897,2930,4543,2073,2072,2206,3316,1454,4998,1,0,259,357,853,1697,1194,3042,1600,4463,2271,3461,1575,1622,1616,2585,1097,4093,39141,31785,755,0,2106,0,0,2,1
2021-02-15T23:59:59+01:00,1,0,363,504,1148,2320,1587,4085,2111,5843,2902,4502,2054,2056,2181,3285,1446,4977,1,0,253,338,830,1652,1162,2966,1544,4324,2198,3341,1499,1557,1558,2472,1050,3904,39033,30648,640,0,1690,0,0,2,1
2021-02-14T23:59:59+01:00,1,0,354,498,1124,2264,1524,3924,2070,5750,2871,4463,2048,2053,2169,3275,1443,4970,1,0,247,333,812,1623,1146,2926,1502,4272,2160,3311,1483,1536,1533,2435,1033,3858,39014,30210,571,0,1214,0,0,2,1
2021-02-13T23:59:59+01:00,1,0,354,498,1123,2264,1524,3923,2068,5749,2871,4463,2047,2051,2168,3275,1442,4967,1,0,247,333,812,1623,1146,2926,1501,4270,2160,3311,1481,1533,1532,2434,1033,3857,39003,30199,571,0,1213,0,0,1,1
2021-02-12T23:59:59+01:00,1,0,346,495,1105,2256,1519,3910,2063,5741,2868,4457,2033,2041,2162,3262,1437,4964,1,0,245,332,806,1618,1140,2917,1485,4252,2142,3298,1468,1517,1517,2402,1026,3820,38937,29985,563,0,1159,0,0,1,1
2021-02-11T23:59:59+01:00,1,0,323,471,1042,2160,1466,3783,1969,5478,2784,4338,2002,2008,2122,3194,1407,4906,1,0,225,304,756,1513,1060,2693,1359,3895,1953,2992,1279,1303,1343,2122,912,3449,38538,27158,526,0,389,0,0,1,1
2021-02-10T23:59:59+01:00,1,0,317,462,1020,2120,1427,3705,1915,5317,2690,4158,1931,1958,2074,3152,1385,4880,1,0,200,261,663,1324,932,2306,1173,3292,1709,2571,1116,1125,1191,1871,793,3086,38123,23613,386,0,2,0,0,1,1
2021-02-09T23:59:59+01:00,1,0,311,451,1012,2089,1412,3653,1871,5251,2624,4103,1873,1918,2002,3097,1364,4858,1,0,167,201,562,1063,782,1859,966,2681,1439,2157,964,964,992,1580,669,2635,37822,19681,65,0,2,0,0,1,1
2021-02-08T23:59:59+01:00,1,0,309,449,1009,2082,1401,3637,1863,5228,2604,4086,1859,1907,1983,3079,1358,4833,1,0,117,166,461,848,617,1440,767,2033,1160,1670,771,788,791,1246,532,2153,37665,15560,20,0,2,0,0,1,1
2021-02-07T23:59:59+01:00,1,0,309,449,1007,2081,1400,3632,1860,5225,2597,4083,1853,1898,1967,3071,1354,4825,1,0,107,147,412,704,543,1265,687,1817,1063,1522,695,707,708,1122,455,1910,37594,13864,17,0,0,0,0,1,1
2021-02-06T23:59:59+01:00,1,0,309,449,1006,2080,1400,3629,1860,5223,2597,4080,1853,1897,1962,3069,1351,4823,1,0,106,146,407,701,538,1241,671,1798,1052,1500,692,703,703,1118,454,1906,37571,13737,17,0,0,0,0,1,0
2021-02-05T23:59:59+01:00,1,0,309,448,1004,2077,1396,3620,1856,5209,2591,4074,1852,1896,1954,3060,1341,4809,1,0,102,138,391,683,521,1211,639,1746,1002,1437,655,652,654,1044,427,1812,37479,13115,17,0,0,0,0,1,0
2021-02-04T23:59:59+01:00,1,0,301,431,993,2047,1377,3566,1836,5132,2576,4026,1836,1875,1927,3025,1321,4776,1,0,77,107,290,462,362,819,456,1184,690,978,509,476,507,825,340,1451,37028,9534,17,0,0,0,0,1,0
2021-02-03T23:59:59+01:00,1,0,297,422,974,2021,1361,3528,1822,5083,2542,3983,1816,1852,1912,3001,1307,4760,1,0,60,83,244,394,292,640,347,925,532,729,341,331,369,586,248,1064,36664,7186,17,0,0,0,0,1,0
2021-02-02T23:59:59+01:00,1,0,292,415,968,1992,1353,3495,1811,5036,2519,3948,1798,1836,1884,2960,1285,4709,0,0,40,64,187,311,244,487,265,740,384,560,237,214,235,391,168,700,36284,5227,17,0,0,0,0,1,0
2021-02-01T23:59:59+01:00,1,0,291,413,963,1984,1350,3480,1803,5015,2510,3929,1790,1825,1870,2945,1280,4694,0,0,20,40,138,225,168,312,169,491,240,323,119,109,102,189,78,313,36125,3036,17,0,0,0,0,1,0
2021-01-31T23:59:59+01:00,1,0,290,412,961,1976,1347,3471,1800,4996,2506,3915,1786,1817,1866,2937,1277,4684,0,0,19,35,120,197,151,271,152,411,203,278,100,95,94,161,70,274,36024,2631,17,0,0,0,0,1,0
2021-01-30T23:59:59+01:00,1,0,290,412,961,1976,1347,3471,1800,4996,2506,3915,1785,1817,1866,2936,1277,4683,0,0,19,35,119,197,151,268,149,408,202,278,99,94,94,161,70,274,36021,2618,17,0,0,0,0,1,0
2021-01-29T23:59:59+01:00,1,0,288,409,960,1974,1346,3463,1794,4987,2503,3912,1779,1810,1857,2924,1270,4661,0,0,17,33,117,187,142,260,137,380,170,251,72,70,84,139,63,238,35920,2360,17,0,0,0,0,1,0
2021-01-28T23:59:59+01:00,1,0,285,400,941,1919,1322,3399,1769,4925,2475,3849,1757,1789,1825,2893,1251,4625,0,0,1,0,11,20,8,20,11,45,8,22,6,4,7,10,3,15,35409,191,15,0,0,0,0,1,0
2021-01-27T23:59:59+01:00,1,0,279,382,908,1838,1286,3285,1708,4802,2415,3749,1700,1740,1780,2825,1212,4536,0,0,1,0,5,6,5,12,7,19,4,12,4,4,7,10,3,14,34434,113,11,0,0,0,0,1,0
2021-01-26T23:59:59+01:00,1,0,274,372,898,1823,1272,3245,1690,4746,2385,3682,1667,1708,1741,2753,1194,4445,0,0,1,0,5,6,5,12,7,19,4,12,4,4,7,10,3,14,33888,113,7,0,0,0,0,1,0
2021-01-25T23:59:59+01:00,1,0,263,348,856,1704,1202,3081,1599,4475,2279,3474,1606,1655,1684,2665,1144,4259,0,0,1,0,1,3,1,4,4,2,4,5,4,4,6,9,2,14,32291,64,3,0,0,0,0,1,0
2021-01-24T23:59:59+01:00,1,0,260,345,845,1684,1192,3058,1568,4442,2253,3453,1595,1646,1672,2653,1138,4251,0,0,1,0,1,2,1,4,4,2,4,5,4,4,6,9,2,14,32052,63,3,0,0,0,0,1,0
2021-01-23T23:59:59+01:00,1,0,260,345,845,1684,1191,3057,1568,4438,2252,3452,1594,1646,1671,2652,1137,4246,0,0,1,0,1,2,1,4,4,2,4,5,4,4,6,9,2,14,32035,63,3,0,0,0,0,1,0
2021-01-22T23:59:59+01:00,1,0,259,343,838,1681,1187,3052,1565,4431,2239,3447,1582,1634,1665,2633,1131,4224,0,0,1,0,1,2,1,4,4,2,4,5,4,4,6,9,2,14,31909,63,3,0,0,0,0,0,0
2021-01-21T23:59:59+01:00,1,0,248,332,811,1613,1162,2925,1509,4269,2159,3312,1483,1530,1528,2465,1047,4034,0,0,1,0,1,2,1,4,4,2,4,5,4,3,5,9,1,14,30425,60,3,0,0,0,0,0,0
2021-01-20T23:59:59+01:00,1,0,226,291,738,1457,1070,2608,1376,3810,1985,2957,1360,1382,1404,2266,969,3794,0,0,1,0,1,2,1,4,4,2,3,5,4,3,5,9,1,14,27692,59,2,0,0,0,0,0,0
2021-01-19T23:59:59+01:00,1,0,195,234,637,1209,925,2163,1153,3193,1696,2526,1175,1177,1169,1921,807,3222,0,0,1,0,1,1,1,2,4,1,2,5,4,3,5,9,1,14,23401,54,2,0,0,0,0,0,0
2021-01-18T23:59:59+01:00,1,0,138,186,504,949,713,1647,885,2325,1319,1914,912,945,934,1515,631,2571,0,0,0,0,0,0,0,0,0,0,1,2,2,1,0,0,0,0,18088,6,1,0,0,0,0,0,0
2021-01-17T23:59:59+01:00,1,0,124,161,445,777,628,1424,783,2072,1204,1723,846,866,850,1377,557,2351,0,0,0,0,0,0,0,0,0,0,0,1,0,0,0,0,0,0,16189,1,0,0,0,0,0,0,0
2021-01-16T23:59:59+01:00,1,0,123,160,441,776,626,1416,773,2068,1195,1717,844,861,845,1366,549,2335,0,0,0,0,0,0,0,0,0,0,0,0,0,0,0,0,0,0,16096,0,0,0,0,0,0,0,0
2021-01-15T23:59:59+01:00,1,0,112,153,428,755,599,1377,741,1990,1133,1635,800,807,798,1277,518,2210,0,0,0,0,0,0,0,0,0,0,0,0,0,0,0,0,0,0,15334,0,0,0,0,0,0,0,0
2021-01-14T23:59:59+01:00,1,0,78,114,307,489,398,892,512,1284,776,1073,585,558,580,942,401,1682,0,0,0,0,0,0,0,0,0,0,0,0,0,0,0,0,0,0,10672,0,0,0,0,0,0,0,0
2021-01-13T23:59:59+01:00,1,0,60,87,256,411,322,675,379,982,569,764,369,355,394,638,286,1173,0,0,0,0,0,0,0,0,0,0,0,0,0,0,0,0,0,0,7721,0,0,0,0,0,0,0,0
2021-01-12T23:59:59+01:00,0,0,49,71,208,351,258,547,279,808,413,598,248,226,245,425,192,785,0,0,0,0,0,0,0,0,0,0,0,0,0,0,0,0,0,0,5703,0,0,0,0,0,0,0,0
2021-01-11T23:59:59+01:00,0,0,33,52,180,301,211,444,220,648,303,421,151,131,140,259,106,451,0,0,0,0,0,0,0,0,0,0,0,0,0,0,0,0,0,0,4051,0,0,0,0,0,0,0,0
2021-01-10T23:59:59+01:00,0,0,25,43,158,252,182,366,179,537,254,360,130,110,125,214,94,362,0,0,0,0,0,0,0,0,0,0,0,0,0,0,0,0,0,0,3391,0,0,0,0,0,0,0,0
2021-01-09T23:59:59+01:00,0,0,25,43,157,250,181,363,177,531,253,359,129,109,125,214,94,362,0,0,0,0,0,0,0,0,0,0,0,0,0,0,0,0,0,0,3372,0,0,0,0,0,0,0,0
2021-01-08T23:59:59+01:00,0,0,23,40,154,240,173,353,164,500,223,333,105,93,119,198,87,335,0,0,0,0,0,0,0,0,0,0,0,0,0,0,0,0,0,0,3140,0,0,0,0,0,0,0,0
2021-01-07T23:59:59+01:00,0,0,2,0,5,10,8,15,10,7,18,11,10,11,14,21,3,35,0,0,0,0,0,0,0,0,0,0,0,0,0,0,0,0,0,0,180,0,0,0,0,0,0,0,0
2021-01-06T23:59:59+01:00,0,0,1,0,2,4,1,7,5,2,4,6,6,4,7,10,1,16,0,0,0,0,0,0,0,0,0,0,0,0,0,0,0,0,0,0,76,0,0,0,0,0,0,0,0
2021-01-05T23:59:59+01:00,0,0,1,0,2,3,1,6,5,2,4,5,6,4,6,10,1,15,0,0,0,0,0,0,0,0,0,0,0,0,0,0,0,0,0,0,71,0,0,0,0,0,0,0,0
2021-01-04T23:59:59+01:00,0,0,1,0,1,3,1,5,4,2,4,5,6,4,5,9,1,15,0,0,0,0,0,0,0,0,0,0,0,0,0,0,0,0,0,0,66,0,0,0,0,0,0,0,0
2021-01-03T23:59:59+01:00,0,0,1,0,1,2,1,5,4,2,4,5,5,4,5,9,1,15,0,0,0,0,0,0,0,0,0,0,0,0,0,0,0,0,0,0,64,0,0,0,0,0,0,0,0
2021-01-02T23:59:59+01:00,0,0,1,0,1,2,1,5,4,2,4,5,5,4,5,9,1,15,0,0,0,0,0,0,0,0,0,0,0,0,0,0,0,0,0,0,64,0,0,0,0,0,0,0,0
2021-01-01T23:59:59+01:00,0,0,1,0,1,2,1,4,4,2,4,5,5,4,5,9,1,15,0,0,0,0,0,0,0,0,0,0,0,0,0,0,0,0,0,0,63,0,0,0,0,0,0,0,0
2020-12-31T23:59:59+01:00,0,0,1,0,1,2,1,4,4,2,4,5,5,4,5,9,1,15,0,0,0,0,0,0,0,0,0,0,0,0,0,0,0,0,0,0,63,0,0,0,0,0,0,0,0
2020-12-30T23:59:59+01:00,0,0,1,0,1,2,1,4,4,2,3,5,5,4,5,9,1,15,0,0,0,0,0,0,0,0,0,0,0,0,0,0,0,0,0,0,62,0,0,0,0,0,0,0,0
2020-12-29T23:59:59+01:00,0,0,0,0,1,1,1,2,4,1,2,5,5,4,5,9,1,15,0,0,0,0,0,0,0,0,0,0,0,0,0,0,0,0,0,0,56,0,0,0,0,0,0,0,0
2020-12-28T23:59:59+01:00,0,0,0,0,1,1,1,1,2,0,1,5,4,1,1,0,0,2,0,0,0,0,0,0,0,0,0,0,0,0,0,0,0,0,0,0,20,0,0,0,0,0,0,0,0
2020-12-27T23:59:59+01:00,0,0,0,0,1,1,1,1,2,0,0,3,2,0,1,0,0,2,0,0,0,0,0,0,0,0,0,0,0,0,0,0,0,0,0,0,14,0,0,0,0,0,0,0,0
