Datum,<15_1_m,<15_1_w,15-24_1_m,15-24_1_w,25-34_1_m,25-34_1_w,35-44_1_m,35-44_1_w,45-54_1_m,45-54_1_w,55-64_1_m,55-64_1_w,65-74_1_m,65-74_1_w,75-84_1_m,75-84_1_w,>84_1_m,>84_1_w,<15_2_m,<15_2_w,15-24_2_m,15-24_2_w,25-34_2_m,25-34_2_w,35-44_2_m,35-44_2_w,45-54_2_m,45-54_2_w,55-64_2_m,55-64_2_w,65-74_2_m,65-74_2_w,75-84_2_m,75-84_2_w,>84_2_m,>84_2_w,bp_1,bp_2,mo_1,mo_2,az_1,az_2,ja,unb_1,unb_2
2021-11-18T23:59:59+01:00,7444,6930,45411,42673,60616,53905,59956,57610,69770,68885,77956,77379,55102,60714,37774,48919,11793,22463,5622,5258,38862,37123,54100,48074,54793,52753,65085,64418,74541,74160,53630,59083,36941,47713,11414,21699,640329,586990,79757,77008,105660,101708,39517,44,46
2021-11-17T23:59:59+01:00,7313,6814,45116,42459,60337,53658,59750,57404,69587,68697,77804,77217,55040,60658,37758,48870,11783,22450,5588,5231,38773,37060,53998,47989,54722,52693,65020,64361,74492,74107,53604,59059,36928,47693,11408,21696,637810,586186,79710,76986,105660,101707,39497,44,46
2021-11-16T23:59:59+01:00,7178,6705,44877,42264,60089,53405,59540,57202,69411,68521,77672,77077,54972,60586,37729,48821,11770,22425,5526,5182,38619,36920,53875,47860,54622,52593,64926,64273,74411,74039,53572,59014,36898,47664,11405,21685,635372,584871,79687,76973,105660,101707,39487,44,46
2021-11-15T23:59:59+01:00,7034,6582,44355,41871,59649,53042,59242,56932,69142,68301,77480,76901,54908,60510,37684,48775,11767,22415,5482,5134,38428,36750,53672,47701,54443,52464,64789,64154,74332,73969,53545,58980,36890,47644,11403,21676,631812,583329,79666,76960,105660,101707,39414,44,46
2021-11-14T23:59:59+01:00,6957,6513,44113,41698,59442,52863,59054,56781,68994,68172,77371,76831,54885,60477,37673,48759,11764,22408,5438,5090,38260,36618,53493,47551,54310,52361,64666,64059,74275,73899,53513,58957,36882,47625,11402,21671,630007,581958,79645,76954,105660,101707,39405,44,46
2021-11-13T23:59:59+01:00,6953,6507,44098,41687,59427,52850,59044,56771,68988,68166,77360,76827,54883,60476,37672,48757,11763,22408,5438,5088,38259,36618,53491,47551,54306,52357,64662,64054,74269,73896,53508,58953,36880,47616,11400,21670,629893,581904,79644,76954,105657,101707,39405,44,46
2021-11-12T23:59:59+01:00,6898,6468,43967,41558,59289,52757,58928,56666,68900,68102,77295,76789,54870,60462,37666,48745,11758,22403,5435,5080,38235,36600,53468,47537,54282,52345,64639,64041,74253,73885,53502,58947,36878,47613,11398,21668,628818,581724,79631,76952,105657,101707,39377,44,46
2021-11-11T23:59:59+01:00,6729,6281,43304,41048,58686,52250,58465,56296,68530,67772,77019,76602,54808,60393,37639,48706,11749,22392,5381,5019,38053,36470,53322,47404,54162,52235,64526,63942,74176,73837,53470,58918,36866,47594,11397,21657,624153,580512,79589,76929,105654,101707,39235,44,46
2021-11-10T23:59:59+01:00,6628,6190,42895,40754,58285,51903,58166,56053,68277,67522,76842,76437,54739,60328,37616,48668,11741,22381,5361,4993,37959,36410,53248,47330,54096,52162,64473,63886,74116,73797,53439,58884,36848,47572,11392,21650,621029,579818,79574,76917,105654,101705,39130,44,46
2021-11-09T23:59:59+01:00,6558,6139,42793,40666,58160,51763,58051,55920,68149,67409,76761,76342,54697,60286,37602,48642,11734,22365,5335,4967,37885,36366,53202,47270,54044,52075,64417,63808,74038,73720,53408,58847,36830,47546,11385,21631,619683,579180,79541,76722,105653,101704,39122,44,46
2021-11-08T23:59:59+01:00,6421,6027,42068,40016,57426,51169,57504,55483,67739,67030,76481,76073,54578,60196,37574,48602,11727,22351,5306,4945,37781,36267,53043,47152,53956,51995,64348,63722,73957,73663,53379,58813,36819,47530,11382,21626,614410,578379,79520,76710,105652,101704,38845,44,46
2021-11-07T23:59:59+01:00,6366,5991,41906,39880,57240,51017,57364,55374,67642,66957,76430,76024,54560,60176,37565,48598,11725,22347,5289,4930,37707,36195,52971,47071,53901,51952,64319,63671,73932,73640,53368,58801,36810,47525,11381,21619,613168,577810,79469,76688,105652,101703,38835,44,46
2021-11-06T23:59:59+01:00,6361,5982,41889,39862,57220,51004,57349,55364,67633,66948,76424,76021,54558,60176,37563,48598,11725,22346,5287,4930,37706,36193,52969,47068,53899,51950,64314,63670,73930,73638,53366,58799,36810,47524,11381,21619,613033,577785,79468,76687,105652,101703,38832,44,46
2021-11-05T23:59:59+01:00,6345,5962,41849,39833,57183,50954,57302,55334,67609,66930,76396,76008,54554,60170,37560,48596,11725,22344,5279,4925,37682,36185,52960,47057,53891,51943,64302,63658,73923,73629,53362,58797,36808,47520,11381,21619,612689,577678,79465,76684,105652,101703,38810,44,46
2021-11-04T23:59:59+01:00,6222,5819,41316,39350,56599,50493,56858,54971,67188,66607,76182,75869,54516,60122,37547,48565,11719,22336,5219,4862,37478,36047,52758,46910,53718,51813,64142,63539,73822,73560,53330,58772,36794,47501,11370,21613,608880,576529,79397,76658,105651,101702,38313,44,46
2021-11-03T23:59:59+01:00,6187,5774,41222,39283,56485,50398,56765,54890,67117,66541,76137,75826,54506,60103,37539,48549,11714,22331,5175,4828,37406,35985,52709,46862,53675,51757,64096,63496,73780,73523,53314,58747,36782,47482,11366,21605,608015,575903,79377,76653,105650,101699,38287,44,46
2021-11-02T23:59:59+01:00,6140,5725,41091,39172,56320,50279,56649,54784,66991,66463,76068,75767,54481,60079,37526,48537,11713,22321,5104,4756,37273,35833,52558,46706,53559,51637,64010,63395,73695,73437,53268,58704,36763,47449,11363,21595,606805,574488,79357,76617,105650,101699,38255,44,46
2021-11-01T23:59:59+01:00,6056,5647,40600,38804,55797,49931,56287,54530,66712,66261,75928,75676,54446,60051,37519,48530,11710,22313,5071,4715,37133,35718,52428,46614,53444,51553,63913,63333,73633,73392,53255,58691,36753,47434,11360,21588,603812,573747,79334,76576,105650,101697,37962,44,46
2021-10-31T23:59:59+01:00,6054,5647,40595,38798,55794,49928,56282,54526,66709,66258,75926,75674,54446,60051,37519,48530,11710,22313,5071,4715,37131,35715,52428,46613,53442,51552,63912,63333,73633,73392,53255,58691,36753,47434,11360,21588,603780,573740,79331,76576,105650,101697,37959,44,46
2021-10-30T23:59:59+02:00,6050,5645,40592,38798,55787,49925,56281,54524,66707,66257,75926,75672,54446,60051,37519,48530,11710,22313,5071,4715,37131,35715,52428,46612,53441,51551,63911,63332,73633,73392,53254,58691,36753,47434,11360,21588,603754,573735,79331,76576,105650,101697,37958,44,46
2021-10-29T23:59:59+02:00,6047,5639,40574,38782,55773,49907,56265,54515,66689,66250,75909,75667,54444,60048,37518,48529,11708,22313,5069,4712,37121,35703,52427,46607,53437,51546,63908,63326,73625,73384,53249,58690,36752,47431,11359,21587,603605,573664,79327,76573,105650,101695,37955,44,46
2021-10-28T23:59:59+02:00,5948,5539,40054,38426,55307,49576,55859,54214,66350,66023,75737,75560,54407,60019,37513,48509,11706,22303,5008,4665,36946,35585,52267,46492,53298,51438,63761,63245,73541,73337,53224,58664,36738,47413,11357,21580,600506,572698,79288,76552,105645,101694,37569,44,46
2021-10-27T23:59:59+02:00,5923,5518,40001,38367,55236,49521,55802,54163,66286,65994,75711,75540,54391,60007,37507,48497,11705,22297,4984,4639,36895,35545,52217,46456,53266,51402,63717,63194,73506,73311,53201,58644,36732,47402,11354,21568,599941,572198,79277,76540,105645,101688,37561,44,46
2021-10-26T23:59:59+02:00,5875,5483,39893,38272,55135,49416,55729,54096,66219,65927,75659,75500,54376,59991,37495,48483,11702,22293,4932,4596,36791,35403,52121,46371,53198,51320,63664,63133,73446,73257,53168,58623,36718,47376,11348,21554,599040,571213,79276,76532,105645,101687,37541,44,46
2021-10-25T23:59:59+02:00,5813,5415,39663,38039,54854,49214,55477,53935,66001,65784,75555,75422,54354,59961,37488,48473,11702,22290,4919,4587,36735,35342,52035,46317,53130,51280,63616,63093,73401,73226,53159,58607,36712,47371,11346,21551,597214,570901,79276,76530,105645,101687,37263,44,46
2021-10-24T23:59:59+02:00,5783,5386,39579,37955,54776,49137,55419,53897,65956,65757,75535,75403,54349,59952,37483,48470,11701,22286,4886,4571,36673,35280,51990,46272,53095,51239,63579,63064,73379,73194,53151,58593,36701,47363,11344,21549,596612,570418,79274,76523,105645,101685,37251,44,46
2021-10-23T23:59:59+02:00,5783,5386,39578,37955,54774,49137,55417,53894,65956,65757,75535,75403,54349,59951,37483,48470,11701,22286,4886,4571,36673,35279,51990,46272,53095,51237,63579,63064,73379,73194,53151,58593,36701,47363,11344,21549,596604,570416,79274,76523,105645,101685,37250,44,46
2021-10-22T23:59:59+02:00,5780,5381,39552,37937,54754,49124,55406,53887,65942,65744,75526,75396,54345,59948,37483,48468,11700,22286,4881,4562,36657,35265,51978,46252,53086,51226,63563,63057,73365,73185,53141,58586,36700,47360,11343,21547,596472,570265,79263,76522,105644,101683,37238,44,46
2021-10-21T23:59:59+02:00,5704,5302,39300,37742,54484,48936,55196,53735,65759,65623,75428,75341,54328,59931,37477,48458,11697,22280,4796,4490,36431,35058,51794,46093,52917,51095,63432,62936,73281,73126,53116,58550,36688,47342,11339,21541,594782,568788,79229,76485,105644,101682,37024,44,46
2021-10-20T23:59:59+02:00,5681,5288,39264,37716,54464,48914,55181,53707,65733,65598,75403,75323,54320,59920,37468,48443,11696,22273,4777,4470,36412,35028,51772,46061,52893,51065,63409,62914,73256,73099,53098,58527,36682,47329,11336,21534,594466,568441,79222,76475,105644,101682,37018,44,46
2021-10-19T23:59:59+02:00,5647,5258,39211,37681,54427,48874,55145,53677,65702,65566,75378,75298,54304,59899,37460,48428,11692,22270,4754,4448,36357,34981,51730,46007,52859,51026,63371,62880,73217,73059,53086,58503,36661,47314,11331,21524,594003,567902,79216,76471,105644,101677,37012,44,46
2021-10-18T23:59:59+02:00,5613,5230,39072,37550,54304,48777,55064,53595,65636,65527,75322,75264,54294,59883,37453,48414,11690,22269,4687,4387,36209,34837,51606,45884,52777,50935,63324,62817,73158,73011,53061,58468,36651,47297,11326,21518,593142,566864,79204,76441,105644,101677,36925,44,46
2021-10-17T23:59:59+02:00,5607,5223,39061,37539,54290,48761,55060,53585,65631,65516,75315,75260,54291,59879,37450,48412,11690,22264,4677,4376,36189,34808,51585,45860,52760,50913,63310,62800,73140,72997,53050,58456,36645,47290,11325,21509,593023,566612,79204,76435,105644,101676,36921,44,46
2021-10-16T23:59:59+02:00,5607,5223,39060,37539,54288,48760,55057,53583,65631,65516,75315,75260,54291,59879,37450,48412,11690,22264,4674,4373,36184,34804,51581,45857,52756,50909,63308,62796,73138,72996,53049,58455,36644,47289,11325,21507,593017,566570,79204,76435,105644,101676,36918,44,46
2021-10-15T23:59:59+02:00,5602,5220,39042,37526,54272,48748,55051,53578,65614,65510,75308,75248,54283,59877,37446,48405,11689,22264,4666,4371,36171,34802,51575,45849,52751,50903,63303,62789,73134,72990,53045,58451,36641,47288,11325,21506,592887,566506,79204,76433,105644,101669,36906,44,46
2021-10-14T23:59:59+02:00,5544,5162,38907,37407,54136,48647,54959,53497,65545,65426,75245,75193,54252,59856,37438,48388,11682,22249,4549,4255,35888,34473,51355,45624,52600,50730,63158,62642,73038,72912,52988,58404,36617,47257,11320,21497,591858,564411,79187,76394,105644,101655,36802,44,45
2021-10-13T23:59:59+02:00,5504,5128,38872,37364,54102,48611,54932,53462,65520,65401,75224,75167,54240,59844,37431,48380,11678,22245,4518,4228,35848,34432,51329,45583,52564,50694,63124,62606,73005,72882,52964,58388,36608,47234,11319,21486,591450,563976,79174,76357,105644,101639,36795,44,45
2021-10-12T23:59:59+02:00,5470,5105,38798,37319,54043,48542,54891,53414,65487,65367,75188,75129,54225,59827,37421,48364,11672,22235,4498,4203,35792,34379,51282,45528,52528,50658,63087,62564,72965,72835,52939,58359,36585,47210,11313,21473,590856,563382,79172,76352,105644,101636,36783,44,45
2021-10-11T23:59:59+02:00,5416,5053,38635,37186,53908,48427,54784,53330,65412,65305,75140,75100,54213,59808,37410,48353,11670,22231,4406,4122,35565,34163,51094,45340,52394,50525,62990,62450,72879,72771,52900,58321,36571,47182,11308,21460,589899,561789,79170,76350,105644,101631,36626,44,45
2021-10-10T23:59:59+02:00,5397,5043,38588,37147,53867,48386,54764,53299,65395,65286,75124,75080,54210,59803,37406,48350,11669,22225,4387,4115,35531,34142,51073,45313,52376,50508,62980,62438,72866,72757,52896,58312,36566,47172,11305,21456,589574,561567,79167,76342,105644,101627,36612,44,45
2021-10-09T23:59:59+02:00,5397,5042,38588,37147,53867,48386,54764,53299,65395,65286,75124,75080,54210,59803,37406,48350,11669,22225,4387,4115,35530,34142,51072,45313,52376,50508,62978,62438,72866,72757,52896,58312,36566,47172,11305,21456,589573,561566,79167,76340,105644,101626,36612,44,45
2021-10-08T23:59:59+02:00,5389,5029,38569,37128,53854,48371,54757,53295,65384,65277,75112,75071,54208,59800,37404,48345,11668,22224,4380,4106,35516,34123,51060,45298,52370,50497,62969,62431,72860,72751,52894,58310,36564,47168,11305,21454,589432,561448,79167,76338,105644,101625,36600,44,45
2021-10-07T23:59:59+02:00,5320,4943,38393,36975,53728,48246,54644,53193,65285,65187,75043,75022,54189,59763,37379,48321,11661,22210,4229,3937,35140,33774,50811,44987,52171,50229,62772,62235,72691,72593,52827,58240,36537,47118,11292,21429,588112,559212,79138,75570,105643,101618,36567,44,45
2021-10-06T23:59:59+02:00,5284,4915,38348,36934,53696,48209,54599,53155,65235,65152,75016,75000,54170,59749,37372,48305,11655,22201,4209,3920,35099,33738,50787,44958,52150,50206,62743,62220,72666,72576,52805,58210,36518,47098,11285,21417,587633,558830,79133,75569,105641,101615,36546,44,45
2021-10-05T23:59:59+02:00,5252,4890,38267,36860,53631,48146,54548,53090,65171,65095,74972,74953,54132,59721,37352,48274,11645,22168,4178,3891,35032,33668,50740,44895,52115,50162,62690,62182,72626,72536,52773,58172,36488,47045,11277,21394,586879,558147,79114,75568,105641,101613,36491,44,45
2021-10-04T23:59:59+02:00,5189,4832,38051,36690,53459,48028,54433,52987,65101,65025,74906,74905,54102,59687,37337,48256,11636,22153,4066,3754,34725,33319,50494,44650,51927,49985,62530,62030,72509,72437,52716,58111,36433,46989,11265,21375,585785,555882,79102,75567,105640,101613,36208,44,45
2021-10-03T23:59:59+02:00,5178,4818,38028,36666,53426,47993,54408,52973,65084,65007,74895,74892,54095,59674,37332,48243,11636,22148,4050,3750,34674,33283,50444,44606,51889,49937,62488,61992,72469,72405,52699,58087,36421,46973,11263,21367,585535,555401,79100,75567,105637,101602,36182,44,45
2021-10-02T23:59:59+02:00,5176,4809,38024,36659,53418,47989,54405,52970,65081,65006,74891,74889,54095,59672,37332,48243,11636,22148,4049,3750,34672,33281,50436,44604,51885,49936,62486,61992,72468,72404,52699,58086,36421,46973,11263,21367,585497,555392,79100,75566,105637,101602,36167,44,45
2021-10-01T23:59:59+02:00,5168,4792,37978,36631,53385,47962,54382,52945,65050,64991,74864,74872,54085,59667,37329,48240,11633,22146,4045,3747,34653,33269,50418,44596,51871,49922,62473,61984,72451,72392,52690,58080,36418,46971,11261,21365,585252,555308,79098,75564,105635,101596,36093,44,45
2021-09-30T23:59:59+02:00,5077,4729,37770,36427,53217,47800,54239,52817,64945,64872,74794,74814,54070,59637,37318,48223,11630,22139,3968,3672,34510,33118,50325,44469,51795,49808,62388,61891,72384,72333,52678,58050,36410,46946,11258,21355,583725,554727,79080,74955,105632,101591,36040,43,45
2021-09-29T23:59:59+02:00,5054,4708,37735,36386,53169,47752,54201,52770,64913,64834,74764,74786,54053,59614,37307,48212,11626,22127,3952,3655,34482,33082,50297,44443,51773,49787,62367,61861,72362,72313,52669,58041,36405,46936,11256,21347,583263,554439,79068,74951,105632,101586,36007,43,45
2021-09-28T23:59:59+02:00,5031,4684,37674,36329,53129,47700,54166,52728,64869,64791,74719,74751,54015,59578,37288,48190,11618,22116,3938,3639,34426,33044,50265,44414,51747,49765,62341,61841,72325,72283,52640,58003,36383,46909,11253,21335,582704,554047,79066,74945,105632,101581,35933,43,45
2021-09-27T23:59:59+02:00,4956,4624,37477,36151,52944,47534,54044,52618,64766,64684,74622,74672,53986,59550,37276,48172,11616,22105,3805,3480,34001,32656,49957,44090,51518,49516,62143,61655,72195,72157,52599,57943,36362,46878,11251,21325,581648,551531,79045,74944,105632,101580,35431,43,45
2021-09-26T23:59:59+02:00,4953,4618,37455,36121,52915,47516,54030,52602,64750,64674,74610,74662,53979,59539,37275,48169,11616,22100,3796,3473,33986,32649,49945,44075,51512,49507,62129,61649,72187,72150,52595,57935,36361,46873,11249,21321,581474,551419,79025,74936,105630,101578,35414,43,45
2021-09-25T23:59:59+02:00,4950,4615,37449,36117,52912,47512,54026,52599,64748,64670,74606,74660,53978,59536,37274,48168,11616,22099,3796,3472,33983,32649,49944,44075,51512,49506,62129,61648,72185,72150,52595,57934,36361,46873,11249,21321,581431,551413,79023,74936,105630,101578,35410,43,45
2021-09-24T23:59:59+02:00,4947,4612,37430,36103,52891,47498,54004,52587,64729,64659,74593,74650,53971,59533,37271,48164,11616,22095,3792,3466,33973,32634,49929,44066,51492,49491,62116,61642,72167,72141,52588,57927,36355,46866,11249,21319,581312,551307,79023,74934,105627,101577,35350,43,45
2021-09-23T23:59:59+02:00,4817,4492,37025,35682,52539,47165,53712,52314,64486,64442,74407,74520,53909,59477,37242,48120,11607,22075,3759,3424,33788,32464,49710,43913,51323,49387,61965,61537,72051,72065,52552,57902,36331,46845,11247,21311,578976,550636,78980,74912,105627,101574,34407,43,45
2021-09-22T23:59:59+02:00,4788,4469,36983,35626,52471,47088,53645,52254,64419,64389,74348,74468,53880,59454,37234,48103,11605,22070,3742,3412,33752,32421,49667,43856,51264,49336,61910,61497,72004,72032,52534,57884,36325,46834,11245,21310,578538,550378,78972,74909,105624,101573,34120,42,45
2021-09-21T23:59:59+02:00,4772,4446,36925,35577,52404,47023,53600,52204,64353,64338,74290,74414,53837,59422,37220,48077,11600,22061,3721,3398,33719,32369,49633,43809,51225,49291,61864,61459,71965,71991,52505,57860,36314,46816,11244,21303,577984,550012,78963,74907,105622,101568,33954,42,45
2021-09-20T23:59:59+02:00,4668,4382,36586,35273,52080,46714,53364,51979,64140,64148,74131,74301,53772,59367,37199,48042,11593,22055,3516,3210,33208,31936,49255,43471,50940,48985,61609,61248,71798,71839,52449,57795,36291,46771,11237,21293,576133,547301,78958,74902,105621,101562,33042,42,44
2021-09-19T23:59:59+02:00,4655,4377,36573,35262,52069,46706,53350,51967,64128,64143,74121,74290,53769,59361,37196,48039,11592,22055,3506,3202,33187,31919,49251,43461,50932,48973,61595,61237,71786,71829,52443,57791,36290,46769,11237,21290,576027,547178,78951,74898,105618,101561,33017,42,44
2021-09-18T23:59:59+02:00,4655,4377,36571,35261,52067,46705,53350,51966,64128,64143,74120,74290,53769,59361,37196,48039,11592,22055,3505,3202,33184,31919,49247,43459,50932,48973,61595,61237,71785,71829,52442,57791,36290,46769,11237,21290,576025,547172,78951,74898,105618,101561,33011,42,44
2021-09-17T23:59:59+02:00,4648,4364,36555,35237,52045,46687,53339,51947,64111,64134,74105,74271,53760,59354,37193,48034,11591,22054,3504,3198,33174,31902,49235,43449,50928,48964,61591,61233,71777,71817,52435,57789,36290,46768,11237,21288,575861,547119,78951,74898,105618,101559,32959,42,44
2021-09-16T23:59:59+02:00,4497,4213,36185,34874,51789,46387,53127,51682,63927,63949,73947,74121,53705,59294,37176,47999,11588,22042,3436,3157,33046,31796,49153,43342,50849,48882,61530,61178,71726,71784,52420,57775,36281,46756,11236,21284,573419,546283,78494,74818,105617,101554,32932,42,44
2021-09-15T23:59:59+02:00,4454,4175,36117,34800,51744,46334,53061,51626,63877,63900,73907,74078,53687,59273,37166,47989,11587,22036,3393,3125,32992,31746,49103,43290,50792,48832,61484,61134,71696,71753,52412,57754,36271,46747,11236,21278,573044,545947,78407,74803,105617,101541,32703,42,44
2021-09-14T23:59:59+02:00,4413,4135,36054,34746,51694,46263,53019,51575,63831,63854,73862,74036,53662,59254,37151,47970,11585,22032,3347,3097,32926,31675,49058,43241,50758,48786,61430,61096,71660,71712,52389,57730,36262,46733,11235,21275,572500,545392,78337,74797,105616,101534,32643,42,44
2021-09-13T23:59:59+02:00,4263,3956,35682,34312,51420,45945,52800,51341,63621,63644,73726,73910,53607,59184,37113,47936,11584,22024,3057,2845,32458,31203,48824,42991,50576,48585,61283,60913,71518,71601,52336,57671,36246,46697,11229,21265,569893,542398,77909,74718,105615,101528,32610,42,44
2021-09-12T23:59:59+02:00,4254,3946,35659,34296,51404,45922,52782,51324,63607,63627,73717,73900,53604,59178,37108,47935,11584,22023,3040,2837,32432,31185,48808,42973,50566,48577,61272,60898,71502,71589,52329,57663,36240,46695,11226,21265,569743,542242,77893,74710,105604,101513,32589,42,43
2021-09-11T23:59:59+02:00,4251,3943,35655,34292,51403,45920,52776,51317,63605,63622,73715,73894,53600,59173,37108,47933,11584,22023,3037,2836,32423,31181,48805,42970,50562,48573,61269,60894,71499,71586,52327,57661,36240,46693,11226,21265,569716,542221,77893,74710,105604,101513,32560,42,43
2021-09-10T23:59:59+02:00,4250,3942,35541,34191,51207,45768,52583,51175,63429,63507,73581,73804,53562,59134,37088,47915,11582,22018,3027,2826,32296,31069,48605,42806,50364,48436,61079,60771,71365,71492,52285,57618,36218,46672,11223,21260,569656,542067,77891,74707,105603,101510,31086,42,42
2021-09-09T23:59:59+02:00,4222,3903,35461,34123,51151,45697,52522,51087,63371,63449,73541,73766,53539,59106,37074,47896,11580,22014,2994,2795,32202,31001,48561,42757,50312,48395,61038,60737,71324,71459,52266,57604,36210,46657,11222,21256,569045,541584,77856,74700,105584,101488,30976,42,42
2021-09-08T23:59:59+02:00,4197,3883,35427,34081,51126,45666,52504,51061,63337,63416,73520,73743,53532,59091,37067,47885,11580,22011,2976,2779,32143,30971,48522,42731,50284,48364,61002,60709,71308,71439,52253,57591,36200,46646,11219,21238,568696,541208,77856,74699,105584,101476,30950,42,42
2021-09-07T23:59:59+02:00,4184,3869,35387,34037,51094,45635,52480,51035,63312,63392,73484,73713,53520,59075,37051,47871,11578,22005,2954,2761,32096,30922,48487,42695,50244,48327,60978,60679,71275,71410,52240,57575,36191,46633,11216,21234,568322,540790,77855,74697,105584,101468,30920,42,42
2021-09-06T23:59:59+02:00,4008,3685,34907,33566,50716,45244,52214,50733,63084,63151,73325,73562,53457,58994,37032,47831,11575,21996,2913,2706,31889,30739,48283,42538,50101,48186,60864,60560,71180,71321,52194,57529,36175,46614,11211,21221,565508,539931,77855,74695,105584,101464,30092,42,42
2021-09-05T23:59:59+02:00,4000,3673,34888,33551,50712,45236,52202,50725,63072,63141,73310,73557,53452,58986,37026,47824,11573,21992,2905,2696,31869,30720,48264,42523,50088,48178,60853,60550,71170,71316,52188,57517,36172,46609,11210,21219,565371,539792,77854,74693,105584,101450,30070,42,42
2021-09-04T23:59:59+02:00,4000,3673,34887,33551,50711,45236,52201,50724,63072,63141,73310,73557,53452,58986,37026,47824,11573,21992,2905,2696,31868,30718,48264,42523,50086,48176,60853,60550,71169,71316,52188,57517,36172,46609,11210,21219,565369,539788,77854,74691,105584,101450,30068,42,42
2021-09-03T23:59:59+02:00,3952,3626,34723,33417,50557,45111,52090,50606,62923,63018,73185,73457,53412,58938,37005,47803,11569,21989,2828,2607,31593,30526,48061,42354,49914,48009,60647,60378,71024,71170,52134,57460,36147,46586,11208,21215,565229,539655,77255,73444,105573,101437,29283,42,42
2021-09-02T23:59:59+02:00,3926,3596,34663,33369,50522,45070,52058,50573,62883,62978,73146,73430,53392,58926,36996,47785,11569,21983,2812,2582,31523,30465,48011,42306,49873,47965,60592,60326,70983,71143,52116,57445,36138,46578,11207,21210,564816,539263,77233,73440,105573,101328,29202,42,42
2021-09-01T23:59:59+02:00,3910,3582,34635,33336,50499,45043,52040,50551,62863,62945,73119,73412,53383,58917,36993,47777,11569,21982,2784,2563,31473,30426,47978,42278,49842,47940,60560,60302,70960,71112,52097,57426,36128,46571,11207,21207,564552,538915,77229,73434,105572,101301,29162,42,42
2021-08-31T23:59:59+02:00,3883,3569,34595,33288,50473,45007,52012,50519,62835,62913,73089,73380,53362,58895,36985,47764,11566,21982,2775,2551,31413,30393,47951,42253,49819,47922,60532,60286,70945,71085,52083,57416,36125,46564,11204,21201,564160,538638,77229,73430,105571,101292,29116,42,42
2021-08-30T23:59:59+02:00,3657,3359,34007,32770,50049,44626,51662,50173,62543,62652,72883,73202,53279,58809,36954,47717,11563,21974,2717,2492,31129,30129,47652,42019,49593,47752,60347,60155,70791,70981,52015,57370,36106,46533,11201,21194,561156,537541,77229,73427,105570,101282,27884,41,42
2021-08-29T23:59:59+02:00,3651,3351,33985,32750,50032,44617,51646,50154,62533,62638,72873,73186,53271,58804,36952,47710,11563,21972,2711,2491,31108,30108,47629,41992,49572,47735,60330,60138,70779,70969,52012,57361,36103,46532,11201,21192,561013,537419,77227,73425,105569,101238,27839,41,42
2021-08-28T23:59:59+02:00,3651,3351,33982,32750,50027,44616,51645,50152,62532,62635,72871,73185,53269,58802,36952,47710,11563,21972,2711,2488,31099,30099,47624,41990,49569,47732,60327,60134,70776,70967,52011,57357,36103,46532,11201,21192,561004,537383,77227,73424,105569,101238,27825,41,42
2021-08-27T23:59:59+02:00,3647,3345,33973,32731,50024,44612,51634,50145,62525,62630,72854,73179,53265,58799,36951,47709,11562,21971,2703,2485,31081,30081,47616,41980,49560,47723,60320,60126,70764,70966,52009,57356,36102,46531,11200,21192,560929,537305,77227,73422,105569,101235,27791,41,42
2021-08-26T23:59:59+02:00,3622,3317,33933,32679,49997,44576,51593,50096,62479,62606,72822,73149,53255,58789,36944,47707,11561,21967,2629,2391,30783,29812,47396,41768,49384,47567,60204,60025,70680,70895,51975,57323,36085,46507,11198,21188,560580,535478,77200,73416,105568,101170,27704,41,42
2021-08-25T23:59:59+02:00,3581,3293,33882,32634,49970,44530,51557,50067,62440,62571,72786,73125,53246,58771,36939,47692,11560,21966,2366,2170,30026,29110,46951,41355,49057,47275,59980,59800,70504,70744,51908,57247,36063,46472,11189,21180,560147,531140,77200,73413,105568,101147,27655,41,42
2021-08-24T23:59:59+02:00,3541,3270,33823,32575,49939,44488,51529,50019,62395,62522,72742,73078,53225,58746,36926,47679,11558,21958,2289,2106,29792,28887,46819,41223,48949,47168,59888,59706,70419,70645,51862,57200,36043,46460,11185,21177,559655,529701,77197,73407,105566,101113,27555,41,42
2021-08-23T23:59:59+02:00,3236,3002,33184,31953,49513,44089,51187,49713,62070,62225,72449,72846,53128,58657,36887,47616,11547,21949,2229,2053,29371,28493,46433,40925,48707,46956,59619,59496,70195,70498,51786,57129,36019,46417,11179,21171,556581,528249,77193,73404,105564,101108,25873,41,42
2021-08-22T23:59:59+02:00,3225,2994,33173,31947,49503,44079,51179,49707,62065,62218,72444,72844,53124,58654,36885,47614,11547,21948,2225,2050,29346,28475,46413,40916,48697,46945,59608,59488,70188,70494,51777,57125,36016,46414,11179,21171,556515,528148,77189,73395,105559,101094,25848,40,42
2021-08-21T23:59:59+02:00,3223,2994,33168,31945,49501,44078,51178,49704,62062,62217,72443,72843,53124,58654,36885,47614,11547,21948,2224,2048,29332,28463,46408,40912,48691,46941,59604,59488,70188,70493,51776,57125,36016,46414,11179,21171,556500,528108,77189,73388,105559,101094,25841,40,42
2021-08-20T23:59:59+02:00,3207,2983,33044,31850,49309,43941,51005,49595,61881,62088,72297,72761,53076,58612,36870,47596,11544,21944,2197,2034,28790,27963,45929,40542,48410,46731,59347,59303,69983,70368,51691,57067,35986,46386,11175,21164,556273,526405,77189,73213,105559,100862,24544,39,42
2021-08-19T23:59:59+02:00,3180,2960,32992,31810,49275,43905,50957,49556,61836,62050,72248,72722,53050,58592,36863,47581,11540,21937,2109,1952,27848,27109,45144,39940,47984,46371,59012,59029,69707,70147,51591,56978,35944,46338,11170,21159,555857,522030,77154,72239,105554,100770,24451,39,42
2021-08-18T23:59:59+02:00,3159,2941,32942,31766,49240,43870,50918,49520,61792,62013,72203,72695,53021,58575,36849,47567,11539,21932,2010,1854,26555,25810,44217,39067,47278,45631,58331,58445,69222,69691,51403,56758,35867,46245,11158,21142,555424,516501,77133,69031,105551,100714,24396,39,42
2021-08-17T23:59:59+02:00,3135,2918,32873,31702,49194,43802,50875,49485,61745,61967,72167,72654,52998,58551,36836,47555,11536,21927,1881,1744,25268,24419,43341,38376,46676,45149,57797,58003,68789,69365,51268,56574,35791,46166,11142,21128,554874,510881,77128,66946,105550,100678,24330,39,42
2021-08-16T23:59:59+02:00,3123,2897,32856,31683,49170,43779,50866,49467,61725,61949,72145,72639,52988,58543,36834,47544,11534,21923,1789,1659,23831,23029,42439,37533,46396,44855,57571,57741,68581,69206,51195,56488,35760,46122,11140,21114,554643,504519,77125,66913,105548,100664,24311,39,42
2021-08-15T23:59:59+02:00,3115,2885,32842,31665,49159,43773,50856,49456,61709,61933,72130,72627,52984,58534,36831,47544,11534,21923,1505,1402,21403,20576,41684,36991,46029,44480,57240,57442,68295,68949,51083,56386,35723,46066,11137,21104,554506,495778,77124,66733,105538,100648,24294,39,42
2021-08-14T23:59:59+02:00,3115,2884,32837,31662,49153,43771,50853,49454,61704,61930,72126,72620,52984,58534,36830,47544,11534,21923,1503,1394,21377,20549,41646,36959,46012,44465,57225,57430,68282,68938,51081,56383,35722,46065,11137,21103,554496,495585,77122,66732,105538,100648,24264,39,42
2021-08-13T23:59:59+02:00,3101,2867,32794,31633,49129,43758,50831,49437,61671,61899,72104,72600,52978,58527,36827,47539,11533,21920,1478,1369,21257,20462,41557,36861,45950,44413,57177,57390,68241,68905,51064,56371,35713,46057,11136,21101,554339,494991,77121,66729,105537,100627,24113,39,42
2021-08-12T23:59:59+02:00,3083,2837,32747,31584,49097,43716,50794,49408,61617,61872,72068,72565,52963,58508,36810,47530,11532,21917,1393,1309,20785,20150,40605,36049,45581,44083,56959,57211,68064,68741,50991,56288,35683,46013,11131,21094,553931,490753,77117,66725,105534,100582,24028,39,42
2021-08-11T23:59:59+02:00,3041,2806,32691,31539,49064,43682,50769,49384,61590,61841,72040,72537,52941,58482,36798,47521,11531,21910,1169,1129,19889,19266,39276,34860,44976,43504,56598,56883,67771,68467,50869,56151,35645,45954,11129,21081,553516,483327,77111,66720,105534,100560,23968,39,42
2021-08-10T23:59:59+02:00,3025,2787,32638,31494,49033,43650,50740,49351,61570,61800,72002,72492,52919,58466,36787,47498,11530,21905,923,885,18859,18301,37177,32992,44089,42627,56143,56483,67380,68120,50719,55998,35584,45858,11124,21061,553056,473072,77110,66718,105533,100541,23950,39,42
2021-08-09T23:59:59+02:00,3010,2780,32609,31470,49006,43630,50712,49332,61550,61783,71982,72471,52909,58457,36782,47488,11528,21904,493,474,17434,16889,34191,30572,43423,41995,55735,56120,67047,67793,50575,55849,35533,45808,11119,21043,552805,460884,77108,66714,105528,100529,23924,39,42
2021-08-08T23:59:59+02:00,3007,2780,32595,31457,48994,43623,50707,49326,61539,61775,71978,72470,52908,58454,36782,47485,11528,21903,490,471,17406,16859,34170,30557,43386,41965,55721,56107,67038,67788,50570,55844,35532,45805,11118,21042,552741,460700,77108,66708,105515,100510,23909,39,42
2021-08-07T23:59:59+02:00,3006,2775,32587,31446,48992,43615,50701,49325,61536,61772,71971,72468,52907,58452,36781,47485,11528,21903,487,467,17374,16826,34144,30537,43350,41934,55699,56089,67027,67781,50565,55842,35530,45805,11118,21041,552691,460462,77108,66705,105515,100509,23898,39,42
2021-08-06T23:59:59+02:00,2917,2683,32239,31218,48732,43421,50442,49095,61248,61567,71697,72301,52775,58349,36727,47433,11525,21894,479,465,17165,16682,33432,30054,42878,41565,55357,55862,66718,67603,50435,55748,35481,45769,11115,21034,552619,458780,75996,66415,105511,100506,22099,39,42
2021-08-05T23:59:59+02:00,2871,2644,32079,31099,48640,43333,50362,49040,61195,61522,71645,72260,52749,58330,36718,47416,11523,21892,451,432,16932,16430,31571,28619,41834,40610,55083,55516,66505,67430,50371,55671,35458,45730,11108,21025,551738,451963,75993,66341,105501,100382,22048,39,42
2021-08-04T23:59:59+02:00,2796,2568,31815,30907,48452,43196,50212,48930,61117,61445,71581,72204,52719,58290,36705,47401,11520,21887,425,409,16648,16182,31225,28395,40643,39534,54694,55184,66326,67278,50308,55589,35428,45702,11105,21018,550439,447641,75992,66322,105499,100309,21780,36,41
2021-08-03T23:59:59+02:00,2609,2387,31300,30441,48201,42949,50036,48738,60956,61274,71435,72057,52665,58218,36683,47372,11510,21873,375,345,16210,15734,30636,27866,38907,37913,54003,54538,65992,66966,50212,55460,35381,45650,11100,21008,547488,439956,75990,66314,105496,100290,21695,36,41
2021-08-02T23:59:59+02:00,2498,2292,30986,30156,48000,42766,49883,48610,60849,61168,71347,71975,52632,58186,36661,47353,11509,21870,333,312,15905,15463,30299,27512,36764,36088,53444,54023,65785,66791,50140,55375,35359,45622,11098,21004,545548,433107,75987,66309,105491,100180,21680,36,41
2021-08-01T23:59:59+02:00,2494,2289,30974,30147,47981,42753,49870,48601,60836,61158,71337,71969,52627,58177,36657,47353,11509,21870,320,302,15780,15338,30162,27395,34462,34234,53147,53770,65692,66722,50099,55335,35352,45603,11097,21002,545486,427658,75983,66304,105444,100155,21654,36,41
2021-07-31T23:59:59+02:00,2494,2289,30969,30143,47979,42751,49868,48601,60835,61158,71337,71967,52624,58174,36657,47353,11509,21869,319,302,15766,15326,30127,27368,34450,34227,53129,53762,65680,66717,50095,55330,35352,45602,11096,21001,545467,427505,75983,66303,105443,100151,21649,36,41
2021-07-30T23:59:59+02:00,2480,2284,30922,30097,47947,42730,49844,48577,60801,61128,71301,71949,52615,58163,36657,47353,11509,21867,317,297,15604,15022,29860,27053,34268,33979,52928,53468,65514,66514,50049,55284,35342,45590,11096,20999,545293,427131,75977,66293,105440,98240,21479,36,41
2021-07-29T23:59:59+02:00,2448,2264,30765,30003,47861,42669,49792,48510,60739,61087,71254,71903,52595,58144,36649,47337,11506,21862,294,275,15286,14740,29544,26832,32981,33031,52143,52854,65158,66246,49950,55191,35299,45533,11091,20991,544620,424417,75970,63552,105429,98095,21334,36,41
2021-07-28T23:59:59+02:00,2401,2227,30612,29893,47777,42601,49718,48436,60666,61008,71187,71846,52571,58106,36630,47318,11505,21857,263,255,14881,14363,29104,26517,32610,32700,51433,52239,64766,65920,49855,55088,35265,45476,11075,20972,543668,420265,75966,63497,105421,97710,21269,36,41
2021-07-27T23:59:59+02:00,2323,2154,30372,29626,47626,42422,49573,48298,60554,60884,71087,71758,52513,58046,36602,47279,11497,21849,187,165,14236,13708,28339,25886,31859,32046,50180,51143,64031,65353,49667,54881,35197,45361,11068,20952,541838,411916,75956,63471,105415,97612,21219,36,41
2021-07-26T23:59:59+02:00,2262,2099,30169,29395,47508,42293,49498,48214,60489,60820,71035,71712,52487,58014,36590,47266,11495,21840,150,138,13873,13333,27980,25594,31243,31632,48622,49768,63054,64525,49462,54675,35129,45280,11058,20939,540603,404186,75953,63464,105411,97580,21184,36,41
2021-07-25T23:59:59+02:00,2016,1897,29348,28720,47114,41976,49211,47927,60255,60595,70851,71554,52431,57939,36563,47224,11494,21832,147,136,13780,13272,27883,25529,31159,31564,48502,49704,62966,64473,49439,54657,35122,45271,11058,20938,536415,403544,75953,63456,105404,97419,21140,36,41
2021-07-24T23:59:59+02:00,1935,1829,29091,28489,46964,41870,49094,47826,60097,60477,70722,71474,52382,57909,36545,47204,11492,21832,146,130,13646,13155,27683,25393,30997,31434,48288,49535,62802,64379,49395,54627,35107,45254,11056,20936,535719,402926,75950,63453,105403,97418,20125,36,41
2021-07-23T23:59:59+02:00,1820,1709,28761,28163,46720,41714,48840,47613,59845,60291,70519,71347,52307,57838,36526,47168,11488,21823,136,122,13393,12921,27251,25074,30614,31126,47684,49048,62473,64140,49311,54561,35085,45211,11051,20927,534716,400499,75575,63399,105392,97415,18774,36,41
2021-07-22T23:59:59+02:00,1808,1702,28680,28083,46580,41574,48624,47401,59667,60147,70400,71218,52264,57801,36510,47151,11488,21823,118,117,13164,12658,26913,24741,30260,30806,45755,47485,61667,63439,49215,54459,35047,45167,11048,20917,534399,393786,74426,63248,105348,97188,18713,36,41
2021-07-21T23:59:59+02:00,1774,1660,28418,27876,46192,41236,48031,46845,59082,59668,69944,70829,52093,57641,36452,47093,11479,21810,103,107,12740,12209,26330,24198,29684,30238,42019,44238,60180,62166,49046,54278,34983,45084,11038,20890,533841,382122,71155,62730,105194,96740,17898,36,41
2021-07-20T23:59:59+02:00,1751,1645,28298,27740,46128,41178,47983,46806,59026,59620,69890,70783,52059,57613,36435,47068,11474,21803,87,80,12240,11674,25593,23507,29029,29487,38564,41244,58633,60701,48842,54055,34901,44991,11020,20870,533153,371706,71133,59350,105176,96618,17803,36,41
2021-07-19T23:59:59+02:00,1746,1644,28271,27700,46106,41166,47969,46794,59013,59604,69878,70781,52057,57609,36435,47064,11472,21803,86,78,12192,11641,25526,23472,28994,29453,38519,41211,58592,60674,48838,54047,34900,44988,11017,20869,533008,371379,71132,59334,105159,96565,17778,36,41
2021-07-18T23:59:59+02:00,1742,1637,28246,27675,46082,41156,47957,46785,59007,59595,69871,70773,52055,57608,36434,47063,11472,21802,86,77,12129,11615,25441,23430,28934,29420,38458,41184,58532,60632,48836,54043,34897,44987,11017,20869,532887,371040,71130,59303,105151,96446,17757,36,41
2021-07-17T23:59:59+02:00,1742,1635,28223,27661,46068,41144,47946,46780,58999,59589,69864,70769,52051,57604,36433,47063,11472,21802,84,75,12101,11601,25407,23394,28901,29401,38435,41166,58496,60608,48826,54035,34895,44987,11017,20869,532804,370789,71129,59299,105150,96442,17727,36,41
2021-07-16T23:59:59+02:00,1727,1614,27958,27468,45779,40979,47715,46611,58698,59387,69632,70628,51945,57533,36389,47027,11467,21800,84,72,11851,11406,25072,23154,28596,29172,38034,40891,57988,60185,48689,53922,34843,44937,11011,20865,532489,369582,71128,59295,105017,96166,15688,36,41
2021-07-15T23:59:59+02:00,1629,1501,27494,27083,45518,40745,47568,46498,58558,59274,69530,70542,51904,57491,36374,47004,11466,21793,76,65,11551,11175,24591,22815,28230,28902,37641,40610,55937,58137,48518,53720,34784,44853,11003,20854,530168,362630,71126,59202,105009,95955,15634,36,41
2021-07-14T23:59:59+02:00,1462,1369,26928,26544,45213,40454,47363,46313,58374,59077,69369,70396,51842,57432,36349,46974,11460,21788,70,57,11358,10980,24182,22458,27877,28582,37118,40208,54716,56956,48380,53569,34733,44789,10995,20832,526992,358909,71120,57531,104990,95809,15570,36,41
2021-07-13T23:59:59+02:00,1175,1064,25976,25649,44720,40042,47004,45992,58051,58792,69096,70150,51731,57306,36306,46919,11456,21773,58,42,11014,10638,23651,21905,27254,27993,35737,39018,50578,53047,48016,53181,34602,44639,10978,20803,521603,349620,71113,52324,104987,95705,15464,36,41
2021-07-12T23:59:59+02:00,711,667,24599,24396,44160,39557,46804,45777,57838,58598,68913,69980,51669,57215,36289,46893,11454,21765,50,39,10776,10529,23448,21766,27000,27857,35486,38848,50135,52626,47941,53095,34571,44603,10978,20797,515719,348148,71112,52296,104981,94621,15439,35,41
2021-07-11T23:59:59+02:00,708,662,24580,24375,44128,39537,46786,45764,57824,58585,68899,69977,51667,57212,36286,46889,11453,21765,48,39,10681,10440,23226,21640,26734,27758,35175,38766,49419,52139,46455,51504,34481,44495,10978,20795,515631,347634,71108,52248,104965,89491,15359,35,41
2021-07-10T23:59:59+02:00,706,657,24572,24369,44123,39528,46783,45761,57818,58584,68899,69976,51667,57212,36286,46889,11453,21765,45,38,10668,10429,23204,21619,26720,27747,35153,38761,49405,52134,46441,51488,34479,44494,10978,20795,515596,347525,71106,52247,104963,89436,15349,35,41
2021-07-09T23:59:59+02:00,699,647,24121,23909,43844,39288,46716,45701,57758,58543,68847,69951,51650,57199,36283,46881,11452,21764,45,38,10586,10258,23108,21430,26659,27537,35085,38544,49339,52030,46419,51463,34475,44491,10978,20794,513834,346287,71102,52234,104956,89390,15327,35,41
2021-07-08T23:59:59+02:00,633,581,23034,22907,43047,38690,46466,45499,57551,58400,68650,69812,51572,57133,36255,46858,11450,21756,40,33,10327,10068,22731,21175,26262,27271,34605,38229,48729,51506,46081,51096,34405,44413,10971,20772,509164,342698,71075,52081,104898,88771,15123,35,41
2021-07-07T23:59:59+02:00,580,535,21713,21519,42308,38004,46241,45277,57311,58208,68484,69651,51488,57050,36218,46804,11442,21742,33,29,9954,9759,21856,20582,25150,26478,32768,36859,47809,50618,45581,50558,34298,44273,10962,20754,503784,337754,70902,47698,104877,87851,14978,35,40
2021-07-06T23:59:59+02:00,523,472,20479,20239,41454,37360,45764,44925,56915,57902,68156,69394,51389,56924,36174,46753,11434,21733,25,24,9561,9379,20988,19986,24184,25819,31282,35664,46607,49414,44799,49773,34162,44097,10949,20734,499303,330405,68967,45597,104857,86576,14829,35,40
2021-07-05T23:59:59+02:00,486,444,19067,18865,40589,36557,45547,44698,56731,57699,67995,69267,51333,56868,36153,46724,11432,21726,23,20,9269,9123,20431,19600,23515,25396,30642,35236,45848,48796,44044,48982,34032,43908,10940,20722,493577,324614,68965,45575,104850,85542,14756,34,40
2021-07-04T23:59:59+02:00,479,438,17277,16863,40249,36329,45459,44623,56645,57630,67915,69198,51301,56842,36143,46703,11430,21724,23,20,9207,9070,20291,19537,23343,25318,30383,35158,45053,48666,42678,47629,33953,43834,10938,20716,488753,324153,68939,45530,104835,81407,14687,34,40
2021-07-03T23:59:59+02:00,479,436,17255,16832,40200,36282,45440,44606,56640,57625,67908,69191,51299,56839,36143,46703,11430,21723,22,20,9163,9026,20223,19468,23281,25252,30300,35078,44832,48490,42609,47553,33908,43775,10935,20716,488557,323187,68937,45529,104834,81226,14669,34,40
2021-07-02T23:59:59+02:00,459,413,17138,16721,39735,35899,45324,44506,56586,57584,67860,69160,51287,56834,36137,46691,11430,21722,22,18,9001,8853,19898,19185,22889,24873,29882,34662,44205,47843,42405,47324,33809,43639,10929,20712,487047,320173,68919,44494,104832,80789,14654,34,39
2021-07-01T23:59:59+02:00,407,373,16830,16437,37999,34567,44750,44007,56325,57374,67685,68991,51207,56743,36109,46653,11426,21714,17,13,8624,8454,19035,18473,21920,24018,28497,33469,41172,44868,41407,46239,33194,42912,10912,20683,481562,312665,68844,39611,104810,77245,14347,34,39
2021-06-30T23:59:59+02:00,359,328,16541,16190,35815,32745,44127,43378,56101,57179,67481,68799,51126,56651,36080,46599,11422,21698,16,12,8264,8120,18360,17845,21030,23185,27216,32202,36523,39994,40326,45091,32532,42123,10891,20656,474725,302151,68799,33580,104790,74345,14271,34,39
2021-06-29T23:59:59+02:00,319,291,16315,15989,34820,31662,43675,42933,55919,57015,67309,68650,51050,56578,36041,46555,11414,21691,14,9,7680,7513,17229,16916,19772,21968,25514,30522,33778,36864,37473,42042,31788,41230,10868,20618,470519,285932,68791,33530,104776,68192,14106,34,38
2021-06-28T23:59:59+02:00,310,269,16164,15829,33110,30254,43354,42639,55754,56875,67194,68543,51004,56526,36023,46534,11411,21679,13,7,7376,7255,16673,16539,19379,21653,25006,30135,33189,36362,36094,40551,31000,40295,10864,20607,466102,282883,68766,33478,104755,62784,13815,34,38
2021-06-27T23:59:59+02:00,310,269,16143,15803,32959,30167,43291,42612,55718,56866,67168,68535,51000,56522,36020,46533,11411,21678,12,7,7332,7226,16537,16472,19215,21590,24806,30061,32962,36222,34835,39277,29371,38371,10863,20606,465783,282712,68762,33439,104749,55899,13677,34,38
2021-06-26T23:59:59+02:00,308,267,16119,15775,32936,30149,43245,42568,55693,56850,67162,68532,50999,56521,36017,46532,11411,21678,11,7,7328,7213,16517,16461,19199,21579,24773,30038,32942,36202,34821,39263,29369,38368,10863,20606,465545,282513,68758,33439,104749,55894,13676,34,38
2021-06-25T23:59:59+02:00,301,265,16058,15724,32814,30048,43052,42408,55636,56804,67120,68508,50989,56510,36013,46531,11411,21678,11,7,7140,6935,16232,15953,18930,20923,24403,29105,32554,35479,34659,39045,29346,38337,10863,20606,464697,279823,68754,33428,104732,53586,13653,34,38
2021-06-24T23:59:59+02:00,280,252,15784,15518,32358,29757,41581,41163,55169,56448,66887,68347,50934,56454,35997,46503,11406,21668,10,7,6818,6701,15532,15506,17477,19901,22319,27544,31453,34582,34253,38617,29222,38155,10851,20591,460122,270097,68749,33375,104728,53156,12873,34,38
2021-06-23T23:59:59+02:00,265,235,15502,15224,31852,29356,39478,39339,54625,55904,66636,68127,50845,56345,35957,46457,11401,21655,9,5,6612,6535,15168,15230,16951,19452,21434,26742,29750,33215,33495,37761,29030,37914,10844,20576,453051,262265,68698,33283,104723,52440,12697,34,38
2021-06-22T23:59:59+02:00,243,200,15120,14831,31187,28723,36041,36292,53712,55100,66334,67822,50738,56223,35918,46400,11397,21641,6,4,6429,6321,14764,14900,16146,18732,20015,25426,28143,31559,32693,36784,28490,37308,10826,20544,442117,252139,68665,33198,104716,51325,12390,34,38
2021-06-21T23:59:59+02:00,228,194,14876,14653,30500,28259,33880,34327,53247,54674,66155,67704,50657,56149,35892,46378,11392,21636,6,4,6332,6237,14603,14780,15974,18594,19894,25313,28034,31471,32537,36644,27279,36072,10826,20541,435284,251450,68643,33149,104685,48349,12155,34,38
2021-06-20T23:59:59+02:00,221,193,14751,14563,28598,26918,33270,33878,53158,54579,66086,67667,50634,56121,35884,46374,11391,21634,6,4,5875,5938,13656,14139,15140,18001,19337,24956,27717,31268,32370,36461,27252,36041,10824,20537,430898,246425,68639,33114,104682,48277,11668,33,38
2021-06-19T23:59:59+02:00,215,188,14726,14530,28481,26833,33241,33851,53136,54563,66070,67656,50628,56112,35882,46369,11390,21632,6,4,5662,5778,13095,13730,14532,17521,19008,24754,27522,31097,32291,36361,27235,36027,10824,20537,430488,242900,68637,33109,104682,48274,11663,33,38
2021-06-18T23:59:59+02:00,213,179,14636,14446,28374,26763,31990,32948,52769,54256,65936,67562,50597,56078,35864,46343,11386,21628,6,4,5595,5700,12994,13645,14366,17394,18772,24525,26702,30429,32084,36124,27169,35951,10820,20530,429980,239946,65671,32995,104672,48219,11612,33,38
2021-06-17T23:59:59+02:00,199,163,14259,14181,27785,26510,31502,32687,51980,53689,65512,67296,50516,55977,35830,46302,11380,21615,5,4,5214,5442,12211,13170,13577,16782,17680,23595,24543,28466,31442,35387,26970,35674,10803,20515,426772,230923,65665,32717,104648,47536,10266,32,38
2021-06-16T23:59:59+02:00,170,135,13831,13774,27322,26153,31057,32331,51168,52987,65057,66906,50397,55857,35801,46245,11369,21603,5,4,4847,5004,11494,12500,12783,16087,16576,22472,21571,25599,30370,34178,26672,35270,10788,20474,421906,216864,65619,32688,104640,47139,9966,32,37
2021-06-15T23:59:59+02:00,107,82,13199,13148,26577,25575,30278,31736,49915,51922,64344,66381,50219,55659,35734,46133,11360,21584,5,4,4350,4377,10529,11563,11628,14707,14847,20769,18138,22292,28996,32740,26285,34748,10763,20430,414192,198239,65599,32570,104635,46830,9495,32,37
2021-06-14T23:59:59+02:00,77,61,12793,12774,26165,25250,29616,31269,48123,50452,63293,65548,50003,55433,35657,46057,11352,21572,5,4,4249,4321,10352,11430,11486,14575,14670,20646,17945,22132,28923,32659,26268,34720,10759,20427,406317,197793,65589,32298,104635,46521,8922,32,37
2021-06-13T23:59:59+02:00,76,60,12749,12731,26094,25214,29553,31243,48070,50427,63258,65524,49997,55430,35655,46053,11351,21569,5,4,4093,4242,10024,11299,11163,14464,14373,20533,17544,21788,27409,31015,26128,34525,10755,20416,406115,197043,65513,27622,104628,46312,8766,32,37
2021-06-12T23:59:59+02:00,76,59,12731,12714,26078,25204,29541,31231,48010,50356,63216,65489,49996,55427,35655,46053,11351,21569,5,4,4090,4233,10009,11282,11154,14449,14354,20516,17522,21779,27368,30970,26123,34520,10755,20416,405819,196855,65513,27620,104626,46271,8766,32,37
2021-06-11T23:59:59+02:00,74,56,12630,12587,25951,25089,29418,31105,47772,50129,63084,65370,49972,55401,35644,46042,11349,21567,5,4,3997,3961,9491,10093,10725,13539,14066,19961,17249,21302,26959,30546,26031,34438,10752,20414,404543,195809,65503,27615,104585,41495,8577,32,37
2021-06-10T23:59:59+02:00,66,49,12388,12367,25627,24804,29072,30836,46697,49112,62350,64800,49887,55305,35610,45990,11339,21554,5,3,3727,3595,8723,8848,9833,11898,12763,17197,15456,17692,25234,28622,25734,34131,10746,20390,399652,190275,65446,27176,104382,28769,8341,32,36
2021-06-09T23:59:59+02:00,52,37,12094,12043,25218,24398,28674,30443,44683,47288,61260,63862,49782,55181,35564,45936,11334,21536,5,3,3477,3470,8298,8596,9320,11578,12246,16804,14743,17092,21396,24299,25507,33829,10734,20364,391663,178679,65319,26827,104380,28230,7991,32,34
2021-06-08T23:59:59+02:00,46,26,11662,11502,24550,23775,28015,29778,41511,44443,59482,62226,49611,54989,35490,45845,11324,21514,5,3,3267,3334,7898,8341,8701,11205,11583,16385,14084,16446,16013,18337,25116,33304,10716,20334,378976,163469,65256,26494,104370,27924,7155,32,30
2021-06-07T23:59:59+02:00,41,19,11498,11305,24200,23498,27730,29570,38885,42515,59055,61864,49577,54958,35478,45824,11322,21508,5,3,3171,3263,7592,8169,8381,11028,11010,15934,13579,15967,15936,18257,25085,33253,10714,20327,373313,163149,64829,24669,104361,27514,6312,32,30
2021-06-06T23:59:59+02:00,38,18,11362,11200,23877,23267,27518,29398,37291,41331,58930,61786,49553,54929,35470,45810,11322,21506,5,3,3071,3211,7316,8080,8114,10859,10271,15252,12979,15345,15784,18145,25071,33230,10712,20327,372906,163032,61451,21503,104350,27344,5867,32,29
2021-06-05T23:59:59+02:00,36,17,11343,11180,23833,23227,27483,29371,37263,41317,58830,61702,49543,54922,35468,45808,11322,21503,5,3,3058,3199,7292,8046,8083,10841,10240,15237,12934,15322,15662,17980,25066,33222,10711,20326,372562,162592,61448,21502,104350,27328,5776,32,29
2021-06-04T23:59:59+02:00,36,15,11161,10921,23474,22762,27205,28975,36835,40869,58210,61162,49509,54881,35458,45790,11320,21497,5,2,3034,3184,7263,8028,8059,10823,10209,15213,12900,15288,15450,17773,25055,33201,10709,20325,370764,162005,59178,21489,104336,27230,5770,32,27
2021-06-03T23:59:59+02:00,34,14,10942,10704,23013,22372,26778,28641,35735,40042,55448,58813,49379,54721,35415,45726,11315,21482,5,2,2942,3106,7054,7873,7602,10526,9178,14580,11648,14581,14264,16300,24876,32983,10697,20306,366812,158638,54256,17754,104285,26916,5189,32,26
2021-06-02T23:59:59+02:00,34,14,10904,10667,22976,22339,26743,28615,35701,40001,55320,58655,49365,54696,35409,45719,11315,21481,5,2,2900,3076,6998,7852,7540,10491,9022,14539,11421,14517,12906,14812,24758,32810,10693,20299,366214,154803,54250,17743,104284,26894,5175,31,26
2021-06-01T23:59:59+02:00,21,7,10487,10318,22319,21828,26058,28035,34980,39421,52317,55507,48976,54288,35290,45555,11299,21455,5,2,2444,2718,5645,7172,6266,9916,7623,13867,10285,13554,8592,9240,24278,32128,10670,20246,355450,136591,54067,17373,104265,26313,4348,31,26
2021-05-31T23:59:59+02:00,20,6,10208,10088,21743,21434,25649,27786,34657,39218,50865,54109,48877,54164,35256,45515,11292,21447,5,2,2333,2599,5355,6930,6002,9695,7258,13627,10028,13393,8541,9178,24252,32079,10662,20233,350710,135816,54023,17252,104240,25748,3330,31,26
2021-05-30T23:59:59+02:00,19,6,10152,10039,21650,21394,25584,27752,34545,39148,50499,53767,48852,54139,35250,45509,11290,21444,5,2,2297,2569,5250,6852,5902,9627,7070,13539,9801,13296,8495,9128,24236,32072,10661,20228,349520,135221,54002,17078,104224,25443,3262,31,26
2021-05-29T23:59:59+02:00,18,6,10138,10027,21616,21374,25567,27739,34524,39135,50486,53749,48848,54135,35247,45508,11290,21444,5,2,2277,2517,5207,6725,5842,9497,6953,13341,9662,13074,8424,9036,24169,32005,10660,20227,349362,134939,54002,17026,104203,24379,3253,31,26
2021-05-28T23:59:59+02:00,18,6,10078,9957,21539,21262,25486,27618,34446,39035,50406,53651,48826,54117,35238,45500,11290,21440,5,2,2195,2251,4593,6190,5220,8779,6586,12379,9166,12079,8246,8837,23797,31524,10659,20224,348504,133438,53989,16929,104144,19094,3246,30,25
2021-05-27T23:59:59+02:00,17,6,9810,9710,21012,20886,24942,27257,33922,38657,49793,53041,48655,53926,35169,45426,11286,21420,3,2,1954,1985,4017,5671,4544,8177,6077,11609,8219,10753,7740,8176,22230,29371,10643,20202,344219,127766,53578,15796,104038,14716,3070,30,25
2021-05-26T23:59:59+02:00,17,6,9534,9462,20293,20321,24069,26586,32659,37631,49029,52336,48401,53637,35093,45315,11274,21396,3,1,1897,1912,3920,5544,4412,8012,5869,11348,7893,10369,7177,7450,19787,25937,10623,20158,339502,119260,50607,15543,103985,14550,2935,30,24
2021-05-25T23:59:59+02:00,16,6,9269,9226,19881,19965,23630,26194,32147,37113,48135,51357,48103,53318,35005,45173,11262,21367,3,1,1831,1862,3801,5445,4272,7863,5660,11123,7579,10046,6551,6608,15644,20541,10603,20100,333907,107017,50525,15500,103913,14200,2792,30,24
2021-05-24T23:59:59+02:00,15,6,9053,9067,19312,19674,22857,25806,30638,36099,47910,51186,48011,53218,34976,45143,11260,21366,3,1,1805,1844,3755,5414,4207,7821,5594,11063,7502,9989,6525,6583,15630,20532,10603,20100,332323,106896,46731,15486,103853,13906,2660,30,23
2021-05-23T23:59:59+02:00,15,6,8845,8860,18957,19383,22434,25458,30215,35778,47319,50673,47578,52763,34873,44997,11252,21357,3,1,1803,1843,3745,5409,4202,7815,5583,11055,7491,9980,6520,6572,15630,20530,10603,20100,327496,106834,46729,15484,103851,13887,2657,30,23
2021-05-22T23:59:59+02:00,15,6,8814,8823,18906,19340,22387,25426,30162,35747,47212,50603,47559,52740,34870,44988,11249,21357,3,1,1802,1839,3732,5397,4198,7809,5578,11048,7484,9976,6517,6570,15627,20529,10603,20100,326951,106797,46729,15484,103850,13865,2644,30,23
2021-05-21T23:59:59+02:00,14,6,8539,8468,18466,18827,22024,24780,29734,34938,46725,49936,47470,52615,34832,44945,11246,21352,3,1,1737,1798,3655,5358,4153,7773,5545,11001,7442,9927,6487,6544,15549,20432,10602,20099,321742,106478,46698,15483,103826,13501,2621,30,23
2021-05-20T23:59:59+02:00,13,6,7966,7924,17523,18035,21017,23865,28413,33734,44978,48111,47030,52153,34724,44789,11228,21333,3,1,1437,1635,3347,5070,3887,7386,5245,10522,7059,9473,6252,6286,14229,18884,10578,20060,310136,102706,46610,14998,103598,11159,2468,30,23
2021-05-19T23:59:59+02:00,13,6,7701,7610,16919,17433,20114,22987,27181,32473,43181,46021,46499,51597,34574,44566,11207,21301,3,1,1371,1549,3148,4856,3679,7132,5019,10170,6763,9143,5968,5952,12010,16023,10560,19999,298982,96446,46569,14522,103552,10106,2250,30,22
2021-05-18T23:59:59+02:00,12,6,7175,7072,15766,16411,18843,21739,25674,30843,40492,42788,45669,50650,34338,44262,11182,21259,3,1,1348,1523,3088,4785,3604,7011,4884,10038,6582,8931,5701,5674,10302,13843,10536,19945,283198,91294,45365,14471,103445,9868,2144,29,22
2021-05-17T23:59:59+02:00,12,6,7097,7009,15582,16300,18627,21571,25273,30515,38742,41150,45558,50570,34290,44197,11172,21235,3,1,1315,1500,3031,4738,3539,6952,4814,9934,6487,8830,5659,5634,10288,13825,10532,19937,282975,91221,40599,14190,103401,9684,1902,29,22
2021-05-16T23:59:59+02:00,11,5,6982,6956,15461,16212,18498,21464,25093,30400,35759,38381,45522,50535,34268,44173,11169,21230,3,1,1292,1481,2987,4698,3491,6894,4731,9864,6393,8751,5628,5597,10276,13809,10530,19934,282692,91173,34449,13924,103281,9573,1668,29,22
2021-05-15T23:59:59+02:00,11,5,6957,6926,15400,16154,18452,21422,25025,30355,35723,38340,45499,50508,34261,44168,11169,21230,3,1,1279,1456,2955,4627,3472,6825,4712,9783,6370,8700,5622,5593,10271,13808,10530,19934,282206,91116,34448,13920,103267,9228,1655,29,22
2021-05-14T23:59:59+02:00,11,4,6784,6555,15052,15659,18138,21002,24687,29894,35478,37990,45470,50477,34251,44163,11169,21228,3,1,1220,1396,2875,4524,3422,6722,4648,9632,6287,8570,5593,5548,10258,13798,10530,19933,281140,91029,34297,13899,100956,8421,1590,29,21
2021-05-13T23:59:59+02:00,11,4,6429,6228,14296,15078,17428,20368,23826,29151,34709,37319,45183,50133,34172,44040,11165,21217,3,1,1049,1311,2680,4411,3305,6600,4506,9460,6164,8425,5550,5510,10241,13781,10526,19928,274724,90871,33964,13818,100740,7441,1302,27,19
2021-05-12T23:59:59+02:00,11,4,6031,5956,13324,14407,16407,19565,23161,28714,34401,37035,45001,49937,34141,44009,11162,21214,3,1,1046,1309,2673,4404,3287,6596,4501,9450,6155,8420,5542,5503,10238,13776,10524,19927,268475,90806,33953,13806,100736,7436,1289,27,18
2021-05-11T23:59:59+02:00,11,4,5653,5731,12734,13956,14605,18123,20208,26189,32086,34707,43946,48678,33816,43537,11133,21164,3,0,984,1234,2555,4229,3177,6357,4383,9162,6038,8194,5470,5423,10196,13714,10516,19909,251183,90325,33674,13589,100290,6506,1107,27,17
2021-05-10T23:59:59+02:00,11,4,5503,5632,12462,13829,14251,17898,19405,25619,30711,33684,43415,48063,33758,43448,11125,21145,3,0,941,1175,2456,4064,3083,6156,4258,8899,5915,7995,5432,5390,10184,13697,10512,19900,245701,90212,33463,13529,99979,5509,793,27,17
2021-05-09T23:59:59+02:00,11,4,5100,5393,11276,13302,13250,17536,18378,25287,30166,33394,43359,47990,33732,43434,11122,21137,3,0,916,1144,2358,3957,2994,6018,4126,8723,5821,7891,5423,5376,10177,13692,10507,19896,240381,90165,33390,13487,99638,4919,435,27,16
2021-05-08T23:59:59+02:00,11,4,5088,5385,11254,13282,13224,17517,18348,25255,30125,33350,43351,47979,33731,43430,11122,21137,3,0,912,1137,2345,3950,2989,6018,4122,8717,5818,7888,5420,5373,10174,13687,10507,19896,240111,90139,33388,13487,99637,4884,430,27,16
2021-05-07T23:59:59+02:00,11,4,4987,5302,11025,13114,12938,17296,17741,24655,29175,32456,43157,47738,33675,43358,11118,21131,3,0,882,1106,2311,3895,2946,5969,4069,8663,5734,7835,5373,5325,10161,13678,10507,19895,237606,90003,31499,13483,99529,4629,221,26,16
2021-05-06T23:59:59+02:00,11,4,4574,5017,10355,12697,12179,16630,16144,23211,26628,30063,42456,46989,33508,43121,11102,21110,3,0,823,1050,2177,3648,2777,5659,3874,8189,5535,7512,5321,5271,10138,13650,10505,19889,228838,89818,28157,13169,98715,2955,63,26,16
2021-05-05T23:59:59+02:00,11,4,4265,4787,9754,12252,11459,16047,15043,22183,23775,27301,41474,45883,33225,42735,11084,21068,3,0,807,1026,2114,3523,2719,5503,3780,7978,5439,7376,5271,5216,10101,13610,10503,19886,215804,89551,27974,13031,98494,2204,53,25,16
2021-05-04T23:59:59+02:00,11,4,3916,4335,9088,11560,10687,15207,13739,20930,20170,23893,40126,44422,32851,42211,11061,21029,3,0,789,995,2046,3407,2648,5368,3687,7825,5342,7252,5232,5170,10070,13581,10501,19883,198748,89326,27956,12732,98466,1679,46,24,16
2021-05-03T23:59:59+02:00,11,4,3673,3917,8680,11067,10206,14582,13205,20275,19445,23244,39859,44170,32772,42107,11058,21014,3,0,775,964,1978,3306,2589,5260,3627,7710,5290,7165,5216,5157,10054,13563,10498,19878,192890,89180,27944,12721,98402,1087,29,24,16
2021-05-02T23:59:59+02:00,11,4,3671,3915,8659,11057,10196,14572,13184,20263,19427,23233,39856,44169,32771,42106,11057,21014,3,0,771,948,1947,3225,2542,5164,3580,7585,5270,7100,5212,5153,10053,13559,10498,19876,192793,89162,27930,12689,98395,597,23,24,15
2021-05-01T23:59:59+02:00,11,4,3668,3907,8646,11043,10187,14561,13176,20261,19414,23224,39856,44167,32770,42106,11057,21014,3,0,770,948,1946,3225,2541,5164,3580,7585,5270,7100,5212,5153,10053,13559,10497,19876,192703,89161,27928,12687,98395,597,22,24,15
2021-04-30T23:59:59+02:00,11,3,3645,3882,8601,11008,10143,14522,13114,20222,19312,23071,39587,43844,32749,42085,11056,21014,3,0,765,943,1931,3217,2540,5156,3577,7578,5268,7093,5209,5150,10049,13558,10497,19876,191776,89134,27659,12684,98389,556,21,24,15
2021-04-29T23:59:59+02:00,11,3,3375,3708,8164,10736,9594,14237,12614,19857,18574,22340,36523,40393,32487,41719,11045,20978,3,0,752,929,1882,3156,2490,5090,3511,7438,5177,6993,5169,5115,10026,13515,10495,19870,186214,88927,21822,12528,98281,123,18,23,15
2021-04-28T23:59:59+02:00,11,3,3208,3642,7897,10625,9198,14062,12234,19622,18089,21906,32736,36076,32269,41417,11032,20956,3,0,735,913,1856,3117,2445,5042,3473,7381,5112,6929,5103,5053,9974,13456,10492,19860,175043,88714,21668,12088,98236,115,13,23,14
2021-04-27T23:59:59+02:00,10,3,3127,3576,7636,10496,8846,13888,11750,19397,17609,21414,27167,29880,31893,40910,11011,20923,3,0,725,899,1824,3080,2409,4996,3419,7322,5057,6853,5053,4983,9939,13403,10488,19851,159682,88500,21646,11666,98172,112,13,23,13
2021-04-26T23:59:59+02:00,10,3,3070,3540,7492,10432,8678,13828,11519,19331,17084,21027,27131,29846,31879,40895,11011,20923,3,0,702,867,1756,3021,2340,4941,3350,7231,4959,6748,4953,4908,9861,13319,10486,19848,159096,88367,21428,10789,97140,111,13,22,13
2021-04-25T23:59:59+02:00,10,3,3033,3523,7332,10381,8442,13778,11187,19288,16250,20558,25577,28182,31825,40831,11011,20920,3,0,702,866,1750,3016,2332,4938,3344,7223,4955,6739,4949,4903,9853,13308,10486,19848,158609,88343,21419,10751,92068,95,13,22,13
2021-04-24T23:59:59+02:00,10,3,3029,3517,7317,10366,8430,13770,11173,19278,16228,20540,25531,28119,31822,40825,11010,20919,3,0,702,866,1750,3015,2332,4938,3343,7223,4955,6739,4949,4902,9851,13307,10486,19848,158397,88337,21415,10751,92040,95,13,22,13
2021-04-23T23:59:59+02:00,10,3,3011,3500,7277,10322,8383,13728,11106,19219,16167,20475,25110,27615,31789,40769,11007,20916,3,0,692,858,1732,3006,2316,4909,3292,7185,4855,6642,4809,4779,9679,13108,10480,19833,157208,88043,21278,10016,91886,94,13,22,12
2021-04-22T23:59:59+02:00,9,3,2930,3421,7083,10136,7844,13321,9896,18421,14610,19426,23092,25180,31576,40499,10988,20886,3,0,627,808,1618,2894,2189,4743,3132,7012,4671,6441,4652,4605,9167,12450,10443,19754,152390,86122,15978,8987,90921,75,13,19,12
2021-04-21T23:59:59+02:00,9,3,2878,3373,6960,10049,7634,13165,9528,18180,14138,18979,20576,22044,31275,40110,10969,20860,3,0,578,783,1538,2815,2102,4652,3005,6869,4508,6277,4468,4425,8595,11681,10397,19661,145381,84316,15205,7949,90112,67,13,19,12
2021-04-20T23:59:59+02:00,9,3,2838,3334,6853,9960,7496,13053,9276,17962,13645,18587,17184,17980,30961,39636,10952,20826,3,0,548,748,1466,2751,2016,4571,2902,6747,4373,6116,4279,4229,7725,10461,10327,19510,136522,81373,14961,7314,89040,62,13,19,10
2021-04-19T23:59:59+02:00,9,3,2823,3325,6806,9920,7443,13017,9200,17888,13507,18469,16850,17598,30927,39600,10950,20821,3,0,489,708,1345,2655,1916,4473,2767,6588,4175,5925,4024,3928,5871,8015,10108,19105,136199,75488,14764,6527,88161,58,13,19,9
2021-04-18T23:59:59+02:00,9,3,2807,3311,6728,9894,7338,12966,9002,17821,12669,18339,15437,16190,30859,39538,10946,20814,3,0,483,702,1334,2647,1901,4462,2734,6559,4114,5874,3948,3857,5457,7383,10060,19021,135977,73984,14621,6479,84041,54,13,19,9
2021-04-17T23:59:59+02:00,9,3,2797,3307,6710,9871,7308,12945,8970,17782,12636,18319,15385,16140,30805,39466,10945,20814,3,0,483,699,1334,2645,1900,4458,2730,6554,4111,5870,3947,3855,5452,7382,10059,19020,135622,73947,14620,6479,83938,54,13,19,9
2021-04-16T23:59:59+02:00,9,3,2784,3293,6676,9856,7255,12906,8895,17730,12528,18215,15137,15858,30286,38817,10942,20806,3,0,482,696,1329,2640,1891,4456,2724,6548,4103,5862,3941,3849,5435,7353,10057,19018,134091,73845,14612,6468,83262,52,13,18,9
2021-04-15T23:59:59+02:00,9,3,2730,3238,6544,9758,7065,12727,8552,17457,12051,17749,14077,14636,28161,36007,10923,20783,3,0,473,690,1325,2614,1877,4432,2701,6520,4060,5809,3884,3775,5402,7299,10049,19005,128155,73524,14336,6330,79949,43,12,18,9
2021-04-14T23:59:59+02:00,8,1,2674,3186,6450,9663,6919,12567,8278,17189,11618,17287,12894,13253,23440,29927,10902,20727,3,0,469,683,1311,2604,1864,4413,2679,6495,4018,5771,3836,3723,5340,7243,10018,18967,115755,73220,14301,6174,76898,23,12,17,8
2021-04-13T23:59:59+02:00,8,1,2623,3150,6322,9578,6766,12432,8000,16938,11192,16863,10229,10329,20349,25752,10879,20683,3,0,452,659,1264,2561,1813,4350,2571,6394,3836,5608,3624,3538,5190,7104,10009,18944,107303,72870,14106,5011,70656,19,12,17,8
2021-04-12T23:59:59+02:00,8,1,2602,3136,6262,9549,6659,12346,7807,16809,10944,16654,8867,8834,19527,24776,10877,20674,3,0,446,651,1245,2544,1796,4325,2537,6354,3786,5556,3560,3490,5155,7063,10004,18922,107173,72731,14051,4670,65079,16,12,17,8
2021-04-11T23:59:59+02:00,8,1,2575,3126,6166,9523,6544,12309,7642,16759,10746,16552,7591,7557,17795,22798,10875,20671,3,0,446,651,1244,2542,1796,4324,2537,6354,3782,5551,3555,3489,5149,7061,10004,18922,107103,72719,14044,4658,58063,14,11,17,8
2021-04-10T23:59:59+02:00,8,1,2574,3124,6157,9518,6535,12304,7636,16754,10739,16544,7582,7545,17785,22791,10875,20671,3,0,446,647,1241,2539,1795,4321,2535,6350,3779,5550,3546,3475,5141,7046,10004,18922,107018,72657,14044,4651,58054,14,10,17,8
2021-04-09T23:59:59+02:00,8,1,2512,3026,6021,9311,6381,12042,7378,16347,10426,16048,7424,7340,17668,22612,10874,20669,3,0,441,642,1223,2526,1769,4303,2502,6299,3700,5468,3428,3365,4999,6950,9999,18920,106541,72566,14014,3941,55506,12,10,17,8
2021-04-08T23:59:59+02:00,8,1,2433,2954,5926,9191,6278,11912,7207,16162,10170,15859,7226,7080,16399,21150,10863,20638,3,0,434,636,1207,2492,1743,4266,2474,6227,3646,5402,3350,3318,4918,6845,9977,18874,102875,72113,13660,3670,54895,11,10,17,8
2021-04-07T23:59:59+02:00,8,1,2406,2918,5853,9119,6185,11837,7074,16061,9927,15708,6927,6753,14071,18199,10842,20591,3,0,428,634,1196,2479,1730,4242,2460,6187,3578,5343,3277,3265,4859,6783,9968,18844,96701,71826,13499,3422,54256,10,10,14,8
2021-04-06T23:59:59+02:00,8,1,2389,2888,5756,9052,6095,11757,6920,15948,9687,15526,6570,6390,11959,15580,10815,20532,3,0,424,627,1188,2452,1719,4219,2434,6149,3513,5279,3191,3215,4813,6730,9962,18826,91641,71580,13199,3138,53011,10,8,14,8
2021-04-05T23:59:59+02:00,8,1,2381,2878,5737,9035,6084,11738,6905,15928,9667,15499,6444,6290,10681,14284,10814,20531,3,0,420,620,1184,2437,1713,4203,2418,6117,3480,5238,3162,3177,4792,6685,9955,18808,91557,71387,13162,3001,50165,9,7,14,8
2021-04-04T23:59:59+02:00,8,1,2381,2878,5734,9031,6082,11738,6903,15928,9665,15498,6439,6285,10681,14282,10814,20531,3,0,420,619,1184,2436,1713,4203,2417,6117,3480,5238,3161,3177,4789,6685,9954,18807,91548,71379,13159,3000,50152,9,7,13,8
2021-04-03T23:59:59+02:00,8,1,2378,2871,5727,9023,6076,11733,6899,15924,9662,15495,6436,6280,10674,14279,10814,20531,3,0,420,619,1184,2436,1713,4203,2417,6117,3480,5237,3161,3177,4789,6685,9954,18807,91489,71378,13157,3000,50145,9,7,13,8
2021-04-02T23:59:59+02:00,8,1,2376,2869,5722,9016,6074,11730,6895,15923,9658,15493,6432,6273,10659,14250,10813,20530,3,0,417,617,1183,2436,1712,4202,2415,6117,3479,5230,3136,3160,4779,6676,9954,18807,91404,71300,13154,2999,50144,9,7,13,8
2021-04-01T23:59:59+02:00,8,1,2355,2866,5691,8986,6031,11687,6853,15868,9603,15437,6338,6176,10363,13901,10790,20481,3,0,415,601,1180,2430,1705,4191,2399,6100,3452,5209,3070,3111,4716,6600,9876,18689,90412,70728,13131,2996,49873,9,6,13,8
2021-03-31T23:59:59+02:00,8,1,2322,2839,5616,8918,5962,11592,6751,15756,9469,15303,6195,6033,9811,13152,10743,20387,3,0,410,595,1174,2418,1699,4175,2392,6087,3432,5175,3038,3078,4666,6541,9818,18587,88420,70274,12915,2994,49506,9,4,13,7
2021-03-30T23:59:59+02:00,8,1,2302,2821,5569,8859,5899,11516,6677,15657,9372,15160,6007,5818,8898,11804,10665,20203,3,0,408,590,1170,2414,1686,4158,2373,6065,3398,5131,2980,3009,4575,6443,9686,18345,85320,69565,12535,2852,49367,9,3,11,5
2021-03-29T23:59:59+02:00,7,1,2235,2766,5467,8746,5789,11368,6509,15426,9136,14905,5647,5443,6946,9269,10438,19773,3,0,400,587,1159,2403,1672,4146,2348,6038,3368,5075,2910,2942,4452,6337,9478,18004,79197,68592,11727,2713,48934,9,3,10,5
2021-03-28T23:59:59+02:00,7,1,2213,2753,5423,8685,5714,11290,6421,15340,9018,14785,5521,5290,6298,8330,10371,19655,3,0,390,579,1143,2387,1645,4119,2301,5977,3312,4985,2826,2862,4338,6198,9402,17863,76882,68132,11468,2187,48752,5,3,10,3
2021-03-27T23:59:59+01:00,7,1,2212,2746,5414,8679,5710,11275,6406,15318,9007,14773,5493,5263,6287,8326,10371,19653,3,0,390,579,1141,2386,1644,4114,2297,5974,3303,4978,2820,2859,4322,6173,9320,17714,76773,67820,11468,2186,48687,5,3,10,3
2021-03-26T23:59:59+01:00,7,1,2195,2725,5377,8640,5671,11225,6329,15248,8857,14623,5328,5114,6116,8144,10368,19644,3,0,386,571,1133,2373,1628,4085,2269,5938,3269,4924,2759,2795,4133,5913,8603,16515,76425,65138,10631,2148,48543,5,3,10,3
2021-03-25T23:59:59+01:00,7,0,2078,2645,5200,8425,5469,10948,6121,14943,8616,14334,5164,4961,6019,8022,10365,19636,3,0,377,556,1113,2347,1605,4055,2223,5880,3194,4845,2660,2688,3755,5418,7440,14741,75965,60963,9676,1928,47300,4,2,10,3
2021-03-24T23:59:59+01:00,7,0,1993,2597,5049,8264,5308,10754,5955,14704,8409,14103,5024,4802,5905,7904,10359,19625,3,0,373,544,1100,2319,1572,4000,2164,5814,3105,4745,2523,2574,3323,4800,6020,12491,75584,55884,8512,1577,46654,4,2,10,3
2021-03-23T23:59:59+01:00,7,0,1916,2546,4938,8141,5207,10613,5834,14512,8290,13934,4941,4718,5838,7844,10352,19606,3,0,362,518,1081,2284,1539,3942,2120,5724,3023,4653,2434,2480,2869,4155,4067,9205,75188,49023,7765,1428,46272,3,2,10,3
2021-03-22T23:59:59+01:00,7,0,1854,2482,4800,8006,5073,10436,5674,14279,8098,13721,4834,4603,5769,7736,10335,19565,2,0,335,501,1053,2246,1494,3868,2054,5614,2921,4501,2317,2327,2336,3455,1464,4940,74684,40235,6727,1187,45850,1,2,9,3
2021-03-21T23:59:59+01:00,7,0,1852,2476,4789,7992,5059,10425,5658,14262,8068,13696,4812,4588,5752,7724,10330,19564,2,0,334,501,1048,2232,1485,3839,2036,5576,2896,4451,2276,2278,2294,3414,1447,4894,74659,40093,6675,904,45709,1,2,9,3
2021-03-20T23:59:59+01:00,7,0,1852,2476,4787,7991,5058,10423,5657,14261,8060,13690,4811,4587,5744,7715,10330,19564,2,0,334,500,1048,2232,1485,3839,2036,5576,2894,4450,2275,2275,2294,3414,1446,4894,74645,40089,6675,899,45682,1,2,9,3
2021-03-19T23:59:59+01:00,7,0,1800,2231,4278,6711,4650,9442,5388,13703,7839,13289,4684,4487,5674,7648,10329,19564,2,0,333,500,1048,2232,1485,3839,2035,5575,2893,4450,2273,2274,2288,3407,1444,4892,74581,40072,6664,892,40468,1,2,9,3
2021-03-18T23:59:59+01:00,7,0,1745,1978,3862,5655,4121,8067,4572,11161,6479,9956,4315,4185,5469,7424,10308,19526,2,0,332,497,1041,2219,1477,3814,2008,5536,2868,4426,2252,2258,2263,3378,1439,4883,74144,39879,6600,808,28076,1,2,8,3
2021-03-17T23:59:59+01:00,7,0,1739,1969,3850,5629,4104,8037,4548,11096,6428,9882,4276,4138,5426,7378,10300,19498,1,0,329,496,1037,2211,1471,3805,2001,5521,2858,4399,2225,2229,2241,3363,1432,4867,73873,39721,6536,759,27886,1,2,8,3
2021-03-16T23:59:59+01:00,7,0,1715,1936,3790,5547,4034,7931,4420,10934,6220,9684,4052,3948,5283,7219,10293,19474,1,0,326,492,1036,2192,1466,3792,1992,5505,2849,4379,2215,2214,2228,3333,1423,4836,73560,39544,5258,729,27659,1,2,8,3
2021-03-15T23:59:59+01:00,7,0,1705,1916,3766,5510,4008,7893,4369,10865,6141,9598,3965,3881,5226,7157,10284,19447,1,0,323,488,1027,2176,1458,3786,1976,5469,2831,4351,2200,2182,2203,3268,1412,4797,73327,39323,4890,621,27513,1,0,8,3
2021-03-14T23:59:59+01:00,7,0,1699,1906,3757,5500,4003,7877,4360,10834,6132,9575,3957,3870,5220,7149,10283,19445,1,0,323,488,1025,2176,1453,3783,1973,5467,2813,4345,2194,2179,2192,3257,1407,4795,73291,39315,4872,552,27403,1,0,8,3
2021-03-13T23:59:59+01:00,7,0,1695,1900,3742,5477,3996,7867,4340,10823,6118,9559,3954,3867,5217,7146,10283,19445,1,0,323,488,1025,2176,1453,3783,1973,5466,2813,4344,2193,2178,2192,3255,1398,4790,73266,39295,4867,552,27295,1,0,8,3
2021-03-12T23:59:59+01:00,6,0,1657,1842,3233,5331,3480,7750,4206,10698,5892,9268,3784,3720,5074,7033,10257,19397,1,0,318,466,1021,2146,1445,3758,1954,5395,2760,4260,2013,2024,2132,3206,1391,4784,73044,38527,4132,544,25444,0,0,8,3
2021-03-11T23:59:59+01:00,6,0,1550,1703,2850,5071,3043,7494,3925,10284,5259,8375,3556,3545,4965,6912,10217,19341,1,0,317,465,1018,2133,1442,3738,1947,5376,2751,4243,2006,2016,2117,3189,1386,4764,72460,38402,3866,504,21763,0,0,7,3
2021-03-10T23:59:59+01:00,6,0,1518,1669,2811,5026,3005,7435,3868,10196,5149,8258,3430,3439,4847,6798,10169,19274,1,0,315,464,1017,2130,1438,3727,1943,5362,2739,4223,1987,2008,2090,3156,1376,4749,72040,38315,3534,407,21317,0,0,7,3
2021-03-09T23:59:59+01:00,6,0,1508,1653,2774,4998,2983,7391,3829,10136,5067,8179,3329,3352,4764,6709,10060,19062,1,0,312,463,1013,2123,1431,3714,1917,5340,2697,4193,1944,1983,2036,3127,1364,4739,71433,38284,3262,110,21098,0,0,7,3
2021-03-08T23:59:59+01:00,6,0,1492,1638,2745,4969,2954,7360,3806,10088,5043,8117,3287,3312,4687,6645,9879,18758,1,0,311,463,1011,2119,1423,3698,1900,5306,2678,4165,1925,1964,2009,3104,1357,4720,70627,38133,3253,18,20899,0,0,7,3
2021-03-07T23:59:59+01:00,6,0,1479,1627,2715,4926,2919,7312,3770,10027,5001,8058,3252,3278,4621,6543,9801,18612,1,0,311,462,1010,2118,1422,3692,1897,5296,2677,4160,1921,1961,2005,3100,1353,4711,70085,38078,3199,16,20657,0,0,6,3
2021-03-06T23:59:59+01:00,6,0,1478,1626,2710,4914,2916,7303,3762,10020,4983,8042,3242,3268,4598,6504,9710,18440,1,0,311,462,1008,2115,1422,3690,1891,5287,2675,4158,1916,1953,1999,3098,1352,4708,69689,38028,3199,16,20628,0,0,6,2
2021-03-05T23:59:59+01:00,6,0,1405,1550,2611,4753,2859,7144,3677,9813,4883,7846,3192,3208,4378,6214,8990,17230,1,0,311,462,1006,2113,1418,3685,1889,5286,2672,4152,1908,1949,1994,3095,1347,4704,66997,37974,3196,16,19560,0,0,6,2
2021-03-04T23:59:59+01:00,6,0,1233,1443,2445,4553,2690,6873,3509,9469,4625,7504,3075,3082,4013,5755,7796,15386,1,0,309,454,997,2089,1402,3645,1861,5233,2644,4104,1880,1924,1961,3040,1319,4658,62731,37503,3193,16,17527,0,0,6,2
2021-03-03T23:59:59+01:00,6,0,1199,1389,2369,4445,2629,6750,3423,9302,4527,7361,2988,3012,3630,5149,6376,13152,1,0,305,445,986,2066,1390,3617,1847,5183,2589,4049,1830,1888,1933,3007,1303,4628,57583,37049,3165,16,16954,0,0,5,2
2021-03-02T23:59:59+01:00,6,0,1166,1350,2308,4386,2580,6658,3341,9178,4390,7212,2873,2887,3141,4478,4326,9742,1,0,300,436,981,2039,1377,3575,1832,5128,2557,4022,1820,1872,1913,2978,1289,4600,50435,36702,2914,16,16669,0,0,4,2
2021-03-01T23:59:59+01:00,6,0,1107,1321,2246,4324,2507,6572,3246,9050,4248,7024,2739,2751,2566,3728,1545,5195,1,0,299,433,974,2027,1366,3557,1824,5113,2544,4006,1802,1861,1897,2959,1278,4571,41211,36494,2523,16,16437,0,0,4,2
2021-02-28T23:59:59+01:00,6,0,1071,1306,2205,4289,2477,6527,3198,8993,4186,6966,2674,2703,2517,3697,1537,5175,1,0,299,432,971,2020,1364,3544,1821,5099,2538,3997,1795,1850,1884,2947,1270,4556,41114,36370,2230,16,16179,0,0,4,2
2021-02-27T23:59:59+01:00,6,0,1030,1224,2136,4048,2419,6293,3135,8695,4096,6713,2619,2646,2497,3673,1534,5175,1,0,299,432,970,2020,1364,3544,1821,5098,2537,3997,1795,1849,1882,2947,1270,4556,41006,36364,2229,16,14700,0,0,4,2
2021-02-26T23:59:59+01:00,5,0,864,972,1938,3659,2258,5633,2919,7778,3786,5923,2571,2592,2478,3657,1530,5173,1,0,299,432,970,2017,1362,3542,1819,5097,2535,3996,1795,1846,1875,2946,1268,4549,40988,36331,2140,16,10604,0,0,4,2
2021-02-25T23:59:59+01:00,5,0,530,816,1661,3459,2079,5328,2723,7381,3560,5622,2489,2512,2437,3596,1526,5158,1,0,290,411,945,1966,1331,3471,1787,5016,2506,3932,1770,1818,1835,2900,1239,4509,40792,35712,1878,13,8209,0,0,3,2
2021-02-24T23:59:59+01:00,4,0,509,797,1626,3361,2017,5197,2663,7199,3494,5481,2421,2465,2400,3567,1516,5122,1,0,281,406,929,1935,1317,3417,1774,4955,2482,3887,1759,1800,1826,2881,1227,4478,40598,35349,1707,4,7531,0,0,3,2
2021-02-23T23:59:59+01:00,4,0,488,759,1566,3258,1962,5056,2585,7068,3409,5376,2360,2407,2361,3509,1501,5087,1,0,279,402,924,1919,1310,3387,1765,4923,2461,3854,1739,1780,1806,2845,1211,4422,40442,35023,1434,3,6877,0,0,3,2
2021-02-22T23:59:59+01:00,3,0,472,728,1512,3158,1922,4917,2526,6849,3348,5232,2349,2308,2345,3429,1495,5042,1,0,278,399,921,1907,1302,3360,1747,4887,2446,3823,1719,1761,1778,2814,1196,4373,40225,34709,1168,1,6239,0,0,3,2
2021-02-21T23:59:59+01:00,3,0,463,689,1454,3013,1874,4767,2473,6689,3266,5129,2313,2275,2317,3409,1485,5036,1,0,278,398,918,1899,1301,3351,1742,4877,2442,3814,1717,1759,1777,2812,1196,4372,40181,34651,936,1,5535,0,0,3,2
2021-02-20T23:59:59+01:00,3,0,457,683,1445,3009,1869,4767,2470,6686,3261,5125,2310,2274,2317,3408,1483,5036,1,0,278,398,918,1898,1301,3350,1742,4877,2440,3813,1716,1758,1774,2812,1195,4370,40176,34638,931,1,5493,0,0,3,2
2021-02-19T23:59:59+01:00,2,0,434,646,1416,2947,1841,4711,2429,6586,3174,5007,2129,2112,2253,3359,1478,5030,1,0,276,397,917,1896,1300,3349,1742,4872,2437,3812,1715,1757,1772,2811,1195,4369,39423,34615,911,1,5217,0,0,3,2
2021-02-18T23:59:59+01:00,2,0,407,589,1311,2707,1737,4469,2291,6324,3070,4825,2100,2096,2237,3342,1473,5019,1,0,276,391,909,1862,1291,3309,1724,4824,2418,3774,1704,1746,1755,2799,1183,4349,39345,34312,837,1,3814,0,0,3,2
2021-02-17T23:59:59+01:00,2,0,390,557,1273,2576,1680,4294,2222,6083,3010,4676,2081,2077,2213,3322,1459,5009,1,0,266,374,873,1776,1248,3180,1664,4665,2343,3639,1625,1676,1679,2687,1130,4227,39190,33051,786,0,2945,0,0,3,2
2021-02-16T23:59:59+01:00,2,0,372,527,1220,2457,1630,4160,2143,5898,2930,4540,2072,2072,2205,3315,1454,4997,1,0,258,357,852,1694,1193,3043,1601,4462,2272,3460,1574,1622,1615,2585,1098,4091,39130,31776,755,0,2106,0,0,3,2
2021-02-15T23:59:59+01:00,2,0,362,505,1148,2317,1585,4085,2111,5844,2902,4499,2053,2056,2180,3284,1446,4976,1,0,252,338,829,1649,1161,2967,1545,4323,2199,3340,1498,1557,1557,2472,1051,3902,39022,30639,640,0,1690,0,0,3,2
2021-02-14T23:59:59+01:00,2,0,353,499,1124,2261,1522,3924,2070,5751,2871,4460,2047,2053,2168,3274,1443,4969,1,0,246,333,811,1621,1145,2927,1503,4271,2161,3310,1482,1536,1532,2435,1034,3856,39003,30202,571,0,1214,0,0,3,2
2021-02-13T23:59:59+01:00,2,0,353,499,1123,2261,1522,3923,2068,5750,2871,4460,2046,2051,2167,3274,1442,4966,1,0,246,333,811,1621,1145,2927,1502,4269,2160,3310,1480,1533,1531,2434,1034,3855,38992,30191,571,0,1213,0,0,2,1
2021-02-12T23:59:59+01:00,2,0,345,496,1105,2253,1517,3910,2063,5742,2868,4454,2032,2041,2161,3261,1437,4963,1,0,244,332,805,1616,1139,2918,1486,4251,2142,3297,1467,1517,1516,2402,1027,3818,38926,29977,563,0,1159,0,0,2,1
2021-02-11T23:59:59+01:00,2,0,322,472,1042,2157,1464,3783,1969,5479,2784,4335,2001,2008,2121,3193,1407,4905,1,0,224,304,756,1511,1059,2694,1360,3894,1953,2991,1278,1303,1342,2122,913,3447,38527,27151,526,0,389,0,0,2,1
2021-02-10T23:59:59+01:00,2,0,316,463,1020,2117,1425,3705,1915,5318,2690,4155,1930,1958,2073,3151,1385,4879,1,0,199,261,663,1322,931,2306,1174,3291,1709,2571,1115,1125,1190,1871,794,3084,38112,23606,386,0,2,0,0,2,1
2021-02-09T23:59:59+01:00,2,0,310,452,1012,2086,1410,3653,1871,5252,2624,4100,1872,1918,2001,3096,1364,4857,1,0,166,201,562,1061,781,1859,967,2680,1439,2157,963,964,991,1580,670,2634,37811,19675,65,0,2,0,0,2,1
2021-02-08T23:59:59+01:00,2,0,308,450,1009,2079,1399,3637,1863,5229,2604,4083,1858,1907,1982,3078,1358,4832,1,0,116,166,461,846,617,1440,768,2032,1160,1670,770,788,790,1246,533,2152,37654,15555,20,0,2,0,0,2,1
2021-02-07T23:59:59+01:00,2,0,308,450,1007,2078,1398,3632,1860,5226,2597,4080,1852,1898,1966,3070,1354,4824,1,0,106,147,412,702,543,1265,688,1816,1063,1522,694,707,707,1122,456,1909,37583,13859,17,0,0,0,0,2,1
2021-02-06T23:59:59+01:00,2,0,308,450,1006,2077,1398,3629,1860,5224,2597,4077,1852,1897,1961,3068,1351,4822,1,0,105,146,407,699,538,1241,672,1797,1052,1500,691,703,702,1118,455,1905,37560,13732,17,0,0,0,0,2,0
2021-02-05T23:59:59+01:00,2,0,308,449,1004,2074,1394,3620,1856,5210,2591,4071,1851,1896,1953,3060,1341,4808,1,0,101,138,391,681,521,1211,640,1745,1002,1437,654,652,653,1044,428,1811,37469,13110,17,0,0,0,0,2,0
2021-02-04T23:59:59+01:00,2,0,300,432,993,2044,1375,3566,1836,5133,2576,4023,1835,1875,1926,3025,1321,4775,1,0,76,107,290,460,362,819,457,1183,690,978,508,476,506,825,340,1451,37018,9529,17,0,0,0,0,2,0
2021-02-03T23:59:59+01:00,2,0,296,423,974,2018,1359,3528,1822,5084,2542,3980,1815,1852,1911,3001,1307,4759,1,0,60,83,244,392,292,640,348,925,532,729,340,331,368,586,248,1064,36654,7183,17,0,0,0,0,2,0
2021-02-02T23:59:59+01:00,2,0,291,416,968,1989,1351,3495,1811,5037,2519,3945,1797,1836,1883,2960,1285,4708,0,0,40,64,187,310,244,487,266,740,384,560,236,214,234,391,168,700,36274,5225,17,0,0,0,0,2,0
2021-02-01T23:59:59+01:00,2,0,290,413,963,1981,1348,3480,1803,5016,2510,3926,1789,1825,1868,2945,1280,4693,0,0,20,40,138,224,168,312,170,491,240,323,119,109,102,189,78,313,36113,3036,17,0,0,0,0,2,0
2021-01-31T23:59:59+01:00,2,0,289,412,961,1973,1345,3471,1800,4997,2506,3912,1785,1817,1864,2937,1277,4683,0,0,19,35,120,196,151,271,153,411,203,278,100,95,94,161,70,274,36012,2631,17,0,0,0,0,2,0
2021-01-30T23:59:59+01:00,2,0,289,412,961,1973,1345,3471,1800,4997,2506,3912,1784,1817,1864,2936,1277,4682,0,0,19,35,119,196,151,268,150,408,202,278,99,94,94,161,70,274,36009,2618,17,0,0,0,0,2,0
2021-01-29T23:59:59+01:00,2,0,287,409,960,1971,1344,3463,1794,4988,2503,3909,1778,1810,1855,2924,1270,4660,0,0,17,33,117,186,142,260,138,380,170,251,72,70,84,139,63,238,35908,2360,17,0,0,0,0,2,0
2021-01-28T23:59:59+01:00,2,0,284,400,941,1916,1320,3399,1769,4926,2475,3846,1756,1789,1823,2893,1251,4624,0,0,1,0,11,19,8,20,12,45,8,22,6,4,7,10,3,15,35397,191,15,0,0,0,0,2,0
2021-01-27T23:59:59+01:00,2,0,278,382,908,1835,1285,3285,1708,4803,2415,3746,1699,1740,1778,2825,1212,4535,0,0,1,0,5,6,5,12,8,19,4,12,4,4,7,10,3,14,34423,114,11,0,0,0,0,2,0
2021-01-26T23:59:59+01:00,2,0,273,372,898,1820,1271,3245,1690,4747,2385,3679,1666,1708,1739,2753,1194,4444,0,0,1,0,5,6,5,12,8,19,4,12,4,4,7,10,3,14,33877,114,7,0,0,0,0,2,0
2021-01-25T23:59:59+01:00,1,0,262,347,855,1701,1201,3081,1599,4474,2279,3471,1605,1655,1682,2665,1144,4258,0,0,1,0,1,3,1,4,4,2,4,5,4,4,6,9,2,14,32275,64,3,0,0,0,0,2,0
2021-01-24T23:59:59+01:00,1,0,259,344,844,1681,1191,3058,1568,4441,2253,3450,1594,1646,1670,2653,1138,4250,0,0,1,0,1,2,1,4,4,2,4,5,4,4,6,9,2,14,32036,63,3,0,0,0,0,2,0
2021-01-23T23:59:59+01:00,1,0,259,344,844,1681,1190,3057,1568,4437,2252,3449,1593,1646,1669,2652,1137,4245,0,0,1,0,1,2,1,4,4,2,4,5,4,4,6,9,2,14,32019,63,3,0,0,0,0,2,0
2021-01-22T23:59:59+01:00,1,0,258,342,838,1678,1186,3052,1565,4430,2239,3444,1581,1634,1663,2633,1131,4223,0,0,1,0,1,2,1,4,4,2,4,5,4,4,6,9,2,14,31894,63,3,0,0,0,0,1,0
2021-01-21T23:59:59+01:00,1,0,247,332,811,1611,1161,2925,1509,4268,2159,3309,1482,1530,1526,2465,1047,4033,0,0,1,0,1,2,1,4,4,2,4,5,4,3,5,9,1,14,30412,60,3,0,0,0,0,1,0
2021-01-20T23:59:59+01:00,1,0,225,291,737,1455,1069,2608,1376,3809,1985,2954,1359,1382,1402,2266,969,3793,0,0,1,0,1,2,1,4,4,2,3,5,4,3,5,9,1,14,27678,59,2,0,0,0,0,1,0
2021-01-19T23:59:59+01:00,1,0,194,234,636,1207,924,2163,1153,3192,1695,2523,1175,1177,1167,1921,807,3221,0,0,1,0,1,1,1,2,4,1,2,5,4,3,5,9,1,14,23388,54,2,0,0,0,0,0,0
2021-01-18T23:59:59+01:00,1,0,137,186,503,947,713,1647,885,2324,1319,1912,912,945,932,1515,631,2570,0,0,0,0,0,0,0,0,0,0,1,2,2,1,0,0,0,0,18078,6,1,0,0,0,0,0,0
2021-01-17T23:59:59+01:00,1,0,123,161,444,775,628,1424,783,2071,1204,1723,846,866,848,1377,557,2350,0,0,0,0,0,0,0,0,0,0,0,1,0,0,0,0,0,0,16181,1,0,0,0,0,0,0,0
2021-01-16T23:59:59+01:00,1,0,122,160,440,774,626,1416,773,2067,1195,1717,844,861,843,1366,549,2334,0,0,0,0,0,0,0,0,0,0,0,0,0,0,0,0,0,0,16088,0,0,0,0,0,0,0,0
2021-01-15T23:59:59+01:00,1,0,111,153,427,753,599,1377,741,1989,1133,1635,800,807,796,1277,518,2209,0,0,0,0,0,0,0,0,0,0,0,0,0,0,0,0,0,0,15326,0,0,0,0,0,0,0,0
2021-01-14T23:59:59+01:00,1,0,77,114,306,487,398,892,512,1283,776,1073,585,558,578,942,401,1682,0,0,0,0,0,0,0,0,0,0,0,0,0,0,0,0,0,0,10665,0,0,0,0,0,0,0,0
2021-01-13T23:59:59+01:00,1,0,60,87,255,409,322,675,379,982,569,764,369,355,392,638,286,1173,0,0,0,0,0,0,0,0,0,0,0,0,0,0,0,0,0,0,7716,0,0,0,0,0,0,0,0
2021-01-12T23:59:59+01:00,0,0,49,71,208,350,258,547,279,808,413,598,248,226,243,425,192,785,0,0,0,0,0,0,0,0,0,0,0,0,0,0,0,0,0,0,5700,0,0,0,0,0,0,0,0
2021-01-11T23:59:59+01:00,0,0,33,52,180,300,211,444,220,648,303,421,151,131,139,259,106,451,0,0,0,0,0,0,0,0,0,0,0,0,0,0,0,0,0,0,4049,0,0,0,0,0,0,0,0
2021-01-10T23:59:59+01:00,0,0,25,43,158,251,182,366,179,537,254,360,130,110,124,214,94,362,0,0,0,0,0,0,0,0,0,0,0,0,0,0,0,0,0,0,3389,0,0,0,0,0,0,0,0
2021-01-09T23:59:59+01:00,0,0,25,43,157,249,181,363,177,531,253,359,129,109,124,214,94,362,0,0,0,0,0,0,0,0,0,0,0,0,0,0,0,0,0,0,3370,0,0,0,0,0,0,0,0
2021-01-08T23:59:59+01:00,0,0,23,40,154,239,173,353,164,500,223,333,105,93,118,198,87,335,0,0,0,0,0,0,0,0,0,0,0,0,0,0,0,0,0,0,3138,0,0,0,0,0,0,0,0
2021-01-07T23:59:59+01:00,0,0,2,0,5,9,8,15,10,7,18,11,10,11,14,21,3,35,0,0,0,0,0,0,0,0,0,0,0,0,0,0,0,0,0,0,179,0,0,0,0,0,0,0,0
2021-01-06T23:59:59+01:00,0,0,1,0,2,3,1,7,5,2,4,6,6,4,7,10,1,16,0,0,0,0,0,0,0,0,0,0,0,0,0,0,0,0,0,0,75,0,0,0,0,0,0,0,0
2021-01-05T23:59:59+01:00,0,0,1,0,2,3,1,6,5,2,4,5,6,4,6,10,1,15,0,0,0,0,0,0,0,0,0,0,0,0,0,0,0,0,0,0,71,0,0,0,0,0,0,0,0
2021-01-04T23:59:59+01:00,0,0,1,0,1,3,1,5,4,2,4,5,6,4,5,9,1,15,0,0,0,0,0,0,0,0,0,0,0,0,0,0,0,0,0,0,66,0,0,0,0,0,0,0,0
2021-01-03T23:59:59+01:00,0,0,1,0,1,2,1,5,4,2,4,5,5,4,5,9,1,15,0,0,0,0,0,0,0,0,0,0,0,0,0,0,0,0,0,0,64,0,0,0,0,0,0,0,0
2021-01-02T23:59:59+01:00,0,0,1,0,1,2,1,5,4,2,4,5,5,4,5,9,1,15,0,0,0,0,0,0,0,0,0,0,0,0,0,0,0,0,0,0,64,0,0,0,0,0,0,0,0
2021-01-01T23:59:59+01:00,0,0,1,0,1,2,1,4,4,2,4,5,5,4,5,9,1,15,0,0,0,0,0,0,0,0,0,0,0,0,0,0,0,0,0,0,63,0,0,0,0,0,0,0,0
2020-12-31T23:59:59+01:00,0,0,1,0,1,2,1,4,4,2,4,5,5,4,5,9,1,15,0,0,0,0,0,0,0,0,0,0,0,0,0,0,0,0,0,0,63,0,0,0,0,0,0,0,0
2020-12-30T23:59:59+01:00,0,0,1,0,1,2,1,4,4,2,3,5,5,4,5,9,1,15,0,0,0,0,0,0,0,0,0,0,0,0,0,0,0,0,0,0,62,0,0,0,0,0,0,0,0
2020-12-29T23:59:59+01:00,0,0,0,0,1,1,1,2,4,1,2,5,5,4,5,9,1,15,0,0,0,0,0,0,0,0,0,0,0,0,0,0,0,0,0,0,56,0,0,0,0,0,0,0,0
2020-12-28T23:59:59+01:00,0,0,0,0,1,1,1,1,2,0,1,5,4,1,1,0,0,2,0,0,0,0,0,0,0,0,0,0,0,0,0,0,0,0,0,0,20,0,0,0,0,0,0,0,0
2020-12-27T23:59:59+01:00,0,0,0,0,1,1,1,1,2,0,0,3,2,0,1,0,0,2,0,0,0,0,0,0,0,0,0,0,0,0,0,0,0,0,0,0,14,0,0,0,0,0,0,0,0
