Datum,<15_m,<15_w,15-24_1_m,15-24_1_w,25-34_1_m,25-34_1_w,35-44_1_m,35-44_1_w,45-54_1_m,45-54_1_w,55-64_1_m,55-64_1_w,65-74_1_m,65-74_1_w,75-84_1_m,75-84_1_w,>84_1_m,>84_1_w,<24_2_m,<24_2_w,25-34_2_m,25-34_2_w,35-44_2_m,35-44_2_w,45-54_2_m,45-54_2_w,55-64_2_m,55-64_2_w,65-74_2_m,65-74_2_w,75-84_2_m,75-84_2_w,>84_2_m,>84_2_w,bp_1,bp_2,mo_1,mo_2,az_1,az_2,ja,unb_1,unb_2
2021-07-21T23:59:59+02:00,1678,1591,27871,27407,45785,40930,47669,46566,58771,59414,69620,70645,51845,57429,36058,46761,11041,20997,12495,11989,26069,23988,29343,29923,41539,43800,59492,61582,48593,53781,34483,44578,10621,20107,528605,377133,70817,61771,105040,96055,17587,29,29
2021-07-20T23:59:59+02:00,1656,1577,27753,27280,45725,40872,47625,46530,58718,59366,69570,70601,51814,57404,36043,46737,11037,20990,12008,11474,25343,23308,28705,29187,38150,40854,57959,60142,48393,53562,34403,44489,10603,20087,527946,366906,70797,58436,105024,95946,17502,29,28
2021-07-19T23:59:59+02:00,1651,1576,27730,27248,45707,40861,47615,46518,58706,59352,69559,70599,51812,57400,36043,46734,11035,20990,11966,11448,25283,23276,28676,29159,38108,40822,57920,60115,48389,53554,34402,44486,10600,20086,527815,366605,70797,58423,105011,95899,17484,29,28
2021-07-18T23:59:59+02:00,1646,1571,27706,27222,45683,40852,47601,46505,58700,59343,69552,70590,51810,57399,36042,46732,11035,20989,11904,11423,25200,23237,28617,29126,38048,40795,57861,60075,48387,53550,34399,44485,10600,20086,527688,366276,70795,58394,105002,95779,17464,29,28
2021-07-17T23:59:59+02:00,1646,1569,27689,27210,45669,40844,47592,46501,58694,59338,69545,70586,51805,57396,36041,46732,11035,20989,11879,11413,25168,23202,28585,29106,38029,40778,57828,60051,48377,53542,34397,44485,10600,20086,527612,366030,70795,58392,105002,95777,17443,29,28
2021-07-16T23:59:59+02:00,1632,1554,27438,27040,45407,40694,47382,46344,58421,59150,69330,70450,51707,57333,36004,46699,11030,20987,11636,11226,24855,22973,28300,28891,37657,40518,57339,59637,48248,53438,34352,44439,10594,20082,527344,364847,70794,58390,104878,95506,15557,29,28
2021-07-15T23:59:59+02:00,1536,1447,26989,26665,45158,40465,47239,46232,58283,59041,69229,70366,51668,57292,35989,46677,11029,20981,11351,11006,24387,22644,27943,28624,37266,40244,55318,57618,48080,53241,34296,44355,10587,20071,525093,358025,70791,58306,104869,95296,15504,29,28
2021-07-14T23:59:59+02:00,1379,1323,26457,26171,44864,40188,47044,46052,58105,58851,69073,70222,51611,57234,35964,46647,11023,20976,11173,10825,23991,22295,27605,28312,36747,39846,54114,56459,47947,53092,34246,44291,10579,20049,522076,354379,70785,56684,104850,95151,15444,29,28
2021-07-13T23:59:59+02:00,1110,1032,25550,25299,44388,39789,46703,45739,57795,58580,68807,69978,51499,57111,35921,46596,11019,20961,10833,10492,23470,21760,26993,27739,35425,38701,50150,52669,47588,52708,34120,44146,10562,20021,516884,345223,70780,51833,104846,95045,15338,29,28
2021-07-12T23:59:59+02:00,681,652,24266,24109,43854,39338,46509,45532,57593,58394,68632,69814,51443,57025,35904,46571,11017,20953,10607,10384,23273,21626,26748,27608,35191,38541,49718,52260,47520,52629,34092,44113,10562,20015,511325,343834,70779,51807,104841,93985,15313,29,28
2021-07-11T23:59:59+02:00,678,647,24245,24089,43826,39319,46491,45522,57580,58384,68620,69812,51442,57022,35901,46567,11016,20953,10512,10299,23064,21506,26486,27510,34888,38461,49012,51778,46076,51094,34007,44014,10562,20013,511244,343335,70776,51762,104829,88999,15236,29,28
2021-07-10T23:59:59+02:00,676,642,24238,24083,43822,39311,46488,45519,57573,58383,68620,69811,51442,57022,35901,46567,11016,20953,10502,10291,23044,21488,26474,27501,34870,38456,49001,51773,46062,51078,34005,44013,10562,20013,511210,343233,70773,51761,104828,88958,15227,29,28
2021-07-09T23:59:59+02:00,669,632,23791,23625,43549,39076,46418,45459,57515,58343,68570,69786,51426,57010,35897,46559,11015,20953,10425,10120,22950,21300,26414,27293,34804,38241,48937,51670,46040,51054,34001,44010,10562,20013,509466,342013,70770,51748,104824,88915,15204,29,28
2021-07-08T23:59:59+02:00,607,566,22750,22641,42783,38499,46178,45263,57312,58204,68374,69651,51350,56946,35870,46536,11013,20945,10171,9931,22575,21048,26024,27033,34328,37933,48336,51152,45705,50689,33931,43933,10555,19992,504941,338464,70745,51600,104766,88301,15007,29,28
2021-07-07T23:59:59+02:00,558,521,21469,21279,42073,37838,45962,45046,57079,58019,68208,69494,51266,56864,35833,46484,11006,20931,9802,9628,21707,20465,24927,26246,32520,36590,47429,50271,45206,50153,33827,43794,10548,19974,499716,333566,70574,47285,104742,87392,14869,29,28
2021-07-06T23:59:59+02:00,500,458,20250,20001,41233,37194,45494,44699,56689,57716,67887,69241,51167,56741,35789,46433,10998,20922,9412,9252,20851,19878,23982,25593,31052,35410,46246,49080,44430,49379,33693,43618,10535,19954,495280,326292,68657,45231,104720,86129,14726,29,28
2021-07-05T23:59:59+02:00,464,430,18849,18629,40380,36395,45281,44482,56509,57513,67728,69114,51112,56687,35768,46404,10996,20915,9126,8999,20294,19500,23321,25176,30416,34984,45490,48468,43677,48591,33563,43431,10526,19942,489605,320539,68655,45211,104717,85104,14657,22,28
2021-07-04T23:59:59+02:00,457,424,17101,16626,40050,36174,45196,44411,56427,57448,67650,69046,51079,56661,35758,46384,10994,20913,9067,8947,20157,19437,23147,25099,30167,34906,44708,48341,42327,47262,33485,43358,10524,19936,484864,320088,68625,45166,104700,81034,14588,22,27
2021-07-03T23:59:59+02:00,456,423,17080,16606,40001,36126,45181,44396,56420,57444,67644,69039,51077,56658,35758,46384,10994,20912,9024,8907,20093,19369,23088,25036,30083,34827,44488,48165,42259,47188,33440,43299,10521,19936,484682,319137,68623,45165,104699,80856,14573,22,27
2021-07-02T23:59:59+02:00,436,400,16969,16503,39534,35753,45068,44299,56368,57402,67596,69009,51066,56652,35752,46372,10994,20911,8870,8744,19770,19092,22707,24661,29666,34420,43876,47535,42059,46961,33342,43164,10517,19932,483195,316189,68609,44151,104697,80422,14561,22,27
2021-07-01T23:59:59+02:00,386,360,16668,16228,37814,34425,44503,43806,56115,57198,67425,68843,50986,56561,35724,46332,10990,20903,8499,8353,18913,18390,21747,23814,28292,33244,40859,44581,41065,45884,32731,42441,10500,19903,477757,308745,68536,39282,104674,76908,14278,22,27
2021-06-30T23:59:59+02:00,339,317,16383,15986,35633,32607,43887,43183,55895,57004,67226,68655,50904,56469,35695,46279,10986,20887,8143,8017,18246,17771,20868,22989,27024,31995,36243,39731,39989,44743,32071,41654,10479,19878,470955,298324,68494,33280,104655,74023,14209,22,27
2021-06-29T23:59:59+02:00,300,280,16165,15787,34635,31533,43440,42745,55715,56847,67057,68507,50828,56395,35658,46234,10978,20880,7563,7412,17119,16840,19621,21774,25335,30327,33505,36618,37152,41708,31333,40771,10456,19840,466788,282193,68488,33233,104641,67896,14045,22,24
2021-06-28T23:59:59+02:00,290,263,16026,15633,32920,30116,43121,42452,55554,56709,66939,68402,50782,56342,35642,46213,10975,20868,7262,7151,16572,16465,19228,21460,24827,29942,32915,36121,35778,40224,30546,39837,10452,19829,462393,279152,68466,33183,104617,62515,13749,22,24
2021-06-27T23:59:59+02:00,290,263,16004,15612,32767,30029,43059,42423,55517,56700,66913,68394,50777,56338,35639,46212,10975,20867,7218,7124,16435,16398,19064,21398,24625,29869,32687,35982,34526,38958,28923,37918,10451,19828,462074,278982,68464,33143,104610,55659,13609,22,24
2021-06-26T23:59:59+02:00,288,261,15983,15593,32743,30013,43014,42383,55494,56686,66907,68391,50775,56337,35637,46211,10975,20867,7214,7112,16417,16386,19048,21390,24592,29847,32666,35961,34513,38946,28921,37915,10451,19828,461856,278791,68462,33143,104610,55654,13608,22,24
2021-06-25T23:59:59+02:00,283,260,15930,15549,32631,29914,42825,42225,55438,56642,66867,68367,50765,56326,35633,46210,10975,20867,7029,6836,16137,15879,18783,20740,24228,28913,32280,35243,34352,38730,28898,37885,10451,19828,461044,276135,68461,33134,104593,53345,13587,22,24
2021-06-24T23:59:59+02:00,264,247,15665,15353,32189,29628,41360,40987,54982,56289,66637,68211,50712,56271,35618,46183,10970,20857,6720,6614,15455,15438,17342,19734,22168,27367,31187,34352,33950,38311,28777,37706,10439,19814,456512,266512,68461,33089,104589,52923,12839,22,24
2021-06-23T23:59:59+02:00,250,230,15386,15064,31697,29230,39272,39168,54435,55753,66388,67991,50623,56163,35578,46137,10965,20844,6519,6451,15097,15161,16819,19289,21296,26572,29500,33006,33196,37467,28586,37466,10432,19799,449484,258766,68415,32999,104586,52212,12667,22,23
2021-06-22T23:59:59+02:00,229,195,15005,14678,31030,28599,35838,36131,53529,54958,66086,67689,50517,56041,35541,46081,10962,20830,6345,6240,14698,14836,16023,18574,19882,25262,27905,31355,32401,36496,28052,36863,10414,19768,438590,248711,68383,32917,104581,51107,12363,22,23
2021-06-21T23:59:59+02:00,214,189,14767,14507,30343,28142,33678,34173,53068,54537,65908,67572,50436,55967,35515,46059,10957,20825,6250,6158,14538,14720,15853,18440,19763,25151,27799,31270,32246,36357,26846,35638,10414,19765,431798,248045,68361,32871,104549,48149,12127,22,23
2021-06-20T23:59:59+02:00,209,188,14642,14423,28514,26878,33096,33747,52983,54449,65844,67540,50415,55941,35507,46056,10956,20823,5812,5872,13610,14095,15048,17866,19221,24808,27493,31077,32084,36183,26820,35607,10412,19761,427666,243198,68359,32835,104523,48079,11641,22,23
2021-06-19T23:59:59+02:00,203,183,14617,14390,28401,26797,33065,33720,52962,54433,65828,67529,50409,55932,35505,46051,10955,20821,5597,5714,13048,13684,14442,17390,18895,24607,27300,30906,32006,36083,26803,35593,10412,19761,427262,239680,68358,32833,104523,48076,11636,22,23
2021-06-18T23:59:59+02:00,201,177,14530,14305,28302,26732,31837,32823,52603,54127,65695,67438,50379,55899,35488,46026,10951,20817,5532,5640,12950,13600,14278,17268,18659,24380,26481,30242,31802,35847,26737,35518,10408,19754,426777,236745,65433,32726,104513,48024,11585,22,23
2021-06-17T23:59:59+02:00,187,161,14161,14046,27708,26488,31348,32565,51818,53563,65276,67172,50301,55800,35455,45986,10945,20805,5157,5381,12166,13130,13491,16658,17569,23460,24335,28279,31163,35115,26541,35241,10391,19740,423617,227770,65428,32448,104489,47346,10237,14,23
2021-06-16T23:59:59+02:00,159,134,13745,13649,27247,26134,30913,32213,51009,52870,64833,66789,50188,55681,35426,45929,10935,20793,4793,4944,11448,12455,12703,15970,16472,22344,21374,25422,30098,33915,26245,34839,10376,19699,418826,213769,65386,32420,104483,46954,9938,14,23
2021-06-15T23:59:59+02:00,98,81,13118,13039,26496,25561,30138,31622,49764,51813,64124,66266,50010,55486,35357,45817,10926,20774,4298,4314,10480,11522,11553,14592,14742,20644,17953,22127,28732,32480,25861,34320,10350,19655,411162,195187,65367,32306,104479,46646,9468,14,23
2021-06-14T23:59:59+02:00,68,60,12715,12669,26092,25237,29479,31162,47975,50348,63077,65435,49794,55262,35280,45741,10918,20762,4198,4261,10305,11395,11413,14461,14565,20524,17762,21969,28662,32400,25842,34293,10347,19654,403328,194761,65358,32034,104475,46341,8899,14,23
2021-06-13T23:59:59+02:00,67,59,12674,12625,26020,25205,29416,31135,47921,50323,63042,65412,49787,55259,35278,45738,10917,20759,4045,4184,9978,11267,11091,14350,14271,20414,17365,21626,27158,30765,25703,34098,10343,19643,403127,194030,65286,27379,104468,46134,8742,14,23
2021-06-12T23:59:59+02:00,67,58,12657,12609,26006,25195,29405,31123,47862,50253,63000,65376,49786,55256,35278,45738,10917,20759,4043,4174,9962,11253,11083,14336,14252,20397,17345,21617,27117,30720,25698,34092,10343,19643,402836,193847,65286,27377,104467,46093,8742,14,23
2021-06-11T23:59:59+02:00,65,55,12559,12479,25881,25082,29284,31001,47628,50029,62868,65257,49762,55230,35268,45727,10915,20757,3949,3907,9440,10067,10653,13432,13963,19842,17072,21140,26712,30301,25608,34010,10340,19641,401578,192808,65278,27373,104425,41328,8552,14,23
2021-06-10T23:59:59+02:00,58,48,12317,12268,25566,24802,28942,30736,46566,49020,62139,64692,49678,55136,35234,45675,10905,20744,3682,3543,8671,8821,9755,11792,12664,17104,15291,17554,25010,28386,25312,33711,10334,19617,396748,187327,65227,26935,104221,28652,8316,14,23
2021-06-09T23:59:59+02:00,46,37,12025,11949,25161,24398,28549,30342,44571,47209,61059,63758,49576,55016,35189,45622,10900,20727,3437,3424,8255,8568,9248,11473,12155,16715,14589,16964,21191,24092,25087,33410,10322,19591,388822,175822,65105,26593,104220,28116,7973,14,23
2021-06-08T23:59:59+02:00,40,26,11595,11421,24502,23776,27894,29681,41413,44368,59288,62128,49407,54826,35117,45532,10890,20705,3228,3288,7859,8311,8633,11101,11491,16295,13934,16325,15830,18162,24696,32885,10304,19563,376201,160688,65044,26261,104210,27814,7140,14,8
2021-06-07T23:59:59+02:00,35,19,11435,11233,24153,23503,27618,29476,38786,42443,58859,61769,49373,54795,35105,45511,10888,20699,3132,3221,7552,8136,8316,10926,10921,15846,13434,15849,15754,18084,24668,32835,10302,19556,370574,160375,64618,24442,104201,27417,6296,11,8
2021-06-06T23:59:59+02:00,32,18,11306,11129,23836,23276,27410,29305,37189,41257,58736,61690,49348,54767,35097,45497,10888,20697,3032,3172,7282,8048,8048,10764,10189,15166,12842,15232,15604,17973,24654,32812,10300,19556,370166,160263,61253,21296,104193,27258,5855,11,8
2021-06-05T23:59:59+02:00,32,17,11288,11112,23793,23240,27375,29279,37162,41243,58638,61605,49337,54761,35095,45495,10888,20694,3020,3161,7259,8017,8019,10748,10159,15152,12802,15208,15483,17809,24649,32804,10299,19555,369836,159839,61251,21295,104192,27244,5764,11,8
2021-06-04T23:59:59+02:00,32,15,11103,10853,23432,22776,27103,28883,36737,40795,58020,61066,49303,54720,35085,45477,10887,20688,2996,3144,7230,8001,7998,10730,10130,15127,12768,15174,15273,17603,24638,32783,10297,19554,368043,159257,58984,21282,104179,27147,5758,11,8
2021-06-03T23:59:59+02:00,31,14,10883,10637,22975,22383,26678,28548,35643,39968,55265,58716,49176,54562,35042,45414,10882,20673,2907,3064,7023,7848,7543,10434,9108,14503,11534,14480,14096,16140,24461,32566,10285,19535,364115,155922,54059,17585,104129,26841,5177,10,8
2021-06-02T23:59:59+02:00,31,14,10848,10604,22939,22349,26647,28523,35612,39927,55138,58558,49162,54539,35036,45407,10882,20672,2867,3035,6968,7830,7485,10401,8955,14464,11311,14418,12753,14669,24342,32394,10280,19528,363531,152134,54053,17574,104129,26825,5165,10,8
2021-06-01T23:59:59+02:00,18,7,10435,10262,22284,21842,25964,27941,34891,39350,52142,55415,48773,54129,34918,45245,10866,20646,2409,2677,5620,7149,6219,9828,7569,13795,10180,13458,8454,9122,23869,31716,10257,19470,352786,133994,53883,17208,104110,26249,4339,10,8
2021-05-31T23:59:59+02:00,17,6,10161,10034,21713,21445,25557,27691,34570,39148,50694,54019,48674,54004,34885,45204,10859,20638,2300,2553,5335,6904,5960,9608,7204,13556,9924,13299,8403,9060,23843,31670,10249,19457,348062,133227,53844,17089,104086,25690,3317,10,8
2021-05-30T23:59:59+02:00,16,6,10107,9986,21627,21408,25493,27657,34459,39078,50332,53679,48650,53979,34879,45198,10857,20635,2265,2523,5230,6826,5858,9542,7015,13468,9699,13203,8360,9015,23827,31663,10248,19452,346883,132635,53825,16916,104077,25390,3251,10,8
2021-05-29T23:59:59+02:00,15,6,10092,9975,21594,21390,25476,27645,34438,39065,50319,53661,48646,53975,34876,45197,10857,20635,2246,2469,5187,6701,5798,9410,6899,13271,9562,12983,8287,8925,23760,31596,10247,19451,346729,132359,53825,16865,104056,24324,3242,10,8
2021-05-28T23:59:59+02:00,15,6,10034,9907,21518,21282,25398,27527,34361,38965,50241,53563,48625,53957,34868,45187,10857,20631,2163,2205,4570,6160,5178,8688,6529,12308,9069,11989,8112,8728,23392,31116,10246,19448,345886,130871,53814,16767,103997,19027,3235,10,7
2021-05-27T23:59:59+02:00,14,6,9770,9659,20990,20906,24857,27170,33838,38588,49627,52955,48457,53764,34798,45112,10853,20612,1922,1937,3990,5639,4501,8086,6021,11545,8131,10674,7608,8071,21841,28967,10231,19426,341614,125236,53405,15633,103889,14660,3058,10,7
2021-05-26T23:59:59+02:00,14,6,9497,9414,20266,20340,23990,26501,32578,37560,48865,52253,48203,53475,34724,44998,10842,20588,1867,1867,3896,5513,4369,7924,5815,11284,7806,10295,7047,7345,19422,25549,10213,19383,336915,116790,50430,15379,103837,14500,2922,10,7
2021-05-25T23:59:59+02:00,13,6,9232,9180,19853,19984,23553,26110,32070,37046,47972,51277,47905,53159,34641,44858,10830,20558,1800,1819,3773,5416,4233,7777,5606,11062,7496,9977,6426,6509,15320,20205,10193,19325,331346,104665,50350,15335,103764,14156,2777,10,7
2021-05-24T23:59:59+02:00,12,6,9014,9025,19286,19696,22784,25723,30558,36029,47748,51105,47812,53058,34612,44828,10828,20557,1775,1804,3728,5382,4170,7736,5541,11003,7421,9921,6400,6485,15306,20196,10193,19325,329768,104550,46550,15323,103709,13865,2644,10,7
2021-05-23T23:59:59+02:00,12,6,8806,8818,18929,19404,22362,25375,30134,35709,47156,50594,47380,52603,34510,44682,10820,20548,1773,1803,3719,5377,4166,7733,5532,10995,7413,9914,6396,6474,15306,20194,10193,19325,324939,104500,46549,15321,103708,13846,2642,10,7
2021-05-22T23:59:59+02:00,12,6,8775,8781,18880,19361,22315,25344,30081,35679,47047,50524,47361,52581,34507,44673,10817,20548,1772,1800,3707,5364,4162,7727,5528,10989,7406,9910,6394,6472,15304,20194,10193,19325,324397,104468,46549,15321,103707,13825,2629,10,7
2021-05-21T23:59:59+02:00,11,6,8501,8428,18441,18847,21958,24702,29655,34871,46558,49859,47273,52459,34469,44631,10814,20543,1709,1759,3628,5325,4120,7693,5496,10944,7365,9861,6366,6446,15227,20097,10192,19324,319206,104157,46520,15320,103683,13464,2607,10,7
2021-05-20T23:59:59+02:00,11,6,7928,7878,17493,18055,20956,23785,28336,33674,44813,48039,46835,52000,34360,44478,10797,20524,1409,1598,3316,5036,3855,7305,5202,10465,6986,9409,6134,6193,13924,18564,10169,19285,307614,100429,46435,14841,103457,11124,2452,10,7
2021-05-19T23:59:59+02:00,11,6,7663,7563,16888,17452,20060,22912,27111,32420,43022,45952,46302,51444,34209,44258,10776,20494,1345,1516,3113,4821,3650,7054,4979,10112,6690,9078,5854,5861,11733,15733,10152,19226,296492,94233,46395,14373,103412,10073,2234,10,7
2021-05-18T23:59:59+02:00,10,6,7137,7019,15733,16428,18795,21662,25603,30792,40335,42723,45473,50499,33970,43953,10751,20452,1324,1490,3053,4750,3574,6935,4844,9980,6510,8866,5589,5586,10039,13568,10128,19171,280702,89116,45191,14323,103312,9836,2128,8,7
2021-05-17T23:59:59+02:00,10,6,7057,6958,15550,16318,18581,21493,25204,30466,38583,41086,45363,50421,33923,43887,10742,20429,1291,1467,2997,4705,3511,6876,4776,9878,6415,8765,5548,5546,10026,13551,10125,19163,280487,89050,40424,14041,103268,9655,1890,8,7
2021-05-16T23:59:59+02:00,9,5,6941,6906,15429,16230,18452,21387,25023,30352,35602,38317,45327,50386,33901,43863,10739,20424,1267,1451,2953,4665,3463,6819,4691,9810,6319,8685,5518,5509,10015,13535,10123,19160,280206,89003,34278,13774,103148,9549,1653,8,7
2021-05-15T23:59:59+02:00,9,5,6918,6875,15369,16172,18406,21347,24956,30309,35566,38276,45304,50359,33894,43858,10739,20424,1256,1425,2921,4592,3444,6750,4672,9729,6297,8635,5512,5504,10011,13534,10123,19160,279725,88949,34278,13770,103134,9201,1641,8,7
2021-05-14T23:59:59+02:00,9,5,6742,6507,15023,15674,18094,20930,24622,29847,35320,37924,45275,50328,33884,43853,10739,20422,1196,1364,2843,4488,3397,6648,4608,9574,6210,8502,5482,5460,9998,13525,10123,19159,278671,88865,34128,13734,100815,8398,1576,8,7
2021-05-13T23:59:59+02:00,9,5,6392,6191,14267,15090,17388,20302,23766,29105,34553,37254,44987,49985,33804,43728,10735,20411,1020,1279,2648,4379,3279,6527,4467,9408,6089,8359,5439,5422,9983,13509,10119,19154,272269,88719,33805,13652,100601,7417,1289,8,7
2021-05-12T23:59:59+02:00,9,5,5991,5919,13287,14413,16369,19501,23101,28670,34248,36973,44804,49791,33773,43697,10732,20408,1018,1277,2642,4374,3260,6523,4462,9398,6081,8354,5434,5417,9981,13504,10118,19153,266014,88663,33796,13642,100597,7412,1276,8,6
2021-05-11T23:59:59+02:00,9,5,5616,5695,12703,13967,14567,18062,20150,26147,31934,34646,43752,48531,33450,43225,10703,20359,956,1204,2526,4203,3154,6297,4343,9113,5966,8129,5363,5339,9939,13444,10110,19137,248737,88192,33519,13428,100160,6502,1097,8,6
2021-05-10T23:59:59+02:00,9,5,5470,5598,12432,13841,14217,17840,19348,25576,30556,33627,43220,47922,33393,43137,10695,20339,914,1145,2427,4042,3060,6095,4218,8849,5844,7933,5327,5311,9927,13428,10106,19128,243265,88087,33308,13367,99858,5510,786,8,6
2021-05-09T23:59:59+02:00,9,5,5064,5358,11239,13309,13217,17477,18327,25246,30013,33336,43164,47850,33368,43122,10692,20332,890,1115,2328,3938,2970,5956,4086,8674,5750,7828,5319,5297,9920,13424,10101,19125,237936,88042,33237,13325,99519,4922,428,8,6
2021-05-08T23:59:59+02:00,9,5,5053,5349,11217,13289,13192,17458,18297,25213,29973,33293,43156,47839,33367,43118,10692,20332,886,1109,2315,3930,2964,5956,4082,8668,5747,7825,5316,5294,9917,13419,10101,19125,237667,88014,33236,13325,99518,4888,423,8,6
2021-05-07T23:59:59+02:00,9,5,4953,5266,10989,13121,12900,17242,17691,24613,29026,32399,42965,47599,33311,43046,10688,20326,859,1078,2279,3875,2918,5910,4027,8614,5664,7772,5269,5248,9905,13410,10101,19124,235177,87880,31346,13322,99410,4639,208,8,6
2021-05-06T23:59:59+02:00,9,5,4541,4986,10322,12704,12140,16578,16088,23170,26484,30008,42262,46851,33145,42810,10672,20303,803,1023,2143,3625,2750,5601,3833,8141,5468,7450,5218,5195,9882,13382,10099,19116,226418,87697,27999,13008,98605,2972,48,8,6
2021-05-05T23:59:59+02:00,9,5,4228,4759,9727,12258,11421,15998,14987,22146,23638,27250,41285,45746,32863,42423,10654,20262,789,1001,2081,3500,2693,5446,3740,7930,5372,7314,5169,5140,9846,13344,10097,19113,213414,87438,27816,12870,98381,2223,40,8,6
2021-05-04T23:59:59+02:00,9,5,3878,4303,9058,11561,10650,15158,13683,20891,20035,23845,39938,44287,32491,41904,10631,20224,771,971,2015,3383,2623,5311,3649,7779,5277,7191,5131,5095,9817,13315,10095,19110,196354,87224,27798,12573,98357,1698,34,8,6
2021-05-03T23:59:59+02:00,9,4,3636,3881,8649,11067,10172,14533,13148,20236,19313,23199,39672,44036,32412,41801,10628,20209,757,942,1948,3278,2566,5204,3589,7665,5227,7104,5116,5084,9802,13298,10092,19105,190495,87084,27786,12565,98294,1102,22,8,6
2021-05-02T23:59:59+02:00,9,4,3633,3879,8631,11060,10163,14525,13127,20224,19296,23190,39671,44035,32411,41800,10627,20209,753,925,1918,3197,2520,5109,3542,7540,5207,7039,5112,5081,9801,13294,10092,19103,190408,87067,27773,12535,98287,609,18,8,6
2021-05-01T23:59:59+02:00,9,4,3631,3872,8619,11047,10155,14516,13120,20222,19285,23181,39671,44033,32411,41800,10627,20209,752,925,1917,3197,2520,5109,3542,7540,5207,7039,5112,5081,9801,13294,10091,19103,190328,87066,27772,12534,98287,609,17,8,6
2021-04-30T23:59:59+02:00,9,3,3608,3849,8573,11011,10112,14476,13059,20183,19182,23030,39404,43710,32390,41780,10626,20209,749,921,1904,3189,2519,5100,3539,7533,5205,7032,5109,5078,9797,13293,10091,19103,189404,87041,27503,12531,98282,569,17,8,6
2021-04-29T23:59:59+02:00,9,3,3342,3676,8140,10738,9564,14191,12567,19821,18447,22304,36349,40262,32130,41412,10614,20171,736,907,1856,3128,2470,5034,3473,7391,5113,6933,5072,5045,9775,13251,10089,19097,183871,86840,21668,12375,98177,135,16,8,6
2021-04-28T23:59:59+02:00,9,3,3181,3609,7876,10628,9163,14018,12192,19584,17962,21869,32560,35946,31912,41111,10601,20149,720,891,1830,3089,2425,4985,3436,7334,5048,6871,5011,4986,9723,13193,10086,19088,172709,86633,21516,11944,98130,124,11,7,6
2021-04-27T23:59:59+02:00,8,3,3100,3543,7616,10496,8811,13845,11706,19360,17484,21381,27000,29755,31535,40604,10580,20117,710,877,1798,3052,2390,4939,3383,7275,4992,6795,4960,4918,9688,13142,10083,19079,157370,86425,21494,11521,98062,121,11,7,5
2021-04-26T23:59:59+02:00,8,3,3047,3509,7475,10432,8645,13786,11476,19292,16961,20994,26967,29723,31521,40589,10580,20117,687,846,1730,2992,2324,4883,3317,7186,4900,6693,4863,4843,9606,13059,10081,19076,156794,86299,21276,10652,97037,121,11,7,5
2021-04-25T23:59:59+02:00,8,3,3009,3492,7313,10380,8407,13736,11144,19248,16141,20523,25412,28066,31466,40526,10580,20114,687,844,1723,2987,2317,4880,3311,7178,4896,6684,4860,4838,9598,13047,10081,19076,156309,86275,21266,10614,91975,104,11,7,5
2021-04-24T23:59:59+02:00,8,3,3005,3486,7297,10367,8396,13728,11130,19239,16124,20505,25369,28003,31463,40520,10579,20113,687,844,1723,2986,2317,4880,3310,7178,4896,6684,4860,4837,9596,13046,10081,19076,156107,86269,21262,10614,91948,104,11,7,5
2021-04-23T23:59:59+02:00,8,3,2987,3468,7255,10324,8352,13683,11064,19179,16064,20441,24946,27499,31430,40464,10576,20110,679,837,1705,2977,2301,4851,3258,7141,4798,6589,4723,4714,9430,12849,10075,19061,154919,85983,21122,9887,91794,104,11,7,5
2021-04-22T23:59:59+02:00,7,3,2908,3386,7063,10141,7810,13275,9856,18386,14512,19400,22932,25068,31219,40195,10557,20082,614,786,1591,2865,2177,4688,3098,6970,4614,6389,4568,4540,8920,12197,10039,18982,150121,84076,15828,8863,90833,85,11,7,5
2021-04-21T23:59:59+02:00,7,3,2855,3338,6941,10053,7601,13121,9490,18146,14042,18954,20429,21931,30922,39809,10540,20056,565,762,1512,2787,2091,4597,2972,6827,4454,6225,4382,4361,8353,11441,9996,18893,143128,82295,15066,7832,90026,77,11,7,5
2021-04-20T23:59:59+02:00,7,3,2816,3299,6835,9964,7464,13013,9239,17928,13551,18564,17043,17871,30609,39334,10523,20020,535,728,1439,2724,2004,4518,2872,6710,4318,6064,4197,4167,7496,10238,9928,18741,134286,79393,14821,7200,88958,72,11,7,5
2021-04-19T23:59:59+02:00,7,3,2802,3292,6788,9923,7412,12978,9163,17854,13414,18449,16710,17490,30577,39301,10522,20016,476,688,1321,2629,1905,4421,2740,6552,4121,5872,3944,3866,5674,7823,9714,18346,133977,73593,14626,6418,88080,67,11,7,5
2021-04-18T23:59:59+02:00,7,3,2786,3279,6713,9897,7306,12930,8968,17787,12580,18321,15301,16085,30509,39240,10519,20009,471,683,1312,2621,1890,4410,2707,6523,4061,5823,3868,3796,5265,7201,9669,18263,133763,72113,14484,6373,83975,63,11,7,5
2021-04-17T23:59:59+02:00,7,3,2776,3275,6696,9874,7276,12909,8936,17748,12548,18301,15248,16035,30455,39168,10518,20009,471,681,1312,2620,1889,4406,2703,6518,4058,5819,3867,3794,5260,7200,9668,18262,133408,72078,14483,6373,83873,63,11,7,5
2021-04-16T23:59:59+02:00,7,3,2763,3261,6663,9859,7225,12870,8862,17696,12440,18199,15003,15758,29937,38522,10515,20002,471,679,1306,2615,1880,4404,2698,6512,4050,5811,3862,3788,5243,7170,9668,18260,131890,71981,14476,6362,83201,60,11,7,5
2021-04-15T23:59:59+02:00,7,3,2712,3204,6530,9758,7037,12692,8520,17424,11966,17734,13947,14542,27825,35717,10499,19979,462,673,1301,2590,1865,4381,2675,6484,4007,5758,3807,3713,5212,7119,9660,18248,125978,71667,14200,6226,79901,49,10,7,5
2021-04-14T23:59:59+02:00,6,1,2656,3155,6436,9663,6893,12531,8249,17157,11537,17273,12769,13161,23120,29642,10481,19925,459,668,1288,2581,1853,4364,2653,6459,3964,5721,3760,3662,5152,7065,9632,18211,113615,71377,14167,6075,76857,27,10,6,5
2021-04-13T23:59:59+02:00,6,1,2604,3121,6309,9577,6742,12400,7971,16908,11114,16853,10109,10241,20051,25482,10459,19883,443,643,1240,2538,1800,4302,2545,6357,3785,5560,3547,3478,5006,6929,9623,18189,105216,71035,13974,4914,70625,23,10,6,5
2021-04-12T23:59:59+02:00,6,1,2583,3107,6249,9549,6636,12313,7779,16780,10867,16646,8746,8753,19231,24511,10458,19874,437,634,1221,2523,1784,4281,2512,6316,3732,5508,3486,3429,4971,6888,9618,18167,105097,70899,13920,4577,65056,18,10,6,5
2021-04-11T23:59:59+02:00,6,1,2555,3099,6153,9522,6521,12276,7614,16730,10668,16541,7478,7477,17506,22536,10456,19871,437,634,1220,2521,1784,4280,2512,6316,3730,5503,3482,3428,4965,6886,9618,18167,105030,70889,13914,4567,58050,14,10,6,5
2021-04-10T23:59:59+02:00,6,1,2554,3097,6143,9517,6512,12271,7609,16725,10661,16532,7470,7465,17497,22530,10456,19871,436,631,1218,2518,1783,4278,2510,6311,3727,5502,3473,3414,4957,6872,9618,18167,104948,70829,13913,4560,58041,14,9,6,5
2021-04-09T23:59:59+02:00,6,1,2492,2999,6008,9307,6355,12009,7351,16317,10348,16033,7314,7260,17381,22350,10455,19869,431,626,1200,2506,1756,4263,2479,6262,3649,5424,3361,3304,4819,6783,9613,18164,104479,70747,13883,3869,55478,12,9,6,5
2021-04-08T23:59:59+02:00,6,1,2413,2927,5912,9188,6252,11881,7180,16131,10092,15845,7120,7001,16122,20890,10444,19839,424,621,1188,2474,1731,4227,2452,6189,3597,5358,3289,3259,4740,6678,9591,18119,100831,70307,13528,3607,54870,11,9,6,5
2021-04-07T23:59:59+02:00,6,1,2386,2891,5839,9117,6165,11807,7047,16032,9850,15694,6824,6673,13810,17942,10423,19792,419,620,1178,2461,1718,4204,2438,6150,3531,5299,3218,3207,4685,6619,9584,18091,94681,70034,13367,3366,54236,10,9,6,5
2021-04-06T23:59:59+02:00,6,1,2369,2858,5743,9051,6074,11728,6894,15919,9610,15511,6468,6311,11716,15342,10396,19733,416,613,1171,2436,1706,4181,2412,6112,3467,5234,3134,3157,4640,6565,9579,18075,89658,69792,13067,3086,52992,10,7,6,5
2021-04-05T23:59:59+02:00,6,1,2361,2849,5725,9034,6062,11709,6881,15900,9590,15486,6344,6213,10435,14055,10396,19732,412,605,1167,2421,1700,4165,2396,6082,3434,5193,3104,3120,4619,6519,9573,18059,89579,69602,13031,2949,50157,9,6,6,5
2021-04-04T23:59:59+02:00,6,1,2361,2849,5722,9031,6060,11709,6879,15900,9588,15486,6339,6209,10435,14053,10396,19732,412,604,1167,2420,1700,4165,2395,6082,3434,5193,3104,3120,4617,6519,9573,18059,89570,69598,13030,2948,50144,9,6,6,5
2021-04-03T23:59:59+02:00,6,1,2359,2841,5714,9024,6055,11705,6876,15896,9585,15484,6336,6204,10429,14050,10396,19732,412,604,1167,2420,1700,4165,2395,6082,3434,5192,3104,3120,4617,6519,9573,18059,89513,69597,13029,2948,50139,9,6,6,5
2021-04-02T23:59:59+02:00,6,1,2358,2839,5708,9017,6053,11702,6872,15895,9581,15482,6332,6198,10415,14021,10395,19731,410,602,1166,2420,1699,4164,2394,6082,3433,5185,3078,3103,4607,6510,9573,18059,89430,69520,13026,2947,50138,9,6,6,5
2021-04-01T23:59:59+02:00,6,1,2337,2836,5678,8988,6010,11660,6829,15840,9526,15426,6239,6100,10120,13675,10372,19683,408,587,1163,2414,1692,4153,2378,6065,3407,5164,3017,3057,4548,6438,9498,17947,88443,68975,13005,2944,49867,9,5,6,5
2021-03-31T23:59:59+02:00,6,1,2303,2809,5603,8923,5942,11567,6726,15728,9393,15291,6094,5958,9570,12937,10330,19593,403,581,1157,2403,1685,4137,2372,6053,3387,5130,2985,3024,4501,6379,9442,17846,86472,68528,12792,2942,49500,9,4,6,4
2021-03-30T23:59:59+02:00,6,1,2283,2793,5557,8865,5879,11492,6655,15631,9295,15148,5909,5744,8667,11601,10255,19411,401,579,1154,2399,1672,4120,2354,6031,3353,5086,2928,2956,4414,6280,9312,17607,83408,67828,12411,2804,49364,9,4,5,3
2021-03-29T23:59:59+02:00,5,1,2216,2739,5454,8754,5772,11343,6487,15400,9065,14893,5551,5369,6728,9067,10035,18991,394,575,1143,2388,1659,4108,2329,6005,3324,5029,2858,2891,4297,6176,9111,17278,77322,66882,11601,2669,48938,9,4,5,3
2021-03-28T23:59:59+02:00,5,1,2195,2726,5411,8695,5696,11265,6400,15314,8947,14774,5427,5217,6088,8138,9969,18875,385,569,1128,2372,1634,4081,2282,5944,3268,4937,2773,2812,4181,6031,9039,17142,75031,66423,11343,2144,48760,6,4,5,3
2021-03-27T23:59:59+01:00,5,1,2195,2721,5400,8689,5692,11250,6385,15292,8936,14761,5399,5190,6078,8135,9969,18874,385,569,1126,2371,1633,4076,2278,5941,3259,4930,2768,2809,4165,6006,8959,16995,74925,66116,11343,2143,48695,6,4,5,3
2021-03-26T23:59:59+01:00,5,1,2179,2701,5363,8651,5653,11201,6306,15222,8787,14612,5237,5041,5909,7956,9967,18866,381,561,1120,2358,1617,4048,2250,5905,3225,4876,2707,2746,3982,5751,8254,15820,74581,63485,10512,2105,48555,6,4,5,3
2021-03-25T23:59:59+01:00,5,0,2062,2620,5187,8436,5451,10925,6099,14923,8547,14324,5077,4887,5813,7837,9964,18858,372,547,1099,2333,1593,4020,2204,5848,3152,4800,2609,2644,3611,5259,7124,14089,74126,59408,9565,1886,47316,6,3,5,3
2021-03-24T23:59:59+01:00,5,0,1976,2572,5039,8276,5291,10732,5936,14685,8345,14092,4937,4728,5699,7720,9958,18849,368,536,1086,2305,1560,3965,2145,5783,3064,4699,2476,2530,3189,4642,5726,11870,73752,54393,8403,1541,46677,6,3,5,3
2021-03-23T23:59:59+01:00,5,0,1900,2520,4928,8154,5192,10590,5815,14492,8230,13925,4855,4642,5633,7661,9950,18831,357,511,1066,2270,1527,3907,2101,5694,2982,4608,2387,2435,2739,4010,3839,8661,73360,47693,7657,1393,46298,4,3,5,3
2021-03-22T23:59:59+01:00,5,0,1835,2461,4794,8018,5059,10416,5656,14259,8038,13712,4751,4530,5564,7552,9936,18787,331,494,1037,2233,1482,3834,2036,5585,2880,4457,2274,2283,2224,3332,1338,4556,72868,39209,6619,1160,45878,2,3,5,3
2021-03-21T23:59:59+01:00,5,0,1834,2455,4782,8003,5045,10406,5641,14242,8008,13688,4728,4515,5548,7540,9932,18787,330,494,1031,2219,1473,3805,2018,5547,2854,4407,2233,2235,2182,3291,1321,4511,72845,39069,6569,876,45738,2,2,5,3
2021-03-20T23:59:59+01:00,5,0,1834,2455,4781,8002,5044,10404,5640,14241,8001,13682,4727,4514,5540,7532,9932,18787,330,494,1031,2219,1473,3805,2018,5547,2853,4406,2232,2232,2182,3291,1321,4511,72834,39067,6569,872,45711,2,2,5,3
2021-03-19T23:59:59+01:00,5,0,1781,2207,4266,6710,4636,9422,5370,13684,7777,13279,4603,4417,5470,7466,9932,18787,329,494,1031,2219,1473,3804,2018,5546,2852,4406,2230,2231,2177,3285,1320,4509,72776,39052,6559,866,40470,2,2,5,3
2021-03-18T23:59:59+01:00,5,0,1726,1956,3849,5650,4106,8043,4553,11149,6421,9948,4237,4118,5268,7246,9911,18747,328,491,1024,2206,1466,3779,1992,5507,2827,4382,2209,2216,2152,3256,1315,4500,72346,38860,6497,784,28083,2,2,5,3
2021-03-17T23:59:59+01:00,5,0,1720,1948,3839,5624,4089,8013,4529,11085,6371,9876,4200,4071,5229,7202,9905,18724,325,490,1020,2198,1460,3770,1985,5492,2817,4356,2182,2189,2132,3241,1308,4486,72090,38710,6438,735,27895,2,2,5,3
2021-03-16T23:59:59+01:00,5,0,1698,1914,3780,5543,4018,7907,4400,10924,6166,9676,3977,3883,5089,7043,9899,18703,323,486,1019,2179,1455,3757,1976,5478,2808,4337,2174,2175,2120,3213,1300,4457,71780,38545,5163,706,27675,2,2,5,3
2021-03-15T23:59:59+01:00,5,0,1688,1894,3755,5509,3993,7870,4349,10855,6087,9592,3895,3816,5036,6983,9893,18678,320,482,1010,2162,1447,3751,1960,5442,2790,4309,2159,2143,2095,3152,1292,4419,71557,38327,4805,602,27531,2,0,5,3
2021-03-14T23:59:59+01:00,5,0,1682,1884,3747,5499,3988,7854,4340,10824,6079,9570,3888,3807,5031,6975,9892,18676,319,482,1008,2162,1443,3748,1957,5440,2772,4303,2153,2141,2084,3142,1288,4417,71525,38319,4789,537,27422,1,0,5,3
2021-03-13T23:59:59+01:00,5,0,1679,1879,3734,5477,3981,7845,4320,10813,6065,9555,3885,3804,5028,6972,9892,18676,319,482,1008,2162,1443,3748,1957,5439,2772,4302,2152,2140,2084,3140,1280,4412,71501,38300,4784,537,27320,1,0,5,3
2021-03-12T23:59:59+01:00,4,0,1640,1822,3220,5331,3466,7731,4186,10687,5840,9266,3720,3658,4887,6864,9867,18629,314,460,1004,2132,1435,3724,1938,5368,2719,4217,1973,1986,2024,3090,1273,4406,71290,37532,4065,529,25458,0,0,5,3
2021-03-11T23:59:59+01:00,4,0,1532,1686,2838,5070,3029,7476,3906,10274,5214,8374,3496,3482,4781,6747,9829,18579,313,460,1001,2119,1432,3704,1931,5349,2710,4200,1967,1978,2010,3073,1268,4388,70727,37411,3803,490,21782,0,0,5,3
2021-03-10T23:59:59+01:00,4,0,1502,1655,2799,5025,2994,7417,3851,10188,5106,8257,3370,3378,4666,6633,9786,18512,311,459,999,2116,1430,3693,1927,5336,2698,4180,1950,1971,1985,3041,1257,4374,70320,37330,3473,395,21345,0,0,5,3
2021-03-09T23:59:59+01:00,4,0,1493,1639,2767,5000,2973,7373,3813,10128,5028,8177,3273,3295,4586,6544,9680,18302,308,458,996,2110,1423,3681,1901,5314,2656,4150,1909,1946,1935,3013,1245,4365,69729,37302,3206,106,21135,0,0,5,3
2021-03-08T23:59:59+01:00,4,0,1478,1626,2737,4974,2947,7343,3790,10080,5004,8115,3232,3255,4513,6480,9506,18003,308,458,994,2106,1415,3665,1884,5281,2637,4123,1891,1927,1910,2990,1239,4346,68942,37156,3197,16,20943,0,0,5,3
2021-03-07T23:59:59+01:00,4,0,1465,1616,2707,4929,2913,7295,3757,10018,4962,8055,3197,3222,4448,6380,9430,17859,308,457,994,2105,1414,3660,1881,5271,2636,4118,1887,1924,1906,2986,1236,4338,68407,37105,3144,14,20701,0,0,5,3
2021-03-06T23:59:59+01:00,4,0,1464,1614,2701,4918,2910,7286,3749,10011,4944,8039,3187,3212,4425,6341,9342,17690,308,457,992,2102,1414,3658,1875,5262,2634,4116,1882,1916,1900,2984,1235,4335,68017,37055,3144,14,20671,0,0,5,2
2021-03-05T23:59:59+01:00,4,0,1391,1535,2603,4756,2853,7129,3664,9804,4843,7843,3137,3153,4209,6055,8638,16503,308,457,990,2100,1409,3653,1873,5261,2630,4109,1873,1912,1895,2981,1230,4332,65376,36998,3141,14,19598,0,0,5,2
2021-03-04T23:59:59+01:00,4,0,1218,1431,2433,4555,2682,6860,3496,9459,4585,7502,3021,3030,3848,5598,7476,14689,307,449,981,2077,1393,3613,1845,5209,2602,4063,1845,1887,1862,2926,1203,4286,61185,36533,3138,14,17559,0,0,5,2
2021-03-03T23:59:59+01:00,4,0,1185,1378,2355,4447,2622,6737,3409,9294,4488,7357,2936,2960,3477,4999,6093,12509,303,440,970,2054,1381,3585,1831,5159,2548,4009,1798,1852,1838,2897,1188,4258,56150,36096,3112,14,16984,0,0,4,2
2021-03-02T23:59:59+01:00,4,0,1151,1342,2295,4391,2571,6646,3329,9172,4351,7208,2822,2833,2995,4334,4099,9157,298,431,965,2029,1368,3541,1818,5104,2516,3984,1788,1838,1819,2871,1177,4231,49127,35763,2864,14,16706,0,0,3,2
2021-03-01T23:59:59+01:00,4,0,1092,1312,2234,4329,2499,6559,3235,9046,4209,7020,2691,2696,2428,3594,1394,4714,297,428,957,2016,1356,3522,1810,5088,2505,3968,1772,1828,1802,2852,1165,4203,40104,35557,2478,11,16471,0,0,3,2
2021-02-28T23:59:59+01:00,4,0,1058,1298,2192,4292,2469,6516,3187,8989,4147,6961,2624,2650,2380,3563,1386,4694,297,427,955,2011,1354,3509,1807,5074,2499,3960,1765,1817,1789,2841,1158,4188,40008,35439,2186,11,16213,0,0,3,2
2021-02-27T23:59:59+01:00,4,0,1016,1215,2127,4049,2411,6282,3123,8691,4056,6706,2569,2593,2360,3539,1383,4694,297,427,954,2011,1354,3509,1807,5073,2498,3960,1765,1816,1787,2841,1158,4188,39902,35433,2185,11,14728,0,0,3,2
2021-02-26T23:59:59+01:00,3,0,849,961,1925,3657,2249,5616,2906,7770,3745,5912,2520,2540,2342,3525,1380,4692,297,427,954,2008,1352,3507,1805,5072,2496,3959,1765,1813,1780,2840,1156,4181,39887,35400,2098,11,10604,0,0,3,2
2021-02-25T23:59:59+01:00,3,0,506,804,1645,3458,2066,5312,2710,7375,3519,5610,2439,2464,2302,3464,1376,4678,287,406,929,1958,1322,3438,1775,4991,2467,3895,1740,1786,1742,2797,1129,4141,39692,34792,1842,10,8194,0,0,3,2
2021-02-24T23:59:59+01:00,3,0,486,786,1610,3361,2004,5182,2650,7192,3453,5468,2374,2417,2267,3435,1367,4645,278,402,914,1925,1308,3384,1762,4931,2443,3850,1729,1768,1733,2778,1117,4114,39505,34433,1673,2,7519,0,0,3,2
2021-02-23T23:59:59+01:00,3,0,467,750,1549,3259,1949,5042,2572,7060,3367,5363,2314,2358,2232,3379,1352,4614,277,398,909,1910,1302,3355,1753,4900,2422,3818,1709,1748,1713,2743,1102,4061,39359,34117,1402,2,6866,0,0,3,2
2021-02-22T23:59:59+01:00,2,0,451,719,1494,3159,1910,4903,2514,6842,3306,5219,2306,2262,2217,3300,1348,4569,276,395,905,1899,1294,3328,1736,4864,2408,3788,1690,1729,1687,2715,1087,4016,39148,33816,1139,0,6231,0,0,3,2
2021-02-21T23:59:59+01:00,2,0,443,681,1436,3017,1863,4753,2461,6683,3223,5115,2270,2229,2190,3280,1338,4564,276,394,902,1891,1293,3319,1732,4854,2404,3779,1688,1726,1686,2713,1087,4015,39107,33758,906,0,5532,0,0,3,2
2021-02-20T23:59:59+01:00,2,0,439,676,1428,3013,1857,4753,2458,6680,3219,5111,2267,2228,2190,3279,1337,4564,276,394,902,1890,1293,3318,1732,4854,2403,3778,1687,1725,1683,2713,1086,4013,39103,33746,902,0,5493,0,0,3,2
2021-02-19T23:59:59+01:00,1,0,418,639,1399,2951,1830,4699,2417,6580,3132,4993,2087,2067,2127,3230,1332,4558,274,393,900,1888,1292,3317,1732,4849,2400,3777,1685,1723,1681,2712,1086,4012,38352,33721,883,0,5222,0,0,3,1
2021-02-18T23:59:59+01:00,1,0,393,583,1294,2708,1726,4455,2279,6318,3030,4811,2058,2051,2111,3213,1327,4550,274,387,892,1855,1283,3278,1714,4801,2381,3741,1673,1713,1665,2700,1074,3994,38278,33425,810,0,3817,0,0,3,1
2021-02-17T23:59:59+01:00,1,0,378,552,1255,2578,1671,4280,2209,6075,2971,4662,2039,2032,2088,3193,1312,4541,265,370,857,1770,1240,3149,1653,4642,2307,3605,1597,1644,1591,2590,1025,3878,38122,32183,759,0,2953,0,0,3,1
2021-02-16T23:59:59+01:00,1,0,360,522,1201,2458,1621,4144,2130,5890,2890,4526,2030,2028,2080,3187,1307,4530,257,353,837,1690,1185,3013,1592,4438,2235,3431,1547,1591,1531,2490,998,3750,38064,30938,729,0,2109,0,0,3,1
2021-02-15T23:59:59+01:00,1,0,350,500,1128,2314,1576,4071,2098,5837,2862,4485,2011,2012,2059,3157,1300,4510,250,335,814,1645,1153,2938,1536,4305,2164,3313,1472,1528,1477,2383,956,3573,37959,29842,619,0,1690,0,0,3,1
2021-02-14T23:59:59+01:00,1,0,342,495,1105,2258,1513,3907,2056,5745,2831,4446,2005,2010,2048,3148,1298,4503,243,330,796,1618,1137,2899,1494,4253,2126,3283,1456,1507,1453,2347,941,3531,37941,29414,554,0,1213,0,0,3,1
2021-02-13T23:59:59+01:00,1,0,342,495,1104,2258,1513,3906,2054,5744,2831,4446,2004,2008,2047,3148,1297,4500,243,330,796,1618,1137,2899,1493,4252,2126,3283,1454,1504,1452,2346,941,3530,37930,29404,554,0,1212,0,0,2,1
2021-02-12T23:59:59+01:00,1,0,338,492,1087,2249,1508,3892,2049,5735,2828,4440,1990,1998,2041,3135,1292,4497,242,329,790,1613,1131,2890,1476,4233,2107,3270,1441,1488,1437,2315,934,3497,37863,29193,546,0,1161,0,0,2,1
2021-02-11T23:59:59+01:00,1,0,318,469,1023,2151,1454,3765,1955,5471,2743,4321,1960,1965,2001,3070,1267,4441,222,303,741,1509,1051,2666,1352,3876,1923,2964,1255,1281,1269,2040,828,3147,37475,26427,509,0,389,0,0,2,1
2021-02-10T23:59:59+01:00,1,0,312,460,1000,2111,1416,3686,1901,5309,2648,4139,1891,1915,1959,3032,1249,4415,198,258,648,1321,925,2285,1164,3277,1684,2549,1097,1108,1124,1796,721,2807,37067,22962,374,0,1,0,0,2,1
2021-02-09T23:59:59+01:00,1,0,306,450,992,2080,1400,3634,1858,5242,2581,4083,1835,1879,1891,2979,1228,4394,165,199,550,1062,778,1842,959,2671,1421,2137,951,949,936,1517,605,2394,36769,19136,61,0,1,0,0,2,1
2021-02-08T23:59:59+01:00,1,0,305,448,989,2073,1390,3618,1850,5219,2563,4067,1820,1867,1873,2961,1221,4369,114,164,450,850,615,1428,761,2021,1145,1656,766,774,746,1199,482,1945,36614,15116,17,0,1,0,0,2,1
2021-02-07T23:59:59+01:00,1,0,305,448,988,2072,1389,3611,1847,5216,2556,4064,1814,1858,1857,2954,1217,4363,105,145,400,704,541,1255,682,1806,1049,1510,693,695,671,1080,418,1729,36544,13483,14,0,0,0,0,2,1
2021-02-06T23:59:59+01:00,1,0,305,448,987,2071,1389,3608,1847,5214,2556,4061,1814,1857,1852,2952,1214,4361,105,144,395,701,536,1231,666,1787,1038,1488,690,691,666,1076,417,1725,36521,13357,14,0,0,0,0,2,0
2021-02-05T23:59:59+01:00,1,0,305,447,985,2068,1385,3599,1843,5200,2550,4055,1813,1856,1844,2944,1205,4348,101,137,380,683,519,1202,634,1735,990,1425,653,641,621,1002,391,1637,36432,12752,14,0,0,0,0,2,0
2021-02-04T23:59:59+01:00,1,0,298,430,974,2036,1366,3546,1824,5123,2534,4007,1797,1836,1819,2909,1188,4317,76,106,281,461,358,810,450,1174,679,966,505,467,480,792,305,1306,35989,9217,14,0,0,0,0,2,0
2021-02-03T23:59:59+01:00,1,0,294,421,956,2009,1350,3508,1811,5074,2500,3964,1777,1813,1803,2885,1175,4303,60,82,235,395,289,631,345,918,519,720,339,323,345,565,218,953,35628,6938,14,0,0,0,0,2,0
2021-02-02T23:59:59+01:00,1,0,290,414,950,1981,1342,3476,1800,5028,2477,3929,1759,1797,1777,2844,1154,4256,39,63,180,312,242,483,263,735,375,554,235,206,220,374,150,621,35259,5052,14,0,0,0,0,2,0
2021-02-01T23:59:59+01:00,1,0,289,412,945,1974,1339,3460,1792,5008,2469,3911,1752,1786,1762,2829,1148,4243,19,39,134,227,167,308,169,489,236,320,120,105,96,184,69,277,35104,2959,14,0,0,0,0,2,0
2021-01-31T23:59:59+01:00,1,0,288,411,943,1966,1336,3451,1789,4989,2465,3896,1748,1778,1758,2822,1146,4234,18,34,116,199,150,267,152,409,200,276,101,91,88,157,61,243,35005,2562,14,0,0,0,0,2,0
2021-01-30T23:59:59+01:00,1,0,288,411,943,1966,1336,3451,1789,4989,2465,3896,1747,1778,1758,2821,1146,4233,18,34,115,199,150,265,149,407,199,275,100,90,88,157,61,243,35002,2550,14,0,0,0,0,2,0
2021-01-29T23:59:59+01:00,1,0,286,408,941,1964,1335,3443,1783,4980,2462,3893,1741,1771,1749,2811,1139,4212,16,33,114,190,141,257,137,379,168,248,73,66,79,136,56,211,34904,2304,14,0,0,0,0,1,0
2021-01-28T23:59:59+01:00,1,0,281,400,923,1908,1311,3379,1758,4918,2434,3831,1719,1752,1719,2780,1121,4177,0,0,9,19,8,17,11,46,7,21,8,3,7,9,2,13,34398,180,13,0,0,0,0,1,0
2021-01-27T23:59:59+01:00,1,0,276,382,890,1828,1277,3265,1696,4795,2374,3731,1663,1704,1675,2714,1085,4095,0,0,4,6,5,11,7,20,3,12,7,3,7,9,2,12,33441,108,9,0,0,0,0,1,0
2021-01-26T23:59:59+01:00,1,0,270,373,881,1815,1263,3227,1679,4738,2344,3668,1632,1672,1638,2644,1068,4013,0,0,4,6,5,11,7,20,3,12,7,3,7,9,2,12,32918,108,7,0,0,0,0,1,0
2021-01-25T23:59:59+01:00,1,0,259,349,839,1697,1193,3063,1589,4467,2240,3459,1573,1619,1585,2560,1022,3845,0,0,1,3,1,3,4,3,3,5,7,3,6,8,2,12,31357,61,2,0,0,0,0,1,0
2021-01-24T23:59:59+01:00,1,0,256,346,828,1678,1183,3041,1558,4434,2214,3438,1563,1611,1575,2549,1017,3838,0,0,1,2,1,3,4,3,3,5,6,3,6,8,2,12,31127,59,2,0,0,0,0,1,0
2021-01-23T23:59:59+01:00,1,0,256,346,828,1678,1182,3040,1558,4430,2213,3437,1562,1611,1574,2548,1016,3833,0,0,1,2,1,3,4,3,3,5,6,3,6,8,2,12,31110,59,2,0,0,0,0,1,0
2021-01-22T23:59:59+01:00,1,0,255,344,822,1675,1178,3035,1555,4423,2201,3432,1550,1600,1568,2529,1011,3814,0,0,1,2,1,3,4,3,3,5,6,3,6,8,2,12,30990,59,2,0,0,0,0,1,0
2021-01-21T23:59:59+01:00,1,0,244,334,794,1609,1153,2908,1499,4263,2121,3297,1452,1497,1436,2366,932,3633,0,0,1,2,1,3,4,2,3,5,4,2,5,8,1,12,29536,53,2,0,0,0,0,1,0
2021-01-20T23:59:59+01:00,1,0,221,290,721,1453,1063,2594,1364,3803,1948,2944,1331,1352,1316,2172,861,3413,0,0,1,2,1,3,4,2,3,5,4,2,5,8,1,12,26844,53,2,0,0,0,0,1,0
2021-01-19T23:59:59+01:00,1,0,190,234,623,1206,918,2148,1144,3188,1667,2514,1151,1154,1090,1836,716,2900,0,0,1,1,1,2,4,1,2,5,4,2,5,8,1,12,22677,49,2,0,0,0,0,1,0
2021-01-18T23:59:59+01:00,1,0,132,185,489,945,709,1634,877,2319,1297,1903,901,923,871,1455,560,2311,0,0,0,0,0,0,0,0,1,2,2,1,0,0,0,0,17510,6,1,0,0,0,0,1,0
2021-01-17T23:59:59+01:00,1,0,119,159,429,774,624,1414,776,2066,1185,1714,837,844,791,1319,501,2105,0,0,0,0,0,0,0,0,0,1,0,0,0,0,0,0,15657,1,0,0,0,0,0,1,0
2021-01-16T23:59:59+01:00,1,0,119,158,425,773,622,1406,766,2062,1177,1707,835,839,786,1308,493,2090,0,0,0,0,0,0,0,0,0,0,0,0,0,0,0,0,15567,0,0,0,0,0,0,0,0
2021-01-15T23:59:59+01:00,1,0,109,152,413,753,596,1368,734,1984,1116,1626,791,787,743,1223,463,1976,0,0,0,0,0,0,0,0,0,0,0,0,0,0,0,0,14835,0,0,0,0,0,0,0,0
2021-01-14T23:59:59+01:00,1,0,75,112,296,486,395,882,506,1277,761,1065,577,545,541,902,353,1501,0,0,0,0,0,0,0,0,0,0,0,0,0,0,0,0,10275,0,0,0,0,0,0,0,0
2021-01-13T23:59:59+01:00,1,0,58,85,244,409,319,665,377,977,556,758,363,343,361,613,246,1037,0,0,0,0,0,0,0,0,0,0,0,0,0,0,0,0,7412,0,0,0,0,0,0,0,0
2021-01-12T23:59:59+01:00,0,0,47,69,199,351,257,540,277,803,405,593,243,217,226,405,166,691,0,0,0,0,0,0,0,0,0,0,0,0,0,0,0,0,5489,0,0,0,0,0,0,0,0
2021-01-11T23:59:59+01:00,0,0,32,50,174,303,210,439,217,646,297,419,149,126,128,248,88,397,0,0,0,0,0,0,0,0,0,0,0,0,0,0,0,0,3923,0,0,0,0,0,0,0,0
2021-01-10T23:59:59+01:00,0,0,24,41,152,254,180,362,178,535,248,358,128,106,113,204,77,320,0,0,0,0,0,0,0,0,0,0,0,0,0,0,0,0,3280,0,0,0,0,0,0,0,0
2021-01-09T23:59:59+01:00,0,0,24,41,151,252,179,360,177,530,247,357,127,105,113,204,77,320,0,0,0,0,0,0,0,0,0,0,0,0,0,0,0,0,3264,0,0,0,0,0,0,0,0
2021-01-08T23:59:59+01:00,0,0,22,40,149,243,171,350,164,499,218,331,103,89,108,189,71,298,0,0,0,0,0,0,0,0,0,0,0,0,0,0,0,0,3045,0,0,0,0,0,0,0,0
2021-01-07T23:59:59+01:00,0,0,1,0,4,9,8,13,10,6,16,11,10,9,14,21,2,32,0,0,0,0,0,0,0,0,0,0,0,0,0,0,0,0,166,0,0,0,0,0,0,0,0
2021-01-06T23:59:59+01:00,0,0,0,0,1,3,1,5,5,2,3,6,6,2,7,10,1,14,0,0,0,0,0,0,0,0,0,0,0,0,0,0,0,0,66,0,0,0,0,0,0,0,0
2021-01-05T23:59:59+01:00,0,0,0,0,1,3,1,5,5,2,3,5,6,2,6,9,1,13,0,0,0,0,0,0,0,0,0,0,0,0,0,0,0,0,62,0,0,0,0,0,0,0,0
2021-01-04T23:59:59+01:00,0,0,0,0,1,3,1,4,4,2,3,5,6,2,5,8,1,13,0,0,0,0,0,0,0,0,0,0,0,0,0,0,0,0,58,0,0,0,0,0,0,0,0
2021-01-03T23:59:59+01:00,0,0,0,0,1,2,1,4,4,2,3,5,5,2,5,8,1,13,0,0,0,0,0,0,0,0,0,0,0,0,0,0,0,0,56,0,0,0,0,0,0,0,0
2021-01-02T23:59:59+01:00,0,0,0,0,1,2,1,4,4,2,3,5,5,2,5,8,1,13,0,0,0,0,0,0,0,0,0,0,0,0,0,0,0,0,56,0,0,0,0,0,0,0,0
2021-01-01T23:59:59+01:00,0,0,0,0,1,2,1,3,4,2,3,5,5,2,5,8,1,13,0,0,0,0,0,0,0,0,0,0,0,0,0,0,0,0,55,0,0,0,0,0,0,0,0
2020-12-31T23:59:59+01:00,0,0,0,0,1,2,1,3,4,2,3,5,5,2,5,8,1,13,0,0,0,0,0,0,0,0,0,0,0,0,0,0,0,0,55,0,0,0,0,0,0,0,0
2020-12-30T23:59:59+01:00,0,0,0,0,1,2,1,3,4,2,3,5,5,2,5,8,1,13,0,0,0,0,0,0,0,0,0,0,0,0,0,0,0,0,55,0,0,0,0,0,0,0,0
2020-12-29T23:59:59+01:00,0,0,0,0,1,1,1,2,4,1,2,5,5,2,5,8,1,13,0,0,0,0,0,0,0,0,0,0,0,0,0,0,0,0,51,0,0,0,0,0,0,0,0
2020-12-28T23:59:59+01:00,0,0,0,0,1,1,1,1,2,0,1,5,4,1,1,0,0,2,0,0,0,0,0,0,0,0,0,0,0,0,0,0,0,0,20,0,0,0,0,0,0,0,0
2020-12-27T23:59:59+01:00,0,0,0,0,1,1,1,1,2,0,0,3,2,0,1,0,0,2,0,0,0,0,0,0,0,0,0,0,0,0,0,0,0,0,14,0,0,0,0,0,0,0,0
