Datum,<15_m,<15_w,15-24_1_m,15-24_1_w,25-34_1_m,25-34_1_w,35-44_1_m,35-44_1_w,45-54_1_m,45-54_1_w,55-64_1_m,55-64_1_w,65-74_1_m,65-74_1_w,75-84_1_m,75-84_1_w,>84_1_m,>84_1_w,<24_2_m,<24_2_w,25-34_2_m,25-34_2_w,35-44_2_m,35-44_2_w,45-54_2_m,45-54_2_w,55-64_2_m,55-64_2_w,65-74_2_m,65-74_2_w,75-84_2_m,75-84_2_w,>84_2_m,>84_2_w,bp_1,bp_2,mo_1,mo_2,az_1,az_2,ja,unb_1,unb_2
2021-09-09T23:59:59+02:00,4193,3871,35266,33987,51125,45691,52424,51041,63310,63433,73467,73768,53435,59025,36771,47661,11174,21232,31954,30824,48446,42626,50095,48231,60872,60586,71084,71275,52075,57380,35855,46322,10851,20518,566747,538179,77649,74380,105694,101395,30756,29,25
2021-09-08T23:59:59+02:00,4169,3851,35231,33950,51101,45661,52408,51018,63279,63400,73447,73746,53427,59010,36767,47650,11174,21230,31896,30800,48411,42600,50069,48205,60841,60560,71070,71255,52063,57369,35847,46311,10848,20501,566411,537831,77649,74379,105694,101383,30737,29,25
2021-09-07T23:59:59+02:00,4157,3836,35191,33908,51072,45632,52383,50988,63253,63378,73413,73717,53415,58994,36751,47636,11172,21224,31849,30755,48377,42569,50032,48175,60817,60528,71037,71227,52051,57353,35840,46299,10845,20497,566042,537434,77649,74377,105694,101377,30707,29,25
2021-09-06T23:59:59+02:00,3985,3656,34740,33449,50719,45260,52127,50696,63042,63146,73258,73573,53352,58916,36732,47595,11169,21216,31655,30583,48183,42420,49896,48040,60715,60417,70943,71144,52004,57308,35824,46280,10840,20484,563312,536584,77649,74376,105694,101376,29948,29,25
2021-09-05T23:59:59+02:00,3977,3644,34725,33434,50717,45252,52115,50688,63031,63136,73243,73568,53348,58908,36726,47588,11167,21213,31634,30563,48168,42406,49883,48031,60702,60406,70931,71138,52000,57295,35822,46275,10839,20482,563181,536438,77648,74374,105694,101364,29929,29,25
2021-09-04T23:59:59+02:00,3977,3644,34724,33434,50715,45252,52114,50687,63031,63136,73243,73568,53348,58908,36726,47588,11167,21213,31633,30561,48167,42406,49881,48029,60702,60406,70930,71138,52000,57295,35822,46275,10839,20482,563179,536434,77648,74372,105694,101364,29926,29,25
2021-09-03T23:59:59+02:00,3929,3602,34567,33311,50567,45131,52010,50571,62883,63015,73120,73472,53309,58860,36706,47568,11163,21210,31369,30378,47977,42242,49718,47868,60507,60239,70788,70998,51946,57241,35797,46252,10836,20478,563040,536300,77088,73201,105683,101352,29155,29,25
2021-09-02T23:59:59+02:00,3904,3573,34512,33266,50537,45090,51977,50540,62845,62975,73083,73447,53288,58849,36697,47552,11163,21206,31301,30317,47931,42197,49676,47824,60455,60186,70746,70971,51928,57225,35788,46243,10835,20474,562643,535912,77067,73196,105683,101242,29083,29,25
2021-09-01T23:59:59+02:00,3887,3560,34485,33235,50512,45063,51957,50518,62825,62942,73054,73429,53279,58840,36693,47544,11163,21205,31252,30278,47899,42172,49647,47803,60431,60163,70728,70945,51909,57206,35778,46236,10835,20471,562375,535596,77063,73189,105683,101215,29042,29,25
2021-08-31T23:59:59+02:00,3860,3547,34446,33186,50485,45025,51930,50485,62797,62909,73025,73398,53259,58818,36685,47531,11160,21204,31194,30248,47874,42146,49625,47786,60404,60147,70714,70918,51895,57196,35774,46229,10832,20465,561979,535323,77063,73186,105683,101209,28997,29,25
2021-08-30T23:59:59+02:00,3635,3343,33871,32686,50074,44657,51584,50147,62508,62652,72818,73223,53177,58732,36655,47485,11157,21196,30918,29987,47581,41922,49401,47620,60222,60021,70557,70816,51829,57151,35755,46197,10829,20458,559048,534257,77063,73183,105682,101199,27779,29,25
2021-08-29T23:59:59+02:00,3629,3335,33849,32664,50056,44649,51568,50130,62497,62638,72808,73207,53169,58727,36653,47478,11157,21194,30900,29968,47557,41896,49381,47604,60205,60004,70545,70804,51826,57143,35752,46196,10829,20456,558901,534140,77062,73182,105681,101155,27736,29,25
2021-08-28T23:59:59+02:00,3629,3335,33847,32664,50051,44648,51568,50129,62495,62635,72806,73206,53168,58725,36653,47478,11157,21194,30892,29960,47551,41894,49380,47603,60202,60000,70542,70802,51825,57139,35752,46196,10829,20456,558892,534106,77062,73181,105681,101155,27725,29,25
2021-08-27T23:59:59+02:00,3624,3329,33840,32643,50047,44646,51556,50123,62487,62630,72789,73200,53164,58723,36652,47477,11156,21193,30874,29941,47542,41887,49371,47594,60194,59992,70530,70801,51823,57138,35751,46195,10828,20456,558817,534029,77062,73179,105681,101152,27691,29,25
2021-08-26T23:59:59+02:00,3599,3302,33799,32594,50022,44607,51516,50075,62444,62607,72757,73171,53154,58713,36644,47475,11155,21189,30583,29682,47331,41681,49203,47440,60081,59897,70448,70733,51791,57107,35735,46172,10826,20452,558467,532257,77036,73172,105680,101089,27612,29,25
2021-08-25T23:59:59+02:00,3558,3278,33750,32552,49996,44563,51485,50048,62406,62574,72721,73149,53146,58695,36638,47461,11154,21188,29838,28981,46903,41270,48879,47148,59858,59674,70274,70583,51724,57031,35713,46137,10817,20444,558049,527954,77036,73170,105680,101066,27569,29,25
2021-08-24T23:59:59+02:00,3518,3256,33692,32493,49967,44521,51456,50000,62362,62527,72676,73102,53124,58671,36625,47448,11152,21180,29610,28762,46775,41140,48771,47042,59766,59580,70189,70483,51677,56983,35692,46125,10814,20441,557559,526524,77032,73166,105678,101031,27473,29,25
2021-08-23T23:59:59+02:00,3217,2992,33061,31877,49545,44128,51115,49700,62037,62234,72383,72872,53029,58582,36587,47385,11141,21171,29191,28370,46392,40843,48530,46830,59497,59374,69963,70335,51600,56913,35667,46082,10808,20434,554532,525081,77029,73164,105677,101026,25790,29,25
2021-08-22T23:59:59+02:00,3206,2984,33050,31870,49535,44118,51107,49694,62032,62227,72379,72870,53026,58579,36585,47383,11141,21170,29168,28354,46374,40835,48522,46819,59487,59367,69957,70332,51590,56909,35664,46079,10808,20434,554463,524985,77025,73160,105674,101013,25766,29,25
2021-08-21T23:59:59+02:00,3204,2984,33044,31867,49533,44116,51106,49691,62029,62226,72378,72869,53026,58579,36585,47383,11141,21170,29156,28341,46369,40831,48517,46814,59482,59367,69957,70331,51589,56909,35664,46079,10808,20434,554446,524943,77025,73156,105674,101013,25758,29,25
2021-08-20T23:59:59+02:00,3188,2973,32922,31774,49344,43988,50936,49582,61850,62100,72233,72789,52978,58537,36570,47365,11138,21166,28619,27839,45896,40479,48238,46605,59229,59184,69755,70208,51505,56851,35634,46051,10804,20427,554221,523252,77025,72982,105673,100786,24486,29,25
2021-08-19T23:59:59+02:00,3161,2950,32871,31735,49310,43950,50889,49539,61805,62062,72184,72750,52952,58517,36563,47350,11134,21159,27678,26988,45108,39877,47811,46242,58899,58911,69483,69984,51405,56762,35592,46004,10799,20421,553804,518885,76990,72007,105668,100694,24391,29,25
2021-08-18T23:59:59+02:00,3140,2931,32825,31692,49274,43915,50852,49503,61760,62025,72137,72724,52923,58500,36549,47336,11133,21154,26389,25681,44184,38999,47109,45501,58224,58328,68998,69530,51218,56540,35516,45910,10787,20404,553374,513346,76969,68811,105666,100641,24336,29,25
2021-08-17T23:59:59+02:00,3118,2908,32753,31634,49232,43848,50811,49469,61717,61983,72102,72684,52901,58476,36536,47325,11130,21149,25100,24293,43317,38305,46508,45022,57696,57886,68567,69205,51082,56356,35441,45830,10771,20390,552844,507732,76964,66735,105665,100604,24275,29,25
2021-08-16T23:59:59+02:00,3107,2889,32736,31613,49208,43826,50802,49452,61697,61966,72081,72668,52890,58468,36535,47314,11128,21145,23667,22893,42408,37454,46236,44730,57475,57626,68361,69045,51009,56272,35411,45785,10769,20376,552618,501370,76961,66703,105663,100591,24255,29,25
2021-08-15T23:59:59+02:00,3100,2878,32725,31597,49197,43821,50792,49442,61682,61950,72066,72656,52886,58461,36532,47314,11128,21145,21232,20424,41654,36916,45871,44363,57142,57330,68077,68789,50897,56169,35374,45729,10766,20367,552495,492627,76960,66524,105653,100575,24236,29,25
2021-08-14T23:59:59+02:00,3100,2877,32721,31595,49192,43820,50789,49440,61677,61947,72062,72650,52886,58461,36531,47314,11128,21145,21209,20398,41614,36886,45854,44348,57129,57320,68065,68778,50895,56167,35373,45728,10766,20366,552489,492446,76959,66521,105653,100575,24206,29,25
2021-08-13T23:59:59+02:00,3086,2860,32679,31568,49169,43805,50767,49422,61644,61916,72040,72630,52881,58454,36528,47309,11127,21142,21092,20311,41526,36787,45792,44295,57081,57282,68025,68744,50878,56155,35364,45719,10765,20364,552332,491855,76958,66518,105652,100554,24057,29,25
2021-08-12T23:59:59+02:00,3069,2831,32631,31518,49134,43765,50729,49394,61593,61888,72004,72594,52865,58435,36511,47300,11126,21139,20626,19999,40572,35978,45425,43964,56864,57106,67848,68579,50806,56072,35333,45674,10760,20356,551921,487622,76954,66516,105650,100509,23973,29,25
2021-08-11T23:59:59+02:00,3028,2800,32574,31475,49100,43729,50704,49370,61566,61857,71975,72566,52844,58409,36499,47291,11125,21135,19734,19113,39245,34792,44823,43385,56504,56776,67555,68306,50685,55934,35296,45615,10758,20343,551508,480207,76948,66512,105649,100487,23914,29,25
2021-08-10T23:59:59+02:00,3013,2781,32523,31430,49062,43700,50674,49338,61547,61817,71935,72521,52822,58393,36488,47268,11124,21130,18711,18146,37144,32932,43938,42508,56052,56380,67166,67958,50533,55780,35235,45518,10753,20323,551047,469972,76948,66510,105648,100468,23895,29,25
2021-08-09T23:59:59+02:00,2997,2774,32494,31407,49039,43682,50646,49320,61528,61800,71915,72501,52813,58384,36483,47258,11122,21129,17288,16731,34149,30497,43274,41875,55648,56018,66834,67633,50392,55632,35184,45469,10748,20305,550801,457770,76946,66506,105644,100455,23873,29,25
2021-08-08T23:59:59+02:00,2994,2774,32482,31397,49029,43675,50641,49314,61520,61793,71912,72500,52812,58382,36483,47255,11122,21128,17261,16701,34127,30483,43237,41843,55635,56005,66825,67628,50387,55626,35183,45466,10747,20304,550746,457582,76946,66501,105633,100436,23860,29,25
2021-08-07T23:59:59+02:00,2993,2769,32475,31387,49026,43667,50636,49314,61517,61790,71905,72498,52811,58380,36482,47255,11122,21128,17235,16671,34099,30464,43204,41813,55614,55988,66814,67621,50381,55624,35181,45466,10747,20303,550697,457355,76946,66498,105633,100435,23851,29,25
2021-08-06T23:59:59+02:00,2905,2677,32132,31163,48772,43471,50383,49088,61229,61586,71630,72331,52679,58276,36428,47203,11119,21119,17030,16535,33390,29988,42736,41445,55270,55763,66504,67445,50251,55530,35132,45430,10744,20296,550628,455685,75841,66211,105630,100433,22064,29,25
2021-08-05T23:59:59+02:00,2858,2638,31977,31046,48678,43381,50303,49035,61176,61541,71578,72290,52652,58257,36419,47186,11117,21117,16800,16281,31532,28557,41697,40502,54996,55414,66292,67273,50186,55453,35109,45391,10737,20287,549754,448896,75838,66138,105621,100310,22008,29,25
2021-08-04T23:59:59+02:00,2783,2561,31731,30853,48491,43246,50150,48923,61095,61465,71516,72234,52623,58217,36406,47171,11114,21112,16535,16038,31178,28336,40505,39428,54605,55083,66119,67121,50121,55369,35079,45363,10734,20280,548465,444586,75837,66119,105619,100236,21750,21,24
2021-08-03T23:59:59+02:00,2595,2381,31222,30391,48241,42997,49976,48732,60932,61291,71370,72087,52568,58146,36384,47142,11104,21098,16096,15593,30592,27808,38774,37811,53914,54435,65783,66811,50024,55241,35031,45312,10729,20270,545521,436917,75837,66113,105616,100217,21663,21,24
2021-08-02T23:59:59+02:00,2484,2286,30908,30107,48043,42817,49823,48603,60824,61187,71281,72005,52535,58114,36362,47123,11103,21095,15792,15324,30254,27456,36628,35986,53356,53923,65574,66635,49952,55156,35009,45284,10727,20266,543588,430073,75834,66109,105611,100106,21647,21,23
2021-08-01T23:59:59+02:00,2481,2283,30896,30100,48025,42808,49811,48595,60812,61177,71273,71999,52530,58106,36358,47123,11103,21095,15668,15199,30117,27343,34323,34131,53058,53673,65482,66566,49913,55116,35002,45266,10726,20264,543535,424627,75832,66105,105565,100083,21623,21,23
2021-07-31T23:59:59+02:00,2481,2283,30892,30096,48023,42806,49809,48595,60811,61177,71273,71997,52527,58104,36358,47123,11103,21094,15653,15188,30084,27324,34310,34124,53040,53665,65469,66561,49909,55111,35002,45265,10725,20263,543517,424481,75832,66104,105565,100080,21618,21,23
2021-07-30T23:59:59+02:00,2467,2278,30845,30051,47991,42785,49785,48570,60777,61148,71238,71979,52518,58093,36358,47123,11103,21092,15498,14887,29826,27009,34130,33874,52840,53373,65305,66358,49862,55065,34991,45253,10725,20262,543342,424129,75827,66095,105562,98170,21450,21,23
2021-07-29T23:59:59+02:00,2435,2258,30685,29959,47908,42724,49732,48505,60716,61107,71192,71933,52499,58074,36350,47107,11100,21087,15186,14611,29513,26797,32844,32925,52059,52762,64951,66090,49763,54973,34949,45196,10720,20254,542679,421436,75820,63369,105550,98026,21302,21,23
2021-07-28T23:59:59+02:00,2389,2221,30533,29849,47825,42655,49659,48433,60643,61030,71126,71876,52475,58036,36332,47089,11099,21082,14783,14240,29074,26480,32474,32595,51345,52147,64560,65763,49668,54870,34915,45139,10704,20235,541735,417294,75816,63316,105544,97636,21237,21,23
2021-07-27T23:59:59+02:00,2310,2148,30292,29580,47672,42479,49515,48296,60535,60907,71026,71788,52417,57975,36304,47050,11091,21075,14141,13585,28308,25853,31725,31943,50092,51053,63835,65195,49481,54666,34848,45024,10697,20217,539906,408970,75806,63290,105538,97539,21190,21,23
2021-07-26T23:59:59+02:00,2249,2093,30092,29346,47554,42350,49440,48213,60472,60842,70975,71743,52391,57943,36293,47037,11089,21066,13776,13210,27957,25565,31107,31535,48536,49685,62858,64368,49276,54462,34780,44942,10687,20205,538678,401265,75803,63285,105534,97509,21153,21,23
2021-07-25T23:59:59+02:00,2002,1891,29269,28673,47163,42037,49155,47928,60236,60619,70794,71585,52335,57868,36266,46994,11088,21059,13683,13150,27861,25503,31022,31469,48416,49623,62771,64320,49255,54446,34774,44934,10687,20204,534503,400640,75803,63278,105527,97349,21109,21,23
2021-07-24T23:59:59+02:00,1922,1823,29015,28443,47012,41932,49038,47829,60081,60500,70665,71505,52287,57838,36249,46973,11086,21059,13548,13040,27657,25369,30863,31341,48205,49453,62608,64225,49211,54416,34759,44916,10685,20202,533814,400031,75801,63275,105526,97347,20096,21,23
2021-07-23T23:59:59+02:00,1810,1702,28685,28117,46767,41781,48783,47616,59832,60311,70461,71378,52212,57767,36230,46936,11082,21050,13297,12816,27224,25055,30484,31034,47607,48963,62279,63990,49128,54350,34737,44872,10680,20193,532820,397635,75424,63221,105515,97345,18741,21,23
2021-07-22T23:59:59+02:00,1798,1695,28606,28039,46629,41640,48572,47405,59654,60170,70344,71249,52169,57730,36214,46919,11082,21050,13071,12564,26889,24722,30134,30716,45685,47402,61475,63290,49032,54248,34699,44828,10677,20183,532516,390948,74272,63072,105474,97122,18683,21,23
2021-07-21T23:59:59+02:00,1765,1656,28341,27833,46245,41307,47981,46849,59071,59687,69888,70860,51997,57569,36156,46862,11073,21037,12645,12126,26311,24180,29560,30148,41957,44165,59992,62024,48862,54068,34636,44745,10667,20156,531963,379321,71004,62562,105320,96675,17870,21,23
2021-07-20T23:59:59+02:00,1742,1641,28220,27696,46182,41249,47935,46811,59017,59637,69835,70813,51962,57541,36140,46836,11069,21030,12146,11593,25573,23489,28910,29398,38501,41173,58447,60560,48659,53847,34554,44653,10649,20136,531275,368936,70984,59170,105303,96552,17774,21,23
2021-07-19T23:59:59+02:00,1737,1640,28190,27661,46160,41236,47923,46797,59004,59621,69823,70811,51960,57537,36140,46832,11067,21030,12101,11565,25510,23455,28879,29365,38457,41141,58406,60533,48655,53839,34553,44650,10646,20135,531129,368625,70984,59157,105288,96501,17748,21,23
2021-07-18T23:59:59+02:00,1733,1633,28164,27635,46136,41227,47909,46784,58998,59611,69816,70802,51958,57536,36139,46831,11067,21029,12039,11540,25425,23416,28818,29332,38396,41114,58346,60492,48653,53835,34550,44649,10646,20135,530997,368290,70982,59126,105280,96381,17729,21,23
2021-07-17T23:59:59+02:00,1733,1631,28145,27622,46121,41218,47899,46780,58991,59606,69809,70798,51953,57532,36138,46831,11067,21029,12012,11529,25392,23380,28785,29312,38374,41097,58311,60468,48643,53827,34548,44649,10646,20135,530920,368042,70981,59122,105280,96378,17702,21,23
2021-07-16T23:59:59+02:00,1718,1611,27879,27433,45838,41053,47675,46607,58692,59404,69577,70657,51847,57459,36094,46795,11062,21027,11759,11335,25063,23140,28487,29082,37978,40822,57803,60045,48507,53714,34496,44599,10640,20131,530604,366843,70980,59119,105155,96103,15669,21,23
2021-07-15T23:59:59+02:00,1620,1498,27416,27045,45580,40815,47529,46494,58553,59291,69474,70569,51806,57417,36079,46773,11061,21020,11466,11108,24583,22795,28122,28810,37584,40543,55758,58001,48337,53514,34439,44515,10632,20120,528281,359904,70977,59034,105147,95892,15615,21,23
2021-07-14T23:59:59+02:00,1453,1366,26851,26506,45273,40526,47326,46309,58370,59093,69314,70423,51745,57358,36053,46743,11055,21015,11279,10921,24174,22443,27770,28491,37060,40141,54541,56821,48200,53364,34388,44451,10624,20098,525108,356196,70970,57375,105128,95746,15553,21,23
2021-07-13T23:59:59+02:00,1168,1062,25898,25609,44781,40113,46969,45991,58044,58808,69039,70176,51632,57232,36010,46688,11051,21000,10934,10583,23640,21896,27152,27905,35681,38950,50411,52919,47837,52976,34259,44302,10607,20069,519719,346945,70963,52171,105125,95639,15444,21,23
2021-07-12T23:59:59+02:00,703,665,24516,24350,44221,39632,46770,45775,57831,58612,68855,70004,51570,57141,35992,46662,11049,20992,10701,10475,23433,21758,26900,27770,35435,38782,49970,52498,47762,52891,34229,44267,10607,20063,513822,345487,70963,52145,105119,94559,15417,20,23
2021-07-11T23:59:59+02:00,700,660,24495,24330,44191,39611,46752,45764,57817,58600,68841,70002,51568,57138,35989,46658,11048,20992,10605,10390,23216,21635,26635,27671,35125,38699,49257,52011,46276,51301,34139,44161,10607,20061,513734,344982,70960,52099,105106,89436,15337,20,23
2021-07-10T23:59:59+02:00,698,655,24488,24324,44186,39603,46749,45761,57810,58599,68841,70001,51568,57138,35989,46658,11048,20992,10593,10381,23192,21616,26621,27662,35102,38694,49244,52006,46262,51285,34137,44160,10607,20061,513700,344878,70957,52098,105104,89380,15328,20,23
2021-07-09T23:59:59+02:00,691,645,24040,23863,43909,39364,46680,45700,57749,58558,68790,69976,51551,57125,35985,46650,11047,20992,10514,10210,23098,21427,26560,27453,35035,38477,49180,51902,46240,51261,34133,44157,10607,20061,511940,343650,70954,52085,105098,89337,15304,20,23
2021-07-08T23:59:59+02:00,625,578,22958,22854,43102,38760,46427,45496,57541,58414,68592,69836,51472,57059,35957,46627,11045,20984,10258,10019,22720,21175,26163,27191,34558,38166,48572,51384,45904,50895,34063,44079,10600,20039,507235,340076,70930,51937,105040,88721,15103,20,23
2021-07-07T23:59:59+02:00,573,532,21632,21455,42360,38071,46206,45273,57303,58223,68426,69676,51387,56975,35920,46572,11037,20970,9884,9712,21842,20585,25060,26396,32721,36797,47651,50498,45403,50358,33957,43940,10592,20021,501836,335133,70756,47553,105016,87807,14964,20,23
2021-07-06T23:59:59+02:00,515,469,20398,20169,41510,37422,45727,44922,56909,57918,68099,69416,51287,56849,35876,46520,11029,20961,9492,9330,20979,19991,24097,25741,31230,35601,46457,49298,44624,49576,33820,43764,10579,20001,497333,327805,68830,45447,104994,86535,14820,20,23
2021-07-05T23:59:59+02:00,479,441,18990,18784,40645,36618,45509,44696,56726,57715,67938,69288,51231,56794,35855,46491,11027,20954,9203,9074,20418,19609,23430,25321,30590,35173,45698,48685,43868,48786,33690,43576,10570,19989,491603,322024,68827,45424,104987,85506,14747,18,23
2021-07-04T23:59:59+02:00,472,435,17201,16744,40298,36387,45421,44623,56641,57646,67859,69220,51198,56768,35845,46471,11025,20952,9142,9022,20277,19544,23256,25243,30333,35094,44904,48557,42502,47436,33611,43502,10568,19983,486743,321565,68800,45379,104971,81377,14674,18,23
2021-07-03T23:59:59+02:00,472,434,17180,16724,40248,36339,45405,44608,56634,57642,67853,69213,51196,56765,35845,46471,11025,20951,9099,8981,20211,19476,23196,25179,30249,35015,44683,48381,42433,47361,33566,43443,10565,19983,486560,320607,68798,45378,104970,81197,14659,18,23
2021-07-02T23:59:59+02:00,451,411,17065,16619,39778,35964,45292,44511,56581,57600,67804,69181,51184,56760,35839,46459,11025,20950,8941,8814,19883,19198,22810,24801,29830,34602,44055,47737,42231,47132,33468,43307,10560,19979,485060,317613,68781,44343,104968,80763,14647,18,23
2021-07-01T23:59:59+02:00,399,371,16759,16338,38040,34629,44718,44011,56321,57391,67630,69011,51104,56670,35811,46420,11021,20942,8566,8419,19020,18492,21845,23948,28445,33413,41027,44770,41234,46052,32855,42579,10543,19950,479571,310134,68706,39460,104945,77226,14346,18,23
2021-06-30T23:59:59+02:00,351,326,16468,16092,35848,32803,44094,43378,56097,57195,67425,68819,51020,56577,35782,46366,11017,20926,8207,8083,18349,17865,20961,23119,27169,32152,36389,39902,40156,44908,32191,41790,10522,19925,472704,299657,68661,33429,104926,74333,14275,18,23
2021-06-29T23:59:59+02:00,312,289,16249,15892,34844,31719,43646,42933,55915,57035,67254,68670,50943,56503,35743,46321,11009,20919,7626,7474,17217,16930,19708,21901,25471,30476,33644,36782,37305,41861,31450,40904,10499,19887,468505,283467,68653,33382,104911,68180,14109,18,21
2021-06-28T23:59:59+02:00,302,267,16106,15736,33121,30293,43324,42637,55750,56895,67137,68564,50897,56451,35725,46300,11006,20907,7322,7213,16667,16553,19316,21585,24962,30092,33053,36283,35921,40371,30662,39970,10495,19875,464068,280415,68631,33333,104890,62781,13811,18,21
2021-06-27T23:59:59+02:00,302,267,16084,15713,32966,30205,43262,42608,55713,56886,67111,68556,50892,56447,35722,46299,11006,20906,7278,7185,16529,16486,19151,21523,24760,30018,32825,36144,34666,39100,29036,38045,10494,19874,463745,280243,68628,33294,104883,55905,13671,18,21
2021-06-26T23:59:59+02:00,300,265,16063,15693,32942,30188,43217,42567,55690,56872,67105,68553,50890,56445,35719,46298,11006,20906,7274,7173,16509,16474,19135,21515,24727,29996,32804,36123,34653,39088,29034,38042,10494,19874,463522,280050,68626,33294,104883,55900,13670,18,21
2021-06-25T23:59:59+02:00,294,264,16009,15648,32829,30088,43025,42407,55632,56827,67065,68529,50880,56434,35715,46297,11006,20906,7086,6896,16226,15965,18866,20861,24359,29060,32415,35401,34491,38872,29011,38012,10494,19874,462699,277373,68625,33285,104866,53583,13647,18,21
2021-06-24T23:59:59+02:00,273,251,15737,15448,32379,29799,41554,41162,55165,56469,66832,68369,50827,56377,35699,46269,11001,20896,6770,6671,15532,15521,17415,19844,22279,27502,31318,34506,34089,38451,28888,37832,10482,19860,458122,267686,68624,33233,104862,53158,12881,18,21
2021-06-23T23:59:59+02:00,258,234,15455,15155,31880,29398,39448,39336,54617,55925,66580,68148,50738,56268,35659,46223,10996,20883,6563,6508,15169,15242,16889,19395,21397,26703,29625,33146,33333,37603,28697,37591,10475,19845,451037,259881,68578,33143,104859,52443,12709,18,21
2021-06-22T23:59:59+02:00,236,199,15071,14762,31211,28764,36002,36283,53704,55125,66277,67843,50632,56146,35620,46166,10992,20869,6386,6297,14763,14915,16089,18678,19979,25387,28024,31494,32534,36628,28158,36984,10457,19814,440082,249789,68546,33060,104854,51327,12402,18,21
2021-06-21T23:59:59+02:00,221,193,14828,14588,30521,28301,33831,34316,53240,54699,66098,67726,50551,56072,35594,46144,10987,20864,6290,6212,14602,14798,15919,18543,19859,25275,27915,31409,32379,36489,26949,35750,10457,19811,433243,249115,68524,33013,104823,48354,12166,18,21
2021-06-20T23:59:59+02:00,214,192,14703,14499,28614,26962,33218,33870,53151,54603,66029,67689,50528,56044,35586,46141,10986,20862,5841,5916,13658,14164,15097,17956,19308,24919,27605,31211,32215,36313,26923,35719,10455,19807,428856,244158,68520,32978,104819,48284,11678,18,21
2021-06-19T23:59:59+02:00,208,187,14678,14466,28500,26881,33187,33843,53129,54587,66013,67678,50522,56035,35584,46136,10985,20860,5626,5754,13096,13752,14490,17479,18981,24718,27412,31040,32136,36213,26906,35705,10455,19807,428451,240631,68518,32976,104819,48281,11673,18,21
2021-06-18T23:59:59+02:00,206,179,14589,14380,28400,26816,31937,32933,52762,54280,65880,67584,50491,56001,35566,46110,10981,20856,5555,5677,12998,13668,14325,17354,18745,24489,26592,30373,31931,35977,26840,35630,10451,19800,427962,237689,65540,32855,104810,48227,11621,18,21
2021-06-17T23:59:59+02:00,192,163,14217,14117,27804,26570,31448,32671,51972,53714,65452,67317,50410,55901,35533,46069,10975,20844,5178,5418,12214,13196,13539,16743,17652,23562,24436,28408,31290,35242,26642,35352,10434,19786,424764,228685,65535,32577,104786,47548,10269,15,21
2021-06-16T23:59:59+02:00,163,135,13790,13718,27340,26215,31008,32314,51160,53008,65001,66929,50292,55781,35504,46012,10964,20832,4814,4975,11492,12520,12750,16050,16551,22440,21468,25541,30222,34037,26345,34949,10419,19745,419909,214636,65493,32549,104780,47151,9969,15,21
2021-06-15T23:59:59+02:00,102,82,13162,13098,26588,25637,30225,31719,49907,51944,64286,66402,50113,55585,35436,45900,10955,20813,4318,4343,10522,11583,11595,14668,14820,20735,18034,22230,28851,32600,25960,34430,10393,19701,412191,195997,65477,32434,104774,46842,9497,15,21
2021-06-14T23:59:59+02:00,72,61,12758,12726,26181,25312,29564,31255,48110,50475,63235,65566,49898,55360,35359,45824,10947,20801,4218,4290,10347,11454,11455,14536,14642,20614,17842,22071,28781,32520,25941,34403,10389,19698,404321,195563,65468,32162,104772,46535,8928,15,21
2021-06-13T23:59:59+02:00,71,60,12716,12681,26107,25280,29501,31228,48057,50450,63199,65542,49891,55357,35357,45820,10946,20798,4064,4213,10019,11326,11132,14425,14345,20502,17442,21728,27269,30880,25801,34208,10385,19687,404118,194824,65392,27492,104765,46326,8771,15,21
2021-06-12T23:59:59+02:00,71,59,12699,12665,26093,25270,29490,31216,47998,50380,63157,65506,49890,55354,35357,45820,10946,20798,4062,4203,10003,11312,11124,14411,14326,20485,17422,21719,27228,30835,25796,34202,10385,19687,403827,194641,65392,27490,104764,46285,8771,15,21
2021-06-11T23:59:59+02:00,69,56,12600,12535,25968,25156,29369,31092,47763,50154,63025,65386,49866,55328,35346,45809,10944,20796,3968,3933,9477,10118,10693,13503,14036,19928,17149,21241,26818,30414,25706,34120,10382,19685,402561,193599,65383,27486,104722,41492,8581,15,21
2021-06-10T23:59:59+02:00,61,49,12355,12323,25650,24875,29024,30825,46692,49137,62287,64817,49779,55232,35312,45757,10934,20783,3700,3569,8708,8868,9792,11857,12732,17175,15363,17640,25110,28496,25408,33818,10376,19661,397688,188104,65330,27047,104518,28767,8341,15,21
2021-06-09T23:59:59+02:00,48,37,12064,12000,25241,24468,28631,30429,44684,47315,61196,63878,49675,55109,35265,45703,10928,20765,3455,3449,8292,8615,9284,11537,12221,16785,14654,17043,21279,24185,25182,33517,10364,19635,389699,176551,65207,26703,104517,28231,7998,15,21
2021-06-08T23:59:59+02:00,42,26,11634,11466,24580,23846,27975,29765,41517,44469,59423,62245,49504,54917,35192,45612,10918,20743,3246,3312,7894,8357,8667,11165,11557,16363,13997,16397,15905,18239,24790,32991,10346,19607,377042,161365,65146,26370,104507,27928,7164,15,13
2021-06-07T23:59:59+02:00,37,19,11473,11277,24230,23572,27698,29558,38889,42540,58994,61883,49470,54886,35180,45591,10916,20737,3150,3244,7587,8181,8350,10989,10981,15912,13494,15919,15829,18161,24761,32941,10344,19600,371401,161049,64719,24543,104498,27527,6318,14,13
2021-06-06T23:59:59+02:00,34,18,11338,11171,23910,23343,27489,29385,37286,41354,58867,61804,49446,54858,35172,45577,10916,20735,3047,3194,7316,8093,8081,10822,10244,15231,12899,15300,15677,18050,24747,32918,10342,19600,370994,160935,61333,21384,104487,27361,5875,14,13
2021-06-05T23:59:59+02:00,34,17,11320,11154,23867,23308,27454,29359,37259,41340,58769,61719,49435,54852,35170,45575,10916,20732,3035,3183,7293,8061,8052,10806,10214,15217,12859,15276,15556,17886,24742,32910,10341,19599,370664,160511,61331,21383,104487,27346,5784,14,13
2021-06-04T23:59:59+02:00,34,15,11135,10894,23504,22844,27181,28962,36831,40889,58151,61178,49401,54811,35160,45557,10915,20726,3011,3166,7264,8045,8031,10788,10185,15192,12824,15242,15345,17680,24731,32889,10339,19598,368863,159928,59060,21369,104473,27249,5778,14,13
2021-06-03T23:59:59+02:00,32,14,10915,10678,23046,22451,26756,28626,35735,40062,55391,58827,49272,54653,35117,45493,10910,20711,2922,3085,7056,7890,7574,10491,9157,14561,11579,14543,14163,16213,24553,32672,10327,19579,364922,156577,54136,17645,104423,26942,5195,13,13
2021-06-02T23:59:59+02:00,32,14,10880,10645,23010,22417,26725,28601,35704,40021,55264,58669,49258,54630,35111,45486,10910,20710,2882,3056,7001,7872,7515,10458,9000,14521,11356,14480,12806,14730,24433,32498,10322,19572,364338,152753,54130,17634,104423,26926,5183,13,13
2021-06-01T23:59:59+02:00,19,7,10467,10303,22353,21908,26039,28018,34983,39445,52264,55523,48868,54222,34993,45323,10894,20684,2423,2697,5648,7186,6245,9882,7608,13851,10222,13515,8498,9170,23959,31819,10300,19517,353581,134563,53960,17266,104404,26350,4355,13,13
2021-05-31T23:59:59+02:00,18,6,10193,10072,21778,21511,25631,27765,34662,39242,50815,54127,48769,54097,34960,45282,10887,20676,2313,2573,5362,6941,5985,9661,7243,13610,9966,13355,8447,9108,23933,31772,10292,19504,348847,133793,53921,17145,104380,25791,3330,13,13
2021-05-30T23:59:59+02:00,17,6,10139,10024,21689,21473,25566,27731,34550,39171,50450,53786,48744,54071,34954,45276,10885,20673,2278,2543,5257,6863,5883,9594,7053,13522,9741,13259,8403,9061,23917,31765,10291,19499,347662,133200,53902,16972,104364,25487,3264,13,13
2021-05-29T23:59:59+02:00,16,6,10124,10012,21655,21455,25549,27719,34529,39158,50437,53768,48740,54067,34951,45275,10885,20673,2259,2489,5213,6737,5823,9462,6937,13325,9603,13038,8330,8971,23850,31698,10290,19498,347506,132923,53902,16920,104343,24419,3255,13,13
2021-05-28T23:59:59+02:00,16,6,10066,9944,21580,21347,25470,27600,34452,39058,50360,53669,48719,54049,34943,45266,10885,20669,2175,2222,4595,6195,5202,8737,6565,12358,9105,12040,8154,8774,23482,31217,10289,19495,346662,131429,53891,16822,104285,19100,3248,13,13
2021-05-27T23:59:59+02:00,15,6,9802,9696,21052,20968,24925,27242,33927,38679,49747,53061,48549,53857,34873,45191,10881,20650,1933,1954,4010,5674,4523,8133,6056,11590,8159,10715,7649,8116,21925,29067,10274,19473,342378,125779,53482,15687,104177,14706,3071,13,13
2021-05-26T23:59:59+02:00,15,6,9528,9449,20327,20400,24055,26569,32666,37650,48983,52357,48294,53568,34799,45077,10870,20626,1878,1882,3916,5547,4389,7970,5850,11329,7834,10331,7087,7391,19498,25640,10256,19430,337664,117309,50506,15433,104124,14545,2932,13,13
2021-05-25T23:59:59+02:00,14,6,9263,9214,19914,20043,23617,26178,32158,37135,48089,51380,47996,53251,34709,44934,10858,20596,1812,1834,3796,5448,4251,7825,5640,11106,7522,10011,6464,6553,15384,20272,10236,19372,332078,105142,50426,15388,104051,14200,2787,13,13
2021-05-24T23:59:59+02:00,13,6,9043,9057,19345,19754,22845,25791,30642,36117,47865,51207,47903,53150,34680,44904,10856,20595,1787,1818,3750,5414,4188,7783,5575,11047,7446,9955,6438,6529,15370,20263,10236,19372,330496,105024,46619,15375,103991,13909,2654,13,13
2021-05-23T23:59:59+02:00,13,6,8835,8850,18986,19461,22423,25443,30217,35796,47273,50695,47469,52695,34577,44758,10848,20586,1785,1817,3741,5409,4184,7779,5565,11039,7437,9946,6433,6518,15370,20261,10236,19372,325659,104968,46617,15373,103990,13890,2652,13,13
2021-05-22T23:59:59+02:00,13,6,8804,8813,18936,19418,22376,25411,30164,35766,47164,50625,47450,52673,34574,44749,10844,20586,1784,1814,3728,5396,4180,7773,5561,11033,7430,9942,6431,6516,15368,20261,10236,19372,325115,104936,46617,15373,103989,13869,2638,13,13
2021-05-21T23:59:59+02:00,12,6,8530,8458,18496,18902,22015,24770,29737,34956,46675,49960,47361,52551,34536,44706,10841,20581,1721,1772,3649,5357,4138,7739,5528,10988,7389,9893,6403,6490,15291,20164,10235,19371,319912,104625,46587,15372,103965,13506,2616,13,13
2021-05-20T23:59:59+02:00,12,6,7955,7908,17546,18106,21012,23852,28419,33756,44928,48137,46921,52091,34427,44550,10824,20562,1419,1610,3336,5068,3872,7349,5232,10506,7009,9441,6169,6235,13985,18628,10212,19332,308301,100886,46501,14891,103737,11157,2460,13,13
2021-05-19T23:59:59+02:00,12,6,7689,7593,16940,17499,20113,22979,27191,32497,43131,46048,46390,51536,34273,44327,10803,20532,1355,1527,3133,4854,3666,7098,5006,10153,6713,9109,5886,5900,11786,15785,10195,19273,297155,94668,46461,14419,103688,10103,2242,13,11
2021-05-18T23:59:59+02:00,11,6,7163,7048,15785,16473,18847,21730,25679,30869,40438,42815,45561,50589,34033,44022,10778,20490,1334,1501,3073,4783,3590,6979,4871,10020,6530,8898,5620,5624,10088,13618,10170,19218,281349,89541,45256,14369,103586,9865,2135,11,11
2021-05-17T23:59:59+02:00,11,6,7083,6987,15602,16363,18632,21561,25281,30541,38683,41177,45451,50510,33986,43956,10769,20466,1301,1478,3017,4738,3526,6920,4803,9917,6434,8797,5579,5584,10074,13601,10167,19210,281132,89474,40484,14087,103542,9682,1896,11,11
2021-05-16T23:59:59+02:00,10,5,6968,6935,15482,16275,18503,21454,25098,30426,35699,38406,45415,50475,33964,43932,10766,20461,1277,1460,2973,4696,3478,6863,4717,9849,6338,8716,5549,5547,10062,13585,10165,19207,280853,89426,34330,13818,103421,9572,1659,11,11
2021-05-15T23:59:59+02:00,10,5,6944,6904,15421,16217,18457,21414,25031,30383,35663,38365,45392,50448,33957,43927,10766,20461,1265,1434,2941,4623,3459,6794,4698,9768,6316,8666,5543,5542,10057,13584,10165,19207,280371,89371,34330,13814,103407,9224,1646,11,11
2021-05-14T23:59:59+02:00,10,5,6767,6534,15076,15717,18145,20996,24696,29921,35417,38013,45363,50417,33947,43922,10766,20459,1208,1373,2863,4519,3412,6691,4634,9617,6234,8537,5513,5498,10044,13575,10165,19206,279314,89286,34182,13795,101084,8421,1580,11,11
2021-05-13T23:59:59+02:00,10,5,6416,6218,14320,15133,17439,20364,23837,29179,34648,37343,45075,50074,33868,43796,10762,20448,1030,1289,2667,4410,3293,6570,4493,9448,6112,8394,5470,5460,10029,13559,10161,19201,272905,89138,33858,13714,100869,7435,1292,11,11
2021-05-12T23:59:59+02:00,10,5,6014,5945,13340,14456,16418,19562,23171,28742,34342,37060,44891,49879,33837,43765,10759,20445,1027,1287,2660,4404,3274,6566,4488,9438,6104,8389,5464,5454,10027,13554,10160,19200,266637,89077,33849,13704,100865,7430,1279,11,10
2021-05-11T23:59:59+02:00,10,5,5639,5721,12752,14009,14611,18120,20216,26214,32027,34732,43837,48619,33513,43293,10730,20396,965,1213,2543,4232,3168,6332,4369,9150,5988,8163,5393,5376,9985,13494,10152,19184,249336,88604,33572,13488,100426,6509,1099,11,10
2021-05-10T23:59:59+02:00,10,5,5490,5624,12480,13883,14261,17897,19414,25643,30649,33711,43305,48006,33456,43205,10722,20376,922,1154,2444,4070,3074,6130,4244,8886,5866,7966,5356,5345,9973,13478,10148,19175,243858,88496,33361,13427,100121,5515,786,11,10
2021-05-09T23:59:59+02:00,10,5,5084,5383,11285,13350,13259,17534,18389,25313,30104,33420,43249,47934,33431,43190,10719,20369,898,1124,2344,3965,2984,5991,4112,8711,5772,7861,5348,5331,9966,13474,10143,19172,238520,88451,33289,13385,99780,4926,428,11,9
2021-05-08T23:59:59+02:00,10,5,5073,5374,11263,13331,13233,17515,18359,25280,30064,33377,43241,47923,33430,43186,10719,20369,894,1118,2331,3957,2978,5991,4108,8705,5769,7858,5345,5328,9963,13469,10143,19172,238251,88423,33288,13385,99779,4892,423,11,9
2021-05-07T23:59:59+02:00,10,5,4972,5291,11035,13163,12941,17298,17750,24679,29116,32481,43050,47683,33374,43114,10715,20363,867,1087,2295,3902,2932,5945,4053,8651,5686,7805,5298,5281,9951,13459,10143,19171,235756,88287,31394,13382,99671,4643,208,11,9
2021-05-06T23:59:59+02:00,10,5,4557,5011,10366,12745,12181,16632,16144,23233,26566,30088,42346,46934,33208,42878,10699,20340,811,1032,2157,3652,2763,5636,3859,8178,5490,7482,5247,5228,9928,13431,10141,19163,226989,88105,28043,13068,98852,2971,48,11,9
2021-05-05T23:59:59+02:00,10,5,4244,4783,9771,12299,11460,16050,15043,22205,23713,27326,41367,45828,32926,42490,10681,20299,797,1010,2095,3526,2706,5480,3765,7967,5394,7346,5198,5173,9891,13392,10139,19160,213961,87843,27860,12930,98628,2220,40,11,9
2021-05-04T23:59:59+02:00,10,5,3894,4323,9099,11600,10687,15209,13739,20950,20102,23911,40019,44367,32554,41970,10658,20261,779,980,2028,3409,2636,5344,3673,7815,5298,7223,5160,5126,9861,13363,10137,19157,196868,87625,27842,12630,98603,1694,34,11,9
2021-05-03T23:59:59+02:00,10,4,3652,3900,8688,11105,10209,14582,13204,20295,19379,23264,39754,44115,32475,41867,10655,20246,765,951,1961,3302,2579,5236,3613,7700,5248,7136,5146,5115,9846,13346,10134,19152,191001,87485,27830,12622,98540,1095,22,11,9
2021-05-02T23:59:59+02:00,10,4,3649,3898,8670,11098,10200,14574,13183,20283,19361,23255,39753,44114,32474,41866,10654,20246,761,934,1931,3221,2533,5139,3566,7575,5228,7070,5142,5112,9845,13342,10134,19150,190913,87467,27817,12591,98533,601,18,11,9
2021-05-01T23:59:59+02:00,10,4,3647,3891,8657,11085,10192,14565,13176,20281,19350,23246,39753,44112,32474,41866,10654,20246,760,934,1930,3221,2533,5139,3566,7575,5228,7070,5142,5112,9845,13342,10133,19150,190833,87466,27815,12590,98533,601,17,11,9
2021-04-30T23:59:59+02:00,10,3,3624,3868,8611,11049,10149,14526,13115,20242,19247,23095,39484,43789,32453,41846,10653,20246,757,930,1917,3212,2532,5130,3563,7568,5226,7063,5139,5109,9841,13341,10133,19150,189908,87440,27546,12587,98528,561,17,11,9
2021-04-29T23:59:59+02:00,10,3,3358,3695,8177,10775,9599,14241,12622,19878,18509,22367,36425,40335,32193,41479,10642,20211,744,916,1869,3151,2483,5064,3497,7426,5134,6964,5101,5075,9819,13298,10131,19144,184362,87236,21708,12431,98422,127,16,11,9
2021-04-28T23:59:59+02:00,10,3,3196,3628,7913,10665,9202,14066,12245,19641,18021,21933,32633,36017,31976,41178,10629,20189,727,901,1843,3112,2438,5015,3460,7368,5068,6901,5039,5014,9767,13240,10128,19135,173192,87027,21555,11994,98376,118,11,11,9
2021-04-27T23:59:59+02:00,9,3,3115,3562,7653,10533,8849,13893,11760,19416,17543,21444,27070,29823,31599,40670,10608,20157,717,887,1811,3075,2403,4969,3405,7309,5013,6824,4988,4944,9732,13189,10125,19126,157844,86818,21533,11568,98308,115,11,11,8
2021-04-26T23:59:59+02:00,9,3,3062,3528,7511,10468,8683,13834,11529,19348,17018,21057,27036,29789,31585,40655,10608,20157,694,856,1743,3015,2336,4912,3339,7220,4917,6720,4889,4869,9652,13105,10123,19123,157267,86688,21315,10694,97276,115,11,11,8
2021-04-25T23:59:59+02:00,9,3,3024,3511,7349,10416,8445,13784,11197,19304,16188,20585,25479,28128,31530,40592,10608,20154,694,854,1737,3010,2329,4909,3333,7212,4913,6711,4886,4864,9644,13094,10123,19123,156779,86664,21305,10657,92200,99,11,11,8
2021-04-24T23:59:59+02:00,9,3,3020,3505,7333,10403,8434,13776,11183,19295,16171,20567,25436,28065,31527,40586,10607,20153,694,854,1737,3009,2329,4909,3332,7212,4913,6711,4886,4863,9642,13093,10123,19123,156577,86658,21301,10657,92173,99,11,11,8
2021-04-23T23:59:59+02:00,9,3,3002,3487,7291,10360,8389,13731,11116,19235,16111,20503,25013,27561,31494,40530,10604,20150,685,846,1719,3000,2313,4880,3279,7174,4814,6616,4749,4740,9475,12895,10117,19108,155388,86368,21161,9928,92018,99,11,11,7
2021-04-22T23:59:59+02:00,8,3,2923,3405,7099,10176,7847,13323,9905,18441,14557,19459,22998,25129,31282,40261,10585,20121,620,795,1604,2888,2188,4716,3117,7003,4630,6416,4594,4566,8965,12240,10081,19029,150588,84456,15857,8901,91055,80,11,11,7
2021-04-21T23:59:59+02:00,8,3,2870,3357,6975,10086,7636,13168,9538,18199,14087,19012,20482,21986,30984,39874,10568,20095,571,771,1524,2809,2101,4625,2991,6860,4467,6252,4408,4385,8396,11481,10038,18940,143569,82667,15093,7865,90245,72,11,10,7
2021-04-20T23:59:59+02:00,8,3,2830,3318,6868,9997,7498,13059,9285,17981,13596,18618,17093,17921,30671,39398,10551,20059,541,737,1451,2745,2014,4546,2892,6741,4332,6091,4222,4191,7534,10270,9970,18789,134710,79754,14848,7232,89175,67,11,10,5
2021-04-19T23:59:59+02:00,8,3,2816,3310,6821,9956,7446,13024,9209,17907,13459,18502,16760,17540,30636,39359,10549,20054,481,697,1331,2650,1915,4448,2759,6583,4135,5899,3968,3887,5706,7852,9755,18393,134389,73936,14652,6446,88297,64,11,10,5
2021-04-18T23:59:59+02:00,8,3,2800,3296,6744,9930,7341,12975,9011,17840,12623,18373,15349,16134,30568,39297,10546,20047,475,691,1321,2642,1900,4437,2726,6553,4074,5850,3892,3815,5296,7228,9710,18310,134175,72447,14509,6400,84180,60,11,10,5
2021-04-17T23:59:59+02:00,8,3,2790,3292,6727,9908,7311,12954,8979,17801,12591,18353,15296,16084,30514,39225,10545,20047,475,689,1321,2641,1899,4433,2722,6548,4071,5846,3891,3813,5291,7227,9709,18309,133821,72412,14508,6400,84078,60,11,10,5
2021-04-16T23:59:59+02:00,8,3,2777,3278,6693,9893,7260,12915,8904,17749,12483,18250,15051,15807,29996,38576,10542,20040,475,687,1315,2636,1890,4431,2716,6542,4063,5838,3886,3807,5274,7197,9709,18307,132298,72314,14501,6389,83405,57,11,10,5
2021-04-15T23:59:59+02:00,8,3,2724,3220,6560,9792,7071,12737,8561,17476,12009,17785,13995,14589,27881,35769,10526,20017,466,681,1310,2610,1875,4408,2693,6514,4020,5785,3831,3731,5243,7146,9701,18295,126382,71998,14225,6253,80096,46,10,10,5
2021-04-14T23:59:59+02:00,7,1,2668,3170,6466,9697,6927,12576,8289,17209,11579,17322,12815,13206,23170,29686,10506,19963,462,675,1296,2600,1863,4391,2671,6489,3977,5748,3784,3680,5182,7092,9673,18259,113998,71705,14192,6101,77048,24,10,9,5
2021-04-13T23:59:59+02:00,7,1,2616,3136,6338,9611,6776,12443,8010,16960,11155,16901,10151,10281,20095,25523,10484,19920,446,650,1248,2557,1810,4325,2560,6387,3797,5586,3571,3495,5035,6954,9664,18237,105585,71356,13998,4934,70806,20,10,9,5
2021-04-12T23:59:59+02:00,7,1,2595,3122,6278,9582,6668,12356,7818,16832,10908,16694,8785,8786,19273,24551,10483,19911,440,641,1228,2542,1794,4302,2526,6345,3744,5534,3510,3447,5000,6913,9659,18215,105464,71215,13943,4597,65224,16,10,9,5
2021-04-11T23:59:59+02:00,7,1,2567,3114,6182,9555,6553,12319,7652,16782,10708,16588,7511,7507,17546,22572,10481,19908,440,641,1227,2540,1794,4301,2526,6345,3742,5529,3506,3446,4994,6911,9659,18215,105394,71205,13937,4587,58203,12,10,9,5
2021-04-10T23:59:59+02:00,7,1,2566,3112,6172,9550,6544,12314,7647,16777,10701,16579,7503,7494,17537,22566,10481,19908,439,638,1225,2537,1793,4299,2524,6340,3739,5528,3497,3432,4986,6897,9659,18215,105312,71145,13936,4580,58193,12,9,9,5
2021-04-09T23:59:59+02:00,7,1,2504,3014,6037,9340,6387,12052,7387,16369,10389,16080,7346,7289,17421,22386,10480,19906,434,633,1207,2525,1766,4284,2493,6291,3660,5449,3384,3322,4847,6808,9654,18212,104843,71063,13907,3885,55627,10,9,9,5
2021-04-08T23:59:59+02:00,7,1,2425,2942,5941,9221,6284,11923,7216,16183,10132,15892,7152,7030,16162,20926,10469,19876,427,628,1195,2493,1741,4248,2466,6218,3608,5383,3309,3275,4767,6703,9632,18167,101192,70621,13553,3619,55019,9,9,9,5
2021-04-07T23:59:59+02:00,7,1,2398,2906,5868,9150,6196,11848,7083,16083,9890,15741,6855,6701,13845,17976,10448,19829,422,627,1185,2480,1728,4224,2452,6178,3541,5324,3238,3223,4712,6644,9625,18139,95033,70347,13392,3376,54382,8,9,9,5
2021-04-06T23:59:59+02:00,7,1,2381,2873,5771,9084,6105,11768,6930,15970,9650,15557,6498,6337,11746,15373,10421,19769,419,620,1178,2453,1716,4201,2426,6140,3477,5259,3154,3173,4667,6590,9620,18123,90001,70104,13091,3095,53133,8,7,9,5
2021-04-05T23:59:59+02:00,7,1,2373,2864,5753,9067,6093,11749,6917,15951,9630,15532,6374,6239,10465,14080,10421,19768,415,612,1174,2438,1710,4185,2410,6109,3444,5218,3124,3136,4646,6544,9614,18107,89921,69913,13055,2958,50293,7,6,9,5
2021-04-04T23:59:59+02:00,7,1,2373,2864,5750,9064,6091,11749,6915,15951,9628,15531,6369,6235,10465,14078,10421,19768,415,611,1174,2437,1710,4185,2409,6109,3444,5218,3124,3136,4644,6544,9614,18107,89912,69909,13053,2957,50280,7,6,9,5
2021-04-03T23:59:59+02:00,7,1,2371,2856,5742,9057,6086,11745,6912,15947,9625,15529,6366,6230,10458,14075,10421,19768,415,611,1174,2437,1710,4185,2409,6109,3444,5217,3124,3136,4644,6544,9614,18107,89855,69908,13052,2957,50274,7,6,9,5
2021-04-02T23:59:59+02:00,7,1,2369,2854,5736,9050,6084,11742,6908,15946,9621,15527,6362,6224,10444,14046,10420,19767,413,609,1173,2437,1709,4184,2408,6109,3443,5210,3098,3119,4634,6535,9614,18107,89772,69831,13049,2956,50273,7,6,8,5
2021-04-01T23:59:59+02:00,7,1,2348,2851,5705,9021,6041,11700,6865,15891,9566,15471,6269,6127,10149,13699,10397,19719,411,593,1170,2431,1702,4173,2392,6092,3416,5189,3034,3070,4574,6463,9539,17994,88785,69276,13028,2953,50001,7,5,8,5
2021-03-31T23:59:59+02:00,7,1,2314,2824,5629,8955,5973,11607,6760,15778,9432,15336,6124,5984,9599,12961,10355,19629,406,587,1164,2420,1695,4157,2385,6079,3396,5155,3002,3037,4527,6404,9483,17893,86808,68827,12814,2951,49634,7,4,8,4
2021-03-30T23:59:59+02:00,7,1,2294,2808,5582,8897,5910,11532,6689,15679,9334,15192,5938,5770,8693,11623,10280,19448,404,585,1161,2416,1682,4140,2367,6056,3362,5111,2945,2969,4440,6305,9352,17654,83738,68125,12432,2813,49497,7,4,6,3
2021-03-29T23:59:59+02:00,6,1,2227,2754,5479,8786,5802,11381,6520,15447,9101,14937,5579,5393,6753,9089,10060,19027,397,581,1150,2405,1669,4128,2342,6029,3332,5054,2875,2904,4322,6201,9148,17322,77645,67171,11619,2677,49069,7,4,5,3
2021-03-28T23:59:59+02:00,6,1,2205,2741,5435,8727,5726,11303,6432,15361,8983,14818,5455,5240,6112,8160,9994,18911,388,575,1135,2388,1644,4101,2295,5967,3276,4962,2789,2825,4206,6056,9076,17185,75349,66711,11361,2149,48891,4,4,5,3
2021-03-27T23:59:59+01:00,6,1,2205,2735,5424,8721,5722,11288,6417,15339,8972,14805,5427,5213,6102,8157,9994,18910,388,575,1133,2387,1643,4096,2291,5964,3267,4955,2784,2822,4190,6031,8996,17038,75242,66404,11361,2148,48826,4,4,5,3
2021-03-26T23:59:59+01:00,6,1,2189,2715,5387,8683,5683,11239,6338,15269,8823,14656,5264,5064,5933,7976,9992,18902,384,567,1127,2374,1627,4068,2263,5928,3233,4901,2723,2759,4006,5775,8291,15863,74895,63771,10530,2110,48686,4,4,5,3
2021-03-25T23:59:59+01:00,6,0,2072,2634,5211,8468,5480,10962,6130,14969,8583,14367,5104,4910,5837,7857,9989,18894,375,553,1106,2348,1603,4039,2217,5870,3160,4823,2625,2657,3632,5280,7161,14125,74439,59677,9582,1890,47444,4,3,5,3
2021-03-24T23:59:59+01:00,6,0,1985,2586,5063,8308,5319,10769,5966,14731,8378,14135,4964,4751,5723,7741,9983,18884,371,542,1093,2320,1570,3983,2158,5805,3072,4722,2491,2542,3206,4662,5761,11904,74063,54651,8420,1544,46801,4,3,5,3
2021-03-23T23:59:59+01:00,6,0,1908,2533,4952,8185,5220,10627,5845,14538,8262,13967,4882,4665,5657,7682,9975,18865,360,517,1074,2285,1536,3925,2114,5715,2990,4631,2402,2448,2756,4030,3864,8693,73667,47938,7673,1396,46421,3,3,5,3
2021-03-22T23:59:59+01:00,6,0,1843,2474,4817,8049,5087,10452,5685,14305,8070,13752,4778,4551,5588,7573,9959,18820,333,500,1045,2247,1491,3852,2048,5605,2888,4480,2287,2295,2236,3348,1344,4571,73165,39403,6635,1162,46001,1,3,5,3
2021-03-21T23:59:59+01:00,6,0,1841,2468,4805,8034,5072,10442,5669,14288,8040,13728,4755,4536,5572,7561,9955,18820,332,500,1039,2233,1482,3823,2030,5567,2862,4430,2246,2247,2194,3307,1327,4526,73142,39263,6585,878,45858,1,2,5,3
2021-03-20T23:59:59+01:00,6,0,1841,2468,4804,8033,5071,10440,5668,14287,8033,13722,4754,4535,5564,7553,9955,18820,332,500,1039,2233,1482,3823,2030,5567,2861,4429,2245,2244,2194,3307,1327,4526,73131,39261,6585,874,45831,1,2,5,3
2021-03-19T23:59:59+01:00,6,0,1788,2220,4287,6737,4662,9456,5398,13729,7808,13320,4627,4437,5494,7487,9955,18820,331,500,1039,2233,1482,3822,2030,5566,2860,4429,2243,2243,2189,3301,1326,4524,73073,39246,6575,868,40576,1,2,5,3
2021-03-18T23:59:59+01:00,6,0,1733,1965,3868,5671,4131,8072,4577,11187,6450,9984,4261,4137,5292,7266,9934,18780,330,497,1032,2220,1475,3797,2002,5526,2835,4405,2221,2228,2164,3272,1321,4515,72642,39051,6513,785,28152,1,2,5,3
2021-03-17T23:59:59+01:00,6,0,1727,1956,3858,5645,4114,8042,4553,11123,6400,9912,4223,4090,5253,7222,9928,18757,327,496,1028,2212,1469,3788,1995,5511,2825,4379,2194,2201,2144,3257,1314,4501,72386,38900,6453,736,27963,1,2,5,3
2021-03-16T23:59:59+01:00,6,0,1705,1922,3799,5564,4043,7931,4424,10959,6195,9712,3999,3901,5113,7064,9922,18736,325,492,1027,2193,1464,3775,1986,5497,2816,4360,2186,2187,2132,3228,1306,4472,72071,38734,5175,707,27742,1,2,5,3
2021-03-15T23:59:59+01:00,6,0,1695,1902,3774,5530,4018,7894,4373,10889,6114,9627,3916,3834,5060,7004,9916,18711,322,488,1018,2176,1456,3769,1970,5461,2798,4332,2171,2155,2107,3166,1298,4434,71847,38515,4813,603,27598,1,0,5,3
2021-03-14T23:59:59+01:00,6,0,1689,1892,3766,5520,4013,7878,4364,10858,6106,9605,3909,3825,5055,6996,9915,18709,322,488,1016,2176,1451,3766,1967,5459,2780,4326,2165,2153,2097,3156,1294,4432,71815,38507,4797,538,27489,1,0,5,3
2021-03-13T23:59:59+01:00,6,0,1686,1887,3753,5497,4006,7869,4344,10847,6092,9589,3906,3822,5052,6993,9915,18709,322,488,1016,2176,1451,3766,1967,5458,2780,4325,2164,2152,2097,3154,1286,4427,71791,38488,4792,538,27385,1,0,5,3
2021-03-12T23:59:59+01:00,5,0,1647,1830,3238,5350,3490,7755,4209,10722,5866,9300,3739,3676,4911,6885,9890,18662,317,466,1012,2146,1443,3742,1947,5387,2726,4240,1985,1997,2037,3104,1279,4421,71578,37717,4072,530,25520,0,0,5,3
2021-03-11T23:59:59+01:00,5,0,1538,1694,2851,5088,3053,7499,3928,10308,5236,8405,3515,3500,4805,6768,9852,18612,316,465,1009,2133,1440,3722,1940,5368,2717,4223,1978,1989,2023,3087,1274,4403,71014,37595,3810,490,21828,0,0,5,3
2021-03-10T23:59:59+01:00,5,0,1508,1662,2812,5043,3016,7439,3871,10221,5128,8288,3389,3396,4690,6654,9809,18545,314,464,1007,2130,1438,3711,1936,5355,2705,4203,1960,1981,1998,3055,1263,4389,70603,37512,3480,395,21388,0,0,5,3
2021-03-09T23:59:59+01:00,5,0,1499,1646,2779,5018,2995,7395,3833,10161,5050,8208,3292,3313,4610,6565,9703,18335,311,463,1003,2124,1431,3698,1910,5333,2663,4173,1919,1956,1947,3027,1251,4380,70012,37482,3213,105,21177,0,0,5,3
2021-03-08T23:59:59+01:00,5,0,1484,1632,2750,4990,2969,7365,3810,10113,5026,8145,3251,3273,4535,6501,9529,18036,311,463,1001,2120,1423,3682,1893,5300,2644,4145,1900,1937,1922,3004,1245,4361,69221,37334,3204,15,20984,0,0,5,3
2021-03-07T23:59:59+01:00,5,0,1471,1622,2720,4945,2935,7317,3777,10051,4983,8084,3215,3240,4469,6401,9452,17892,311,462,1000,2119,1422,3677,1890,5290,2643,4140,1896,1934,1918,2999,1242,4353,68682,37281,3150,13,20742,0,0,5,3
2021-03-06T23:59:59+01:00,5,0,1470,1620,2714,4934,2932,7308,3769,10044,4965,8068,3205,3230,4446,6361,9363,17723,311,462,998,2116,1422,3675,1884,5281,2641,4138,1891,1926,1912,2997,1241,4350,68290,37231,3150,13,20712,0,0,5,2
2021-03-05T23:59:59+01:00,5,0,1397,1541,2616,4772,2875,7150,3684,9837,4864,7872,3155,3171,4229,6075,8658,16536,311,462,996,2114,1417,3670,1882,5280,2637,4131,1882,1922,1907,2994,1236,4347,65647,37174,3147,13,19638,0,0,5,2
2021-03-04T23:59:59+01:00,5,0,1224,1437,2446,4572,2703,6880,3516,9491,4606,7529,3039,3047,3868,5617,7496,14720,310,454,987,2090,1401,3630,1854,5227,2609,4083,1854,1897,1874,2939,1209,4301,61448,36705,3144,13,17599,0,0,5,2
2021-03-03T23:59:59+01:00,5,0,1191,1384,2367,4464,2643,6756,3429,9326,4509,7385,2952,2977,3493,5017,6112,12536,306,445,975,2067,1389,3602,1840,5177,2555,4029,1805,1862,1849,2909,1194,4273,56400,36263,3118,13,17024,0,0,4,2
2021-03-02T23:59:59+01:00,5,0,1157,1347,2307,4406,2591,6665,3347,9203,4372,7235,2838,2851,3010,4352,4112,9184,301,436,970,2040,1376,3558,1825,5122,2523,4003,1795,1847,1830,2883,1183,4246,49366,35924,2870,13,16743,0,0,3,2
2021-03-01T23:59:59+01:00,5,0,1096,1317,2245,4343,2517,6577,3253,9076,4230,7046,2706,2714,2440,3611,1399,4736,300,433,963,2028,1365,3539,1817,5107,2511,3987,1779,1837,1813,2864,1171,4218,40319,35718,2481,13,16508,0,0,3,2
2021-02-28T23:59:59+01:00,5,0,1062,1303,2203,4306,2487,6534,3205,9018,4168,6987,2639,2668,2391,3580,1391,4716,300,432,960,2022,1363,3526,1814,5093,2505,3979,1772,1826,1800,2853,1164,4203,40223,35598,2187,13,16250,0,0,3,2
2021-02-27T23:59:59+01:00,5,0,1020,1220,2138,4062,2429,6300,3141,8720,4076,6731,2584,2611,2371,3556,1388,4716,300,432,959,2022,1363,3526,1814,5092,2504,3979,1772,1825,1798,2853,1164,4203,40117,35592,2186,13,14762,0,0,3,2
2021-02-26T23:59:59+01:00,4,0,853,966,1936,3669,2266,5630,2924,7796,3765,5936,2535,2558,2353,3542,1385,4714,300,432,959,2019,1361,3524,1812,5091,2502,3978,1772,1822,1791,2852,1162,4196,40102,35559,2099,13,10628,0,0,3,2
2021-02-25T23:59:59+01:00,4,0,509,809,1656,3470,2083,5325,2727,7397,3538,5633,2453,2481,2313,3481,1381,4700,290,411,934,1969,1331,3455,1782,5010,2473,3914,1747,1795,1753,2808,1135,4156,39905,34950,1842,12,8210,0,0,3,2
2021-02-24T23:59:59+01:00,3,0,489,791,1620,3373,2021,5195,2667,7214,3472,5491,2387,2434,2278,3452,1372,4667,281,407,919,1935,1316,3401,1769,4949,2449,3869,1736,1777,1744,2789,1123,4129,39717,34589,1673,3,7533,0,0,3,2
2021-02-23T23:59:59+01:00,3,0,470,754,1559,3270,1966,5055,2589,7083,3386,5386,2327,2375,2243,3395,1357,4636,279,403,914,1920,1309,3371,1760,4918,2428,3837,1716,1757,1724,2754,1108,4076,39571,34270,1402,3,6878,0,0,3,2
2021-02-22T23:59:59+01:00,2,0,454,723,1504,3169,1927,4916,2530,6865,3325,5242,2319,2279,2228,3316,1353,4591,278,400,911,1909,1301,3344,1743,4882,2414,3807,1697,1738,1697,2726,1093,4031,39360,33969,1139,1,6241,0,0,3,2
2021-02-21T23:59:59+01:00,2,0,446,685,1446,3027,1879,4766,2477,6706,3242,5138,2283,2246,2201,3296,1343,4586,278,399,908,1901,1300,3335,1739,4872,2410,3798,1695,1735,1696,2724,1093,4030,39318,33911,906,1,5542,0,0,3,2
2021-02-20T23:59:59+01:00,2,0,442,680,1438,3023,1873,4766,2474,6703,3238,5134,2280,2245,2201,3295,1342,4586,278,399,908,1900,1300,3334,1739,4872,2409,3797,1694,1734,1693,2724,1092,4028,39314,33899,902,1,5503,0,0,3,2
2021-02-19T23:59:59+01:00,1,0,421,643,1409,2961,1845,4710,2432,6603,3151,5015,2100,2082,2138,3245,1337,4580,276,398,906,1898,1299,3333,1739,4867,2406,3796,1692,1732,1691,2723,1092,4027,38556,33874,883,1,5231,0,0,3,1
2021-02-18T23:59:59+01:00,1,0,396,587,1304,2718,1741,4466,2294,6341,3049,4833,2071,2066,2122,3228,1332,4572,276,392,898,1865,1290,3294,1721,4819,2387,3760,1680,1721,1674,2711,1080,4009,38482,33576,810,1,3826,0,0,3,1
2021-02-17T23:59:59+01:00,1,0,380,556,1265,2588,1684,4291,2224,6098,2990,4684,2052,2047,2099,3208,1317,4563,267,375,863,1780,1247,3165,1660,4660,2313,3624,1603,1652,1600,2600,1029,3892,38326,32329,759,1,2959,0,0,3,1
2021-02-16T23:59:59+01:00,1,0,362,526,1210,2468,1634,4155,2145,5913,2909,4547,2043,2043,2091,3201,1312,4552,259,358,842,1699,1192,3029,1599,4456,2241,3447,1553,1598,1539,2500,1002,3764,38266,31077,729,1,2114,0,0,3,1
2021-02-15T23:59:59+01:00,1,0,352,504,1137,2324,1589,4082,2113,5860,2881,4506,2024,2026,2069,3171,1305,4532,252,339,819,1654,1160,2953,1543,4320,2170,3327,1477,1534,1485,2392,960,3587,38159,29971,619,1,1695,0,0,3,1
2021-02-14T23:59:59+01:00,1,0,344,499,1113,2268,1526,3918,2071,5767,2850,4467,2018,2024,2058,3162,1303,4525,245,334,801,1627,1144,2914,1501,4268,2132,3297,1461,1513,1461,2356,945,3545,38140,29543,554,1,1217,0,0,3,1
2021-02-13T23:59:59+01:00,1,0,344,499,1112,2268,1526,3917,2069,5766,2850,4467,2017,2022,2057,3162,1302,4522,245,334,801,1627,1144,2914,1500,4266,2132,3297,1459,1510,1460,2355,945,3544,38129,29532,554,1,1216,0,0,2,1
2021-02-12T23:59:59+01:00,1,0,340,496,1095,2259,1521,3903,2064,5757,2847,4461,2003,2012,2051,3148,1297,4519,244,333,795,1622,1138,2905,1483,4247,2113,3284,1446,1494,1445,2324,938,3511,38061,29321,546,1,1165,0,0,2,1
2021-02-11T23:59:59+01:00,1,0,320,472,1030,2161,1467,3776,1970,5493,2761,4340,1973,1979,2011,3083,1272,4463,224,306,746,1517,1058,2679,1359,3890,1929,2977,1259,1287,1277,2048,832,3161,37670,26548,509,1,391,0,0,2,1
2021-02-10T23:59:59+01:00,1,0,314,463,1008,2120,1429,3697,1916,5330,2666,4158,1904,1929,1968,3044,1254,4436,199,260,653,1327,931,2296,1171,3286,1690,2561,1099,1113,1131,1803,723,2817,37260,23059,374,1,1,0,0,2,1
2021-02-09T23:59:59+01:00,1,0,308,453,1000,2088,1413,3645,1872,5263,2599,4102,1847,1891,1900,2991,1233,4415,165,200,554,1067,783,1852,966,2676,1426,2149,953,953,943,1524,607,2403,36957,19221,61,0,1,0,0,2,1
2021-02-08T23:59:59+01:00,1,0,307,451,997,2081,1403,3628,1864,5240,2580,4086,1833,1879,1882,2973,1226,4390,114,165,454,854,620,1435,767,2026,1150,1663,767,777,751,1205,484,1954,36801,15186,17,0,1,0,0,2,1
2021-02-07T23:59:59+01:00,1,0,307,451,996,2079,1402,3623,1861,5237,2573,4083,1827,1870,1866,2966,1222,4383,105,146,404,708,546,1260,688,1811,1054,1516,694,697,675,1084,419,1737,36731,13544,14,0,0,0,0,2,1
2021-02-06T23:59:59+01:00,1,0,307,451,995,2078,1402,3620,1861,5235,2573,4080,1827,1869,1861,2964,1219,4381,105,145,399,705,541,1236,672,1792,1043,1494,691,693,670,1080,418,1733,36708,13418,14,0,0,0,0,2,0
2021-02-05T23:59:59+01:00,1,0,307,450,993,2075,1398,3611,1857,5221,2567,4074,1826,1868,1853,2956,1210,4368,101,138,384,687,524,1207,640,1740,995,1431,654,643,625,1006,392,1645,36619,12813,14,0,0,0,0,2,0
2021-02-04T23:59:59+01:00,1,0,300,433,982,2043,1379,3558,1838,5144,2552,4026,1810,1848,1828,2921,1193,4337,76,107,285,465,363,814,456,1177,683,972,506,469,483,795,306,1313,36177,9271,14,0,0,0,0,2,0
2021-02-03T23:59:59+01:00,1,0,296,424,964,2016,1362,3520,1825,5095,2518,3982,1790,1825,1812,2897,1180,4323,60,83,239,398,293,635,349,919,523,725,340,325,347,568,219,960,35814,6984,14,0,0,0,0,2,0
2021-02-02T23:59:59+01:00,1,0,291,417,958,1988,1353,3488,1814,5049,2495,3947,1771,1809,1786,2856,1159,4276,39,64,184,315,246,486,266,736,378,557,236,208,221,377,151,628,35442,5092,14,0,0,0,0,2,0
2021-02-01T23:59:59+01:00,1,0,290,414,953,1981,1350,3472,1806,5029,2487,3928,1764,1798,1771,2841,1153,4263,19,39,137,230,171,311,169,490,237,322,119,105,96,184,69,278,35285,2976,14,0,0,0,0,2,0
2021-01-31T23:59:59+01:00,1,0,289,413,951,1974,1347,3463,1803,5010,2483,3913,1760,1790,1767,2834,1151,4254,18,34,119,199,151,268,152,410,200,277,100,91,88,157,61,243,35187,2568,14,0,0,0,0,2,0
2021-01-30T23:59:59+01:00,1,0,289,413,951,1974,1347,3463,1803,5010,2483,3913,1759,1790,1767,2833,1151,4253,18,34,118,199,151,266,149,407,199,276,99,90,88,157,61,243,35184,2555,14,0,0,0,0,2,0
2021-01-29T23:59:59+01:00,1,0,287,409,949,1972,1346,3455,1797,5001,2480,3910,1752,1782,1758,2823,1144,4232,16,33,117,190,142,258,137,379,168,249,72,66,79,136,56,211,35083,2309,14,0,0,0,0,1,0
2021-01-28T23:59:59+01:00,1,0,283,401,929,1917,1322,3391,1772,4939,2452,3848,1730,1762,1727,2792,1125,4197,0,0,9,19,8,18,11,46,7,22,7,3,7,9,2,13,34574,181,13,0,0,0,0,1,0
2021-01-27T23:59:59+01:00,1,0,278,383,896,1837,1287,3277,1710,4816,2392,3748,1674,1714,1683,2726,1088,4115,0,0,4,6,5,11,7,20,3,12,6,3,7,9,2,12,33615,107,9,0,0,0,0,1,0
2021-01-26T23:59:59+01:00,1,0,272,374,886,1824,1272,3239,1693,4759,2360,3682,1643,1682,1646,2655,1071,4033,0,0,4,6,5,11,7,20,3,12,6,3,7,9,2,12,33085,107,6,0,0,0,0,1,0
2021-01-25T23:59:59+01:00,1,0,261,350,844,1705,1202,3075,1602,4486,2255,3474,1585,1628,1594,2571,1025,3865,0,0,1,3,1,3,4,3,3,5,6,3,6,8,2,12,31520,60,2,0,0,0,0,1,0
2021-01-24T23:59:59+01:00,1,0,258,347,833,1686,1192,3053,1571,4453,2229,3453,1574,1620,1584,2560,1020,3858,0,0,1,2,1,3,4,3,3,5,6,3,6,8,2,12,31289,59,2,0,0,0,0,1,0
2021-01-23T23:59:59+01:00,1,0,258,347,833,1686,1191,3052,1571,4449,2228,3452,1573,1620,1583,2559,1019,3853,0,0,1,2,1,3,4,3,3,5,6,3,6,8,2,12,31272,59,2,0,0,0,0,1,0
2021-01-22T23:59:59+01:00,1,0,257,345,827,1683,1187,3047,1567,4442,2216,3447,1561,1609,1577,2540,1014,3834,0,0,1,2,1,3,4,3,3,5,6,3,6,8,2,12,31151,59,2,0,0,0,0,1,0
2021-01-21T23:59:59+01:00,1,0,246,335,800,1617,1162,2919,1511,4280,2135,3312,1462,1507,1445,2377,935,3653,0,0,1,2,1,3,4,2,3,5,4,2,5,8,1,12,29694,53,2,0,0,0,0,1,0
2021-01-20T23:59:59+01:00,1,0,222,291,727,1460,1072,2605,1374,3818,1962,2956,1341,1360,1325,2180,861,3419,0,0,1,2,1,3,4,2,3,5,4,2,5,8,1,12,26971,53,2,0,0,0,0,1,0
2021-01-19T23:59:59+01:00,1,0,191,235,628,1212,925,2158,1154,3200,1680,2525,1161,1162,1099,1843,716,2905,0,0,1,1,1,2,4,1,2,5,4,2,5,8,1,12,22792,49,2,0,0,0,0,1,0
2021-01-18T23:59:59+01:00,1,0,133,185,494,951,716,1641,884,2330,1307,1912,911,929,878,1459,560,2315,0,0,0,0,0,0,0,0,1,2,2,1,0,0,0,0,17604,6,1,0,0,0,0,1,0
2021-01-17T23:59:59+01:00,1,0,120,159,434,780,631,1419,782,2077,1195,1722,846,850,798,1323,501,2108,0,0,0,0,0,0,0,0,0,1,0,0,0,0,0,0,15745,1,0,0,0,0,0,1,0
2021-01-16T23:59:59+01:00,1,0,120,158,430,779,629,1411,772,2073,1187,1715,844,845,793,1312,493,2093,0,0,0,0,0,0,0,0,0,0,0,0,0,0,0,0,15655,0,0,0,0,0,0,0,0
2021-01-15T23:59:59+01:00,1,0,110,152,418,758,602,1373,740,1995,1126,1634,800,792,750,1227,463,1978,0,0,0,0,0,0,0,0,0,0,0,0,0,0,0,0,14919,0,0,0,0,0,0,0,0
2021-01-14T23:59:59+01:00,1,0,76,112,301,491,399,885,509,1280,770,1071,584,549,544,903,353,1502,0,0,0,0,0,0,0,0,0,0,0,0,0,0,0,0,10330,0,0,0,0,0,0,0,0
2021-01-13T23:59:59+01:00,1,0,59,85,249,414,323,668,379,980,562,763,369,347,363,614,246,1038,0,0,0,0,0,0,0,0,0,0,0,0,0,0,0,0,7460,0,0,0,0,0,0,0,0
2021-01-12T23:59:59+01:00,0,0,48,69,203,356,260,543,279,806,410,596,248,219,228,406,166,692,0,0,0,0,0,0,0,0,0,0,0,0,0,0,0,0,5529,0,0,0,0,0,0,0,0
2021-01-11T23:59:59+01:00,0,0,32,50,177,307,213,441,218,649,301,420,151,127,130,248,88,398,0,0,0,0,0,0,0,0,0,0,0,0,0,0,0,0,3950,0,0,0,0,0,0,0,0
2021-01-10T23:59:59+01:00,0,0,24,41,155,255,180,363,179,538,252,359,130,107,115,204,77,320,0,0,0,0,0,0,0,0,0,0,0,0,0,0,0,0,3299,0,0,0,0,0,0,0,0
2021-01-09T23:59:59+01:00,0,0,24,41,154,253,179,361,177,532,251,358,129,106,115,204,77,320,0,0,0,0,0,0,0,0,0,0,0,0,0,0,0,0,3281,0,0,0,0,0,0,0,0
2021-01-08T23:59:59+01:00,0,0,22,40,152,244,171,351,164,500,220,332,105,89,109,189,71,298,0,0,0,0,0,0,0,0,0,0,0,0,0,0,0,0,3057,0,0,0,0,0,0,0,0
2021-01-07T23:59:59+01:00,0,0,1,0,4,9,8,13,10,6,16,11,10,9,14,21,2,32,0,0,0,0,0,0,0,0,0,0,0,0,0,0,0,0,166,0,0,0,0,0,0,0,0
2021-01-06T23:59:59+01:00,0,0,0,0,1,3,1,5,5,2,3,6,6,2,7,10,1,14,0,0,0,0,0,0,0,0,0,0,0,0,0,0,0,0,66,0,0,0,0,0,0,0,0
2021-01-05T23:59:59+01:00,0,0,0,0,1,3,1,5,5,2,3,5,6,2,6,9,1,13,0,0,0,0,0,0,0,0,0,0,0,0,0,0,0,0,62,0,0,0,0,0,0,0,0
2021-01-04T23:59:59+01:00,0,0,0,0,1,3,1,4,4,2,3,5,6,2,5,8,1,13,0,0,0,0,0,0,0,0,0,0,0,0,0,0,0,0,58,0,0,0,0,0,0,0,0
2021-01-03T23:59:59+01:00,0,0,0,0,1,2,1,4,4,2,3,5,5,2,5,8,1,13,0,0,0,0,0,0,0,0,0,0,0,0,0,0,0,0,56,0,0,0,0,0,0,0,0
2021-01-02T23:59:59+01:00,0,0,0,0,1,2,1,4,4,2,3,5,5,2,5,8,1,13,0,0,0,0,0,0,0,0,0,0,0,0,0,0,0,0,56,0,0,0,0,0,0,0,0
2021-01-01T23:59:59+01:00,0,0,0,0,1,2,1,3,4,2,3,5,5,2,5,8,1,13,0,0,0,0,0,0,0,0,0,0,0,0,0,0,0,0,55,0,0,0,0,0,0,0,0
2020-12-31T23:59:59+01:00,0,0,0,0,1,2,1,3,4,2,3,5,5,2,5,8,1,13,0,0,0,0,0,0,0,0,0,0,0,0,0,0,0,0,55,0,0,0,0,0,0,0,0
2020-12-30T23:59:59+01:00,0,0,0,0,1,2,1,3,4,2,3,5,5,2,5,8,1,13,0,0,0,0,0,0,0,0,0,0,0,0,0,0,0,0,55,0,0,0,0,0,0,0,0
2020-12-29T23:59:59+01:00,0,0,0,0,1,1,1,2,4,1,2,5,5,2,5,8,1,13,0,0,0,0,0,0,0,0,0,0,0,0,0,0,0,0,51,0,0,0,0,0,0,0,0
2020-12-28T23:59:59+01:00,0,0,0,0,1,1,1,1,2,0,1,5,4,1,1,0,0,2,0,0,0,0,0,0,0,0,0,0,0,0,0,0,0,0,20,0,0,0,0,0,0,0,0
2020-12-27T23:59:59+01:00,0,0,0,0,1,1,1,1,2,0,0,3,2,0,1,0,0,2,0,0,0,0,0,0,0,0,0,0,0,0,0,0,0,0,14,0,0,0,0,0,0,0,0
