Datum,<15_m,<15_w,15-24_1_m,15-24_1_w,25-34_1_m,25-34_1_w,35-44_1_m,35-44_1_w,45-54_1_m,45-54_1_w,55-64_1_m,55-64_1_w,65-74_1_m,65-74_1_w,75-84_1_m,75-84_1_w,>84_1_m,>84_1_w,<24_2_m,<24_2_w,25-34_2_m,25-34_2_w,35-44_2_m,35-44_2_w,45-54_2_m,45-54_2_w,55-64_2_m,55-64_2_w,65-74_2_m,65-74_2_w,75-84_2_m,75-84_2_w,>84_2_m,>84_2_w,bp_1,bp_2,mo_1,mo_2,az_1,az_2,ja,unb_1,unb_2
2021-08-19T23:59:59+02:00,3147,2937,32781,31649,49187,43837,50773,49410,61666,61949,72050,72615,52850,58426,36492,47275,11107,21119,27470,26781,44817,39624,47636,46056,58716,58745,69335,69824,51282,56650,35526,45924,10768,20385,552588,516950,76874,71777,105487,100478,24291,30,23
2021-08-18T23:59:59+02:00,3127,2918,32738,31608,49155,43808,50746,49387,61628,61917,72006,72591,52823,58411,36479,47263,11106,21115,26212,25500,43922,38775,46947,45337,58059,58180,68855,69382,51101,56434,35450,45836,10757,20369,552210,511558,76853,68646,105484,100426,24249,30,23
2021-08-17T23:59:59+02:00,3105,2895,32668,31553,49117,43746,50706,49354,61587,61878,71974,72553,52802,58387,36467,47252,11103,21110,24940,24124,43066,38095,46359,44862,57540,57747,68430,69065,50968,56251,35378,45760,10743,20355,551705,506055,76848,66579,105483,100389,24191,30,23
2021-08-16T23:59:59+02:00,3094,2877,32653,31532,49096,43728,50697,49341,61569,61863,71955,72539,52794,58379,36466,47242,11101,21106,23531,22746,42179,37273,46092,44577,57324,57489,68226,68905,50897,56169,35349,45715,10741,20343,551503,499814,76845,66550,105481,100376,24173,30,23
2021-08-15T23:59:59+02:00,3087,2866,32642,31516,49087,43723,50687,49332,61554,61848,71940,72527,52790,58372,36463,47242,11101,21106,21142,20316,41437,36746,45734,44223,57001,57198,67945,68651,50787,56067,35313,45660,10738,20334,551382,491228,76844,66372,105471,100360,24156,30,23
2021-08-14T23:59:59+02:00,3087,2865,32638,31514,49082,43722,50684,49330,61549,61845,71936,72521,52790,58372,36462,47242,11101,21106,21120,20291,41397,36716,45717,44208,56988,57188,67933,68640,50785,56065,35312,45659,10738,20333,551376,491049,76843,66369,105471,100360,24126,30,23
2021-08-13T23:59:59+02:00,3072,2848,32597,31487,49059,43708,50662,49313,61516,61814,71914,72501,52785,58364,36459,47237,11100,21103,21007,20207,41309,36619,45655,44157,56940,57151,67894,68608,50768,56054,35303,45651,10737,20331,551220,490475,76842,66367,105470,100339,23977,30,23
2021-08-12T23:59:59+02:00,3055,2822,32550,31439,49025,43668,50624,49285,61466,61787,71878,72466,52769,58346,36443,47228,11099,21100,20545,19899,40402,35849,45295,43831,56726,56978,67718,68444,50697,55973,35273,45606,10732,20324,550821,486363,76838,66366,105468,100294,23893,30,23
2021-08-11T23:59:59+02:00,3014,2791,32494,31396,48992,43636,50602,49261,61440,61760,71849,72439,52748,58322,36434,47219,11098,21096,19653,19017,39080,34666,44697,43257,56366,56650,67427,68172,50577,55836,35236,45547,10730,20311,550428,478975,76832,66362,105467,100273,23834,30,23
2021-08-10T23:59:59+02:00,2998,2772,32443,31353,48958,43608,50572,49229,61421,61721,71810,72395,52726,58306,36424,47196,11097,21091,18631,18055,36991,32812,43818,42384,55916,56257,67040,67830,50430,55683,35175,45452,10725,20292,549977,468788,76832,66360,105466,100263,23815,30,23
2021-08-09T23:59:59+02:00,2982,2765,32414,31330,48938,43594,50547,49213,61404,61705,71794,72379,52717,58297,36419,47186,11095,21090,17235,16674,34056,30426,43165,41769,55512,55902,66715,67509,50294,55539,35126,45404,10720,20274,549751,456837,76832,66356,105462,100250,23794,30,23
2021-08-08T23:59:59+02:00,2979,2765,32402,31320,48928,43589,50542,49208,61396,61698,71791,72378,52716,58295,36419,47183,11095,21089,17209,16645,34034,30413,43129,41737,55499,55889,66706,67504,50289,55534,35125,45401,10719,20273,549699,456654,76832,66351,105451,100231,23781,30,23
2021-08-07T23:59:59+02:00,2978,2760,32395,31310,48925,43581,50537,49208,61393,61695,71784,72376,52715,58293,36418,47183,11095,21089,17183,16615,34006,30394,43096,41707,55479,55872,66695,67497,50283,55532,35123,45401,10719,20272,549650,456428,76832,66348,105451,100230,23772,30,23
2021-08-06T23:59:59+02:00,2891,2668,32053,31087,48671,43388,50285,48983,61109,61492,71510,72210,52583,58189,36365,47131,11092,21080,16978,16480,33302,29922,42628,41340,55141,55648,66385,67322,50153,55438,35074,45365,10716,20265,549569,454766,75749,66067,105449,100228,21990,30,23
2021-08-05T23:59:59+02:00,2845,2630,31904,30973,48577,43299,50206,48930,61056,61449,71459,72169,52558,58170,36356,47114,11090,21078,16753,16228,31456,28501,41597,40404,54869,55302,66174,67151,50088,55362,35051,45326,10709,20256,548709,448025,75746,65995,105443,100107,21935,30,23
2021-08-04T23:59:59+02:00,2771,2554,31660,30781,48392,43165,50055,48820,60977,61373,71398,72116,52529,58130,36343,47099,11087,21073,16494,15986,31105,28281,40409,39332,54480,54972,66003,67001,50025,55279,35021,45299,10706,20249,547432,443739,75745,65976,105442,100033,21682,22,22
2021-08-03T23:59:59+02:00,2586,2374,31155,30320,48144,42921,49884,48629,60818,61200,71252,71970,52476,58059,36321,47071,11077,21059,16056,15543,30520,27756,38683,37716,53791,54328,65668,66692,49929,55151,34973,45248,10701,20240,544513,436092,75745,65970,105440,100014,21596,22,22
2021-08-02T23:59:59+02:00,2475,2278,30843,30038,47947,42740,49733,48501,60712,61097,71165,71889,52443,58027,36299,47052,11076,21056,15753,15274,30185,27405,36542,35894,53236,53818,65463,66517,49857,55066,34951,45220,10699,20236,542590,429271,75743,65967,105436,99904,21580,22,21
2021-08-01T23:59:59+02:00,2472,2275,30831,30033,47929,42731,49721,48493,60701,61087,71157,71883,52438,58019,36295,47052,11076,21056,15630,15151,30048,27293,34240,34041,52939,53569,65373,66449,49818,55026,34944,45202,10698,20234,542538,423834,75741,65964,105390,99883,21558,22,21
2021-07-31T23:59:59+02:00,2472,2275,30827,30029,47927,42729,49719,48493,60700,61087,71157,71881,52435,58017,36295,47052,11076,21055,15615,15140,30016,27274,34227,34034,52921,53561,65360,66444,49814,55021,34944,45201,10697,20233,542520,423689,75741,65963,105390,99880,21553,22,21
2021-07-30T23:59:59+02:00,2458,2270,30781,29985,47895,42708,49695,48468,60666,61058,71122,71863,52426,58006,36295,47052,11076,21053,15460,14841,29758,26961,34048,33785,52723,53269,65196,66241,49767,54975,34933,45189,10697,20232,542347,423339,75736,65954,105387,97976,21385,22,21
2021-07-29T23:59:59+02:00,2429,2250,30621,29894,47812,42648,49644,48403,60605,61017,71077,71817,52407,57987,36287,47036,11073,21048,15152,14566,29445,26750,32773,32848,51947,52660,64841,65978,49669,54884,34891,45132,10692,20224,541690,420672,75730,63243,105375,97832,21238,22,21
2021-07-28T23:59:59+02:00,2385,2213,30471,29784,47731,42580,49571,48333,60535,60940,71012,71760,52382,57949,36269,47016,11072,21043,14749,14196,29006,26435,32403,32520,51234,52051,64452,65652,49575,54783,34857,45075,10676,20206,540755,416548,75726,63190,105369,97443,21174,22,21
2021-07-27T23:59:59+02:00,2306,2140,30232,29515,47579,42408,49427,48197,60427,60817,70913,71675,52326,57889,36242,46977,11064,21036,14108,13543,28246,25813,31659,31871,49985,50959,63727,65088,49388,54579,34790,44960,10669,20188,538942,408255,75716,63164,105363,97348,21127,22,21
2021-07-26T23:59:59+02:00,2245,2085,30033,29282,47462,42280,49354,48115,60364,60753,70863,71630,52302,57857,36231,46964,11062,21027,13743,13170,27897,25526,31043,31464,48432,49595,62752,64262,49183,54375,34723,44879,10659,20176,537724,400569,75713,63159,105359,97318,21091,22,21
2021-07-25T23:59:59+02:00,1998,1884,29210,28611,47071,41970,49069,47831,60129,60530,70682,71473,52246,57782,36204,46922,11061,21020,13651,13110,27803,25464,30958,31398,48312,49533,62665,64214,49162,54359,34717,44871,10659,20175,533559,399946,75713,63152,105352,97158,21047,22,21
2021-07-24T23:59:59+02:00,1918,1817,28957,28381,46920,41865,48952,47734,59974,60411,70553,71393,52198,57752,36187,46901,11059,21020,13516,13000,27600,25330,30799,31272,48102,49364,62502,64119,49119,54329,34702,44853,10657,20173,532873,399342,75711,63149,105351,97156,20035,22,21
2021-07-23T23:59:59+02:00,1806,1696,28627,28057,46676,41715,48699,47523,59726,60222,70351,71266,52123,57681,36168,46864,11055,21011,13265,12778,27167,25017,30422,30969,47505,48874,62174,63884,49036,54263,34680,44809,10652,20164,531881,396948,75335,63096,105340,97154,18688,22,21
2021-07-22T23:59:59+02:00,1794,1689,28549,27980,46540,41576,48489,47313,59550,60083,70235,71138,52080,57644,36152,46847,11055,21011,13038,12528,26833,24685,30073,30652,45585,47317,61371,63184,48940,54161,34642,44766,10649,20154,531587,390272,74185,62947,105300,96933,18631,22,21
2021-07-21T23:59:59+02:00,1761,1650,28286,27775,46159,41245,47900,46758,58970,59603,69782,70752,51911,57483,36095,46792,11046,20998,12611,12093,26259,24144,29502,30086,41869,44086,59890,61923,48773,53982,34579,44684,10639,20127,531043,378669,70924,62442,105149,96490,17828,22,21
2021-07-20T23:59:59+02:00,1738,1635,28166,27641,46096,41188,47854,46720,58916,59554,69729,70708,51876,57456,36079,46766,11042,20990,12112,11562,25521,23453,28853,29338,38420,41096,58345,60461,48570,53762,34497,44592,10621,20107,530363,368297,70904,59053,105133,96368,17732,22,21
2021-07-19T23:59:59+02:00,1733,1634,28138,27606,46075,41175,47843,46707,58903,59538,69717,70706,51874,57452,36079,46762,11040,20990,12067,11535,25458,23419,28823,29306,38376,41064,58304,60434,48566,53754,34496,44589,10618,20106,530220,367986,70904,59040,105118,96318,17708,22,21
2021-07-18T23:59:59+02:00,1729,1629,28113,27580,46051,41166,47829,46694,58897,59529,69710,70697,51872,57451,36078,46761,11040,20989,12005,11510,25375,23380,28763,29273,38316,41037,58244,60393,48564,53750,34493,44588,10618,20106,530092,367654,70902,59010,105110,96198,17689,22,21
2021-07-17T23:59:59+02:00,1729,1627,28094,27567,46036,41157,47819,46690,58890,59524,69703,70693,51867,57448,36077,46761,11040,20989,11978,11499,25342,23344,28731,29253,38295,41020,58210,60369,48554,53741,34491,44588,10618,20106,530016,367406,70901,59007,105110,96196,17662,22,21
2021-07-16T23:59:59+02:00,1714,1607,27829,27378,45753,40993,47596,46517,58592,59322,69471,70552,51761,57375,36033,46725,11035,20987,11725,11305,25013,23105,28433,29023,37900,40745,57702,59947,48418,53628,34439,44538,10612,20102,529701,366207,70900,59004,104986,95922,15631,22,21
2021-07-15T23:59:59+02:00,1616,1494,27366,26992,45497,40757,47450,46404,58453,59210,69369,70467,51722,57333,36018,46703,11034,20981,11432,11079,24533,22759,28070,28751,37508,40468,55660,57905,48248,53428,34382,44454,10604,20091,527392,359279,70897,58919,104978,95711,15577,22,21
2021-07-14T23:59:59+02:00,1449,1362,26801,26458,45191,40468,47249,46220,58271,59012,69209,70322,51662,57274,35992,46673,11028,20976,11245,10892,24123,22407,27718,28433,36984,40067,54444,56726,48111,53277,34331,44390,10596,20069,524230,355572,70891,57261,104959,95565,15515,22,21
2021-07-13T23:59:59+02:00,1164,1059,25850,25562,44699,40058,46892,45903,57947,58728,68934,70075,51549,57148,35949,46619,11024,20961,10900,10554,23591,21861,27099,27851,35606,38876,50317,52830,47749,52890,34203,44242,10579,20041,518853,346338,70884,52061,104956,95458,15406,22,21
2021-07-12T23:59:59+02:00,700,662,24470,24303,44139,39578,46693,45687,57734,58533,68752,69905,51487,57057,35931,46594,11022,20953,10667,10446,23385,21723,26847,27716,35362,38708,49876,52412,47675,52805,34173,44207,10579,20035,512963,344886,70884,52035,104952,94378,15380,21,21
2021-07-11T23:59:59+02:00,697,657,24449,24283,44110,39557,46675,45676,57721,58521,68739,69903,51486,57054,35928,46590,11021,20953,10571,10361,23168,21600,26583,27617,35054,38626,49163,51926,46192,51221,34083,44101,10579,20033,512878,344381,70881,51990,104940,89268,15300,21,21
2021-07-10T23:59:59+02:00,695,652,24442,24277,44105,39549,46672,45673,57714,58520,68739,69902,51486,57054,35928,46590,11021,20953,10559,10352,23144,21581,26569,27608,35031,38621,49150,51921,46178,51205,34081,44100,10579,20033,512844,344277,70878,51989,104938,89212,15291,21,21
2021-07-09T23:59:59+02:00,688,642,23995,23816,43830,39312,46603,45612,57655,58479,68689,69877,51470,57042,35924,46582,11020,20953,10479,10181,23050,21393,26508,27399,34964,38405,49086,51818,46156,51181,34077,44097,10579,20033,511091,343050,70875,51976,104934,89169,15268,21,21
2021-07-08T23:59:59+02:00,622,575,22919,22815,43030,38709,46351,45411,57447,58336,68492,69739,51393,56977,35896,46559,11018,20945,10224,9990,22673,21141,26116,27137,34487,38095,48480,51300,45820,50816,34007,44019,10572,20011,506416,339483,70851,51828,104876,88554,15070,21,21
2021-07-07T23:59:59+02:00,571,529,21594,21418,42292,38020,46133,45191,57209,58147,68326,69580,51308,56894,35859,46506,11011,20931,9851,9685,21797,20551,25015,26344,32651,36729,47563,50415,45320,50279,33903,43880,10565,19993,501034,334555,70679,47450,104853,87640,14932,21,21
2021-07-06T23:59:59+02:00,512,466,20364,20134,41444,37372,45657,44841,56815,57842,68001,69323,51208,56769,35815,46455,11003,20922,9460,9305,20935,19956,24056,25690,31162,35535,46374,49220,44542,49500,33769,43704,10552,19973,496549,327251,68754,45347,104831,86371,14788,21,21
2021-07-05T23:59:59+02:00,476,438,18957,18751,40579,36569,45441,44617,56634,57639,67840,69195,51153,56714,35794,46426,11001,20915,9172,9051,20374,19574,23391,25272,30525,35108,45616,48607,43787,48711,33639,43516,10543,19961,490830,321482,68751,45325,104826,85342,14716,16,21
2021-07-04T23:59:59+02:00,469,432,17168,16710,40236,36339,45353,44544,56550,57569,67761,69126,51120,56688,35784,46406,10999,20913,9112,8999,20236,19509,23217,25194,30271,35029,44823,48480,42424,47364,33561,43442,10541,19955,485972,321023,68724,45280,104809,81226,14646,16,21
2021-07-03T23:59:59+02:00,469,431,17147,16690,40186,36291,45337,44529,56543,57565,67755,69119,51118,56685,35784,46406,10999,20912,9069,8958,20170,19441,23158,25130,30187,34950,44603,48304,42356,47290,33516,43383,10538,19955,485789,320067,68722,45279,104808,81048,14631,16,21
2021-07-02T23:59:59+02:00,448,408,17033,16585,39717,35917,45224,44432,56490,57523,67707,69088,51107,56680,35778,46394,10999,20911,8910,8792,19842,19163,22773,24752,29768,34538,43977,47659,42154,47061,33418,43247,10533,19951,484294,317077,68706,44244,104806,80614,14619,16,21
2021-07-01T23:59:59+02:00,397,368,16727,16306,37982,34582,44651,43933,56230,57316,67535,68919,51027,56590,35750,46355,10995,20903,8537,8400,18981,18459,21809,23901,28383,33350,40953,44698,41158,45982,32805,42520,10516,19922,478814,309611,68632,39365,104783,77083,14321,16,21
2021-06-30T23:59:59+02:00,349,325,16437,16060,35792,32756,44028,43302,56008,57120,67333,68728,50945,56498,35721,46301,10991,20887,8179,8064,18313,17833,20927,23073,27109,32094,36326,39836,40080,44840,32143,41733,10495,19897,471960,299155,68589,33344,104764,74195,14252,16,21
2021-06-29T23:59:59+02:00,310,288,16218,15860,34788,31674,43580,42857,55826,56961,67163,68579,50869,56425,35684,46256,10983,20880,7599,7457,17183,16900,19675,21855,25416,30421,33584,36718,37231,41798,31404,40847,10472,19859,467766,282988,68581,33297,104751,68048,14087,16,19
2021-06-28T23:59:59+02:00,300,266,16075,15703,33068,30250,43260,42562,55663,56821,67046,68474,50823,56372,35666,46235,10980,20868,7297,7196,16633,16525,19283,21541,24908,30037,32993,36220,35853,40312,30617,39912,10468,19848,463338,279942,68559,33247,104729,62662,13790,16,19
2021-06-27T23:59:59+02:00,300,266,16053,15680,32914,30162,43198,42533,55626,56812,67020,68466,50818,56368,35663,46234,10980,20867,7253,7168,16495,16458,19119,21479,24706,29964,32765,36081,34598,39044,28992,37990,10467,19847,463016,279771,68556,33208,104722,55794,13650,16,19
2021-06-26T23:59:59+02:00,298,264,16032,15660,32890,30145,43153,42493,55603,56798,67014,68463,50816,56367,35661,46233,10980,20867,7249,7156,16475,16446,19103,21471,24673,29942,32744,36060,34585,39032,28990,37987,10467,19847,462796,279578,68554,33208,104722,55789,13649,16,19
2021-06-25T23:59:59+02:00,293,263,15978,15615,32776,30045,42961,42334,55548,56753,66974,68439,50806,56356,35657,46232,10980,20867,7062,6880,16195,15937,18836,20817,24307,29006,32357,35341,34423,38816,28967,37957,10467,19847,461975,276908,68553,33199,104705,53477,13628,16,19
2021-06-24T23:59:59+02:00,272,250,15709,15415,32328,29758,41492,41089,55086,56396,66743,68280,50753,56301,35641,46205,10975,20857,6746,6655,15503,15493,17385,19801,22234,27452,31260,34446,34021,38395,28844,37777,10455,19833,457413,267229,68552,33147,104701,53052,12868,16,19
2021-06-23T23:59:59+02:00,257,233,15429,15122,31829,29357,39387,39265,54539,55853,66492,68059,50664,56192,35601,46159,10970,20844,6540,6492,15141,15215,16860,19353,21352,26654,29567,33092,33266,37550,28653,37537,10448,19818,450336,259439,68506,33057,104698,52339,12696,16,19
2021-06-22T23:59:59+02:00,235,198,15047,14730,31161,28726,35942,36212,53628,55053,66190,67754,50558,56070,35563,46103,10966,20830,6365,6281,14739,14890,16061,18637,19935,25341,27967,31441,32468,36576,28114,36931,10430,19787,439391,249360,68474,32975,104694,51226,12391,16,19
2021-06-21T23:59:59+02:00,220,192,14807,14557,30472,28263,33772,34249,53165,54629,66011,67637,50477,55996,35537,46081,10961,20825,6269,6198,14579,14773,15891,18502,19815,25230,27860,31356,32313,36437,26907,35704,10430,19784,432565,248690,68452,32929,104663,48263,12155,16,19
2021-06-20T23:59:59+02:00,213,191,14683,14468,28570,26933,33162,33804,53077,54533,65942,67600,50456,55970,35529,46078,10960,20823,5823,5903,13636,14141,15074,17919,19266,24874,27550,31160,32149,36261,26881,35673,10428,19780,428202,243754,68448,32893,104659,48193,11667,16,19
2021-06-19T23:59:59+02:00,207,186,14658,14435,28456,26851,33131,33777,53055,54517,65926,67589,50450,55961,35527,46073,10959,20821,5608,5742,13074,13729,14467,17443,18939,24673,27357,30989,32070,36161,26864,35659,10428,19780,427796,240229,68446,32891,104659,48190,11662,16,19
2021-06-18T23:59:59+02:00,205,179,14569,14350,28356,26786,31884,32869,52689,54210,65793,67497,50419,55927,35509,46047,10955,20817,5543,5668,12976,13645,14303,17321,18703,24444,26537,30323,31866,35925,26798,35584,10424,19773,427310,237290,65474,32784,104650,48137,11611,16,19
2021-06-17T23:59:59+02:00,191,163,14198,14087,27762,26540,31395,32609,51901,53644,65366,67230,50339,55828,35476,46006,10949,20805,5167,5408,12192,13174,13517,16710,17613,23519,24384,28358,31226,35191,26602,35307,10407,19759,424122,228299,65469,32506,104626,47459,10259,13,19
2021-06-16T23:59:59+02:00,162,135,13771,13688,27300,26186,30957,32253,51089,52940,64914,66844,50222,55708,35447,45949,10938,20793,4803,4967,11471,12498,12729,16017,16514,22398,21419,25496,30161,33988,26306,34904,10392,19718,419277,214271,65427,32478,104620,47062,9959,13,19
2021-06-15T23:59:59+02:00,101,82,13143,13071,26548,25608,30175,31660,49837,51876,64203,66320,50043,55513,35379,45837,10929,20774,4307,4337,10501,11562,11577,14638,14783,20694,17994,22195,28793,32552,25921,34385,10366,19674,411574,195664,65411,32363,104614,46754,9487,13,19
2021-06-14T23:59:59+02:00,71,61,12739,12699,26143,25283,29514,31197,48043,50409,63152,65487,49828,55288,35302,45761,10921,20762,4207,4284,10326,11434,11437,14506,14605,20574,17802,22037,28723,32472,25902,34358,10363,19673,403715,195235,65402,32092,104612,46447,8918,13,19
2021-06-13T23:59:59+02:00,70,60,12698,12655,26069,25251,29451,31170,47989,50384,63117,65463,49821,55285,35300,45758,10920,20759,4053,4207,9999,11306,11114,14395,14311,20463,17403,21694,27213,30832,25762,34163,10359,19662,403513,194499,65328,27426,104605,46239,8761,13,19
2021-06-12T23:59:59+02:00,70,59,12681,12639,26055,25241,29440,31158,47930,50314,63075,65427,49820,55282,35300,45758,10920,20759,4051,4197,9983,11292,11106,14381,14292,20446,17383,21685,27172,30787,25757,34157,10359,19662,403222,194316,65328,27424,104604,46198,8761,13,19
2021-06-11T23:59:59+02:00,68,56,12582,12509,25930,25127,29319,31034,47695,50089,62943,65308,49796,55256,35289,45747,10918,20757,3957,3927,9458,10100,10675,13473,14003,19890,17110,21208,26765,30366,25667,34075,10356,19660,401958,193276,65319,27420,104562,41412,8571,13,19
2021-06-10T23:59:59+02:00,61,49,12338,12297,25612,24846,28974,30767,46625,49074,62208,64739,49711,55162,35255,45695,10908,20744,3690,3563,8689,8850,9775,11829,12701,17142,15326,17612,25061,28451,25371,33775,10350,19636,397091,187789,65267,26981,104362,28707,8332,13,19
2021-06-09T23:59:59+02:00,48,37,12047,11974,25205,24440,28581,30371,44620,47252,61118,63801,49607,55042,35209,45641,10903,20726,3446,3443,8274,8597,9267,11509,12190,16752,14620,17017,21240,24148,25145,33474,10338,19610,389113,176259,65146,26639,104361,28171,7989,13,19
2021-06-08T23:59:59+02:00,42,26,11617,11442,24545,23818,27925,29709,41453,44406,59345,62169,49439,54852,35136,45551,10893,20704,3237,3307,7877,8339,8652,11137,11525,16330,13964,16373,15867,18208,24754,32948,10320,19582,376467,161086,65085,26306,104351,27869,7156,13,10
2021-06-07T23:59:59+02:00,37,19,11456,11253,24195,23544,27649,29503,38826,42478,58916,61807,49405,54821,35124,45530,10891,20698,3141,3239,7570,8163,8335,10961,10952,15880,13464,15896,15791,18130,24725,32898,10318,19575,370829,160772,64658,24483,104342,27469,6311,12,10
2021-06-06T23:59:59+02:00,34,18,11320,11147,23876,23315,27440,29330,37227,41292,58792,61729,49381,54793,35116,45516,10891,20696,3038,3189,7299,8075,8066,10796,10216,15199,12870,15278,15640,18019,24711,32875,10316,19575,370423,160659,61279,21330,104332,27303,5867,12,10
2021-06-05T23:59:59+02:00,34,17,11302,11130,23833,23280,27405,29304,37200,41278,58694,61644,49370,54787,35114,45514,10891,20693,3026,3178,7276,8043,8037,10780,10186,15185,12830,15254,15519,17855,24706,32867,10315,19574,370093,160235,61277,21329,104332,27288,5776,12,10
2021-06-04T23:59:59+02:00,34,15,11117,10871,23471,22816,27132,28907,36775,40829,58076,61104,49336,54746,35104,45496,10890,20687,3002,3161,7247,8027,8016,10762,10157,15160,12796,15220,15308,17649,24695,32846,10313,19573,368297,159652,59008,21316,104319,27191,5770,12,10
2021-06-03T23:59:59+02:00,32,14,10897,10655,23015,22424,26708,28572,35680,40002,55318,58754,49207,54588,35061,45433,10885,20672,2913,3080,7039,7872,7560,10465,9132,14532,11556,14523,14130,16185,24518,32629,10301,19554,364363,156309,54086,17605,104269,26884,5188,11,10
2021-06-02T23:59:59+02:00,32,14,10862,10622,22979,22390,26677,28547,35649,39961,55191,58596,49193,54565,35055,45426,10885,20671,2873,3051,6984,7854,7501,10432,8977,14493,11333,14460,12783,14711,24399,32456,10296,19547,363779,152509,54080,17594,104269,26868,5176,11,10
2021-06-01T23:59:59+02:00,19,7,10449,10280,22323,21883,25994,27964,34928,39385,52193,55452,48804,54157,34937,45264,10869,20645,2414,2692,5633,7169,6233,9858,7589,13824,10200,13496,8479,9154,23925,31776,10273,19489,353032,134332,53910,17227,104250,26292,4350,11,10
2021-05-31T23:59:59+02:00,18,6,10175,10052,21750,21486,25586,27714,34607,39182,50745,54056,48705,54032,34904,45223,10862,20637,2304,2568,5347,6924,5973,9638,7224,13583,9944,13337,8428,9092,23899,31729,10265,19476,348306,133562,53871,17107,104226,25733,3326,11,10
2021-05-30T23:59:59+02:00,17,6,10121,10004,21661,21448,25521,27681,34495,39111,50381,53715,48681,54007,34898,45217,10860,20634,2269,2538,5242,6846,5871,9570,7035,13495,9719,13241,8384,9045,23883,31722,10264,19471,347123,132968,53852,16934,104212,25430,3260,11,10
2021-05-29T23:59:59+02:00,16,6,10106,9992,21627,21430,25504,27669,34474,39098,50368,53697,48677,54003,34895,45216,10860,20634,2250,2484,5198,6721,5811,9438,6919,13298,9581,13020,8311,8955,23816,31655,10263,19470,346967,132691,53852,16882,104191,24363,3251,11,10
2021-05-28T23:59:59+02:00,16,6,10048,9924,21552,21322,25426,27551,34397,38998,50290,53599,48656,53985,34887,45206,10860,20630,2166,2217,4580,6180,5190,8716,6548,12335,9086,12024,8136,8758,23448,31175,10262,19467,346124,131198,53841,16784,104133,19059,3244,11,10
2021-05-27T23:59:59+02:00,15,6,9784,9676,21024,20944,24883,27193,33873,38620,49676,52991,48488,53792,34817,45131,10856,20611,1925,1949,3998,5659,4512,8113,6039,11568,8144,10702,7632,8100,21894,29025,10247,19445,341846,125552,53432,15649,104024,14679,3067,11,10
2021-05-26T23:59:59+02:00,15,6,9510,9430,20300,20376,24013,26521,32612,37592,48912,52288,48234,53503,34743,45017,10845,20587,1870,1878,3904,5532,4379,7950,5833,11307,7819,10318,7071,7375,19469,25602,10229,19402,337137,117090,50457,15395,103971,14519,2928,11,10
2021-05-25T23:59:59+02:00,14,6,9245,9196,19887,20019,23575,26130,32104,37077,48019,51312,47936,53188,34660,44877,10833,20557,1804,1830,3784,5435,4242,7805,5625,11085,7509,9999,6448,6536,15360,20243,10209,19344,331566,104943,50377,15351,103898,14175,2783,11,10
2021-05-24T23:59:59+02:00,13,6,9026,9040,19318,19730,22804,25743,30590,36059,47795,51139,47843,53087,34631,44847,10831,20556,1779,1814,3738,5401,4179,7763,5560,11026,7434,9943,6422,6512,15346,20234,10209,19344,329985,104826,46573,15338,103839,13884,2650,11,10
2021-05-23T23:59:59+02:00,13,6,8818,8833,18959,19438,22382,25395,30166,35738,47203,50628,47409,52632,34529,44701,10823,20547,1777,1813,3729,5396,4175,7759,5550,11017,7425,9933,6417,6501,15346,20232,10209,19344,325152,104768,46571,15336,103838,13865,2648,11,10
2021-05-22T23:59:59+02:00,13,6,8787,8796,18909,19395,22335,25363,30113,35708,47094,50558,47390,52610,34526,44692,10820,20547,1776,1810,3716,5383,4171,7753,5546,11011,7418,9929,6415,6499,15344,20232,10209,19344,324609,104736,46571,15336,103837,13844,2634,11,10
2021-05-21T23:59:59+02:00,12,6,8513,8443,18470,18879,21975,24721,29687,34899,46605,49893,47302,52488,34488,44649,10817,20542,1713,1769,3637,5344,4129,7719,5514,10966,7377,9880,6387,6473,15267,20135,10208,19343,319411,104425,46542,15335,103813,13483,2612,11,10
2021-05-20T23:59:59+02:00,12,6,7939,7892,17521,18085,20973,23803,28369,33701,44857,48072,46863,52028,34380,44495,10800,20523,1411,1607,3324,5055,3862,7331,5219,10487,6998,9427,6153,6219,13962,18599,10185,19304,307809,100687,46456,14854,103586,11139,2457,11,10
2021-05-19T23:59:59+02:00,12,6,7673,7577,16917,17481,20075,22930,27142,32444,43065,45984,46331,51472,34229,44275,10779,20493,1347,1524,3121,4841,3655,7080,4994,10134,6701,9096,5871,5885,11767,15761,10168,19245,296680,94478,46416,14383,103539,10085,2239,11,9
2021-05-18T23:59:59+02:00,11,6,7147,7033,15762,16456,18809,21681,25632,30817,40375,42752,45502,50527,33991,43971,10754,20451,1326,1498,3061,4770,3579,6961,4858,10001,6519,8885,5605,5609,10069,13595,10143,19190,280887,89351,45212,14333,103437,9848,2132,9,9
2021-05-17T23:59:59+02:00,11,6,7067,6972,15579,16346,18594,21512,25234,30490,38622,41115,45392,50448,33944,43905,10745,20428,1293,1475,3005,4725,3515,6902,4790,9899,6424,8784,5564,5569,10055,13578,10140,19182,280672,89284,40443,14051,103393,9667,1893,9,9
2021-05-16T23:59:59+02:00,10,5,6952,6920,15459,16258,18465,21406,25052,30376,35640,38345,45356,50413,33922,43881,10742,20423,1269,1457,2961,4684,3467,6845,4704,9831,6328,8704,5534,5532,10043,13562,10138,19179,280393,89236,34295,13783,103272,9558,1656,9,9
2021-05-15T23:59:59+02:00,10,5,6928,6889,15398,16200,18419,21366,24985,30333,35604,38304,45333,50386,33915,43876,10742,20423,1257,1431,2929,4611,3448,6776,4685,9750,6306,8654,5528,5527,10038,13561,10138,19179,279911,89181,34295,13779,103258,9210,1643,9,9
2021-05-14T23:59:59+02:00,10,5,6751,6521,15053,15701,18107,20949,24651,29871,35358,37952,45304,50355,33905,43871,10742,20421,1200,1370,2851,4507,3401,6674,4621,9599,6224,8525,5498,5483,10025,13552,10138,19178,278855,89096,34147,13760,100938,8407,1578,9,9
2021-05-13T23:59:59+02:00,10,5,6401,6205,14297,15117,17402,20320,23794,29129,34590,37282,45016,50012,33826,43745,10738,20410,1023,1286,2655,4398,3283,6553,4480,9431,6102,8382,5455,5445,10010,13536,10134,19173,272453,88948,33823,13679,100723,7423,1291,9,9
2021-05-12T23:59:59+02:00,10,5,6001,5933,13317,14440,16382,19519,23128,28693,34284,37001,44833,49817,33795,43714,10735,20407,1020,1284,2648,4392,3264,6549,4475,9421,6094,8377,5449,5439,10008,13531,10133,19172,266194,88887,33814,13669,100719,7418,1278,9,8
2021-05-11T23:59:59+02:00,10,5,5626,5709,12731,13994,14578,18078,20175,26167,31969,34673,43780,48557,33471,43242,10706,20358,958,1210,2532,4220,3158,6317,4356,9134,5978,8151,5378,5361,9966,13471,10125,19156,248904,88415,33537,13453,100281,6500,1098,9,8
2021-05-10T23:59:59+02:00,10,5,5477,5612,12459,13868,14228,17856,19373,25596,30591,33654,43248,47946,33414,43154,10698,20338,915,1151,2433,4058,3064,6115,4231,8870,5856,7955,5341,5331,9954,13455,10121,19147,243429,88308,33326,13392,99977,5506,786,9,8
2021-05-09T23:59:59+02:00,10,5,5071,5371,11264,13335,13227,17493,18351,25266,30048,33363,43192,47874,33389,43139,10695,20331,891,1121,2334,3953,2974,5976,4099,8695,5762,7850,5333,5317,9947,13451,10116,19144,238095,88263,33254,13350,99638,4918,428,9,7
2021-05-08T23:59:59+02:00,10,5,5060,5362,11242,13316,13202,17474,18321,25233,30008,33320,43184,47863,33388,43135,10695,20331,887,1115,2321,3945,2968,5976,4095,8689,5759,7847,5330,5314,9944,13446,10116,19144,237827,88235,33253,13350,99637,4884,423,9,7
2021-05-07T23:59:59+02:00,10,5,4959,5279,11014,13148,12910,17258,17713,24632,29060,32426,42993,47623,33332,43063,10691,20325,860,1084,2285,3890,2922,5930,4040,8635,5676,7794,5283,5267,9932,13437,10116,19143,235335,88100,31360,13347,99529,4635,208,9,7
2021-05-06T23:59:59+02:00,10,5,4544,4999,10346,12731,12151,16593,16108,23187,26512,30034,42290,46874,33166,42827,10675,20302,804,1029,2148,3640,2754,5621,3846,8162,5480,7472,5232,5214,9909,13409,10114,19135,226572,87918,28012,13033,98713,2966,48,9,7
2021-05-05T23:59:59+02:00,10,5,4231,4772,9751,12285,11432,16012,15006,22160,23664,27275,41313,45769,32884,42440,10657,20261,790,1007,2086,3515,2697,5466,3753,7951,5384,7336,5183,5159,9872,13370,10112,19132,213559,87657,27830,12895,98489,2217,40,9,7
2021-05-04T23:59:59+02:00,10,5,3881,4314,9081,11587,10661,15172,13702,20906,20061,23868,39965,44309,32512,41920,10634,20223,772,977,2019,3398,2627,5331,3661,7800,5289,7213,5145,5114,9842,13341,10110,19129,196492,87441,27812,12597,98464,1692,34,9,7
2021-05-03T23:59:59+02:00,10,4,3639,3892,8670,11092,10183,14547,13167,20251,19339,23221,39700,44058,32433,41817,10631,20208,758,948,1952,3293,2570,5224,3601,7686,5239,7126,5130,5103,9827,13324,10107,19124,190630,87301,27800,12589,98401,1096,22,9,7
2021-05-02T23:59:59+02:00,10,4,3636,3890,8652,11085,10174,14539,13146,20239,19321,23212,39699,44057,32432,41816,10630,20208,754,931,1922,3212,2524,5128,3554,7561,5219,7060,5126,5100,9826,13320,10107,19122,190542,87283,27787,12558,98394,603,18,9,7
2021-05-01T23:59:59+02:00,10,4,3634,3883,8640,11072,10166,14530,13139,20237,19310,23203,39699,44055,32432,41816,10630,20208,753,931,1921,3212,2524,5128,3554,7561,5219,7060,5126,5100,9826,13320,10106,19122,190462,87282,27786,12557,98394,603,17,9,7
2021-04-30T23:59:59+02:00,10,3,3611,3860,8594,11036,10123,14491,13078,20198,19207,23052,39431,43732,32411,41796,10629,20208,750,927,1908,3203,2523,5119,3551,7554,5217,7053,5123,5097,9822,13319,10106,19122,189538,87256,27517,12554,98389,563,17,9,7
2021-04-29T23:59:59+02:00,10,3,3345,3687,8161,10762,9575,14206,12586,19835,18470,22325,36373,40282,32151,41428,10617,20170,737,913,1860,3142,2474,5053,3485,7412,5125,6954,5085,5063,9800,13276,10104,19116,183998,87052,21680,12398,98283,129,16,9,7
2021-04-28T23:59:59+02:00,10,3,3184,3620,7897,10652,9178,14032,12211,19598,17984,21890,32584,35965,31933,41127,10604,20148,721,898,1834,3103,2429,5004,3448,7355,5060,6893,5024,5003,9748,13218,10101,19107,172836,86846,21527,11966,98237,119,11,9,7
2021-04-27T23:59:59+02:00,9,3,3103,3554,7637,10520,8825,13859,11726,19373,17506,21401,27021,29774,31556,40620,10583,20116,711,884,1802,3066,2394,4958,3395,7296,5005,6817,4973,4934,9713,13167,10098,19098,157492,86639,21505,11542,98169,116,11,9,6
2021-04-26T23:59:59+02:00,9,3,3050,3520,7495,10455,8659,13800,11495,19305,16981,21014,26987,29740,31542,40605,10583,20116,688,853,1734,3006,2328,4902,3329,7207,4912,6714,4875,4859,9632,13084,10096,19095,156915,86512,21287,10672,97137,116,11,9,6
2021-04-25T23:59:59+02:00,9,3,3012,3503,7333,10403,8421,13750,11163,19261,16152,20543,25431,28083,31487,40542,10583,20113,688,851,1728,3001,2321,4899,3324,7199,4908,6705,4872,4854,9624,13073,10096,19095,156430,86489,21277,10635,92065,100,11,9,6
2021-04-24T23:59:59+02:00,9,3,3008,3497,7317,10390,8410,13742,11149,19252,16135,20525,25388,28020,31484,40536,10582,20112,688,851,1728,3000,2321,4899,3323,7199,4908,6705,4872,4853,9622,13072,10096,19095,156228,86483,21273,10635,92038,100,11,9,6
2021-04-23T23:59:59+02:00,9,3,2990,3479,7275,10347,8365,13697,11083,19192,16075,20461,24965,27516,31451,40480,10579,20109,680,843,1710,2991,2305,4870,3271,7161,4809,6610,4735,4730,9455,12874,10090,19080,155039,86193,21133,9907,91884,100,11,9,6
2021-04-22T23:59:59+02:00,8,3,2911,3397,7083,10163,7823,13289,9875,18399,14523,19420,22951,25084,31240,40211,10560,20081,615,792,1595,2879,2180,4706,3109,6990,4625,6409,4580,4556,8945,12220,10054,19001,150241,84281,15837,8880,90923,81,11,9,6
2021-04-21T23:59:59+02:00,8,3,2858,3349,6959,10074,7612,13134,9509,18158,14053,18974,20445,21947,30943,39825,10543,20055,566,768,1515,2800,2094,4615,2983,6847,4462,6245,4394,4377,8377,11463,10011,18912,143242,82494,15074,7848,90114,73,11,8,6
2021-04-20T23:59:59+02:00,8,3,2818,3310,6852,9985,7474,13025,9257,17940,13562,18581,17057,17883,30630,39350,10526,20019,536,734,1442,2736,2007,4536,2883,6729,4326,6083,4208,4183,7516,10255,9943,18760,134388,79581,14829,7215,89044,68,11,8,5
2021-04-19T23:59:59+02:00,8,3,2804,3303,6805,9944,7422,12990,9181,17866,13425,18466,16724,17502,30598,39315,10525,20015,477,694,1324,2641,1908,4439,2750,6571,4129,5891,3955,3881,5690,7839,9728,18365,134077,73771,14634,6433,88166,65,11,8,5
2021-04-18T23:59:59+02:00,8,3,2788,3289,6729,9918,7317,12941,8985,17799,12589,18338,15315,16096,30530,39254,10522,20008,472,688,1314,2633,1893,4428,2717,6542,4068,5842,3879,3810,5280,7216,9683,18282,133864,72286,14491,6387,84055,61,11,8,5
2021-04-17T23:59:59+02:00,8,3,2778,3285,6712,9896,7287,12920,8953,17760,12557,18318,15262,16046,30476,39182,10521,20008,472,686,1314,2632,1892,4424,2713,6537,4065,5838,3878,3808,5275,7215,9682,18281,133510,72251,14490,6387,83953,61,11,8,5
2021-04-16T23:59:59+02:00,8,3,2765,3271,6678,9881,7236,12881,8878,17708,12449,18216,15017,15769,29958,38535,10518,20001,472,684,1308,2627,1883,4422,2708,6531,4057,5830,3873,3802,5258,7185,9682,18279,131989,72154,14483,6376,83281,58,11,8,5
2021-04-15T23:59:59+02:00,8,3,2714,3214,6545,9780,7047,12703,8535,17435,11975,17751,13961,14553,27844,35728,10502,19978,463,678,1303,2601,1868,4399,2685,6503,4014,5777,3818,3726,5227,7134,9674,18267,126074,71838,14207,6240,79977,47,10,8,5
2021-04-14T23:59:59+02:00,7,1,2658,3165,6451,9685,6903,12543,8264,17168,11545,17288,12781,13170,23137,29651,10484,19924,460,672,1289,2591,1856,4382,2663,6478,3971,5740,3771,3675,5167,7080,9646,18231,113703,71547,14174,6088,76931,25,10,7,5
2021-04-13T23:59:59+02:00,7,1,2606,3131,6323,9599,6752,12411,7985,16919,11121,16867,10119,10248,20065,25489,10462,19882,444,647,1241,2548,1803,4319,2554,6376,3792,5578,3558,3490,5021,6942,9637,18209,105297,71202,13980,4924,70693,21,10,7,5
2021-04-12T23:59:59+02:00,7,1,2585,3117,6263,9571,6646,12324,7793,16791,10874,16660,8756,8757,19245,24518,10461,19873,438,638,1221,2533,1787,4296,2520,6334,3739,5526,3497,3441,4986,6901,9632,18187,105179,71061,13926,4587,65120,16,10,7,5
2021-04-11T23:59:59+02:00,7,1,2557,3109,6167,9544,6531,12287,7628,16741,10675,16555,7485,7480,17519,22541,10459,19870,438,638,1220,2531,1787,4295,2520,6334,3737,5521,3493,3440,4980,6899,9632,18187,105110,71051,13920,4577,58109,12,10,7,5
2021-04-10T23:59:59+02:00,7,1,2556,3107,6157,9539,6522,12282,7623,16736,10668,16546,7477,7468,17510,22535,10459,19870,437,635,1218,2528,1786,4293,2518,6329,3734,5520,3484,3426,4972,6885,9632,18187,105028,70991,13919,4570,58100,12,9,7,5
2021-04-09T23:59:59+02:00,7,1,2494,3009,6022,9329,6365,12020,7364,16329,10356,16047,7320,7263,17394,22355,10458,19868,432,630,1200,2516,1759,4278,2487,6280,3655,5441,3371,3316,4834,6796,9627,18184,104559,70909,13890,3876,55536,10,9,7,5
2021-04-08T23:59:59+02:00,7,1,2415,2937,5926,9210,6262,11892,7193,16143,10100,15859,7126,7004,16135,20895,10447,19838,425,625,1188,2484,1734,4242,2460,6207,3603,5375,3297,3270,4755,6691,9605,18139,100910,70468,13536,3612,54928,9,9,7,5
2021-04-07T23:59:59+02:00,7,1,2388,2901,5853,9139,6174,11817,7060,16044,9858,15708,6829,6677,13821,17947,10426,19791,420,624,1178,2471,1721,4219,2446,6167,3536,5316,3226,3218,4700,6632,9598,18111,94757,70195,13375,3369,54293,8,9,7,5
2021-04-06T23:59:59+02:00,7,1,2371,2868,5757,9073,6083,11738,6907,15931,9618,15525,6472,6315,11722,15347,10399,19732,417,617,1171,2444,1709,4196,2420,6129,3472,5251,3142,3168,4655,6578,9593,18095,89730,69952,13075,3088,53047,8,7,7,5
2021-04-05T23:59:59+02:00,7,1,2363,2859,5739,9056,6071,11719,6894,15912,9598,15500,6348,6217,10442,14060,10399,19731,413,609,1167,2429,1703,4180,2404,6099,3439,5210,3112,3131,4634,6532,9587,18079,89651,69762,13039,2951,50213,7,6,7,5
2021-04-04T23:59:59+02:00,7,1,2363,2859,5736,9053,6069,11719,6892,15912,9596,15499,6343,6213,10442,14058,10399,19731,413,608,1167,2428,1703,4180,2403,6099,3439,5210,3112,3131,4632,6532,9587,18079,89642,69758,13037,2950,50200,7,6,7,5
2021-04-03T23:59:59+02:00,7,1,2361,2851,5728,9046,6064,11715,6889,15908,9593,15497,6340,6208,10435,14055,10399,19731,413,608,1167,2428,1703,4180,2403,6099,3439,5209,3112,3131,4632,6532,9587,18079,89585,69757,13036,2950,50194,7,6,7,5
2021-04-02T23:59:59+02:00,7,1,2360,2849,5722,9039,6062,11712,6885,15907,9589,15495,6336,6202,10421,14026,10398,19730,411,606,1166,2428,1702,4179,2402,6099,3438,5202,3086,3114,4622,6523,9587,18079,89502,69680,13033,2949,50193,7,6,7,5
2021-04-01T23:59:59+02:00,7,1,2339,2846,5692,9010,6019,11670,6842,15852,9534,15439,6243,6105,10126,13679,10375,19682,409,590,1163,2422,1695,4168,2386,6082,3412,5181,3024,3066,4563,6451,9512,17966,88515,69130,13012,2946,49922,7,5,7,5
2021-03-31T23:59:59+02:00,7,1,2305,2819,5616,8944,5951,11577,6739,15740,9400,15305,6098,5963,9576,12941,10333,19592,404,584,1157,2411,1688,4152,2380,6069,3392,5147,2992,3033,4516,6392,9456,17865,86542,68682,12799,2944,49555,7,4,7,4
2021-03-30T23:59:59+02:00,7,1,2285,2803,5569,8886,5888,11502,6668,15643,9302,15161,5912,5749,8672,11604,10258,19410,402,582,1154,2407,1675,4135,2362,6047,3358,5103,2935,2965,4429,6293,9326,17626,83474,67982,12418,2806,49419,7,4,5,3
2021-03-29T23:59:59+02:00,6,1,2218,2749,5466,8775,5780,11352,6499,15412,9071,14906,5554,5374,6733,9070,10038,18990,395,578,1143,2396,1662,4123,2337,6020,3329,5046,2865,2900,4312,6189,9125,17296,77385,67035,11608,2670,48992,7,4,5,3
2021-03-28T23:59:59+02:00,6,1,2197,2736,5422,8716,5704,11274,6412,15326,8953,14787,5430,5222,6093,8141,9972,18874,386,572,1128,2380,1637,4096,2290,5959,3273,4954,2780,2821,4196,6044,9053,17160,75093,66576,11350,2145,48814,4,4,5,3
2021-03-27T23:59:59+01:00,6,1,2197,2730,5411,8710,5700,11259,6397,15304,8942,14774,5402,5195,6083,8138,9972,18873,386,572,1126,2379,1636,4091,2286,5956,3264,4947,2775,2818,4180,6019,8973,17013,74986,66269,11350,2144,48749,4,4,5,3
2021-03-26T23:59:59+01:00,6,1,2181,2710,5374,8672,5661,11210,6318,15234,8793,14625,5240,5046,5914,7959,9970,18865,382,564,1120,2366,1620,4062,2258,5920,3230,4893,2714,2755,3996,5763,8268,15838,74642,63635,10519,2106,48609,4,4,5,3
2021-03-25T23:59:59+01:00,6,0,2064,2629,5198,8457,5459,10934,6110,14935,8553,14337,5080,4892,5818,7840,9967,18857,373,550,1099,2340,1596,4034,2212,5862,3157,4815,2616,2653,3623,5269,7138,14105,74187,59549,9571,1886,47370,4,3,5,3
2021-03-24T23:59:59+01:00,6,0,1978,2581,5050,8297,5298,10741,5946,14697,8349,14105,4941,4733,5704,7724,9961,18848,369,539,1086,2312,1563,3978,2153,5797,3069,4714,2482,2539,3198,4652,5740,11886,73814,54530,8409,1540,46728,4,3,5,3
2021-03-23T23:59:59+01:00,6,0,1902,2528,4939,8174,5199,10599,5825,14504,8234,13937,4859,4647,5638,7665,9953,18830,358,514,1067,2277,1530,3920,2109,5708,2987,4624,2393,2444,2748,4020,3847,8677,73420,47825,7663,1392,46348,3,3,5,3
2021-03-22T23:59:59+01:00,6,0,1837,2469,4804,8038,5066,10424,5665,14271,8042,13724,4755,4534,5569,7556,9939,18786,331,497,1038,2239,1485,3847,2043,5598,2885,4473,2280,2292,2230,3340,1339,4563,72924,39316,6625,1159,45928,1,3,5,3
2021-03-21T23:59:59+01:00,6,0,1835,2463,4792,8023,5051,10414,5649,14254,8012,13700,4732,4519,5553,7544,9935,18786,330,497,1032,2225,1476,3818,2025,5560,2859,4423,2239,2244,2188,3299,1322,4518,72901,39176,6575,875,45785,1,2,5,3
2021-03-20T23:59:59+01:00,6,0,1835,2463,4791,8022,5050,10412,5648,14253,8005,13694,4731,4518,5545,7536,9935,18786,330,497,1032,2225,1476,3818,2025,5560,2858,4422,2238,2241,2188,3299,1322,4518,72890,39174,6575,871,45758,1,2,5,3
2021-03-19T23:59:59+01:00,6,0,1782,2215,4275,6727,4641,9430,5378,13696,7781,13291,4606,4421,5475,7470,9935,18786,329,497,1032,2225,1476,3817,2025,5559,2857,4422,2236,2240,2183,3293,1321,4516,72832,39159,6565,865,40511,1,2,5,3
2021-03-18T23:59:59+01:00,6,0,1727,1962,3857,5662,4111,8050,4561,11158,6424,9958,4240,4122,5273,7250,9914,18746,328,494,1025,2212,1469,3792,1999,5520,2832,4398,2215,2225,2158,3264,1316,4507,72402,38967,6503,783,28109,1,2,5,3
2021-03-17T23:59:59+01:00,6,0,1721,1953,3847,5636,4094,8020,4537,11094,6374,9886,4203,4075,5234,7206,9908,18723,325,493,1021,2204,1463,3783,1992,5505,2822,4372,2188,2198,2138,3249,1309,4493,72146,38816,6443,734,27921,1,2,5,3
2021-03-16T23:59:59+01:00,6,0,1699,1919,3788,5555,4023,7913,4408,10932,6169,9686,3980,3886,5094,7047,9902,18702,323,489,1020,2185,1458,3770,1983,5491,2813,4353,2180,2184,2126,3221,1301,4464,71834,38651,5168,705,27700,1,2,5,3
2021-03-15T23:59:59+01:00,6,0,1689,1899,3763,5521,3998,7876,4357,10863,6090,9601,3898,3819,5041,6987,9896,18677,320,485,1011,2168,1450,3764,1967,5455,2795,4325,2165,2152,2101,3159,1293,4426,71610,38432,4810,601,27556,1,0,5,3
2021-03-14T23:59:59+01:00,6,0,1683,1889,3755,5511,3993,7860,4348,10832,6082,9579,3891,3810,5036,6979,9895,18675,320,485,1009,2168,1446,3761,1964,5453,2777,4319,2159,2150,2090,3149,1289,4424,71578,38424,4794,536,27447,1,0,5,3
2021-03-13T23:59:59+01:00,6,0,1680,1884,3742,5488,3986,7851,4328,10821,6068,9564,3888,3807,5033,6976,9895,18675,320,485,1009,2168,1446,3761,1964,5452,2777,4318,2158,2149,2090,3147,1281,4419,71554,38405,4789,536,27344,1,0,5,3
2021-03-12T23:59:59+01:00,5,0,1641,1827,3228,5341,3471,7737,4194,10695,5842,9275,3722,3661,4892,6868,9870,18628,315,463,1005,2138,1438,3737,1944,5381,2724,4233,1979,1994,2030,3097,1274,4413,71342,37635,4069,528,25481,0,0,5,3
2021-03-11T23:59:59+01:00,5,0,1533,1691,2842,5080,3034,7481,3914,10282,5215,8382,3498,3485,4786,6751,9832,18578,314,462,1002,2125,1435,3717,1937,5362,2715,4216,1972,1986,2016,3080,1269,4395,70779,37513,3807,488,21798,0,0,5,3
2021-03-10T23:59:59+01:00,5,0,1503,1659,2803,5035,2998,7422,3859,10195,5107,8265,3372,3381,4671,6637,9789,18511,312,461,1000,2122,1433,3706,1933,5349,2703,4196,1955,1979,1991,3048,1258,4381,70371,37432,3477,393,21359,0,0,5,3
2021-03-09T23:59:59+01:00,5,0,1494,1643,2771,5010,2977,7378,3821,10135,5029,8185,3275,3298,4591,6548,9683,18301,309,460,996,2116,1426,3694,1907,5327,2661,4166,1914,1954,1941,3020,1246,4372,69780,37403,3210,104,21149,0,0,5,3
2021-03-08T23:59:59+01:00,5,0,1479,1629,2741,4983,2951,7348,3798,10087,5005,8123,3234,3258,4518,6484,9509,18002,309,460,994,2112,1418,3678,1890,5294,2642,4138,1895,1935,1916,2997,1240,4353,68993,37255,3201,14,20955,0,0,5,3
2021-03-07T23:59:59+01:00,5,0,1466,1619,2711,4938,2917,7300,3765,10025,4962,8062,3199,3225,4453,6384,9433,17858,309,459,994,2111,1417,3673,1887,5284,2641,4133,1891,1932,1912,2993,1237,4345,68457,37204,3147,12,20713,0,0,5,3
2021-03-06T23:59:59+01:00,5,0,1465,1617,2705,4927,2914,7291,3757,10018,4944,8046,3189,3215,4430,6345,9345,17689,309,459,992,2108,1417,3671,1881,5275,2639,4131,1886,1924,1906,2991,1236,4342,68067,37154,3147,12,20683,0,0,5,2
2021-03-05T23:59:59+01:00,5,0,1392,1538,2607,4765,2857,7134,3672,9811,4843,7850,3139,3156,4214,6059,8641,16502,309,459,990,2106,1412,3666,1879,5274,2635,4124,1877,1920,1901,2988,1231,4339,65426,37097,3144,12,19610,0,0,5,2
2021-03-04T23:59:59+01:00,5,0,1219,1434,2437,4565,2686,6865,3504,9465,4585,7508,3023,3033,3853,5602,7479,14689,308,451,981,2082,1396,3626,1851,5221,2607,4078,1849,1895,1868,2933,1204,4293,61235,36630,3141,12,17571,0,0,5,2
2021-03-03T23:59:59+01:00,5,0,1186,1381,2358,4457,2626,6741,3417,9300,4488,7364,2937,2963,3480,5003,6096,12509,304,442,970,2059,1384,3598,1837,5171,2553,4024,1801,1860,1844,2904,1189,4265,56196,36192,3115,12,16996,0,0,4,2
2021-03-02T23:59:59+01:00,5,0,1152,1344,2298,4399,2575,6650,3335,9177,4351,7215,2823,2836,2998,4338,4101,9157,299,433,965,2033,1371,3554,1823,5116,2521,3998,1791,1846,1825,2878,1178,4238,49169,35856,2867,12,16715,0,0,3,2
2021-03-01T23:59:59+01:00,5,0,1093,1314,2236,4336,2502,6563,3241,9051,4209,7027,2692,2699,2430,3597,1394,4714,298,430,958,2021,1360,3535,1815,5100,2509,3982,1775,1836,1808,2859,1166,4210,40142,35649,2478,12,16480,0,0,3,2
2021-02-28T23:59:59+01:00,5,0,1059,1300,2194,4299,2472,6520,3193,8994,4147,6968,2625,2653,2382,3566,1386,4694,298,429,956,2016,1358,3522,1812,5086,2503,3974,1768,1825,1795,2848,1159,4195,40046,35531,2186,12,16222,0,0,3,2
2021-02-27T23:59:59+01:00,5,0,1017,1217,2129,4056,2414,6286,3129,8696,4056,6714,2570,2596,2362,3542,1383,4694,298,429,955,2016,1358,3522,1812,5085,2502,3974,1768,1824,1793,2848,1159,4195,39940,35525,2185,12,14738,0,0,3,2
2021-02-26T23:59:59+01:00,4,0,850,963,1927,3664,2252,5618,2912,7774,3745,5920,2521,2543,2344,3528,1380,4692,298,429,955,2013,1356,3520,1810,5084,2500,3973,1768,1821,1786,2847,1157,4188,39925,35492,2098,12,10611,0,0,3,2
2021-02-25T23:59:59+01:00,4,0,507,806,1647,3465,2069,5314,2716,7378,3519,5617,2440,2466,2304,3467,1376,4678,288,408,930,1963,1326,3451,1780,5003,2471,3909,1743,1794,1748,2803,1130,4148,39730,34883,1841,11,8199,0,0,3,2
2021-02-24T23:59:59+01:00,3,0,487,788,1612,3368,2007,5184,2656,7195,3453,5475,2375,2419,2269,3438,1367,4645,279,404,915,1930,1312,3397,1767,4942,2447,3864,1732,1776,1739,2784,1118,4121,39542,34523,1672,3,7524,0,0,3,2
2021-02-23T23:59:59+01:00,3,0,468,752,1551,3265,1952,5044,2578,7063,3367,5370,2315,2360,2234,3382,1352,4614,278,400,910,1915,1305,3367,1758,4911,2426,3832,1712,1756,1719,2749,1103,4068,39396,34205,1401,3,6870,0,0,3,2
2021-02-22T23:59:59+01:00,2,0,452,721,1496,3164,1913,4905,2519,6845,3306,5226,2307,2264,2219,3303,1348,4569,277,397,907,1904,1297,3340,1741,4875,2412,3802,1693,1737,1692,2721,1088,4023,39185,33904,1138,1,6233,0,0,3,2
2021-02-21T23:59:59+01:00,2,0,444,683,1438,3022,1866,4755,2466,6686,3223,5122,2271,2231,2192,3283,1338,4564,277,396,904,1896,1296,3331,1737,4865,2408,3793,1691,1734,1691,2719,1088,4022,39144,33846,905,1,5534,0,0,3,2
2021-02-20T23:59:59+01:00,2,0,440,678,1430,3018,1860,4755,2463,6683,3219,5118,2268,2230,2192,3282,1337,4564,277,396,904,1895,1296,3330,1737,4865,2407,3792,1690,1733,1688,2719,1087,4020,39140,33834,901,1,5495,0,0,3,2
2021-02-19T23:59:59+01:00,1,0,419,641,1401,2956,1833,4701,2422,6583,3132,5000,2088,2068,2129,3233,1332,4558,275,395,902,1893,1295,3329,1737,4860,2404,3791,1688,1731,1686,2718,1087,4019,38388,33809,882,1,5224,0,0,3,1
2021-02-18T23:59:59+01:00,1,0,394,585,1296,2713,1729,4457,2284,6321,3030,4818,2059,2052,2113,3216,1327,4550,275,389,894,1860,1286,3290,1719,4812,2385,3755,1676,1720,1669,2706,1075,4001,38314,33511,809,1,3819,0,0,3,1
2021-02-17T23:59:59+01:00,1,0,378,554,1257,2583,1673,4282,2214,6078,2971,4669,2040,2033,2090,3196,1312,4541,266,372,859,1775,1243,3161,1658,4653,2311,3619,1599,1651,1595,2596,1026,3884,38158,32267,758,1,2953,0,0,3,1
2021-02-16T23:59:59+01:00,1,0,360,524,1202,2463,1623,4146,2135,5893,2890,4533,2031,2029,2082,3189,1307,4530,258,355,838,1694,1188,3025,1597,4449,2239,3442,1549,1597,1535,2496,999,3756,38098,31016,728,1,2109,0,0,3,1
2021-02-15T23:59:59+01:00,1,0,350,502,1129,2319,1578,4073,2103,5840,2862,4492,2012,2013,2061,3159,1300,4510,251,336,815,1649,1156,2949,1541,4314,2168,3322,1474,1533,1481,2389,957,3579,37993,29913,618,1,1690,0,0,3,1
2021-02-14T23:59:59+01:00,1,0,342,497,1106,2263,1515,3909,2061,5748,2831,4453,2006,2011,2050,3150,1298,4503,244,331,797,1622,1140,2910,1499,4262,2130,3292,1458,1512,1457,2353,942,3537,37975,29485,553,1,1213,0,0,3,1
2021-02-13T23:59:59+01:00,1,0,342,497,1105,2263,1515,3908,2059,5747,2831,4453,2005,2009,2049,3150,1297,4500,244,331,797,1622,1140,2910,1498,4260,2130,3292,1456,1509,1456,2352,942,3536,37964,29474,553,1,1212,0,0,2,1
2021-02-12T23:59:59+01:00,1,0,338,494,1088,2254,1510,3894,2054,5738,2828,4447,1991,1999,2043,3137,1292,4497,243,330,791,1617,1134,2901,1481,4241,2111,3279,1443,1493,1441,2321,935,3503,37897,29263,545,1,1161,0,0,2,1
2021-02-11T23:59:59+01:00,1,0,318,470,1024,2156,1456,3767,1960,5474,2743,4328,1961,1966,2003,3072,1267,4441,223,304,742,1512,1054,2675,1357,3884,1927,2972,1256,1286,1273,2046,829,3153,37508,26492,508,1,389,0,0,2,1
2021-02-10T23:59:59+01:00,1,0,312,461,1002,2116,1418,3688,1906,5312,2648,4147,1892,1916,1961,3034,1249,4415,199,259,649,1323,927,2292,1169,3282,1688,2557,1098,1113,1127,1802,722,2813,37102,23019,373,1,1,0,0,2,1
2021-02-09T23:59:59+01:00,1,0,306,451,994,2084,1402,3636,1862,5245,2581,4091,1836,1880,1893,2981,1228,4394,165,199,551,1063,779,1848,964,2673,1425,2145,952,953,939,1523,606,2400,36802,19185,60,0,1,0,0,2,1
2021-02-08T23:59:59+01:00,1,0,305,449,991,2077,1392,3620,1854,5222,2562,4075,1822,1868,1875,2963,1221,4369,114,164,451,850,616,1432,765,2024,1149,1661,766,777,748,1205,483,1951,36647,15156,16,0,1,0,0,2,1
2021-02-07T23:59:59+01:00,1,0,305,449,990,2075,1391,3614,1851,5219,2555,4072,1816,1859,1859,2956,1217,4363,105,145,401,704,542,1258,686,1809,1053,1514,693,697,672,1084,418,1735,36577,13516,13,0,0,0,0,2,1
2021-02-06T23:59:59+01:00,1,0,305,449,989,2074,1391,3611,1851,5217,2555,4069,1816,1858,1854,2954,1214,4361,105,144,396,701,537,1234,670,1790,1042,1492,690,693,667,1080,417,1731,36554,13390,13,0,0,0,0,2,0
2021-02-05T23:59:59+01:00,1,0,305,448,987,2071,1387,3602,1847,5203,2549,4063,1815,1857,1846,2946,1205,4348,101,137,381,683,520,1205,638,1738,994,1429,653,643,622,1006,391,1643,36465,12785,13,0,0,0,0,2,0
2021-02-04T23:59:59+01:00,1,0,298,431,976,2039,1368,3549,1828,5126,2534,4015,1799,1837,1821,2911,1188,4317,76,106,282,461,359,812,454,1175,682,970,505,469,481,795,305,1312,36023,9245,13,0,0,0,0,2,0
2021-02-03T23:59:59+01:00,1,0,294,422,958,2012,1352,3511,1815,5077,2500,3972,1779,1814,1805,2887,1175,4303,60,82,236,395,289,633,347,919,522,724,339,325,346,568,218,959,35662,6963,13,0,0,0,0,2,0
2021-02-02T23:59:59+01:00,1,0,290,415,952,1984,1344,3479,1804,5031,2477,3937,1761,1798,1779,2846,1154,4256,39,63,181,312,242,485,265,736,377,556,235,208,221,377,150,627,35293,5074,13,0,0,0,0,2,0
2021-02-01T23:59:59+01:00,1,0,289,413,947,1977,1341,3463,1796,5011,2469,3918,1754,1787,1764,2831,1148,4243,19,39,134,227,167,310,169,490,236,321,119,105,96,184,69,277,35137,2962,13,0,0,0,0,2,0
2021-01-31T23:59:59+01:00,1,0,288,412,945,1970,1338,3454,1793,4992,2465,3903,1750,1779,1760,2824,1146,4234,18,34,116,199,150,268,152,410,200,277,100,91,88,157,61,243,35039,2564,13,0,0,0,0,2,0
2021-01-30T23:59:59+01:00,1,0,288,412,945,1970,1338,3454,1793,4992,2465,3903,1749,1779,1760,2823,1146,4233,18,34,115,199,150,266,149,407,199,276,99,90,88,157,61,243,35036,2551,13,0,0,0,0,2,0
2021-01-29T23:59:59+01:00,1,0,286,409,943,1968,1337,3446,1787,4983,2462,3900,1743,1772,1751,2813,1139,4212,16,33,114,190,141,258,137,379,168,249,72,66,79,136,56,211,34938,2305,13,0,0,0,0,1,0
2021-01-28T23:59:59+01:00,1,0,281,401,924,1912,1313,3382,1762,4921,2434,3838,1721,1752,1720,2782,1121,4177,0,0,9,19,8,18,11,46,7,22,7,3,7,9,2,13,34429,181,12,0,0,0,0,1,0
2021-01-27T23:59:59+01:00,1,0,276,383,891,1832,1279,3268,1700,4798,2374,3738,1665,1704,1676,2716,1085,4095,0,0,4,6,5,11,7,20,3,12,6,3,7,9,2,12,33472,107,8,0,0,0,0,1,0
2021-01-26T23:59:59+01:00,1,0,270,374,881,1819,1265,3230,1683,4741,2344,3672,1634,1672,1639,2646,1068,4013,0,0,4,6,5,11,7,20,3,12,6,3,7,9,2,12,32945,107,6,0,0,0,0,1,0
2021-01-25T23:59:59+01:00,1,0,259,350,839,1700,1195,3066,1593,4470,2241,3463,1575,1619,1587,2562,1022,3845,0,0,1,3,1,3,4,3,3,5,6,3,6,8,2,12,31384,60,2,0,0,0,0,1,0
2021-01-24T23:59:59+01:00,1,0,256,347,828,1681,1185,3044,1562,4437,2215,3442,1564,1611,1577,2551,1017,3838,0,0,1,2,1,3,4,3,3,5,6,3,6,8,2,12,31153,59,2,0,0,0,0,1,0
2021-01-23T23:59:59+01:00,1,0,256,347,828,1681,1184,3043,1562,4433,2214,3441,1563,1611,1576,2550,1016,3833,0,0,1,2,1,3,4,3,3,5,6,3,6,8,2,12,31136,59,2,0,0,0,0,1,0
2021-01-22T23:59:59+01:00,1,0,255,345,822,1678,1180,3038,1559,4426,2202,3436,1551,1600,1570,2531,1011,3814,0,0,1,2,1,3,4,3,3,5,6,3,6,8,2,12,31016,59,2,0,0,0,0,1,0
2021-01-21T23:59:59+01:00,1,0,244,335,795,1612,1155,2911,1503,4265,2122,3301,1453,1498,1438,2368,932,3633,0,0,1,2,1,3,4,2,3,5,4,2,5,8,1,12,29563,53,2,0,0,0,0,1,0
2021-01-20T23:59:59+01:00,1,0,221,291,723,1455,1065,2597,1367,3805,1949,2947,1333,1353,1318,2173,861,3413,0,0,1,2,1,3,4,2,3,5,4,2,5,8,1,12,26869,53,2,0,0,0,0,1,0
2021-01-19T23:59:59+01:00,1,0,190,235,625,1207,919,2151,1147,3190,1668,2517,1153,1155,1092,1837,716,2900,0,0,1,1,1,2,4,1,2,5,4,2,5,8,1,12,22700,49,2,0,0,0,0,1,0
2021-01-18T23:59:59+01:00,1,0,132,185,491,946,710,1636,879,2321,1298,1905,903,924,873,1456,560,2311,0,0,0,0,0,0,0,0,1,2,2,1,0,0,0,0,17529,6,1,0,0,0,0,1,0
2021-01-17T23:59:59+01:00,1,0,119,159,431,775,625,1415,778,2068,1186,1716,839,845,793,1320,501,2105,0,0,0,0,0,0,0,0,0,1,0,0,0,0,0,0,15675,1,0,0,0,0,0,1,0
2021-01-16T23:59:59+01:00,1,0,119,158,427,774,623,1407,768,2064,1178,1709,837,840,788,1309,493,2090,0,0,0,0,0,0,0,0,0,0,0,0,0,0,0,0,15585,0,0,0,0,0,0,0,0
2021-01-15T23:59:59+01:00,1,0,109,152,415,753,597,1369,736,1986,1117,1628,793,788,745,1224,463,1976,0,0,0,0,0,0,0,0,0,0,0,0,0,0,0,0,14852,0,0,0,0,0,0,0,0
2021-01-14T23:59:59+01:00,1,0,75,112,298,486,395,884,508,1278,762,1067,579,546,542,903,353,1501,0,0,0,0,0,0,0,0,0,0,0,0,0,0,0,0,10290,0,0,0,0,0,0,0,0
2021-01-13T23:59:59+01:00,1,0,58,85,246,409,319,667,378,978,556,760,365,344,362,614,246,1037,0,0,0,0,0,0,0,0,0,0,0,0,0,0,0,0,7425,0,0,0,0,0,0,0,0
2021-01-12T23:59:59+01:00,0,0,47,69,200,351,257,542,278,804,405,595,245,217,227,406,166,691,0,0,0,0,0,0,0,0,0,0,0,0,0,0,0,0,5500,0,0,0,0,0,0,0,0
2021-01-11T23:59:59+01:00,0,0,32,50,174,303,210,441,218,647,297,420,150,126,129,248,88,397,0,0,0,0,0,0,0,0,0,0,0,0,0,0,0,0,3930,0,0,0,0,0,0,0,0
2021-01-10T23:59:59+01:00,0,0,24,41,152,254,180,363,179,536,248,359,129,106,114,204,77,320,0,0,0,0,0,0,0,0,0,0,0,0,0,0,0,0,3286,0,0,0,0,0,0,0,0
2021-01-09T23:59:59+01:00,0,0,24,41,151,252,179,361,177,530,247,358,128,105,114,204,77,320,0,0,0,0,0,0,0,0,0,0,0,0,0,0,0,0,3268,0,0,0,0,0,0,0,0
2021-01-08T23:59:59+01:00,0,0,22,40,149,243,171,351,164,499,218,332,104,89,109,189,71,298,0,0,0,0,0,0,0,0,0,0,0,0,0,0,0,0,3049,0,0,0,0,0,0,0,0
2021-01-07T23:59:59+01:00,0,0,1,0,4,9,8,13,10,6,16,11,10,9,14,21,2,32,0,0,0,0,0,0,0,0,0,0,0,0,0,0,0,0,166,0,0,0,0,0,0,0,0
2021-01-06T23:59:59+01:00,0,0,0,0,1,3,1,5,5,2,3,6,6,2,7,10,1,14,0,0,0,0,0,0,0,0,0,0,0,0,0,0,0,0,66,0,0,0,0,0,0,0,0
2021-01-05T23:59:59+01:00,0,0,0,0,1,3,1,5,5,2,3,5,6,2,6,9,1,13,0,0,0,0,0,0,0,0,0,0,0,0,0,0,0,0,62,0,0,0,0,0,0,0,0
2021-01-04T23:59:59+01:00,0,0,0,0,1,3,1,4,4,2,3,5,6,2,5,8,1,13,0,0,0,0,0,0,0,0,0,0,0,0,0,0,0,0,58,0,0,0,0,0,0,0,0
2021-01-03T23:59:59+01:00,0,0,0,0,1,2,1,4,4,2,3,5,5,2,5,8,1,13,0,0,0,0,0,0,0,0,0,0,0,0,0,0,0,0,56,0,0,0,0,0,0,0,0
2021-01-02T23:59:59+01:00,0,0,0,0,1,2,1,4,4,2,3,5,5,2,5,8,1,13,0,0,0,0,0,0,0,0,0,0,0,0,0,0,0,0,56,0,0,0,0,0,0,0,0
2021-01-01T23:59:59+01:00,0,0,0,0,1,2,1,3,4,2,3,5,5,2,5,8,1,13,0,0,0,0,0,0,0,0,0,0,0,0,0,0,0,0,55,0,0,0,0,0,0,0,0
2020-12-31T23:59:59+01:00,0,0,0,0,1,2,1,3,4,2,3,5,5,2,5,8,1,13,0,0,0,0,0,0,0,0,0,0,0,0,0,0,0,0,55,0,0,0,0,0,0,0,0
2020-12-30T23:59:59+01:00,0,0,0,0,1,2,1,3,4,2,3,5,5,2,5,8,1,13,0,0,0,0,0,0,0,0,0,0,0,0,0,0,0,0,55,0,0,0,0,0,0,0,0
2020-12-29T23:59:59+01:00,0,0,0,0,1,1,1,2,4,1,2,5,5,2,5,8,1,13,0,0,0,0,0,0,0,0,0,0,0,0,0,0,0,0,51,0,0,0,0,0,0,0,0
2020-12-28T23:59:59+01:00,0,0,0,0,1,1,1,1,2,0,1,5,4,1,1,0,0,2,0,0,0,0,0,0,0,0,0,0,0,0,0,0,0,0,20,0,0,0,0,0,0,0,0
2020-12-27T23:59:59+01:00,0,0,0,0,1,1,1,1,2,0,0,3,2,0,1,0,0,2,0,0,0,0,0,0,0,0,0,0,0,0,0,0,0,0,14,0,0,0,0,0,0,0,0
