Datum,<24_1_m,<24_1_w,25-34_1_m,25-34_1_w,35-44_1_m,35-44_1_w,45-54_1_m,45-54_1_w,55-64_1_m,55-64_1_w,65-74_1_m,65-74_1_w,75-84_1_m,75-84_1_w,>84_1_m,>84_1_w,<24_2_m,<24_2_w,25-34_2_m,25-34_2_w,35-44_2_m,35-44_2_w,45-54_2_m,45-54_2_w,55-64_2_m,55-64_2_w,65-74_2_m,65-74_2_w,75-84_2_m,75-84_2_w,>84_2_m,>84_2_w,bp_1,bp_2,mo_1,mo_2,az_1,az_2,ja
2021-05-21T23:59:59+02:00,9679,9929,18416,18637,21571,24914,30369,35549,47365,50511,44797,50261,32376,42562,9043,17900,1911,2172,3520,5234,3982,7737,5574,10854,7145,9134,6035,6176,16210,21801,8485,16793,314034,102603,46116,15040,101194,12585,2535
2021-05-20T23:59:59+02:00,9072,9354,17509,17873,20602,24063,29129,34408,45804,48881,44465,49888,32298,42449,9032,17883,1626,1990,3253,4999,3758,7391,5303,10440,6820,8762,5859,5957,15024,20398,8468,16763,303283,99187,46045,14573,100977,10646,2405
2021-05-19T23:59:59+02:00,8773,8995,16883,17260,19701,23199,27924,33170,44081,46851,44022,49449,32181,42268,9014,17856,1557,1900,3064,4803,3582,7166,5104,10122,6571,8468,5604,5649,12915,17680,8452,16709,292486,93196,46011,14215,100940,9745,2190
2021-05-18T23:59:59+02:00,8199,8412,15739,16231,18464,22002,26411,31544,41455,43684,43359,48696,31981,42012,8996,17824,1540,1874,3017,4746,3511,7062,4985,9998,6399,8274,5364,5380,11278,15606,8432,16662,277106,88264,44890,14165,100919,9605,2094
2021-05-17T23:59:59+02:00,8101,8345,15558,16122,18246,21825,26028,31231,39743,42103,43256,48621,31942,41952,8988,17806,1500,1849,2969,4701,3458,7006,4909,9893,6309,8177,5333,5344,11266,15595,8429,16654,276913,88207,40206,13890,100886,9433,1862
2021-05-16T23:59:59+02:00,7976,8288,15442,16029,18121,21724,25841,31118,36792,39352,43226,48591,31922,41928,8985,17802,1474,1830,2926,4659,3412,6950,4819,9826,6215,8098,5306,5310,11259,15580,8427,16652,276646,88160,34096,13627,100768,9329,1627
2021-05-15T23:59:59+02:00,7950,8250,15377,15976,18079,21686,25771,31074,36763,39316,43203,48564,31917,41925,8985,17802,1463,1794,2891,4586,3395,6889,4798,9742,6197,8056,5301,5305,11256,15580,8427,16652,276172,88108,34096,13623,100755,8986,1615
2021-05-14T23:59:59+02:00,7736,7819,15050,15511,17777,21257,25429,30617,36544,39011,43181,48541,31908,41921,8985,17800,1391,1723,2832,4490,3351,6789,4734,9584,6123,7943,5271,5265,11247,15575,8427,16651,275140,88033,33951,13604,98445,8208,1551
2021-05-13T23:59:59+02:00,7319,7425,14343,14978,17084,20636,24597,29894,35823,38384,42944,48230,31849,41824,8981,17792,1189,1634,2653,4384,3241,6668,4605,9424,6007,7814,5237,5238,11235,15558,8424,16648,268972,87911,33628,13526,98230,7249,1273
2021-05-12T23:59:59+02:00,6857,7091,13375,14335,16118,19890,24023,29505,35547,38120,42786,48055,31828,41804,8978,17789,1184,1633,2647,4377,3229,6665,4600,9414,6002,7808,5232,5235,11233,15556,8423,16647,262996,87863,33619,13516,98226,7246,1260
2021-05-11T23:59:59+02:00,6438,6838,12704,13816,14289,18382,21051,26927,33367,35874,41886,46967,31564,41416,8959,17749,1114,1529,2535,4221,3133,6446,4482,9130,5899,7617,5167,5172,11196,15501,8416,16631,246007,87436,33345,13308,97790,6360,1085
2021-05-10T23:59:59+02:00,6274,6729,12420,13692,13953,18156,20061,26239,32208,34982,41394,46383,31515,41350,8954,17732,1069,1446,2430,4070,3045,6239,4349,8860,5793,7447,5139,5147,11184,15484,8413,16623,240637,87340,33142,13249,97489,5375,774
2021-05-09T23:59:59+02:00,5776,6429,11235,13184,12960,17798,19055,25907,31744,34725,41348,46321,31493,41337,8951,17725,1038,1409,2339,3964,2950,6097,4224,8696,5711,7365,5129,5133,11179,15482,8408,16620,235337,87310,33072,13207,97160,4808,419
2021-05-08T23:59:59+02:00,5762,6419,11218,13165,12939,17785,19026,25870,31708,34683,41341,46315,31492,41333,8951,17725,1033,1402,2327,3959,2945,6097,4220,8689,5707,7363,5127,5128,11176,15479,8408,16620,235086,87283,33071,13207,97159,4774,416
2021-05-07T23:59:59+02:00,5648,6327,10991,12991,12645,17566,18344,25217,30818,33800,41202,46134,31446,41274,8948,17721,1005,1366,2288,3908,2903,6049,4161,8631,5628,7316,5082,5083,11165,15471,8408,16619,232631,87155,31191,13205,97053,4526,197
2021-05-06T23:59:59+02:00,5181,6023,10319,12583,11886,16883,16637,23669,28311,31395,40711,45610,31314,41092,8937,17704,936,1289,2149,3675,2743,5728,3962,8180,5459,7047,5040,5037,11146,15446,8406,16610,224078,86987,27878,12893,96262,2936,37
2021-05-05T23:59:59+02:00,4831,5770,9699,12132,11191,16295,15512,22593,25308,28518,40044,44768,31099,40808,8922,17670,913,1253,2089,3548,2686,5575,3866,7955,5366,6935,4996,4984,11119,15414,8404,16608,211392,86738,27697,12755,96042,2189,29
2021-05-04T23:59:59+02:00,4421,5237,9039,11466,10414,15447,14159,21266,21495,24864,39073,43714,30800,40376,8905,17641,887,1215,2030,3430,2613,5447,3776,7795,5277,6819,4966,4952,11091,15388,8402,16605,194595,86540,27679,12464,96019,1665,24
2021-05-03T23:59:59+02:00,4155,4768,8616,10951,9943,14830,13594,20615,20818,24262,38843,43489,30731,40289,8902,17626,871,1175,1961,3327,2559,5339,3722,7678,5228,6742,4954,4942,11077,15372,8399,16600,188795,86406,27667,12457,95957,1070,13
2021-05-02T23:59:59+02:00,4151,4765,8599,10944,9934,14824,13575,20604,20805,24256,38842,43488,30730,40288,8901,17626,864,1152,1932,3246,2512,5240,3675,7554,5210,6685,4952,4940,11076,15368,8399,16598,188717,86389,27656,12428,95950,577,9
2021-05-01T23:59:59+02:00,4148,4752,8586,10936,9927,14815,13567,20601,20797,24248,38842,43486,30730,40288,8901,17626,864,1152,1931,3246,2512,5240,3675,7554,5210,6685,4952,4940,11076,15368,8399,16598,188636,86389,27656,12428,95950,577,8
2021-04-30T23:59:59+02:00,4120,4721,8547,10905,9885,14781,13503,20558,20686,24063,38589,43203,30713,40271,8900,17626,859,1148,1921,3239,2510,5231,3673,7547,5207,6680,4950,4937,11072,15367,8399,16598,187731,86368,27387,12425,95945,537,8
2021-04-29T23:59:59+02:00,3821,4520,8101,10640,9372,14501,12998,20184,19414,22651,36121,40484,30521,39974,8891,17596,845,1128,1867,3173,2468,5163,3606,7409,5118,6594,4922,4903,11052,15334,8397,16593,182294,86180,21637,12268,95851,117,7
2021-04-28T23:59:59+02:00,3643,4445,7834,10524,8977,14326,12621,19943,18857,22106,32471,36319,30337,39736,8881,17577,823,1110,1840,3128,2424,5119,3571,7355,5056,6531,4860,4847,11006,15285,8395,16583,171301,85982,21485,11846,95808,102,3
2021-04-27T23:59:59+02:00,3538,4372,7573,10391,8638,14161,12117,19702,18316,21515,27028,30259,30045,39336,8864,17551,806,1096,1812,3089,2389,5071,3521,7301,4997,6454,4813,4785,10973,15235,8392,16576,156193,85782,21464,11426,95746,99,3
2021-04-26T23:59:59+02:00,3471,4333,7433,10330,8474,14095,11882,19640,17801,21127,27007,30233,30035,39328,8864,17551,782,1067,1753,3028,2327,5023,3458,7219,4900,6351,4719,4716,10910,15164,8391,16573,155630,85673,21245,10606,94726,99,3
2021-04-25T23:59:59+02:00,3425,4309,7270,10282,8229,14045,11548,19599,16108,19606,26445,29669,29986,39272,8864,17548,782,1065,1746,3025,2321,5019,3453,7212,4896,6341,4717,4713,10902,15152,8391,16573,155155,85651,21234,10569,89813,85,3
2021-04-24T23:59:59+02:00,3418,4301,7256,10272,8221,14037,11534,19590,16088,19587,26407,29608,29983,39269,8864,17548,782,1065,1746,3024,2320,5019,3453,7212,4896,6341,4717,4712,10900,15151,8391,16573,154964,85645,21231,10569,89785,85,3
2021-04-23T23:59:59+02:00,3396,4281,7220,10231,8177,13990,11466,19534,16022,19511,26000,29118,29952,39225,8862,17545,772,1056,1729,3016,2302,4992,3396,7170,4794,6239,4576,4585,10744,14968,8385,16560,153802,85360,21092,9836,89633,85,3
2021-04-22T23:59:59+02:00,3304,4174,7020,10053,7606,13552,10150,18683,14593,18538,24050,26732,29778,39017,8847,17521,697,992,1628,2909,2180,4842,3228,6995,4610,6041,4437,4416,10232,14316,8358,16496,149089,83459,15843,8845,88683,70,3
2021-04-21T23:59:59+02:00,3244,4122,6889,9966,7402,13400,9766,18432,14119,18061,21577,23635,29548,38717,8830,17501,643,962,1556,2829,2090,4747,3099,6856,4449,5871,4256,4249,9669,13551,8324,16425,142235,81684,15076,7826,87895,63,3
2021-04-20T23:59:59+02:00,3194,4078,6786,9880,7265,13286,9495,18208,13622,17606,18253,19675,29303,38328,8818,17470,606,928,1480,2759,2011,4668,2992,6732,4318,5720,4070,4045,8817,12349,8268,16302,133594,78809,14832,7195,86838,58,3
2021-04-19T23:59:59+02:00,3178,4069,6743,9842,7208,13251,9423,18136,13478,17477,17942,19317,29275,38297,8817,17466,529,882,1377,2666,1910,4572,2859,6568,4128,5538,3820,3752,7005,9927,8091,15964,133290,73089,14636,6443,85990,53,3
2021-04-18T23:59:59+02:00,3157,4055,6663,9816,7099,13202,9205,18070,12597,17320,16626,17946,29223,38249,8813,17459,524,877,1368,2657,1893,4565,2825,6541,4072,5486,3745,3685,6593,9301,8057,15899,133083,71635,14495,6400,81919,50,3
2021-04-17T23:59:59+02:00,3145,4051,6647,9796,7066,13176,9166,18035,12568,17297,16571,17896,29178,38185,8812,17459,524,875,1368,2655,1892,4562,2820,6536,4070,5481,3744,3683,6588,9301,8056,15898,132731,71600,14494,6400,81820,50,3
2021-04-16T23:59:59+02:00,3128,4035,6612,9779,7017,13140,9086,17975,12439,17173,16293,17576,28725,37606,8811,17454,524,873,1363,2650,1883,4560,2815,6529,4064,5473,3739,3678,6571,9273,8056,15896,131233,71506,14486,6390,81127,48,3
2021-04-15T23:59:59+02:00,3070,3968,6479,9672,6819,12959,8739,17702,11904,16611,15117,16154,26882,35199,8796,17436,515,862,1359,2629,1868,4535,2790,6501,4018,5416,3688,3606,6542,9225,8048,15886,125409,71195,14210,6253,77885,37,3
2021-04-14T23:59:59+02:00,3003,3914,6391,9571,6673,12797,8465,17438,11390,16091,13799,14536,22538,29580,8783,17396,511,855,1348,2622,1856,4516,2765,6478,3979,5374,3633,3558,6487,9170,8026,15860,113296,70917,14176,6102,74890,16,3
2021-04-13T23:59:59+02:00,2944,3875,6260,9483,6534,12665,8167,17190,10922,15626,11039,11393,19791,25861,8763,17364,491,825,1303,2576,1800,4458,2650,6369,3796,5206,3419,3378,6357,9045,8018,15845,105098,70585,13982,4936,68794,12,3
2021-04-12T23:59:59+02:00,2917,3858,6198,9449,6429,12574,7973,17058,10643,15402,9364,9540,19373,25349,8762,17357,483,814,1287,2560,1779,4439,2617,6326,3743,5153,3358,3335,6325,9003,8014,15826,104981,70452,13927,4597,63335,10,3
2021-04-11T23:59:59+02:00,2882,3846,6104,9424,6307,12536,7808,17006,10438,15294,7266,7338,18521,24326,8760,17355,483,814,1286,2558,1779,4439,2616,6326,3742,5150,3353,3334,6319,9001,8014,15826,104914,70443,13921,4587,56374,8,2
2021-04-10T23:59:59+02:00,2880,3844,6094,9419,6299,12531,7803,17001,10427,15283,7260,7328,18514,24322,8760,17355,483,811,1284,2555,1778,4437,2613,6323,3739,5149,3344,3321,6312,8989,8014,15826,104833,70388,13920,4580,56365,8,2
2021-04-09T23:59:59+02:00,2806,3722,5964,9219,6133,12260,7540,16574,10119,14795,7126,7155,18408,24157,8759,17353,478,804,1266,2546,1753,4419,2577,6275,3659,5063,3216,3211,6194,8903,8010,15823,104369,70311,13891,3878,53828,6,2
2021-04-08T23:59:59+02:00,2723,3642,5860,9093,6029,12131,7364,16395,9881,14606,6940,6884,17168,22732,8749,17327,470,798,1254,2514,1727,4378,2549,6209,3604,5006,3147,3163,6117,8798,7992,15787,100750,69886,13537,3620,53235,5,2
2021-04-07T23:59:59+02:00,2686,3601,5789,9022,5939,12061,7229,16288,9640,14454,6622,6532,14890,19836,8730,17285,464,796,1242,2500,1717,4355,2533,6172,3534,4946,3077,3112,6062,8742,7986,15760,94620,69612,13376,3380,52606,4,2
2021-04-06T23:59:59+02:00,2660,3565,5708,8956,5854,11985,7068,16167,9406,14263,6144,6049,12962,17396,8707,17231,462,787,1235,2477,1707,4330,2501,6129,3466,4883,2999,3066,6019,8689,7980,15744,89640,69370,13078,3098,51401,4,2
2021-04-05T23:59:59+02:00,2651,3553,5693,8939,5842,11965,7054,16151,9388,14238,5966,5884,11755,16183,8706,17230,456,778,1233,2461,1700,4315,2481,6097,3431,4843,2973,3026,6001,8649,7974,15729,89567,69181,13044,2962,48586,3,1
2021-04-04T23:59:59+02:00,2651,3553,5691,8936,5840,11965,7052,16151,9386,14238,5961,5880,11755,16181,8706,17230,456,778,1233,2461,1700,4315,2480,6097,3431,4843,2973,3026,5999,8649,7973,15729,89558,69177,13044,2962,48573,3,1
2021-04-03T23:59:59+02:00,2650,3544,5683,8929,5834,11962,7050,16148,9383,14235,5958,5876,11749,16178,8706,17230,456,778,1233,2461,1700,4315,2479,6097,3431,4842,2973,3026,5999,8649,7973,15729,89502,69175,13044,2962,48568,3,1
2021-04-02T23:59:59+02:00,2648,3541,5678,8926,5831,11960,7047,16147,9378,14233,5955,5870,11735,16150,8705,17229,454,776,1232,2461,1698,4314,2479,6095,3430,4836,2945,3010,5991,8640,7973,15729,89424,69098,13041,2961,48567,3,1
2021-04-01T23:59:59+02:00,2625,3534,5650,8895,5787,11915,7004,16094,9319,14176,5862,5774,11443,15800,8686,17190,452,762,1230,2453,1691,4304,2463,6081,3400,4813,2890,2967,5921,8553,7912,15633,88434,68563,13019,2958,48300,3,1
2021-03-31T23:59:59+02:00,2589,3500,5573,8825,5720,11821,6898,15985,9187,14035,5726,5635,10889,15054,8649,17113,445,754,1225,2442,1685,4289,2455,6064,3380,4781,2858,2934,5862,8478,7871,15552,86458,68116,12805,2956,47936,3,0
2021-03-30T23:59:59+02:00,2565,3479,5524,8767,5661,11741,6825,15887,9087,13887,5534,5420,9980,13699,8587,16963,442,752,1219,2435,1675,4274,2436,6042,3343,4734,2796,2862,5762,8364,7763,15338,83378,67417,12423,2817,47805,3,0
2021-03-29T23:59:59+02:00,2490,3418,5422,8652,5554,11591,6661,15656,8852,13633,5184,5049,8024,11148,8405,16602,434,746,1208,2428,1660,4260,2413,6013,3306,4676,2731,2801,5617,8230,7594,15043,77326,66476,11623,2681,47392,3,0
2021-03-28T23:59:59+02:00,2467,3405,5376,8585,5476,11519,6576,15567,8735,13511,5062,4901,7379,10220,8350,16505,425,739,1193,2410,1637,4232,2361,5949,3245,4579,2645,2727,5497,8076,7534,14921,75053,66012,11364,2156,47217,2,0
2021-03-27T23:59:59+01:00,2466,3400,5366,8578,5472,11505,6560,15545,8724,13498,5035,4874,7369,10218,8350,16504,425,739,1191,2409,1636,4226,2355,5946,3238,4573,2641,2723,5472,8027,7463,14797,74947,65703,11364,2156,47153,2,0
2021-03-26T23:59:59+01:00,2448,3375,5330,8541,5431,11457,6478,15468,8572,13345,4867,4724,7218,10057,8349,16496,421,731,1185,2393,1616,4197,2331,5913,3201,4515,2582,2660,5134,7567,6912,13825,74610,63062,10528,2119,47018,2,0
2021-03-25T23:59:59+01:00,2335,3288,5154,8321,5260,11184,6269,15181,8355,13076,4727,4582,7139,9955,8346,16490,412,715,1164,2369,1589,4165,2290,5858,3128,4435,2478,2558,4498,6707,6046,12455,74165,58966,9585,1900,45912,1,0
2021-03-24T23:59:59+01:00,2231,3227,5024,8157,5093,10991,6100,14936,8156,12858,4597,4433,7036,9844,8341,16483,407,703,1149,2340,1553,4114,2234,5787,3038,4337,2347,2442,3782,5656,4956,10699,73795,53990,8424,1553,45288,1,0
2021-03-23T23:59:59+01:00,2150,3168,4919,8038,5004,10847,5979,14747,8044,12700,4517,4352,6975,9791,8334,16466,394,675,1128,2303,1524,4053,2185,5699,2959,4248,2255,2347,3043,4572,3359,7934,73407,47273,7709,1404,44915,1,0
2021-03-22T23:59:59+01:00,2064,3095,4797,7903,4870,10672,5816,14499,7875,12510,4411,4247,6916,9690,8320,16427,363,655,1104,2264,1477,3985,2119,5589,2861,4088,2147,2208,2204,3439,1197,4295,72912,38826,6675,1169,44525,0,0
2021-03-21T23:59:59+01:00,2062,3088,4787,7888,4857,10660,5797,14483,7848,12488,4392,4230,6898,9681,8319,16427,362,655,1098,2250,1466,3951,2102,5554,2832,4036,2107,2161,2163,3397,1184,4254,72890,38685,6625,887,44390,0,0
2021-03-20T23:59:59+01:00,2062,3088,4787,7886,4856,10658,5796,14483,7840,12483,4390,4229,6891,9675,8319,16427,362,655,1098,2250,1466,3951,2102,5554,2830,4035,2106,2158,2163,3397,1184,4254,72882,38683,6625,882,44363,0,0
2021-03-19T23:59:59+01:00,1988,2743,4258,6633,4471,9696,5534,13953,7620,12131,4282,4145,6832,9619,8319,16427,361,655,1098,2250,1466,3950,2102,5553,2829,4035,2104,2156,2158,3392,1183,4252,72815,38668,6615,876,39221,0,0
2021-03-18T23:59:59+01:00,1913,2408,3824,5581,3931,8209,4659,11283,6326,9133,3987,3915,6652,9419,8299,16392,360,650,1090,2238,1459,3925,2073,5512,2805,4014,2086,2140,2133,3364,1179,4245,72383,38479,6549,794,26999,0,0
2021-03-17T23:59:59+01:00,1907,2397,3814,5556,3912,8181,4634,11214,6274,9058,3951,3869,6616,9381,8292,16367,356,648,1086,2231,1454,3916,2064,5495,2791,3988,2064,2112,2112,3351,1173,4229,72118,38325,6489,745,26816,0,0
2021-03-16T23:59:59+01:00,1876,2355,3762,5476,3838,8076,4494,11039,6066,8860,3728,3680,6490,9241,8287,16344,354,643,1085,2212,1449,3903,2054,5481,2781,3968,2056,2099,2099,3325,1166,4200,71806,38160,5207,715,26599,0,0
2021-03-15T23:59:59+01:00,1866,2331,3739,5443,3809,8038,4443,10974,5986,8779,3650,3619,6441,9184,8281,16320,351,637,1076,2197,1442,3898,2038,5442,2765,3943,2037,2063,2078,3267,1158,4164,71581,37947,4849,609,26473,0,0
2021-03-14T23:59:59+01:00,1865,2328,3733,5437,3804,8027,4434,10950,5980,8763,3642,3610,6437,9176,8280,16319,351,637,1073,2196,1439,3896,2035,5440,2746,3937,2033,2061,2065,3256,1155,4162,71549,37940,4833,542,26403,0,0
2021-03-13T23:59:59+01:00,1862,2320,3721,5420,3794,8020,4417,10938,5967,8750,3639,3607,6436,9174,8280,16319,351,637,1073,2196,1439,3896,2035,5439,2746,3936,2032,2059,2065,3255,1147,4157,71529,37921,4828,542,26307,0,0
2021-03-12T23:59:59+01:00,1816,2251,3158,5288,3369,7914,4289,10808,5741,8468,3466,3469,6312,9063,8257,16279,346,614,1068,2166,1430,3869,2017,5368,2683,3824,1860,1936,2010,3208,1143,4151,71316,37159,4098,534,24534,0,0
2021-03-11T23:59:59+01:00,1714,2109,2775,5055,2989,7685,3997,10385,5147,7652,3288,3335,6205,8943,8230,16240,345,614,1065,2152,1427,3850,2009,5346,2675,3809,1854,1929,1995,3189,1139,4135,70748,37038,3834,495,21167,0,0
2021-03-10T23:59:59+01:00,1686,2076,2741,5017,2959,7623,3943,10297,5029,7546,3160,3229,6093,8822,8201,16189,343,611,1063,2150,1425,3840,2004,5332,2662,3791,1838,1918,1969,3161,1129,4121,70342,36957,3502,400,20767,0,0
2021-03-09T23:59:59+01:00,1682,2064,2725,4992,2937,7582,3903,10236,4947,7466,3065,3147,6000,8719,8111,15997,340,609,1060,2143,1416,3827,1973,5308,2625,3763,1790,1892,1922,3136,1118,4112,69745,36929,3232,105,20596,0,0
2021-03-08T23:59:59+01:00,1671,2052,2703,4970,2917,7551,3884,10191,4920,7405,3028,3109,5902,8627,7962,15728,340,609,1057,2138,1409,3808,1955,5280,2606,3736,1773,1875,1896,3113,1113,4095,68956,36789,3224,14,20440,0,0
2021-03-07T23:59:59+01:00,1664,2042,2687,4935,2892,7510,3856,10136,4888,7352,2993,3077,5827,8510,7898,15603,340,608,1057,2137,1408,3800,1952,5273,2604,3731,1768,1872,1893,3109,1111,4089,68422,36740,3171,12,20277,0,0
2021-03-06T23:59:59+01:00,1662,2040,2682,4925,2888,7500,3846,10129,4873,7337,2982,3065,5793,8444,7822,15460,340,606,1055,2135,1408,3799,1946,5264,2602,3728,1762,1865,1888,3107,1111,4086,68028,36690,3171,12,20249,0,0
2021-03-05T23:59:59+01:00,1582,1958,2603,4769,2834,7341,3761,9925,4778,7155,2937,3012,5425,7953,7265,14466,340,606,1053,2132,1401,3795,1946,5262,2597,3722,1754,1862,1883,3104,1106,4082,65367,36633,3169,12,19228,0,0
2021-03-04T23:59:59+01:00,1409,1833,2455,4581,2670,7073,3605,9586,4530,6842,2839,2899,4774,7102,6386,13041,337,597,1040,2105,1388,3757,1919,5208,2573,3686,1726,1841,1852,3053,1084,4037,61149,36191,3167,12,17309,0,0
2021-03-03T23:59:59+01:00,1366,1776,2387,4476,2609,6949,3523,9424,4434,6712,2758,2830,4115,6070,5297,11304,334,587,1028,2079,1376,3731,1905,5158,2503,3631,1697,1810,1826,3025,1069,4012,56126,35759,3141,12,16763,0,0
2021-03-02T23:59:59+01:00,1326,1737,2338,4415,2563,6858,3437,9303,4297,6571,2649,2704,3328,4946,3599,8395,329,578,1021,2054,1367,3689,1888,5108,2475,3608,1688,1796,1804,3000,1059,3985,49062,35437,2892,12,16512,0,0
2021-03-01T23:59:59+01:00,1264,1700,2286,4353,2489,6776,3340,9168,4161,6381,2517,2580,2409,3704,1248,4443,327,574,1012,2043,1357,3670,1881,5090,2463,3594,1674,1786,1786,2981,1049,3958,40023,35233,2504,12,16292,0,0
2021-02-28T23:59:59+01:00,1229,1689,2247,4317,2463,6732,3288,9108,4095,6322,2452,2538,2368,3671,1242,4427,326,573,1011,2037,1355,3654,1877,5080,2457,3587,1667,1775,1773,2970,1042,3943,39925,35115,2211,12,16052,0,0
2021-02-27T23:59:59+01:00,1183,1574,2178,4088,2408,6502,3223,8798,4006,6089,2402,2485,2348,3652,1240,4427,326,573,1010,2037,1355,3654,1877,5079,2456,3587,1667,1774,1771,2970,1042,3943,39819,35109,2211,12,14573,0,0
2021-02-26T23:59:59+01:00,983,1283,1994,3682,2242,5822,3014,7864,3699,5369,2373,2457,2333,3640,1237,4425,326,573,1010,2034,1353,3652,1875,5078,2454,3586,1667,1771,1765,2967,1040,3938,39798,35077,2123,12,10496,0,0
2021-02-25T23:59:59+01:00,606,1103,1734,3482,2057,5525,2817,7458,3487,5093,2300,2390,2297,3586,1233,4411,319,551,992,1988,1335,3595,1848,4999,2424,3530,1644,1744,1731,2925,1016,3906,39602,34536,1866,11,8111,0,0
2021-02-24T23:59:59+01:00,583,1081,1697,3385,1999,5385,2748,7267,3423,4972,2241,2343,2262,3557,1227,4379,309,542,981,1967,1322,3546,1838,4943,2405,3487,1634,1727,1720,2906,1006,3882,39418,34212,1695,3,7436,0,0
2021-02-23T23:59:59+01:00,557,1032,1634,3288,1949,5242,2668,7136,3330,4870,2190,2289,2223,3502,1217,4352,308,537,976,1950,1315,3517,1829,4909,2379,3461,1619,1703,1697,2872,995,3831,39271,33895,1421,3,6787,0,0
2021-02-22T23:59:59+01:00,535,989,1584,3194,1908,5097,2605,6913,3274,4736,2183,2192,2209,3430,1213,4310,307,533,972,1937,1308,3490,1812,4875,2363,3430,1600,1682,1671,2843,982,3785,39065,33589,1156,1,6151,0,0
2021-02-21T23:59:59+01:00,525,930,1523,3056,1860,4949,2549,6752,3196,4644,2147,2160,2184,3412,1205,4305,307,531,968,1929,1308,3481,1808,4864,2359,3423,1599,1679,1670,2841,982,3784,39025,33532,924,1,5448,0,0
2021-02-20T23:59:59+01:00,520,924,1515,3053,1854,4949,2547,6748,3191,4641,2144,2159,2184,3411,1204,4305,307,531,968,1928,1308,3480,1808,4863,2358,3423,1598,1678,1666,2841,982,3782,39021,33520,919,1,5409,0,0
2021-02-19T23:59:59+01:00,495,884,1486,2991,1829,4891,2504,6644,3097,4501,1969,2029,2126,3365,1201,4299,305,530,967,1925,1307,3480,1808,4858,2355,3421,1596,1677,1664,2840,982,3781,38273,33495,900,1,5138,0,0
2021-02-18T23:59:59+01:00,458,804,1382,2762,1729,4641,2363,6370,2997,4346,1944,2013,2112,3348,1197,4293,305,525,957,1889,1299,3443,1790,4813,2339,3389,1586,1670,1649,2827,971,3765,38199,33216,826,1,3734,0,0
2021-02-17T23:59:59+01:00,441,752,1342,2642,1667,4460,2297,6126,2938,4218,1930,1997,2090,3330,1183,4284,294,503,920,1804,1258,3303,1726,4653,2265,3263,1509,1601,1575,2711,926,3661,38044,31971,775,1,2878,0,0
2021-02-16T23:59:59+01:00,416,710,1289,2527,1621,4330,2233,5960,2867,4115,1921,1991,2084,3325,1178,4273,286,478,889,1725,1206,3159,1666,4442,2197,3108,1457,1547,1516,2607,898,3541,37985,30721,744,1,2111,0,0
2021-02-15T23:59:59+01:00,401,669,1216,2396,1580,4254,2201,5912,2837,4077,1900,1974,2065,3295,1172,4255,277,455,866,1680,1174,3078,1605,4307,2127,3000,1383,1487,1462,2492,857,3371,37881,29620,631,1,1692,0,0
2021-02-14T23:59:59+01:00,391,662,1188,2324,1523,4094,2157,5832,2807,4040,1896,1972,2052,3285,1171,4249,270,447,847,1655,1155,3036,1566,4256,2089,2974,1366,1466,1437,2452,843,3332,37865,29190,564,1,1214,0,0
2021-02-13T23:59:59+01:00,390,662,1188,2324,1523,4093,2155,5831,2807,4040,1895,1970,2051,3285,1171,4246,270,447,847,1655,1155,3036,1565,4255,2088,2974,1365,1463,1436,2451,843,3331,37854,29180,564,1,1213,0,0
2021-02-12T23:59:59+01:00,384,658,1173,2315,1517,4080,2151,5821,2801,4035,1883,1960,2044,3272,1167,4243,268,445,842,1651,1149,3025,1544,4238,2072,2958,1351,1448,1423,2419,836,3299,37786,28967,556,1,1162,0,0
2021-02-11T23:59:59+01:00,360,627,1102,2215,1467,3943,2049,5558,2727,3935,1858,1935,2002,3207,1146,4192,244,411,796,1541,1066,2801,1426,3896,1881,2661,1170,1259,1265,2138,743,2977,37416,26275,518,0,389,0,0
2021-02-10T23:59:59+01:00,352,618,1076,2168,1427,3865,1994,5378,2623,3770,1805,1891,1958,3172,1127,4168,219,358,697,1338,935,2397,1226,3298,1661,2298,1019,1093,1118,1892,648,2657,37011,22854,380,0,1,0,0
2021-02-09T23:59:59+01:00,346,606,1066,2135,1412,3811,1945,5308,2562,3716,1741,1853,1891,3123,1109,4147,183,275,587,1072,785,1947,1019,2683,1401,1939,883,942,945,1592,542,2289,36709,19084,61,0,1,0,0
2021-02-08T23:59:59+01:00,345,604,1060,2127,1402,3795,1940,5282,2544,3703,1725,1840,1873,3106,1103,4123,128,227,479,860,628,1513,807,2041,1144,1523,708,763,754,1277,432,1863,36554,15147,17,0,1,0,0
2021-02-07T23:59:59+01:00,344,604,1060,2126,1401,3787,1936,5280,2538,3700,1718,1830,1857,3099,1098,4118,119,198,423,714,552,1334,722,1830,1055,1381,637,685,676,1156,373,1654,36482,13509,14,0,0,0,0
2021-02-06T23:59:59+01:00,344,603,1059,2125,1401,3785,1936,5278,2538,3697,1718,1829,1851,3097,1096,4116,118,197,418,711,548,1308,706,1808,1043,1365,635,680,671,1152,372,1651,36459,13383,14,0,0,0,0
2021-02-05T23:59:59+01:00,344,602,1056,2122,1399,3774,1932,5265,2531,3693,1718,1824,1842,3090,1088,4106,113,188,400,693,530,1280,676,1753,993,1302,601,628,623,1076,350,1568,36372,12774,14,0,0,0,0
2021-02-04T23:59:59+01:00,335,583,1045,2085,1381,3725,1911,5186,2515,3649,1703,1803,1814,3054,1072,4078,83,144,295,460,377,855,466,1187,681,888,471,462,483,846,277,1257,35925,9232,14,0,0,0,0
2021-02-03T23:59:59+01:00,329,570,1026,2061,1368,3683,1895,5134,2483,3609,1684,1781,1796,3033,1062,4064,66,116,245,395,303,662,369,925,508,653,316,327,353,608,197,915,35564,6958,14,0,0,0,0
2021-02-02T23:59:59+01:00,324,558,1022,2036,1358,3651,1884,5081,2457,3582,1670,1760,1767,2994,1044,4019,43,93,189,312,254,508,274,734,372,501,217,207,221,416,133,589,35193,5063,14,0,0,0,0
2021-02-01T23:59:59+01:00,323,554,1017,2029,1355,3634,1876,5060,2448,3566,1664,1749,1752,2978,1039,4007,22,62,141,224,174,328,174,481,236,287,104,114,99,198,64,263,35037,2971,14,0,0,0,0
2021-01-31T23:59:59+01:00,322,552,1015,2021,1352,3625,1872,5039,2444,3552,1661,1742,1748,2970,1036,3998,20,55,123,196,155,280,157,403,199,248,89,100,90,172,57,228,34935,2572,14,0,0,0,0
2021-01-30T23:59:59+01:00,322,552,1015,2021,1352,3625,1872,5039,2443,3552,1661,1742,1748,2969,1036,3997,20,55,123,196,155,278,154,401,198,247,89,100,90,172,57,228,34932,2563,14,0,0,0,0
2021-01-29T23:59:59+01:00,320,549,1014,2018,1350,3617,1867,5031,2440,3549,1654,1732,1739,2959,1030,3978,18,53,121,186,146,271,140,374,168,220,64,74,81,148,50,199,34833,2313,14,0,0,0,0
2021-01-28T23:59:59+01:00,315,539,992,1955,1329,3555,1840,4969,2411,3490,1632,1714,1710,2924,1014,3949,0,3,8,14,9,18,13,45,8,18,7,6,8,7,1,12,34325,177,13,0,0,0,0
2021-01-27T23:59:59+01:00,308,514,958,1876,1295,3438,1777,4845,2352,3401,1581,1670,1665,2851,980,3876,0,2,4,4,5,13,8,20,5,11,6,6,8,7,1,11,33378,111,9,0,0,0,0
2021-01-26T23:59:59+01:00,302,503,947,1863,1281,3399,1759,4784,2323,3344,1547,1638,1628,2778,965,3797,0,2,4,4,5,13,8,20,5,11,6,6,8,7,1,11,32851,111,7,0,0,0,0
2021-01-25T23:59:59+01:00,289,470,895,1748,1218,3220,1666,4512,2220,3157,1492,1587,1570,2687,925,3634,0,2,1,1,1,3,5,3,5,6,6,5,7,7,1,11,31288,64,2,0,0,0,0
2021-01-24T23:59:59+01:00,286,466,883,1728,1207,3198,1636,4477,2193,3140,1483,1578,1561,2676,919,3627,0,2,1,0,1,3,5,3,5,6,5,5,7,7,1,11,31056,62,2,0,0,0,0
2021-01-23T23:59:59+01:00,286,466,883,1728,1206,3197,1636,4473,2192,3139,1482,1578,1560,2675,918,3622,0,2,1,0,1,3,5,3,5,6,5,5,7,7,1,11,31039,62,2,0,0,0,0
2021-01-22T23:59:59+01:00,284,464,878,1725,1202,3190,1631,4468,2181,3132,1471,1567,1553,2655,913,3604,0,2,1,0,1,3,5,3,5,6,5,5,7,7,1,11,30916,62,2,0,0,0,0
2021-01-21T23:59:59+01:00,272,451,850,1653,1177,3063,1574,4303,2094,2999,1375,1472,1422,2477,844,3446,0,2,1,0,1,3,4,2,4,6,4,4,6,7,0,11,29470,55,2,0,0,0,0
2021-01-20T23:59:59+01:00,248,397,771,1486,1088,2732,1424,3837,1933,2694,1258,1329,1308,2294,783,3246,0,2,1,0,1,3,4,2,4,6,4,4,6,7,0,11,26826,55,2,0,0,0,0
2021-01-19T23:59:59+01:00,215,321,660,1229,941,2278,1202,3225,1654,2292,1077,1144,1100,1924,646,2781,0,1,1,0,1,2,4,1,3,6,3,4,6,7,0,11,22687,50,2,0,0,0,0
2021-01-18T23:59:59+01:00,150,257,518,958,729,1733,924,2344,1300,1762,843,913,876,1542,502,2214,0,0,0,0,0,0,0,0,2,2,1,1,0,0,0,0,17564,6,1,0,0,0,0
2021-01-17T23:59:59+01:00,136,219,450,788,642,1504,821,2093,1192,1585,787,833,791,1398,445,2022,0,0,0,0,0,0,0,0,0,1,0,0,0,0,0,0,15706,1,0,0,0,0,0
2021-01-16T23:59:59+01:00,135,218,447,787,640,1496,810,2089,1184,1579,786,828,785,1386,438,2008,0,0,0,0,0,0,0,0,0,0,0,0,0,0,0,0,15616,0,0,0,0,0,0
2021-01-15T23:59:59+01:00,125,209,432,769,614,1456,776,2009,1124,1495,743,774,739,1300,412,1898,0,0,0,0,0,0,0,0,0,0,0,0,0,0,0,0,14875,0,0,0,0,0,0
2021-01-14T23:59:59+01:00,84,151,310,487,414,925,524,1299,766,987,542,538,544,962,317,1441,0,0,0,0,0,0,0,0,0,0,0,0,0,0,0,0,10291,0,0,0,0,0,0
2021-01-13T23:59:59+01:00,66,120,254,411,333,695,400,984,543,689,332,345,374,659,219,993,0,0,0,0,0,0,0,0,0,0,0,0,0,0,0,0,7417,0,0,0,0,0,0
2021-01-12T23:59:59+01:00,53,102,208,352,269,564,290,807,399,537,223,221,231,448,150,663,0,0,0,0,0,0,0,0,0,0,0,0,0,0,0,0,5517,0,0,0,0,0,0
2021-01-11T23:59:59+01:00,37,78,181,302,221,460,222,638,294,378,134,137,128,270,83,380,0,0,0,0,0,0,0,0,0,0,0,0,0,0,0,0,3943,0,0,0,0,0,0
2021-01-10T23:59:59+01:00,27,69,160,246,188,380,181,529,249,322,115,115,113,226,72,306,0,0,0,0,0,0,0,0,0,0,0,0,0,0,0,0,3298,0,0,0,0,0,0
2021-01-09T23:59:59+01:00,27,69,160,244,187,379,180,524,248,321,115,115,113,226,72,306,0,0,0,0,0,0,0,0,0,0,0,0,0,0,0,0,3286,0,0,0,0,0,0
2021-01-08T23:59:59+01:00,25,67,157,234,179,370,165,495,220,295,93,97,107,210,66,284,0,0,0,0,0,0,0,0,0,0,0,0,0,0,0,0,3064,0,0,0,0,0,0
2021-01-07T23:59:59+01:00,1,3,4,7,8,12,11,6,17,12,9,12,16,20,1,31,0,0,0,0,0,0,0,0,0,0,0,0,0,0,0,0,170,0,0,0,0,0,0
2021-01-06T23:59:59+01:00,0,2,1,1,1,5,5,2,5,7,5,5,8,8,0,13,0,0,0,0,0,0,0,0,0,0,0,0,0,0,0,0,68,0,0,0,0,0,0
2021-01-05T23:59:59+01:00,0,2,1,1,1,5,5,2,5,6,5,5,7,7,0,12,0,0,0,0,0,0,0,0,0,0,0,0,0,0,0,0,64,0,0,0,0,0,0
2021-01-04T23:59:59+01:00,0,2,1,1,1,4,4,2,5,6,4,4,6,7,0,12,0,0,0,0,0,0,0,0,0,0,0,0,0,0,0,0,59,0,0,0,0,0,0
2021-01-03T23:59:59+01:00,0,2,1,0,1,4,4,2,5,6,3,4,6,7,0,12,0,0,0,0,0,0,0,0,0,0,0,0,0,0,0,0,57,0,0,0,0,0,0
2021-01-02T23:59:59+01:00,0,2,1,0,1,4,4,2,5,6,3,4,6,7,0,12,0,0,0,0,0,0,0,0,0,0,0,0,0,0,0,0,57,0,0,0,0,0,0
2021-01-01T23:59:59+01:00,0,2,1,0,1,3,4,2,5,6,3,4,6,7,0,12,0,0,0,0,0,0,0,0,0,0,0,0,0,0,0,0,56,0,0,0,0,0,0
2020-12-31T23:59:59+01:00,0,2,1,0,1,3,4,2,5,6,3,4,6,7,0,12,0,0,0,0,0,0,0,0,0,0,0,0,0,0,0,0,56,0,0,0,0,0,0
2020-12-30T23:59:59+01:00,0,2,1,0,1,3,4,2,5,6,3,4,6,7,0,12,0,0,0,0,0,0,0,0,0,0,0,0,0,0,0,0,56,0,0,0,0,0,0
2020-12-29T23:59:59+01:00,0,1,1,0,1,2,4,1,4,6,3,4,6,7,0,12,0,0,0,0,0,0,0,0,0,0,0,0,0,0,0,0,52,0,0,0,0,0,0
2020-12-28T23:59:59+01:00,0,1,1,0,1,1,2,0,3,5,2,1,1,0,0,2,0,0,0,0,0,0,0,0,0,0,0,0,0,0,0,0,20,0,0,0,0,0,0
2020-12-27T23:59:59+01:00,0,1,1,0,1,1,2,0,1,3,1,0,1,0,0,2,0,0,0,0,0,0,0,0,0,0,0,0,0,0,0,0,14,0,0,0,0,0,0
