Datum,<15_1_m,<15_1_w,15-24_1_m,15-24_1_w,25-34_1_m,25-34_1_w,35-44_1_m,35-44_1_w,45-54_1_m,45-54_1_w,55-64_1_m,55-64_1_w,65-74_1_m,65-74_1_w,75-84_1_m,75-84_1_w,>84_1_m,>84_1_w,<15_2_m,<15_2_w,15-24_2_m,15-24_2_w,25-34_2_m,25-34_2_w,35-44_2_m,35-44_2_w,45-54_2_m,45-54_2_w,55-64_2_m,55-64_2_w,65-74_2_m,65-74_2_w,75-84_2_m,75-84_2_w,>84_2_m,>84_2_w,bp_1,bp_2,mo_1,mo_2,az_1,az_2,ja,unb_1,unb_2
2021-11-29T23:59:59+01:00,8784,8159,46989,43987,62095,55536,61292,58843,70953,69942,78851,78237,55478,61193,37958,49217,11841,22612,6019,5685,40348,38419,55687,49381,56048,53825,66172,65328,75246,74694,53864,59384,37056,47886,11450,21777,656601,599506,79896,77231,105722,101770,39710,48,52
2021-11-28T23:59:59+01:00,8688,8059,46934,43928,62023,55466,61241,58786,70907,69884,78809,78200,55456,61172,37943,49191,11838,22601,5995,5663,40282,38336,55579,49298,55964,53761,66110,65269,75201,74659,53845,59367,37045,47880,11448,21773,655771,598731,79890,77217,105722,101770,39705,48,52
2021-11-27T23:59:59+01:00,8656,8035,46912,43911,62003,55440,61218,58763,70883,69870,78795,78183,55447,61169,37943,49190,11838,22600,5988,5655,40256,38315,55562,49290,55947,53751,66100,65264,75191,74653,53843,59364,37044,47880,11448,21773,655502,598580,79889,77217,105722,101770,39705,48,52
2021-11-26T23:59:59+01:00,8517,7939,46832,43853,61954,55383,61175,58716,70834,69827,78766,78156,55439,61151,37941,49181,11835,22596,5972,5647,40210,38284,55514,49251,55905,53714,66067,65236,75165,74631,53840,59358,37041,47878,11448,21773,654745,598194,79886,77213,105721,101770,39705,48,52
2021-11-25T23:59:59+01:00,8265,7709,46679,43739,61803,55204,61048,58603,70709,69707,78677,78058,55390,61096,37910,49152,11831,22584,5874,5522,39859,37948,55170,48932,55641,53473,65820,65048,75035,74530,53805,59319,37028,47854,11446,21761,652827,595371,79873,77167,105721,101770,39705,48,52
2021-11-24T23:59:59+01:00,8127,7586,46548,43642,61675,55072,60943,58474,70615,69604,78567,77956,55346,61033,37885,49106,11819,22553,5834,5478,39774,37862,55069,48816,55550,53364,65740,64954,74966,74473,53789,59277,37016,47828,11442,21752,651236,594325,79861,77142,105721,101770,39695,48,52
2021-11-23T23:59:59+01:00,7974,7446,46423,43526,61554,54900,60838,58332,70497,69485,78452,77845,55282,60954,37855,49055,11810,22532,5793,5432,39656,37769,54911,48687,55436,53282,65635,64854,74888,74395,53746,59230,37003,47803,11437,21741,649460,593061,79850,77125,105721,101769,39691,48,52
2021-11-22T23:59:59+01:00,7867,7342,46253,43414,61412,54744,60681,58221,70400,69370,78375,77751,55246,60893,37834,49016,11806,22513,5746,5382,39383,37569,54603,48482,55226,53111,65447,64711,74792,74323,53714,59191,36992,47786,11431,21734,647862,591021,79838,77102,105721,101769,39679,48,52
2021-11-21T23:59:59+01:00,7786,7272,46153,43323,61296,54639,60560,58148,70312,69290,78302,77682,55212,60849,37822,49003,11803,22503,5717,5353,39276,37490,54486,48398,55134,53045,65377,64645,74754,74279,53696,59176,36987,47769,11429,21729,646693,590145,79826,77097,105721,101769,39677,48,52
2021-11-20T23:59:59+01:00,7764,7246,46091,43257,61212,54567,60489,58101,70265,69253,78263,77654,55195,60833,37817,48996,11802,22502,5713,5351,39253,37477,54460,48384,55111,53025,65362,64638,74744,74275,53695,59172,36982,47768,11428,21729,646055,589980,79824,77097,105721,101769,39669,48,52
2021-11-19T23:59:59+01:00,7670,7151,45899,43083,61039,54383,60337,57945,70125,69160,78178,77579,55170,60807,37811,48980,11800,22496,5699,5335,39194,37427,54422,48351,55065,52989,65335,64613,74718,74261,53693,59160,36979,47765,11427,21726,644394,589604,79813,77088,105718,101767,39648,48,52
2021-11-18T23:59:59+01:00,7471,6949,45504,42756,60716,54013,60031,57682,69837,68926,78015,77412,55107,60731,37784,48927,11795,22475,5630,5268,38921,37177,54178,48150,54853,52812,65142,64458,74590,74196,53653,59117,36962,47735,11418,21717,640970,587478,79784,77062,105717,101765,39620,48,52
2021-11-17T23:59:59+01:00,7328,6829,45180,42525,60425,53750,59809,57465,69643,68732,77855,77250,55045,60675,37766,48877,11784,22459,5593,5239,38827,37107,54067,48060,54778,52748,65068,64397,74536,74139,53625,59091,36947,47713,11411,21712,638317,586627,79733,77026,105717,101764,39589,48,52
2021-11-16T23:59:59+01:00,7189,6715,44929,42322,60163,53490,59599,57262,69461,68553,77720,77107,54976,60603,37736,48826,11769,22431,5531,5187,38659,36956,53938,47925,54668,52642,64968,64308,74452,74066,53589,59043,36916,47683,11408,21699,635804,585229,79710,77014,105717,101764,39579,48,52
2021-11-15T23:59:59+01:00,7044,6592,44406,41929,59723,53127,59301,56991,69192,68330,77527,76932,54911,60528,37691,48780,11766,22421,5487,5139,38468,36786,53736,47767,54489,52513,64832,64190,74373,73996,53562,59009,36908,47663,11406,21690,632234,583687,79689,77001,105717,101764,39510,48,52
2021-11-14T23:59:59+01:00,6967,6523,44164,41756,59516,52947,59112,56839,69044,68201,77415,76862,54888,60494,37680,48763,11763,22414,5441,5094,38297,36653,53555,47615,54354,52409,64708,64094,74315,73925,53530,58986,36900,47644,11405,21685,630423,582301,79668,76994,105717,101764,39499,48,52
2021-11-13T23:59:59+01:00,6963,6517,44149,41745,59500,52934,59102,56829,69038,68195,77404,76858,54886,60493,37679,48761,11762,22414,5441,5092,38295,36653,53553,47615,54350,52405,64704,64090,74309,73922,53525,58982,36898,47635,11403,21684,630308,582247,79667,76994,105714,101764,39499,48,52
2021-11-12T23:59:59+01:00,6906,6477,44014,41608,59360,52838,58983,56722,68948,68127,77337,76820,54873,60478,37672,48749,11757,22409,5438,5084,38269,36634,53527,47600,54326,52392,64681,64076,74292,73911,53519,58976,36896,47632,11401,21682,629198,582057,79654,76992,105714,101764,39471,48,52
2021-11-11T23:59:59+01:00,6732,6289,43346,41094,58751,52330,58518,56345,68574,67795,77061,76632,54811,60409,37645,48709,11748,22398,5384,5022,38088,36502,53380,47466,54205,52280,64567,63977,74215,73863,53487,58947,36884,47614,11400,21671,624494,580838,79612,76969,105711,101764,39329,48,52
2021-11-10T23:59:59+01:00,6631,6198,42934,40799,58349,51984,58219,56102,68319,67545,76884,76466,54742,60344,37622,48671,11740,22387,5364,4996,37994,36442,53306,47392,54139,52206,64513,63921,74156,73823,53456,58913,36867,47592,11395,21664,621363,580144,79597,76957,105711,101762,39224,48,52
2021-11-09T23:59:59+01:00,6561,6147,42831,40709,58225,51842,58103,55966,68188,67430,76802,76371,54701,60300,37608,48646,11733,22371,5338,4969,37920,36398,53260,47332,54087,52118,64457,63843,74078,73746,53425,58876,36849,47566,11388,21645,620003,579504,79565,76762,105709,101761,39216,48,52
2021-11-08T23:59:59+01:00,6424,6035,42105,40055,57489,51241,57554,55528,67776,67049,76520,76100,54582,60209,37580,48606,11725,22357,5309,4947,37816,36296,53101,47212,53998,52035,64387,63755,73997,73689,53396,58842,36837,47550,11385,21640,614704,578691,79543,76749,105708,101761,38939,48,52
2021-11-07T23:59:59+01:00,6369,5997,41942,39918,57299,51083,57412,55420,67677,66975,76469,76050,54564,60189,37572,48601,11723,22353,5291,4932,37741,36224,53029,47131,53942,51992,64357,63702,73972,73666,53383,58830,36827,47543,11384,21633,613445,578115,79490,76723,105708,101760,38929,48,52
2021-11-06T23:59:59+01:00,6364,5988,41924,39900,57279,51069,57397,55410,67668,66966,76463,76047,54562,60189,37570,48601,11723,22352,5289,4932,37740,36222,53027,47127,53940,51990,64352,63701,73970,73664,53381,58828,36827,47542,11384,21633,613308,578089,79489,76722,105708,101760,38926,48,52
2021-11-05T23:59:59+01:00,6348,5968,41883,39871,57242,51019,57349,55380,67644,66948,76435,76034,54558,60183,37567,48599,11723,22350,5281,4927,37716,36214,53018,47116,53932,51983,64340,63689,73962,73655,53377,58826,36825,47538,11384,21633,612962,577981,79486,76719,105708,101760,38904,48,52
2021-11-04T23:59:59+01:00,6225,5822,41349,39382,56657,50556,56903,55016,67221,66622,76219,75893,54520,60134,37554,48569,11717,22342,5221,4863,37511,36076,52816,46968,53758,51851,64180,63570,73861,73585,53345,58801,36811,47516,11373,21627,609129,576823,79418,76693,105707,101759,38406,48,52
2021-11-03T23:59:59+01:00,6190,5777,41255,39315,56542,50460,56807,54932,67148,66556,76173,75849,54510,60115,37545,48552,11712,22337,5177,4829,37439,36013,52767,46919,53715,51795,64134,63527,73818,73549,53329,58776,36798,47496,11369,21619,608252,576195,79398,76688,105706,101756,38378,48,52
2021-11-02T23:59:59+01:00,6142,5727,41123,39204,56377,50339,56690,54825,67022,66477,76104,75790,54485,60091,37533,48540,11711,22327,5106,4757,37306,35861,52616,46763,53598,51674,64047,63425,73733,73463,53282,58732,36779,47463,11366,21609,607035,574774,79378,76652,105706,101756,38346,48,52
2021-11-01T23:59:59+01:00,6057,5649,40632,38835,55850,49989,56325,54570,66743,66276,75962,75700,54451,60063,37526,48533,11708,22319,5073,4716,37165,35747,52486,46670,53482,51590,63950,63363,73671,73418,53269,58719,36769,47448,11363,21602,604031,574031,79355,76611,105706,101754,38053,48,52
2021-10-31T23:59:59+01:00,6055,5649,40627,38829,55847,49986,56320,54566,66740,66273,75960,75698,54451,60063,37526,48533,11708,22319,5073,4716,37163,35744,52486,46669,53480,51589,63949,63363,73671,73418,53269,58719,36769,47448,11363,21602,603999,574024,79352,76611,105706,101754,38050,48,52
2021-10-30T23:59:59+02:00,6051,5647,40624,38829,55840,49983,56319,54564,66738,66272,75959,75696,54451,60063,37526,48533,11708,22319,5073,4716,37163,35744,52486,46668,53479,51588,63948,63362,73671,73418,53268,58719,36769,47448,11363,21602,603972,574019,79352,76611,105706,101754,38049,48,52
2021-10-29T23:59:59+02:00,6048,5641,40606,38812,55826,49965,56302,54554,66720,66265,75942,75691,54449,60060,37525,48532,11706,22319,5071,4713,37152,35730,52485,46663,53475,51583,63945,63355,73663,73410,53263,58718,36768,47445,11362,21601,603820,573944,79348,76608,105706,101752,38046,48,52
2021-10-28T23:59:59+02:00,5949,5541,40086,38456,55359,49632,55897,54253,66379,66036,75769,75585,54412,60031,37520,48513,11704,22309,5010,4666,36977,35612,52323,46547,53336,51476,63798,63274,73579,73363,53237,58692,36754,47427,11360,21594,600716,572975,79308,76587,105701,101750,37661,48,52
2021-10-27T23:59:59+02:00,5924,5520,40033,38397,55288,49576,55840,54203,66314,66007,75744,75565,54396,60019,37514,48501,11703,22303,4986,4640,36926,35572,52272,46510,53304,51440,63754,63223,73544,73337,53214,58672,36748,47416,11357,21582,600151,572474,79297,76574,105701,101744,37653,48,52
2021-10-26T23:59:59+02:00,5876,5485,39925,38302,55187,49472,55767,54136,66247,65940,75692,75525,54382,60003,37502,48487,11700,22298,4934,4597,36822,35430,52176,46424,53235,51358,63701,63162,73484,73283,53181,58651,36734,47392,11351,21568,599251,571489,79296,76566,105701,101743,37633,48,52
2021-10-25T23:59:59+02:00,5814,5417,39694,38068,54905,49269,55513,53975,66029,65798,75590,75446,54360,59973,37495,48477,11700,22295,4921,4588,36766,35369,52090,46369,53166,51318,63653,63122,73440,73251,53172,58635,36728,47387,11349,21565,597421,571177,79296,76564,105701,101741,37355,48,52
2021-10-24T23:59:59+02:00,5784,5388,39611,37983,54828,49192,55455,53936,65984,65771,75571,75427,54355,59964,37490,48474,11698,22291,4888,4572,36704,35307,52044,46323,53130,51277,63616,63093,73418,73219,53164,58621,36717,47379,11347,21563,596819,570691,79294,76557,105701,101739,37343,48,52
2021-10-23T23:59:59+02:00,5784,5388,39610,37983,54826,49192,55453,53933,65984,65771,75571,75427,54355,59963,37490,48474,11698,22291,4888,4572,36704,35306,52044,46323,53130,51275,63616,63093,73417,73219,53164,58621,36717,47379,11347,21563,596811,570688,79294,76557,105701,101739,37342,48,52
2021-10-22T23:59:59+02:00,5781,5383,39584,37965,54806,49179,55442,53926,65970,65759,75562,75420,54351,59960,37490,48472,11697,22291,4883,4563,36688,35292,52032,46303,53121,51264,63599,63084,73403,73209,53154,58614,36716,47376,11346,21561,596679,570534,79283,76556,105701,101736,37330,48,52
2021-10-21T23:59:59+02:00,5705,5303,39332,37769,54535,48991,55231,53774,65787,65637,75464,75364,54334,59943,37483,48462,11694,22286,4797,4491,36462,35084,51848,46143,52951,51133,63468,62963,73319,73150,53130,58578,36704,47358,11342,21555,594983,569053,79249,76520,105701,101735,37116,48,52
2021-10-20T23:59:59+02:00,5682,5289,39296,37743,54515,48968,55215,53745,65761,65612,75439,75346,54326,59932,37474,48447,11693,22279,4778,4471,36443,35054,51826,46112,52927,51103,63445,62941,73294,73123,53112,58555,36698,47345,11339,21548,594664,568707,79242,76510,105701,101735,37110,48,52
2021-10-19T23:59:59+02:00,5648,5259,39240,37705,54478,48928,55175,53711,65726,65579,75412,75319,54310,59911,37466,48433,11689,22276,4755,4449,36388,35007,51784,46058,52893,51064,63407,62907,73255,73083,53100,58531,36676,47330,11334,21538,594179,568167,79236,76506,105701,101730,37104,48,52
2021-10-18T23:59:59+02:00,5613,5231,39099,37571,54353,48831,55093,53629,65659,65539,75356,75285,54300,59895,37459,48419,11687,22275,4688,4388,36240,34862,51660,45935,52811,50973,63360,62844,73195,73035,53075,58496,36666,47313,11329,21532,593307,567127,79224,76476,105701,101730,37017,48,52
2021-10-17T23:59:59+02:00,5607,5224,39088,37560,54339,48815,55089,53619,65653,65527,75349,75281,54297,59891,37456,48417,11687,22270,4678,4377,36220,34832,51639,45911,52794,50951,63346,62827,73178,73021,53064,58484,36660,47306,11328,21523,593186,566875,79224,76470,105701,101729,37013,48,52
2021-10-16T23:59:59+02:00,5607,5224,39087,37560,54337,48814,55086,53617,65653,65527,75349,75281,54297,59891,37456,48417,11687,22270,4675,4374,36215,34828,51635,45908,52790,50947,63344,62823,73176,73020,53063,58483,36659,47305,11328,21521,593180,566833,79224,76470,105701,101729,37010,48,52
2021-10-15T23:59:59+02:00,5602,5221,39069,37547,54319,48801,55080,53612,65636,65521,75342,75269,54289,59889,37452,48410,11686,22270,4667,4372,36202,34826,51629,45900,52785,50941,63339,62816,73171,73014,53059,58479,36656,47304,11328,21520,593047,566768,79224,76468,105701,101722,36998,48,52
2021-10-14T23:59:59+02:00,5544,5162,38934,37427,54183,48700,54988,53530,65567,65437,75279,75214,54258,59868,37444,48393,11679,22255,4549,4256,35918,34497,51409,45675,52633,50768,63194,62669,73075,72936,53002,58432,36632,47273,11323,21511,592015,564670,79207,76429,105701,101708,36894,48,51
2021-10-13T23:59:59+02:00,5504,5128,38899,37384,54149,48664,54961,53495,65542,65412,75258,75188,54246,59856,37437,48385,11675,22251,4518,4229,35878,34456,51383,45634,52597,50732,63160,62633,73042,72906,52978,58416,36623,47250,11322,21500,591607,564235,79194,76392,105701,101692,36887,48,51
2021-10-12T23:59:59+02:00,5469,5105,38825,37339,54090,48595,54920,53447,65509,65378,75222,75151,54231,59839,37427,48369,11669,22241,4498,4204,35822,34403,51336,45578,52561,50696,63123,62591,73002,72859,52953,58387,36600,47226,11315,21487,591013,563640,79192,76386,105701,101689,36875,48,51
2021-10-11T23:59:59+02:00,5415,5053,38661,37206,53955,48480,54813,53362,65434,65316,75174,75122,54219,59820,37416,48358,11667,22237,4406,4123,35594,34187,51148,45390,52427,50562,63026,62477,72917,72795,52914,58349,36588,47206,11312,21479,590055,562064,79190,76384,105701,101684,36717,48,51
2021-10-10T23:59:59+02:00,5396,5043,38614,37166,53913,48439,54793,53331,65417,65297,75158,75102,54216,59815,37412,48355,11666,22231,4387,4116,35560,34166,51127,45363,52409,50545,63016,62465,72904,72781,52910,58340,36583,47196,11309,21475,589730,561842,79187,76376,105699,101680,36703,48,51
2021-10-09T23:59:59+02:00,5396,5042,38614,37166,53913,48439,54793,53331,65417,65297,75158,75102,54216,59815,37412,48355,11666,22231,4387,4116,35559,34166,51126,45363,52409,50545,63014,62465,72904,72781,52910,58340,36583,47196,11309,21475,589729,561841,79187,76374,105699,101679,36703,48,51
2021-10-08T23:59:59+02:00,5388,5029,38595,37146,53899,48424,54786,53327,65406,65288,75146,75093,54214,59812,37410,48350,11665,22230,4380,4107,35545,34147,51114,45348,52403,50534,63005,62458,72898,72775,52908,58338,36581,47192,11309,21473,589586,561723,79187,76372,105699,101678,36691,48,51
2021-10-07T23:59:59+02:00,5319,4943,38419,36993,53773,48298,54674,53223,65307,65198,75077,75044,54195,59775,37386,48326,11658,22216,4229,3938,35169,33797,50865,45037,52204,50266,62808,62262,72729,72617,52841,58268,36554,47142,11296,21448,588265,559486,79158,75604,105698,101671,36658,48,51
2021-10-06T23:59:59+02:00,5283,4915,38374,36952,53740,48261,54629,53185,65257,65163,75050,75022,54176,59761,37379,48310,11652,22207,4209,3921,35128,33761,50841,45008,52183,50242,62779,62247,72704,72600,52819,58238,36535,47122,11289,21436,587786,559104,79152,75602,105696,101668,36637,48,51
2021-10-05T23:59:59+02:00,5251,4890,38293,36878,53675,48198,54578,53120,65193,65106,75005,74974,54138,59733,37359,48279,11643,22174,4178,3892,35061,33691,50794,44945,52148,50198,62726,62209,72664,72560,52787,58200,36505,47069,11282,21413,587031,558422,79133,75601,105696,101666,36582,48,51
2021-10-04T23:59:59+02:00,5188,4832,38078,36708,53503,48080,54463,53016,65123,65037,74939,74926,54108,59699,37344,48261,11634,22159,4066,3755,34754,33342,50548,44700,51960,50021,62566,62057,72547,72461,52730,58139,36450,47013,11270,21394,585938,556157,79121,75600,105695,101666,36299,48,51
2021-10-03T23:59:59+02:00,5177,4818,38055,36684,53470,48045,54438,53002,65106,65019,74927,74913,54101,59686,37339,48248,11634,22154,4050,3751,34703,33306,50498,44656,51922,49973,62524,62019,72506,72429,52713,58115,36438,46997,11268,21386,585688,555676,79119,75600,105692,101655,36272,48,51
2021-10-02T23:59:59+02:00,5175,4809,38051,36677,53462,48041,54435,52999,65103,65018,74923,74910,54101,59684,37339,48248,11634,22154,4049,3751,34701,33304,50490,44654,51918,49972,62522,62019,72505,72428,52713,58114,36438,46997,11268,21386,585650,555667,79119,75599,105692,101655,36257,48,51
2021-10-01T23:59:59+02:00,5167,4792,38005,36649,53428,48013,54412,52974,65072,65002,74896,74893,54091,59679,37336,48245,11631,22152,4045,3748,34682,33292,50472,44646,51904,49958,62509,62011,72488,72416,52704,58108,36435,46995,11266,21384,585403,555583,79117,75597,105689,101649,36183,48,51
2021-09-30T23:59:59+02:00,5076,4729,37797,36445,53259,47849,54268,52845,64967,64883,74826,74835,54076,59649,37325,48227,11628,22145,3968,3673,34539,33141,50379,44519,51828,49844,62424,61918,72421,72357,52692,58078,36426,46970,11263,21374,583871,555001,79098,74988,105686,101644,36130,47,51
2021-09-29T23:59:59+02:00,5053,4708,37762,36404,53211,47801,54230,52798,64935,64845,74797,74807,54059,59626,37314,48216,11624,22133,3952,3656,34511,33104,50351,44493,51806,49823,62403,61888,72400,72337,52683,58069,36421,46960,11261,21366,583409,554712,79086,74984,105686,101639,36098,47,51
2021-09-28T23:59:59+02:00,5030,4684,37701,36347,53170,47748,54195,52755,64891,64801,74752,74772,54021,59590,37295,48193,11616,22122,3938,3640,34455,33066,50317,44463,51780,49801,62377,61867,72363,72307,52654,58031,36399,46933,11258,21354,582848,554319,79084,74978,105686,101634,36021,47,51
2021-09-27T23:59:59+02:00,4954,4624,37503,36169,52985,47582,54073,52645,64788,64694,74653,74694,53993,59562,37283,48175,11614,22111,3805,3481,34029,32678,50009,44139,51550,49552,62179,61681,72232,72181,52613,57971,36378,46902,11256,21344,581792,551802,79063,74977,105686,101633,35517,47,51
2021-09-26T23:59:59+02:00,4951,4618,37481,36138,52955,47563,54059,52629,64772,64684,74641,74684,53986,59551,37282,48172,11614,22106,3796,3474,34014,32671,49996,44124,51543,49542,62165,61675,72224,72174,52609,57963,36377,46897,11254,21340,581615,551687,79043,74969,105684,101631,35500,47,51
2021-09-25T23:59:59+02:00,4948,4615,37475,36134,52952,47559,54055,52626,64770,64680,74637,74682,53985,59548,37281,48171,11614,22105,3796,3473,34011,32671,49995,44124,51543,49541,62165,61674,72222,72174,52609,57962,36377,46897,11254,21340,581572,551681,79041,74969,105684,101631,35496,47,51
2021-09-24T23:59:59+02:00,4945,4612,37456,36120,52931,47545,54033,52614,64751,64669,74624,74672,53978,59545,37278,48167,11614,22101,3792,3467,34001,32656,49980,44115,51523,49526,62152,61668,72204,72165,52602,57955,36371,46890,11254,21338,581453,551575,79041,74967,105681,101630,35436,47,51
2021-09-23T23:59:59+02:00,4816,4492,37050,35698,52578,47212,53740,52340,64508,64452,74438,74542,53916,59489,37249,48123,11605,22081,3759,3425,33816,32485,49760,43963,51354,49421,62001,61563,72088,72088,52565,57930,36347,46869,11252,21330,579115,550904,78998,74943,105681,101627,34491,47,51
2021-09-22T23:59:59+02:00,4787,4469,37008,35642,52510,47135,53672,52280,64441,64399,74379,74490,53887,59466,37241,48106,11603,22076,3742,3413,33780,32442,49717,43906,51294,49370,61946,61523,72041,72055,52547,57912,36341,46858,11250,21329,578677,550646,78990,74940,105678,101626,34203,46,51
2021-09-21T23:59:59+02:00,4771,4446,36950,35593,52443,47070,53627,52230,64375,64348,74321,74436,53844,59434,37227,48080,11598,22067,3721,3399,33747,32390,49683,43859,51255,49325,61899,61485,72002,72014,52518,57888,36330,46840,11249,21322,578123,550280,78981,74938,105676,101620,34037,46,51
2021-09-20T23:59:59+02:00,4667,4382,36611,35289,52119,46761,53391,52004,64162,64157,74162,74323,53779,59379,37206,48045,11591,22061,3516,3211,33235,31957,49305,43520,50970,49018,61644,61273,71835,71862,52462,57823,36307,46795,11242,21312,576272,547567,78976,74933,105675,101614,33123,46,50
2021-09-19T23:59:59+02:00,4654,4377,36598,35278,52108,46752,53376,51992,64150,64152,74152,74312,53776,59373,37203,48042,11590,22061,3506,3203,33214,31940,49301,43510,50962,49006,61630,61262,71823,71852,52456,57819,36306,46793,11242,21309,576164,547444,78969,74929,105672,101613,33098,46,50
2021-09-18T23:59:59+02:00,4654,4377,36595,35277,52106,46751,53376,51991,64150,64152,74151,74312,53776,59373,37203,48042,11590,22061,3505,3203,33211,31940,49297,43508,50962,49006,61630,61262,71822,71852,52455,57819,36306,46793,11242,21309,576161,547438,78969,74929,105672,101613,33092,46,50
2021-09-17T23:59:59+02:00,4647,4364,36579,35253,52084,46733,53365,51972,64133,64143,74136,74293,53767,59366,37200,48037,11589,22060,3504,3199,33201,31923,49285,43498,50958,48997,61626,61258,71814,71840,52448,57817,36306,46792,11242,21307,575997,547385,78969,74929,105672,101611,33040,46,50
2021-09-16T23:59:59+02:00,4496,4213,36209,34890,51828,46433,53153,51707,63949,63958,73978,74143,53712,59306,37183,48002,11586,22048,3436,3158,33073,31817,49203,43391,50879,48914,61565,61203,71763,71807,52433,57803,36297,46780,11241,21303,573555,546548,78512,74849,105671,101606,33013,46,50
2021-09-15T23:59:59+02:00,4453,4175,36141,34816,51783,46380,53087,51651,63899,63909,73938,74100,53694,59285,37173,47992,11585,22042,3393,3126,33019,31767,49153,43339,50822,48864,61519,61159,71733,71776,52425,57782,36287,46771,11241,21297,573180,546212,78425,74834,105671,101593,32784,46,50
2021-09-14T23:59:59+02:00,4412,4135,36078,34762,51733,46309,53045,51600,63853,63863,73893,74058,53669,59266,37158,47973,11583,22038,3347,3098,32953,31696,49108,43290,50788,48818,61465,61121,71697,71734,52402,57758,36278,46757,11240,21294,572636,545657,78355,74827,105670,101586,32724,46,50
2021-09-13T23:59:59+02:00,4262,3956,35706,34328,51459,45991,52826,51366,63643,63653,73757,73932,53614,59196,37120,47939,11582,22030,3057,2846,32485,31224,48874,43040,50606,48617,61318,60938,71556,71623,52349,57699,36262,46721,11234,21284,570029,542664,77927,74748,105669,101580,32691,46,50
2021-09-12T23:59:59+02:00,4253,3946,35683,34312,51443,45968,52808,51349,63629,63636,73748,73922,53611,59190,37115,47938,11582,22029,3040,2838,32459,31206,48858,43022,50596,48609,61307,60923,71540,71611,52342,57691,36256,46719,11231,21284,569879,542508,77911,74740,105658,101565,32670,46,49
2021-09-11T23:59:59+02:00,4250,3943,35679,34308,51442,45966,52802,51342,63627,63631,73746,73916,53607,59185,37115,47936,11582,22029,3037,2837,32450,31202,48855,43019,50592,48605,61304,60919,71537,71608,52340,57689,36256,46717,11231,21284,569852,542487,77911,74740,105658,101565,32641,46,49
2021-09-10T23:59:59+02:00,4249,3942,35565,34207,51246,45813,52609,51200,63451,63516,73612,73826,53569,59146,37095,47918,11580,22024,3027,2827,32323,31090,48655,42854,50394,48468,61114,60796,71403,71514,52298,57646,36234,46696,11228,21279,569792,542333,77909,74737,105657,101562,31166,46,48
2021-09-09T23:59:59+02:00,4221,3903,35484,34139,51190,45742,52548,51111,63393,63458,73572,73788,53545,59118,37081,47899,11578,22020,2994,2796,32229,31022,48611,42805,50342,48427,61072,60762,71362,71482,52279,57632,36226,46681,11227,21275,569179,541850,77874,74730,105637,101540,31056,46,48
2021-09-08T23:59:59+02:00,4196,3883,35450,34097,51165,45711,52530,51084,63359,63425,73551,73765,53538,59103,37074,47888,11578,22017,2976,2780,32170,30992,48572,42779,50314,48395,61036,60734,71346,71462,52266,57619,36216,46670,11224,21259,568830,541476,77874,74729,105637,101528,31029,46,48
2021-09-07T23:59:59+02:00,4183,3869,35410,34053,51132,45680,52506,51058,63333,63400,73515,73735,53526,59087,37058,47874,11576,22011,2954,2762,32123,30943,48537,42743,50274,48358,61012,60704,71312,71433,52253,57603,36207,46657,11221,21255,568453,541057,77873,74727,105637,101520,30999,46,48
2021-09-06T23:59:59+02:00,4007,3685,34930,33582,50753,45289,52240,50755,63105,63159,73356,73585,53463,59006,37039,47834,11573,22002,2913,2707,31916,30760,48332,42585,50131,48216,60898,60585,71217,71345,52207,57557,36191,46638,11216,21242,565639,540197,77873,74725,105637,101516,30170,46,48
2021-09-05T23:59:59+02:00,3999,3673,34911,33567,50749,45281,52228,50747,63093,63149,73341,73580,53458,58998,37033,47827,11571,21998,2905,2697,31896,30741,48313,42570,50118,48208,60887,60575,71207,71340,52201,57545,36188,46633,11215,21240,565502,540058,77872,74723,105637,101502,30148,46,48
2021-09-04T23:59:59+02:00,3999,3673,34910,33567,50748,45281,52227,50746,63093,63149,73341,73580,53458,58998,37033,47827,11571,21998,2905,2697,31895,30739,48313,42570,50116,48206,60887,60575,71206,71340,52201,57545,36188,46633,11215,21240,565500,540054,77872,74721,105637,101502,30146,46,48
2021-09-03T23:59:59+02:00,3951,3626,34746,33433,50594,45156,52116,50629,62944,63026,73216,73480,53418,58950,37012,47806,11567,21995,2828,2608,31620,30547,48109,42401,49943,48040,60681,60402,71061,71194,52147,57488,36163,46610,11213,21236,565360,539920,77273,73472,105626,101489,29362,46,48
2021-09-02T23:59:59+02:00,3925,3596,34686,33385,50559,45115,52084,50596,62904,62986,73177,73453,53398,58938,37003,47788,11567,21989,2812,2583,31550,30485,48059,42353,49902,47996,60626,60350,71020,71167,52129,57473,36154,46602,11212,21231,564947,539527,77251,73468,105626,101380,29281,46,48
2021-09-01T23:59:59+02:00,3909,3582,34657,33351,50536,45088,52066,50574,62884,62953,73150,73435,53389,58929,37000,47780,11567,21988,2784,2564,31500,30446,48026,42325,49870,47971,60594,60326,70997,71136,52110,57454,36144,46595,11212,21228,564682,539178,77247,73462,105624,101353,29241,46,48
2021-08-31T23:59:59+02:00,3882,3569,34617,33303,50509,45052,52038,50542,62856,62921,73120,73403,53368,58907,36992,47767,11564,21987,2775,2552,31440,30412,47999,42300,49847,47953,60566,60310,70982,71109,52096,57444,36141,46588,11209,21221,564289,538900,77247,73458,105623,101344,29194,46,48
2021-08-30T23:59:59+02:00,3656,3359,34027,32785,50085,44670,51689,50196,62563,62659,72914,73225,53285,58821,36961,47720,11561,21979,2717,2492,31154,30148,47700,42065,49621,47783,60380,60178,70828,71005,52028,57398,36122,46557,11206,21214,561286,537802,77247,73455,105622,101334,27957,45,48
2021-08-29T23:59:59+02:00,3650,3351,34005,32765,50068,44661,51673,50176,62553,62645,72904,73209,53277,58816,36959,47713,11561,21977,2711,2491,31133,30127,47677,42038,49600,47766,60363,60161,70816,70994,52025,57389,36119,46556,11206,21212,561142,537681,77245,73453,105621,101290,27912,45,48
2021-08-28T23:59:59+02:00,3650,3351,34002,32765,50063,44660,51672,50174,62552,62642,72902,73208,53275,58814,36959,47713,11561,21977,2711,2488,31124,30118,47672,42036,49597,47763,60360,60157,70813,70992,52024,57385,36119,46556,11206,21212,561133,537645,77245,73452,105621,101290,27898,45,48
2021-08-27T23:59:59+02:00,3646,3345,33993,32746,50060,44656,51661,50167,62545,62637,72885,73202,53271,58811,36958,47712,11560,21976,2703,2485,31106,30100,47664,42026,49588,47754,60353,60149,70801,70991,52022,57384,36118,46555,11205,21212,561058,537567,77245,73450,105621,101287,27864,45,48
2021-08-26T23:59:59+02:00,3621,3317,33953,32694,50033,44620,51620,50119,62499,62613,72853,73172,53261,58801,36951,47710,11559,21972,2629,2391,30808,29830,47443,41814,49412,47599,60236,60048,70717,70920,51987,57350,36101,46531,11203,21208,560709,535735,77218,73444,105620,101222,27778,45,48
2021-08-25T23:59:59+02:00,3580,3293,33902,32649,50006,44573,51584,50089,62460,62578,72817,73148,53252,58783,36946,47695,11558,21971,2366,2170,30051,29128,46998,41400,49085,47306,60012,59823,70541,70769,51920,57274,36079,46496,11194,21200,560275,531397,77218,73441,105620,101199,27728,45,47
2021-08-24T23:59:59+02:00,3540,3270,33843,32590,49975,44531,51556,50041,62415,62529,72773,73101,53231,58758,36933,47682,11556,21963,2289,2106,29817,28905,46866,41268,48977,47198,59920,59729,70456,70670,51874,57228,36059,46484,11190,21197,559783,529958,77215,73435,105618,101165,27628,45,47
2021-08-23T23:59:59+02:00,3235,3002,33204,31967,49548,44132,51213,49735,62090,62233,72481,72869,53134,58669,36894,47619,11545,21954,2229,2053,29394,28510,46479,40970,48735,46986,59651,59520,70233,70522,51798,57157,36035,46441,11184,21191,556707,528503,77211,73432,105616,101160,25947,45,46
2021-08-22T23:59:59+02:00,3224,2994,33193,31961,49538,44122,51205,49729,62085,62226,72476,72867,53130,58666,36892,47617,11545,21953,2225,2050,29369,28492,46459,40961,48725,46974,59640,59512,70226,70518,51789,57153,36032,46438,11184,21191,556642,528402,77207,73423,105611,101146,25921,44,46
2021-08-21T23:59:59+02:00,3222,2994,33188,31959,49536,44121,51204,49726,62082,62225,72475,72866,53130,58666,36892,47617,11545,21953,2224,2048,29355,28480,46453,40957,48719,46970,59636,59512,70226,70517,51788,57153,36032,46438,11184,21191,556627,528361,77207,73416,105611,101146,25914,44,46
2021-08-20T23:59:59+02:00,3206,2983,33064,31864,49345,43984,51031,49616,61901,62096,72327,72784,53082,58624,36877,47599,11542,21949,2197,2034,28813,27980,45975,40586,48438,46759,59379,59327,70019,70392,51703,57095,36002,46410,11180,21184,556400,526657,77207,73241,105611,100914,24615,43,46
2021-08-19T23:59:59+02:00,3179,2960,33012,31824,49311,43948,50983,49576,61856,62058,72278,72745,53056,58604,36870,47584,11538,21942,2109,1952,27871,27126,45190,39985,48012,46398,59044,59052,69743,70170,51603,57005,35960,46362,11175,21179,555984,522279,77172,72267,105606,100823,24521,43,46
2021-08-18T23:59:59+02:00,3158,2941,32962,31780,49275,43913,50944,49540,61811,62021,72233,72718,53027,58587,36856,47570,11537,21937,2010,1854,26578,25827,44263,39112,47304,45658,58362,58468,69258,69714,51415,56785,35883,46269,11163,21162,555549,516748,77151,69058,105603,100767,24466,43,46
2021-08-17T23:59:59+02:00,3134,2918,32893,31716,49229,43845,50901,49505,61764,61976,72196,72678,53004,58563,36843,47558,11534,21932,1881,1744,25291,24436,43386,38421,46702,45176,57828,58026,68825,69388,51279,56601,35807,46190,11147,21148,555000,511126,77146,66973,105602,100731,24400,43,46
2021-08-16T23:59:59+02:00,3122,2897,32876,31697,49205,43821,50891,49487,61744,61958,72174,72663,52994,58555,36841,47547,11532,21928,1789,1659,23854,23046,42484,37578,46422,44883,57602,57765,68617,69229,51206,56515,35776,46146,11145,21134,554769,504766,77143,66940,105598,100717,24381,43,46
2021-08-15T23:59:59+02:00,3114,2885,32862,31679,49193,43815,50881,49476,61728,61942,72159,72651,52990,58546,36838,47547,11532,21928,1505,1402,21425,20593,41728,37036,46055,44508,57271,57466,68330,68972,51094,56412,35739,46090,11142,21124,554632,496022,77142,66760,105588,100701,24363,43,46
2021-08-14T23:59:59+02:00,3114,2884,32857,31676,49187,43813,50878,49474,61723,61939,72155,72644,52990,58546,36837,47547,11532,21928,1503,1394,21399,20566,41690,37003,46038,44493,57256,57454,68317,68961,51092,56409,35738,46089,11142,21123,554622,495828,77140,66759,105588,100701,24333,43,46
2021-08-13T23:59:59+02:00,3100,2867,32814,31647,49162,43800,50856,49457,61690,61908,72133,72624,52984,58539,36834,47542,11531,21925,1478,1369,21279,20479,41600,36905,45974,44440,57208,57414,68276,68928,51075,56397,35729,46081,11141,21121,554465,495231,77139,66756,105587,100680,24181,43,46
2021-08-12T23:59:59+02:00,3082,2837,32767,31598,49130,43758,50819,49427,61635,61880,72097,72589,52969,58520,36817,47533,11530,21922,1393,1309,20806,20167,40647,36091,45605,44110,56988,57234,68099,68764,51003,56314,35699,46037,11136,21114,554056,490989,77135,66752,105584,100635,24094,43,46
2021-08-11T23:59:59+02:00,3040,2806,32711,31553,49097,43724,50794,49403,61607,61849,72069,72561,52947,58494,36805,47524,11529,21915,1169,1129,19910,19283,39318,34900,45000,43531,56625,56906,67805,68490,50881,56177,35661,45978,11134,21101,553641,483560,77129,66747,105584,100612,24033,43,46
2021-08-10T23:59:59+02:00,3024,2787,32658,31507,49066,43691,50762,49370,61587,61808,72031,72516,52925,58478,36794,47501,11528,21910,923,885,18880,18316,37218,33032,44113,42654,56170,56506,67414,68143,50731,56024,35600,45882,11129,21081,553176,473302,77128,66745,105583,100593,24015,43,46
2021-08-09T23:59:59+02:00,3009,2780,32629,31483,49038,43671,50734,49351,61567,61791,72011,72495,52915,58469,36789,47491,11526,21909,493,474,17454,16903,34232,30611,43447,42022,55761,56143,67081,67816,50588,55875,35549,45832,11124,21063,552924,461111,77126,66741,105578,100581,23989,43,46
2021-08-08T23:59:59+02:00,3006,2780,32615,31470,49026,43664,50729,49345,61556,61783,72007,72494,52914,58466,36789,47488,11526,21908,490,471,17426,16873,34211,30596,43410,41992,55747,56130,67072,67811,50583,55870,35548,45829,11123,21062,552860,460927,77126,66735,105565,100562,23974,43,46
2021-08-07T23:59:59+02:00,3005,2775,32607,31459,49024,43656,50723,49344,61553,61780,72000,72492,52913,58464,36788,47488,11526,21908,487,467,17394,16840,34185,30576,43374,41961,55725,56112,67061,67804,50578,55868,35546,45829,11123,21061,552810,460689,77126,66732,105565,100561,23963,43,46
2021-08-06T23:59:59+02:00,2916,2683,32257,31231,48764,43462,50464,49114,61265,61575,71726,72325,52781,58361,36734,47436,11523,21899,479,465,17183,16696,33473,30092,42902,41592,55382,55885,66752,67626,50448,55774,35497,45793,11120,21054,552738,459006,76014,66441,105561,100558,22162,43,46
2021-08-05T23:59:59+02:00,2870,2644,32097,31111,48672,43373,50384,49059,61212,61530,71674,72284,52755,58342,36725,47418,11521,21897,451,432,16950,16444,31611,28657,41858,40636,55108,55539,66539,67453,50384,55697,35474,45754,11113,21045,551854,452188,76011,66366,105551,100434,22111,43,46
2021-08-04T23:59:59+02:00,2795,2568,31831,30919,48483,43235,50233,48949,61134,61453,71610,72227,52725,58302,36712,47403,11518,21892,425,409,16664,16196,31264,28432,40667,39561,54719,55207,66360,67301,50322,55615,35444,45726,11110,21038,550555,447868,76009,66347,105549,100361,21839,39,45
2021-08-03T23:59:59+02:00,2608,2387,31316,30453,48232,42988,50057,48757,60973,61282,71464,72080,52671,58230,36690,47374,11508,21878,375,345,16226,15748,30674,27903,38931,37940,54028,54561,66026,66989,50226,55486,35397,45674,11105,21028,547604,440182,76007,66339,105546,100342,21754,39,45
2021-08-02T23:59:59+02:00,2497,2292,31001,30167,48030,42805,49904,48629,60866,61176,71376,71997,52638,58198,36668,47355,11507,21875,333,312,15921,15476,30337,27549,36788,36115,53469,54046,65818,66814,50153,55400,35375,45646,11103,21024,545663,433333,76004,66334,105540,100231,21738,38,43
2021-08-01T23:59:59+02:00,2493,2288,30989,30158,48011,42792,49891,48620,60853,61166,71365,71991,52633,58189,36664,47355,11507,21875,320,302,15796,15351,30200,27432,34486,34261,53172,53792,65725,66745,50112,55359,35368,45627,11102,21022,545599,427883,76000,66329,105493,100206,21712,38,42
2021-07-31T23:59:59+02:00,2493,2288,30984,30154,48008,42790,49889,48620,60852,61166,71365,71989,52630,58186,36664,47355,11507,21874,319,302,15781,15339,30165,27404,34474,34254,53154,53784,65713,66740,50108,55354,35368,45626,11101,21021,545579,427728,76000,66328,105492,100202,21707,38,42
2021-07-30T23:59:59+02:00,2479,2283,30936,30107,47976,42769,49865,48596,60818,61136,71329,71971,52621,58175,36664,47355,11507,21872,317,297,15619,15035,29898,27089,34292,34006,52953,53490,65547,66537,50062,55308,35358,45614,11101,21019,545403,427354,75994,66318,105489,98291,21537,38,42
2021-07-29T23:59:59+02:00,2447,2263,30779,30013,47890,42708,49813,48529,60756,61094,71282,71925,52601,58156,36656,47339,11504,21867,294,275,15301,14753,29582,26868,33004,33058,52167,52876,65191,66269,49963,55215,35315,45557,11096,21011,544729,424638,75987,63577,105478,98146,21392,38,42
2021-07-28T23:59:59+02:00,2400,2226,30626,29903,47806,42640,49738,48455,60683,61015,71216,71869,52577,58118,36637,47320,11503,21862,263,255,14895,14376,29140,26553,32633,32726,51457,52261,64799,65943,49868,55112,35281,45500,11080,20992,543778,420483,75983,63522,105470,97760,21327,38,42
2021-07-27T23:59:59+02:00,2322,2153,30386,29635,47655,42461,49593,48317,60571,60891,71116,71781,52518,58057,36609,47281,11495,21854,187,165,14250,13721,28375,25922,31882,32072,50204,51164,64064,65376,49680,54904,35213,45385,11073,20972,541945,412132,75973,63496,105464,97662,21277,38,42
2021-07-26T23:59:59+02:00,2261,2098,30183,29404,47537,42332,49518,48233,60506,60827,71064,71735,52492,58025,36597,47268,11493,21845,150,138,13887,13348,28015,25630,31266,31658,48646,49789,63087,64548,49475,54699,35145,45304,11063,20959,540710,404404,75970,63489,105460,97630,21242,38,42
2021-07-25T23:59:59+02:00,2015,1896,29362,28729,47143,42015,49231,47946,60272,60602,70880,71577,52436,57950,36570,47226,11492,21837,147,136,13794,13287,27918,25565,31182,31590,48525,49725,62999,64496,49452,54681,35138,45295,11063,20958,536522,403761,75970,63481,105453,97469,21198,38,42
2021-07-24T23:59:59+02:00,1934,1828,29105,28498,46993,41909,49114,47845,60114,60484,70751,71497,52387,57920,36552,47205,11490,21837,146,130,13660,13170,27718,25429,31020,31460,48311,49556,62835,64402,49408,54651,35123,45277,11061,20956,535826,403143,75967,63478,105452,97468,20182,38,42
2021-07-23T23:59:59+02:00,1819,1708,28775,28172,46750,41753,48860,47632,59862,60297,70548,71369,52312,57849,36533,47169,11486,21828,136,122,13407,12936,27286,25110,30636,31151,47706,49067,62506,64162,49324,54585,35101,45234,11056,20947,534824,400712,75592,63424,105441,97465,18829,38,42
2021-07-22T23:59:59+02:00,1807,1701,28694,28092,46610,41613,48644,47419,59684,60153,70429,71240,52269,57812,36517,47152,11486,21828,118,117,13179,12671,26948,24777,30282,30830,45778,47504,61700,63461,49228,54483,35063,45191,11053,20937,534506,393998,74443,63273,105397,97239,18768,38,42
2021-07-21T23:59:59+02:00,1773,1659,28432,27885,46222,41275,48051,46863,59099,59674,69974,70851,52098,57652,36459,47094,11477,21815,103,107,12755,12221,26363,24233,29706,30262,42042,44257,60212,62189,49059,54302,34999,45108,11043,20910,533949,382329,71172,62754,105243,96793,17953,38,42
2021-07-20T23:59:59+02:00,1750,1644,28312,27748,46158,41217,48003,46824,59043,59626,69920,70805,52064,57624,36442,47069,11472,21808,87,80,12255,11685,25626,23541,29051,29511,38588,41263,58665,60724,48855,54079,34917,45015,11025,20890,533260,371913,71150,59374,105225,96670,17858,38,42
2021-07-19T23:59:59+02:00,1745,1643,28285,27708,46135,41205,47988,46812,59030,59610,69908,70803,52062,57620,36442,47065,11470,21808,86,78,12207,11652,25558,23505,29015,29477,38543,41230,58624,60697,48851,54071,34916,45012,11022,20889,533114,371586,71149,59358,105208,96615,17832,38,42
2021-07-18T23:59:59+02:00,1741,1636,28260,27683,46111,41195,47976,46803,59024,59601,69901,70795,52060,57619,36441,47064,11470,21807,86,77,12144,11626,25473,23462,28955,29443,38482,41203,58564,60655,48849,54066,34913,45011,11022,20889,532993,371244,71147,59327,105200,96496,17811,38,42
2021-07-17T23:59:59+02:00,1741,1634,28237,27669,46097,41183,47965,46798,59016,59595,69894,70791,52056,57615,36440,47064,11470,21807,84,75,12116,11612,25438,23426,28922,29424,38459,41185,58528,60631,48839,54058,34911,45011,11022,20889,532910,370992,71146,59323,105199,96492,17781,38,42
2021-07-16T23:59:59+02:00,1726,1613,27972,27476,45808,41017,47733,46629,58715,59394,69662,70650,51950,57544,36396,47028,11465,21805,84,72,11866,11417,25103,23185,28615,29195,38058,40911,58020,60208,48702,53945,34859,44961,11016,20885,532595,369784,71145,59319,105066,96216,15741,38,42
2021-07-15T23:59:59+02:00,1628,1500,27508,27091,45547,40782,47585,46515,58574,59281,69560,70564,51909,57501,36381,47005,11464,21798,76,65,11566,11186,24621,22845,28247,28925,37665,40630,55969,58160,48531,53743,34800,44877,11008,20874,530270,362831,71143,59226,105058,96003,15686,38,42
2021-07-14T23:59:59+02:00,1461,1368,26942,26552,45242,40491,47380,46330,58390,59084,69399,70418,51847,57442,36356,46975,11458,21793,70,57,11373,10991,24212,22488,27894,28605,37142,40228,54748,56979,48393,53592,34749,44813,11000,20852,527094,359110,71137,57555,105039,95857,15622,38,42
2021-07-13T23:59:59+02:00,1174,1063,25989,25657,44749,40079,47021,46010,58067,58799,69126,70172,51736,57316,36313,46920,11454,21778,58,42,11029,10649,23681,21935,27271,28015,35759,39038,50608,53069,48029,53204,34618,44663,10983,20823,521705,349818,71130,52345,105036,95753,15516,38,42
2021-07-12T23:59:59+02:00,710,666,24611,24404,44190,39593,46821,45795,57854,58605,68943,70003,51674,57225,36296,46894,11452,21770,50,39,10791,10540,23478,21795,27017,27879,35508,38868,50164,52647,47954,53118,34587,44627,10983,20817,515820,348346,71129,52316,105031,94667,15491,37,42
2021-07-11T23:59:59+02:00,707,661,24592,24383,44158,39571,46803,45782,57840,58592,68929,70000,51672,57222,36293,46890,11451,21770,48,39,10695,10451,23256,21668,26750,27779,35197,38786,49447,52159,46467,51529,34497,44519,10983,20815,515731,347828,71125,52268,105015,89537,15410,37,42
2021-07-10T23:59:59+02:00,705,656,24584,24377,44153,39562,46800,45779,57834,58591,68929,69999,51672,57222,36293,46890,11451,21770,45,38,10682,10440,23234,21647,26736,27768,35175,38781,49433,52154,46453,51513,34495,44518,10983,20815,515696,347719,71123,52267,105013,89482,15400,37,42
2021-07-09T23:59:59+02:00,698,646,24133,23917,43874,39321,46733,45719,57774,58550,68877,69974,51655,57209,36290,46882,11450,21769,45,38,10600,10269,23138,21458,26675,27558,35107,38564,49367,52050,46431,51488,34491,44515,10983,20814,513933,346481,71119,52254,105006,89436,15378,37,42
2021-07-08T23:59:59+02:00,632,580,23046,22915,43077,38722,46483,45518,57567,58407,68680,69835,51577,57143,36262,46859,11448,21761,40,33,10341,10079,22761,21202,26278,27292,34627,38250,48756,51526,46093,51121,34421,44437,10976,20792,509264,342892,71092,52101,104948,88817,15173,37,42
2021-07-07T23:59:59+02:00,579,534,21725,21527,42338,38035,46258,45295,57327,58215,68514,69674,51493,57060,36225,46805,11440,21747,33,29,9968,9770,21885,20609,25166,26498,32789,36880,47836,50637,45593,50583,34314,44297,10968,20774,503883,337948,70919,47717,104927,87896,15027,37,41
2021-07-06T23:59:59+02:00,522,471,20491,20247,41483,37390,45781,44943,56931,57909,68186,69417,51394,56934,36181,46754,11432,21738,25,24,9575,9390,21015,20012,24200,25839,31303,35684,46634,49433,44811,49797,34178,44121,10955,20754,499402,330596,68984,45616,104907,86621,14876,37,41
2021-07-05T23:59:59+02:00,485,443,19079,18873,40616,36587,45564,44716,56747,57706,68025,69290,51338,56878,36160,46725,11430,21731,23,20,9282,9134,20456,19625,23531,25416,30663,35255,45875,48815,44056,49005,34048,43932,10946,20742,493675,324802,68982,45593,104900,85586,14802,36,41
2021-07-04T23:59:59+02:00,478,437,17289,16871,40276,36359,45476,44641,56661,57637,67944,69221,51306,56852,36150,46704,11428,21729,23,20,9220,9081,20315,19562,23359,25338,30404,35177,45078,48685,42690,47652,33969,43858,10944,20736,488850,324341,68956,45548,104885,81448,14733,36,41
2021-07-03T23:59:59+02:00,478,435,17267,16840,40227,36312,45457,44624,56656,57632,67937,69214,51304,56849,36150,46704,11428,21728,22,20,9176,9037,20246,19493,23297,25272,30321,35097,44857,48509,42621,47576,33924,43799,10941,20736,488654,323374,68954,45547,104884,81267,14715,36,41
2021-07-02T23:59:59+02:00,458,412,17150,16729,39762,35929,45340,44524,56602,57591,67889,69183,51292,56844,36144,46692,11428,21727,22,18,9013,8864,19921,19210,22905,24894,29903,34681,44232,47862,42417,47347,33825,43663,10935,20732,487143,320361,68936,44512,104882,80831,14700,36,40
2021-07-01T23:59:59+02:00,406,372,16842,16445,38025,34596,44766,44023,56341,57382,67714,69014,51212,56753,36116,46654,11424,21719,17,13,8636,8465,19058,18497,21935,24039,28518,33486,41199,44886,41419,46262,33210,42936,10918,20703,481656,312848,68860,39630,104860,77286,14393,36,40
2021-06-30T23:59:59+02:00,358,327,16553,16198,35841,32773,44143,43394,56116,57187,67510,68822,51131,56661,36087,46600,11420,21703,16,12,8274,8131,18383,17869,21045,23206,27237,32219,36549,40013,40338,45114,32549,42147,10897,20676,474818,302335,68815,33598,104840,74386,14316,36,40
2021-06-29T23:59:59+02:00,318,290,16327,15997,34846,31691,43691,42949,55934,57023,67339,68673,51055,56588,36048,46556,11412,21696,14,9,7690,7524,17253,16939,19787,21989,25535,30537,33802,36881,37487,42064,31805,41254,10874,20638,470614,286111,68807,33549,104826,68232,14151,36,39
2021-06-28T23:59:59+02:00,309,268,16176,15837,33133,30283,43370,42655,55768,56882,67223,68566,51009,56536,36030,46535,11409,21684,13,7,7386,7266,16695,16563,19394,21674,25027,30149,33213,36378,36108,40571,31017,40320,10870,20627,466196,283064,68782,33497,104805,62823,13855,36,39
2021-06-27T23:59:59+02:00,309,268,16155,15811,32982,30196,43307,42628,55732,56873,67196,68558,51005,56532,36027,46534,11409,21683,12,7,7342,7237,16558,16496,19230,21611,24827,30075,32984,36238,34848,39295,29387,38396,10869,20626,465877,282892,68778,33458,104799,55933,13716,36,39
2021-06-26T23:59:59+02:00,307,266,16131,15783,32958,30178,43261,42584,55707,56856,67190,68555,51004,56531,36025,46533,11409,21683,11,7,7338,7224,16538,16485,19213,21600,24794,30052,32964,36217,34834,39281,29385,38393,10869,20626,465638,282691,68774,33458,104799,55928,13715,36,39
2021-06-25T23:59:59+02:00,300,264,16070,15732,32836,30077,43067,42423,55650,56810,67148,68531,50994,56520,36021,46532,11409,21683,11,7,7149,6946,16253,15977,18944,20944,24424,29119,32575,35493,34672,39063,29362,38362,10869,20626,464788,280000,68770,33447,104782,53618,13692,36,39
2021-06-24T23:59:59+02:00,279,251,15796,15526,32379,29786,41597,41178,55183,56454,66914,68370,50939,56464,36005,46504,11404,21673,10,7,6827,6712,15552,15529,17491,19921,22339,27558,31472,34596,34266,38635,29238,38180,10857,20611,460212,270265,68765,33397,104778,53188,12912,36,39
2021-06-23T23:59:59+02:00,264,234,15514,15232,31873,29385,39495,39354,54639,55910,66663,68150,50850,56355,35965,46458,11399,21660,9,5,6621,6546,15188,15253,16964,19472,21454,26756,29768,33228,33508,37779,29046,37939,10850,20596,453142,262431,68714,33304,104773,52472,12736,36,39
2021-06-22T23:59:59+02:00,242,199,15132,14838,31207,28751,36059,36307,53726,55106,66361,67845,50743,56233,35926,46401,11395,21646,6,4,6438,6332,14784,14923,16159,18751,20036,25441,28161,31571,32706,36802,28506,37333,10832,20564,442206,252307,68681,33217,104766,51357,12429,36,39
2021-06-21T23:59:59+02:00,227,193,14888,14660,30520,28288,33898,34342,53261,54679,66181,67727,50662,56159,35900,46379,11390,21641,6,4,6341,6248,14623,14802,15987,18613,19914,25328,28050,31483,32550,36662,27295,36094,10832,20561,435373,251615,68659,33168,104735,48378,12193,36,39
2021-06-20T23:59:59+02:00,220,192,14763,14570,28618,26948,33288,33892,53172,54584,66112,67690,50639,56131,35892,46375,11389,21639,6,4,5883,5948,13677,14161,15153,18020,19357,24971,27733,31279,32383,36479,27268,36063,10830,20557,430987,246588,68655,33133,104732,48306,11706,35,39
2021-06-19T23:59:59+02:00,214,187,14738,14537,28501,26863,33259,33865,53150,54568,66096,67679,50633,56122,35890,46370,11388,21637,6,4,5670,5788,13116,13752,14545,17540,19027,24769,27538,31108,32304,36379,27251,36049,10830,20557,430577,243062,68653,33128,104732,48303,11701,35,39
2021-06-18T23:59:59+02:00,212,179,14648,14453,28394,26792,32008,32962,52783,54261,65962,67585,50602,56088,35872,46344,11384,21633,6,4,5603,5710,13015,13666,14379,17413,18791,24540,26718,30440,32097,36142,27185,35973,10826,20550,430069,240108,65688,33014,104722,48248,11649,35,39
2021-06-17T23:59:59+02:00,198,163,14270,14188,27804,26539,31520,32701,51995,53695,65537,67319,50521,55987,35838,46303,11378,21620,5,4,5222,5451,12231,13190,13590,16801,17700,23611,24558,28477,31455,35406,26986,35696,10809,20535,426860,231083,65681,32736,104698,47565,10304,34,39
2021-06-16T23:59:59+02:00,169,135,13841,13781,27341,26182,31075,32345,51183,52993,65082,66929,50402,55867,35809,46246,11367,21608,5,4,4855,5012,11514,12520,12796,16105,16596,22487,21584,25610,30383,34197,26688,35292,10794,20495,421993,217020,65635,32707,104690,47168,10004,34,38
2021-06-15T23:59:59+02:00,106,82,13208,13155,26596,25604,30295,31750,49931,51927,64369,66404,50224,55669,35742,46134,11358,21589,5,4,4357,4384,10549,11583,11641,14725,14866,20784,18151,22302,29009,32759,26301,34770,10769,20451,414279,198392,65614,32589,104685,46859,9532,34,38
2021-06-14T23:59:59+02:00,76,61,12802,12781,26184,25279,29633,31283,48139,50457,63318,65571,50008,55443,35665,46058,11350,21577,5,4,4256,4328,10372,11450,11499,14593,14687,20661,17957,22142,28935,32678,26283,34742,10765,20448,406404,197945,65604,32317,104685,46546,8959,34,38
2021-06-13T23:59:59+02:00,75,60,12758,12737,26113,25243,29570,31257,48086,50432,63283,65547,50003,55440,35663,46054,11349,21574,5,4,4100,4249,10044,11319,11176,14482,14389,20548,17556,21797,27420,31033,26143,34547,10761,20437,406202,197192,65528,27640,104678,46337,8803,34,38
2021-06-12T23:59:59+02:00,75,59,12740,12720,26097,25233,29558,31244,48026,50361,63241,65512,50002,55437,35663,46054,11349,21574,5,4,4097,4240,10029,11302,11167,14467,14370,20531,17534,21788,27379,30988,26138,34542,10761,20437,405905,197004,65528,27638,104676,46296,8803,34,38
2021-06-11T23:59:59+02:00,73,56,12639,12593,25970,25118,29435,31119,47789,50134,63109,65393,49978,55411,35652,46043,11347,21572,5,4,4004,3968,9511,10111,10738,13557,14082,19974,17261,21311,26970,30564,26046,34460,10758,20435,404631,195959,65518,27632,104635,41516,8614,34,38
2021-06-10T23:59:59+02:00,65,49,12397,12373,25646,24833,29089,30851,46714,49118,62374,64823,49893,55315,35618,45991,11337,21559,5,3,3734,3601,8743,8866,9846,11916,12776,17206,15468,17702,25244,28639,25750,34153,10752,20411,399741,190422,65461,27193,104433,28786,8377,34,37
2021-06-09T23:59:59+02:00,51,37,12103,12049,25236,24427,28691,30458,44700,47294,61284,63885,49788,55192,35571,45937,11332,21541,5,3,3484,3476,8317,8614,9333,11596,12259,16813,14755,17101,21406,24314,25523,33851,10740,20385,391752,178823,65334,26844,104431,28247,8026,34,35
2021-06-08T23:59:59+02:00,45,26,11671,11508,24568,23803,28032,29793,41527,44450,59506,62249,49617,55000,35497,45846,11322,21519,5,3,3274,3340,7917,8359,8713,11223,11596,16394,14095,16455,16023,18351,25131,33326,10722,20355,379065,163611,65271,26510,104421,27941,7189,34,31
2021-06-07T23:59:59+02:00,40,19,11507,11311,24218,23526,27748,29585,38901,42520,59078,61887,49583,54969,35485,45825,11320,21513,5,3,3178,3269,7611,8187,8394,11046,11022,15942,13591,15976,15945,18271,25100,33275,10720,20348,373401,163290,64844,24686,104412,27531,6345,34,31
2021-06-06T23:59:59+02:00,37,18,11371,11206,23895,23295,27536,29413,37306,41336,58953,61809,49559,54940,35477,45811,11320,21511,5,3,3078,3217,7335,8098,8126,10877,10281,15259,12991,15354,15793,18159,25086,33252,10718,20348,372994,163171,61466,21519,104401,27361,5899,34,30
2021-06-05T23:59:59+02:00,35,17,11352,11186,23851,23255,27500,29386,37277,41322,58853,61725,49549,54933,35475,45809,11320,21508,5,3,3065,3205,7311,8063,8094,10859,10248,15244,12946,15331,15671,17994,25081,33244,10717,20347,372651,162730,61463,21518,104401,27345,5805,34,30
2021-06-04T23:59:59+02:00,35,15,11170,10927,23491,22789,27222,28990,36848,40873,58232,61185,49515,54892,35465,45791,11318,21502,5,2,3041,3190,7282,8044,8070,10840,10217,15220,12911,15297,15459,17787,25070,33223,10715,20346,370850,162142,59193,21505,104387,27247,5797,34,28
2021-06-03T23:59:59+02:00,33,14,10951,10710,23029,22398,26795,28656,35748,40046,55469,58836,49385,54732,35422,45727,11313,21487,5,2,2949,3112,7073,7889,7614,10543,9186,14586,11659,14590,14273,16313,24890,33005,10703,20327,366895,158774,54270,17768,104336,26933,5217,34,27
2021-06-02T23:59:59+02:00,33,14,10913,10673,22992,22365,26760,28629,35713,40005,55340,58678,49371,54707,35416,45720,11313,21486,5,2,2907,3082,7017,7868,7552,10506,9028,14545,11431,14525,12914,14825,24772,32832,10699,20320,366297,154937,54264,17757,104335,26909,5200,33,27
2021-06-01T23:59:59+02:00,20,7,10496,10324,22334,21854,26075,28048,34992,39425,52337,55530,48982,54299,35297,45556,11297,21460,5,2,2451,2724,5662,7187,6278,9930,7628,13873,10294,13562,8600,9255,24292,32150,10676,20267,355532,136723,54082,17387,104316,26328,4371,33,27
2021-05-31T23:59:59+02:00,19,6,10217,10094,21758,21459,25666,27799,34669,39222,50885,54132,48883,54175,35263,45516,11290,21452,5,2,2340,2605,5371,6944,6014,9708,7263,13633,10036,13401,8549,9193,24266,32101,10668,20254,350792,135945,54037,17266,104291,25762,3353,33,27
2021-05-30T23:59:59+02:00,18,6,10160,10045,21664,21418,25601,27764,34557,39152,50519,53790,48858,54150,35257,45510,11288,21449,5,2,2303,2575,5265,6864,5914,9640,7075,13545,9809,13304,8502,9143,24250,32094,10667,20249,349601,135348,54016,17092,104275,25457,3282,33,27
2021-05-29T23:59:59+02:00,17,6,10146,10033,21630,21398,25584,27751,34536,39139,50506,53772,48854,54146,35254,45509,11288,21449,5,2,2283,2523,5222,6737,5853,9509,6958,13347,9670,13082,8431,9051,24183,32027,10666,20248,349443,135066,54016,17039,104254,24392,3273,33,27
2021-05-28T23:59:59+02:00,17,6,10085,9963,21553,21286,25503,27630,34458,39039,50426,53673,48832,54128,35245,45501,11288,21445,5,2,2201,2257,4608,6202,5230,8789,6592,12384,9174,12088,8253,8852,23811,31546,10665,20245,348583,133562,54003,16942,104195,19108,3266,32,26
2021-05-27T23:59:59+02:00,16,6,9817,9716,21025,20909,24959,27269,33934,38661,49811,53063,48661,53937,35175,45427,11284,21425,3,2,1959,1991,4031,5683,4553,8187,6083,11614,8226,10760,7747,8191,22243,29391,10649,20223,344295,127887,53591,15809,104090,14726,3088,32,26
2021-05-26T23:59:59+02:00,16,6,9540,9468,20305,20344,24085,26597,32670,37634,49047,52357,48407,53648,35099,45316,11272,21401,3,1,1902,1918,3932,5556,4419,8022,5875,11352,7899,10375,7184,7465,19799,25957,10629,20179,339576,119378,50620,15556,104037,14560,2948,32,25
2021-05-25T23:59:59+02:00,15,6,9275,9232,19892,19988,23646,26204,32158,37116,48153,51378,48109,53330,35012,45174,11260,21372,3,1,1836,1868,3812,5456,4279,7872,5666,11127,7584,10052,6558,6622,15656,20562,10609,20121,333983,107132,50537,15513,103965,14210,2804,32,25
2021-05-24T23:59:59+02:00,14,6,9059,9073,19322,19696,22872,25816,30649,36101,47928,51207,48017,53230,34983,45144,11258,21371,3,1,1810,1850,3765,5424,4213,7830,5600,11067,7507,9995,6532,6597,15642,20553,10609,20121,332397,107010,46743,15499,103904,13915,2671,32,24
2021-05-23T23:59:59+02:00,14,6,8851,8866,18966,19404,22449,25469,30227,35780,47337,50694,47584,52775,34880,44998,11250,21362,3,1,1808,1849,3755,5419,4208,7824,5589,11059,7496,9985,6526,6585,15642,20551,10609,20121,327570,106945,46741,15497,103902,13896,2668,32,24
2021-05-22T23:59:59+02:00,14,6,8820,8829,18915,19361,22402,25437,30174,35749,47230,50624,47565,52752,34877,44989,11247,21362,3,1,1807,1845,3742,5407,4204,7818,5584,11052,7489,9981,6523,6582,15639,20550,10609,20121,327025,106907,46741,15497,103901,13874,2655,32,24
2021-05-21T23:59:59+02:00,13,6,8544,8474,18475,18847,22039,24791,29746,34940,46742,49956,47476,52627,34839,44946,11244,21357,3,1,1742,1804,3665,5368,4159,7782,5551,11005,7446,9931,6493,6556,15561,20453,10608,20120,321813,106588,46710,15496,103877,13509,2631,32,24
2021-05-20T23:59:59+02:00,12,6,7971,7930,17530,18051,21032,23877,28425,33737,44994,48130,47036,52165,34731,44790,11226,21338,3,1,1441,1640,3355,5078,3893,7394,5251,10528,7064,9477,6258,6298,14241,18905,10584,20081,310205,102815,46622,15010,103648,11168,2475,32,24
2021-05-19T23:59:59+02:00,12,6,7706,7616,16926,17449,20129,22999,27193,32475,43197,46040,46505,51610,34581,44568,11205,21306,3,1,1375,1554,3156,4864,3683,7140,5024,10175,6767,9147,5973,5963,12023,16043,10566,20020,299052,96550,46581,14532,103602,10115,2257,32,23
2021-05-18T23:59:59+02:00,11,6,7180,7078,15775,16426,18858,21751,25687,30844,40508,42806,45675,50663,34345,44264,11180,21264,3,1,1352,1528,3096,4792,3607,7019,4889,10043,6586,8935,5707,5685,10315,13862,10542,19966,283269,91398,45377,14479,103494,9877,2151,31,23
2021-05-17T23:59:59+02:00,11,6,7102,7014,15591,16315,18641,21583,25286,30516,38758,41168,45564,50582,34297,44199,11170,21240,3,1,1319,1504,3039,4745,3542,6960,4819,9939,6491,8834,5665,5645,10301,13844,10538,19958,283045,91325,40611,14198,103450,9693,1908,30,23
2021-05-16T23:59:59+02:00,10,5,6987,6961,15470,16226,18511,21476,25105,30401,35774,38401,45528,50547,34275,44175,11167,21235,3,1,1296,1485,2995,4705,3494,6902,4735,9869,6397,8755,5634,5608,10289,13828,10536,19955,282761,91277,34462,13932,103329,9582,1673,30,23
2021-05-15T23:59:59+02:00,10,5,6962,6931,15409,16168,18465,21434,25037,30356,35738,38360,45505,50520,34268,44170,11167,21235,3,1,1283,1459,2963,4634,3475,6833,4716,9788,6374,8704,5628,5604,10284,13827,10536,19955,282275,91219,34461,13928,103315,9237,1660,30,23
2021-05-14T23:59:59+02:00,10,4,6789,6560,15061,15672,18151,21013,24699,29895,35493,38010,45476,50489,34258,44165,11167,21233,3,1,1224,1399,2882,4531,3424,6730,4652,9637,6291,8574,5599,5559,10271,13817,10536,19954,281207,91131,34310,13907,101004,8429,1595,30,22
2021-05-13T23:59:59+02:00,10,4,6434,6232,14303,15091,17440,20380,23838,29152,34724,37338,45189,50145,34179,44042,11163,21222,3,1,1053,1313,2686,4418,3307,6607,4510,9465,6167,8428,5556,5520,10254,13800,10532,19949,274790,90971,33977,13826,100787,7447,1305,28,20
2021-05-12T23:59:59+02:00,10,4,6036,5960,13331,14419,16420,19575,23173,28715,34417,37054,45007,49949,34148,44011,11160,21219,3,1,1050,1311,2679,4410,3289,6602,4505,9455,6158,8423,5548,5513,10251,13795,10530,19948,268542,90906,33966,13814,100783,7442,1290,28,19
2021-05-11T23:59:59+02:00,10,4,5658,5735,12741,13968,14618,18133,20220,26190,32102,34726,43951,48690,33823,43539,11131,21169,3,0,988,1236,2561,4235,3179,6362,4387,9166,6041,8197,5476,5433,10209,13733,10522,19930,251249,90427,33687,13595,100337,6510,1108,28,18
2021-05-10T23:59:59+02:00,10,4,5508,5636,12469,13841,14263,17908,19416,25621,30726,33704,43420,48075,33765,43450,11123,21150,3,0,945,1177,2462,4070,3085,6161,4262,8903,5917,7998,5437,5399,10197,13716,10518,19921,245766,90312,33475,13535,100026,5512,794,28,18
2021-05-09T23:59:59+02:00,10,4,5105,5397,11283,13313,13262,17546,18387,25289,30181,33414,43364,48002,33739,43436,11120,21142,3,0,920,1145,2364,3963,2996,6023,4130,8727,5823,7894,5428,5385,10190,13711,10513,19917,240444,90264,33401,13493,99685,4922,436,28,17
2021-05-08T23:59:59+02:00,10,4,5093,5389,11261,13293,13236,17527,18357,25257,30140,33370,43356,47991,33738,43432,11120,21142,3,0,916,1138,2351,3956,2991,6023,4126,8721,5820,7891,5425,5382,10187,13706,10513,19917,240174,90238,33399,13493,99684,4887,431,28,17
2021-05-07T23:59:59+02:00,10,4,4992,5306,11032,13125,12949,17305,17750,24657,29190,32477,43162,47750,33682,43360,11116,21136,3,0,886,1107,2317,3901,2948,5973,4073,8667,5736,7838,5378,5334,10174,13697,10513,19916,237668,90102,31510,13489,99576,4631,222,27,17
2021-05-06T23:59:59+02:00,10,4,4579,5022,10363,12708,12190,16638,16153,23212,26643,30083,42461,47002,33515,43123,11100,21115,3,0,827,1051,2183,3654,2779,5663,3878,8194,5537,7515,5326,5280,10151,13669,10511,19910,228899,89917,28169,13176,98762,2957,64,27,17
2021-05-05T23:59:59+02:00,10,4,4270,4792,9761,12263,11470,16054,15052,22184,23790,27320,41479,45896,33232,42737,11082,21073,3,0,811,1027,2120,3529,2721,5507,3784,7983,5441,7379,5276,5225,10114,13629,10509,19907,215862,89650,27986,13038,98541,2206,54,26,17
2021-05-04T23:59:59+02:00,10,4,3921,4340,9094,11571,10698,15214,13748,20932,20186,23911,40131,44435,32858,42213,11059,21034,3,0,793,996,2051,3412,2650,5372,3691,7830,5344,7255,5237,5179,10083,13600,10507,19904,198806,89424,27968,12739,98513,1680,47,25,17
2021-05-03T23:59:59+02:00,10,4,3678,3921,8686,11078,10217,14589,13214,20277,19461,23262,39864,44183,32779,42109,11056,21019,3,0,779,966,1983,3311,2591,5264,3630,7715,5292,7168,5221,5166,10067,13582,10504,19899,192947,89278,27956,12728,98449,1088,30,25,17
2021-05-02T23:59:59+02:00,10,4,3676,3919,8665,11068,10207,14579,13192,20265,19443,23250,39860,44181,32778,42108,11055,21019,3,0,775,949,1952,3230,2544,5168,3583,7590,5272,7103,5217,5162,10066,13578,10504,19897,192847,89259,27942,12696,98441,598,24,25,16
2021-05-01T23:59:59+02:00,10,4,3673,3911,8652,11054,10198,14568,13184,20263,19430,23241,39860,44178,32777,42108,11055,21019,3,0,774,949,1950,3230,2543,5168,3583,7590,5272,7103,5217,5162,10066,13578,10503,19897,192756,89257,27940,12694,98441,598,23,25,16
2021-04-30T23:59:59+02:00,10,3,3650,3886,8607,11018,10154,14529,13122,20224,19328,23088,39591,43855,32756,42087,11054,21019,3,0,769,944,1935,3222,2542,5160,3579,7583,5270,7096,5214,5159,10062,13577,10503,19897,191829,89230,27670,12691,98435,557,22,25,15
2021-04-29T23:59:59+02:00,10,3,3380,3711,8170,10745,9606,14244,12622,19859,18590,22357,36527,40404,32494,41721,11043,20983,3,0,756,930,1886,3161,2492,5094,3513,7443,5179,6996,5173,5124,10039,13534,10501,19891,186266,89023,21833,12535,98327,124,19,24,14
2021-04-28T23:59:59+02:00,10,3,3213,3645,7903,10635,9211,14069,12242,19624,18104,21923,32741,36087,32276,41419,11030,20961,3,0,739,914,1860,3122,2447,5046,3475,7386,5114,6932,5107,5062,9987,13475,10498,19881,175096,88810,21680,12095,98282,116,14,24,13
2021-04-27T23:59:59+02:00,9,3,3132,3579,7641,10506,8859,13895,11757,19399,17624,21431,27173,29892,31900,40912,11009,20928,3,0,729,900,1827,3085,2411,5000,3421,7327,5059,6856,5057,4992,9952,13422,10494,19872,159736,88595,21658,11673,98217,113,14,24,12
2021-04-26T23:59:59+02:00,9,3,3075,3543,7497,10442,8691,13834,11526,19333,17099,21043,27136,29858,31886,40897,11009,20928,3,0,706,868,1758,3026,2343,4944,3353,7235,4961,6751,4957,4917,9874,13338,10492,19869,159148,88462,21440,10795,97184,112,14,23,12
2021-04-25T23:59:59+02:00,9,3,3038,3526,7337,10391,8455,13784,11194,19289,16265,20574,25582,28194,31832,40833,11009,20925,3,0,706,867,1752,3021,2335,4941,3347,7227,4957,6742,4953,4912,9866,13327,10492,19869,158662,88438,21431,10757,92110,96,14,23,12
2021-04-24T23:59:59+02:00,9,3,3034,3519,7322,10376,8443,13776,11179,19279,16243,20556,25536,28131,31829,40827,11008,20924,3,0,706,867,1752,3020,2335,4941,3346,7227,4957,6742,4953,4910,9864,13326,10492,19869,158448,88431,21427,10757,92082,96,14,23,12
2021-04-23T23:59:59+02:00,9,3,3016,3502,7281,10332,8396,13734,11112,19220,16182,20491,25115,27627,31796,40771,11005,20921,3,0,696,859,1734,3011,2319,4912,3295,7189,4857,6645,4813,4787,9692,13127,10486,19854,157258,88137,21290,10022,91928,95,14,23,11
2021-04-22T23:59:59+02:00,8,3,2935,3423,7088,10146,7857,13327,9902,18423,14625,19442,23097,25192,31583,40502,10986,20891,3,0,631,809,1620,2899,2192,4746,3135,7016,4672,6444,4656,4613,9180,12469,10449,19775,152444,86216,15988,8992,90963,76,14,21,11
2021-04-21T23:59:59+02:00,8,3,2883,3375,6964,10058,7645,13171,9534,18181,14152,18995,20582,22056,31282,40113,10967,20865,3,0,581,784,1540,2820,2105,4655,3008,6873,4509,6280,4472,4433,8608,11700,10403,19682,145432,84410,15213,7953,90154,68,14,21,11
2021-04-20T23:59:59+02:00,8,3,2843,3336,6857,9968,7506,13059,9282,17963,13659,18603,17191,17990,30968,39639,10950,20831,3,0,551,748,1468,2756,2018,4574,2905,6751,4374,6119,4283,4237,7738,10480,10333,19531,136572,81466,14967,7317,89082,63,14,21,9
2021-04-19T23:59:59+02:00,8,3,2828,3327,6809,9927,7453,13023,9206,17890,13520,18485,16856,17608,30934,39603,10948,20826,3,0,492,708,1347,2660,1918,4476,2770,6592,4176,5928,4028,3936,5880,8031,10113,19126,136245,75574,14771,6529,88203,59,14,21,8
2021-04-18T23:59:59+02:00,8,3,2812,3313,6731,9901,7348,12972,9008,17824,12680,18355,15443,16200,30866,39541,10944,20819,3,0,486,702,1336,2652,1903,4465,2737,6563,4115,5877,3952,3865,5465,7398,10065,19042,136023,74068,14628,6481,84082,55,14,21,8
2021-04-17T23:59:59+02:00,8,3,2802,3309,6713,9878,7317,12951,8976,17785,12647,18335,15391,16150,30813,39471,10943,20819,3,0,486,699,1336,2650,1902,4461,2733,6558,4112,5873,3951,3863,5460,7397,10064,19041,135668,74031,14626,6481,83982,55,14,21,8
2021-04-16T23:59:59+02:00,8,3,2789,3295,6679,9863,7264,12911,8901,17733,12539,18231,15143,15868,30294,38822,10940,20811,3,0,485,696,1331,2645,1893,4459,2727,6552,4104,5865,3945,3857,5443,7368,10062,19039,134136,73929,14618,6470,83306,53,14,20,8
2021-04-15T23:59:59+02:00,8,3,2736,3240,6547,9765,7074,12732,8558,17460,12062,17765,14082,14645,28169,36012,10921,20788,3,0,476,690,1327,2619,1879,4435,2704,6523,4062,5813,3887,3782,5410,7314,10054,19026,128199,73607,14342,6333,79993,43,13,20,8
2021-04-14T23:59:59+02:00,7,1,2680,3188,6452,9670,6928,12572,8285,17192,11628,17305,12900,13261,23448,29932,10900,20732,3,0,472,683,1313,2609,1866,4416,2682,6498,4020,5775,3839,3729,5347,7258,10023,18988,115797,73301,14308,6177,76944,23,13,19,7
2021-04-13T23:59:59+02:00,7,1,2629,3152,6324,9585,6776,12437,8007,16941,11202,16880,10236,10336,20358,25757,10877,20688,3,0,455,659,1266,2566,1815,4353,2574,6398,3838,5612,3627,3544,5195,7119,10014,18965,107347,72951,14114,5013,70700,19,13,19,7
2021-04-12T23:59:59+02:00,7,1,2608,3138,6264,9556,6669,12351,7814,16812,10953,16670,8872,8842,19536,24783,10875,20679,3,0,449,651,1247,2549,1798,4328,2540,6358,3788,5560,3563,3496,5160,7078,10009,18943,107216,72812,14059,4672,65123,16,13,19,7
2021-04-11T23:59:59+02:00,7,1,2580,3128,6166,9530,6552,12314,7649,16761,10752,16567,7594,7564,17805,22805,10873,20676,3,0,448,651,1246,2547,1798,4327,2540,6358,3784,5555,3558,3495,5154,7076,10009,18943,107143,72799,14052,4660,58098,14,12,19,7
2021-04-10T23:59:59+02:00,7,1,2579,3126,6156,9525,6543,12309,7643,16756,10745,16559,7585,7552,17795,22798,10873,20676,3,0,448,647,1243,2544,1797,4324,2538,6354,3780,5554,3549,3481,5146,7061,10009,18943,107057,72736,14052,4653,58089,14,11,19,7
2021-04-09T23:59:59+02:00,7,1,2517,3027,6020,9318,6388,12047,7385,16349,10432,16063,7427,7347,17678,22619,10872,20674,3,0,443,642,1225,2531,1771,4306,2505,6303,3701,5472,3431,3371,5004,6964,10004,18941,106579,72645,14022,3942,55540,12,11,19,7
2021-04-08T23:59:59+02:00,7,1,2438,2955,5925,9198,6284,11917,7213,16165,10176,15874,7229,7086,16409,21158,10861,20643,3,0,435,636,1209,2497,1745,4269,2476,6231,3647,5406,3353,3324,4923,6859,9982,18895,102912,72191,13669,3671,54929,11,10,19,7
2021-04-07T23:59:59+02:00,7,1,2411,2919,5852,9126,6191,11842,7079,16064,9933,15722,6931,6759,14081,18206,10840,20596,3,0,429,634,1198,2484,1732,4245,2462,6191,3579,5347,3280,3271,4864,6797,9973,18865,96736,71904,13508,3423,54289,10,10,17,7
2021-04-06T23:59:59+02:00,7,1,2394,2889,5755,9059,6101,11762,6925,15951,9693,15540,6575,6396,11969,15586,10813,20537,3,0,425,627,1190,2457,1721,4222,2436,6153,3514,5283,3194,3221,4818,6744,9967,18847,91676,71658,13208,3139,53044,10,8,17,7
2021-04-05T23:59:59+02:00,7,1,2386,2879,5736,9042,6090,11743,6909,15931,9673,15513,6449,6296,10691,14289,10812,20536,3,0,421,620,1186,2442,1715,4206,2420,6121,3481,5242,3165,3182,4797,6699,9960,18829,91591,71464,13171,3002,50197,9,7,17,7
2021-04-04T23:59:59+02:00,7,1,2386,2878,5733,9038,6088,11743,6907,15931,9671,15512,6444,6291,10691,14287,10812,20536,3,0,421,619,1186,2441,1715,4206,2419,6121,3481,5242,3164,3182,4794,6699,9959,18828,91581,71456,13168,3001,50184,9,7,16,7
2021-04-03T23:59:59+02:00,7,1,2383,2871,5726,9030,6082,11738,6903,15927,9668,15509,6441,6286,10684,14284,10812,20536,3,0,421,619,1186,2441,1715,4206,2419,6121,3481,5241,3164,3182,4794,6699,9959,18828,91522,71455,13166,3001,50177,9,7,16,7
2021-04-02T23:59:59+02:00,7,1,2381,2869,5721,9023,6080,11735,6898,15926,9664,15507,6437,6279,10669,14255,10811,20535,3,0,418,617,1185,2441,1714,4205,2417,6121,3480,5234,3139,3165,4784,6690,9959,18828,91437,71377,13163,3000,50176,9,7,15,7
2021-04-01T23:59:59+02:00,7,1,2360,2866,5690,8993,6037,11692,6857,15871,9609,15451,6343,6182,10372,13906,10788,20486,3,0,416,601,1182,2435,1707,4194,2401,6104,3453,5213,3072,3114,4721,6614,9881,18710,90445,70802,13140,2997,49905,9,6,15,7
2021-03-31T23:59:59+02:00,7,1,2327,2839,5615,8925,5968,11597,6755,15759,9475,15318,6200,6039,9820,13157,10741,20392,3,0,411,595,1176,2423,1701,4178,2394,6091,3433,5179,3040,3081,4671,6555,9823,18608,88453,70348,12925,2995,49538,9,4,15,6
2021-03-30T23:59:59+02:00,7,1,2307,2821,5568,8866,5905,11521,6681,15660,9378,15174,6012,5824,8907,11809,10663,20209,3,0,409,590,1172,2419,1688,4161,2375,6069,3399,5135,2982,3012,4579,6457,9691,18366,85354,69638,12544,2853,49399,9,3,13,4
2021-03-29T23:59:59+02:00,6,1,2240,2766,5466,8753,5795,11373,6513,15430,9142,14919,5651,5449,6954,9273,10436,19779,3,0,401,587,1161,2408,1674,4149,2349,6042,3369,5079,2912,2945,4456,6351,9483,18025,79229,68664,11736,2714,48966,9,3,12,4
2021-03-28T23:59:59+02:00,6,1,2218,2753,5422,8692,5720,11295,6425,15344,9024,14799,5525,5296,6305,8333,10369,19661,3,0,391,579,1145,2392,1647,4122,2302,5981,3313,4989,2828,2865,4340,6205,9407,17884,76912,68195,11477,2188,48784,5,3,12,2
2021-03-27T23:59:59+01:00,6,1,2217,2746,5413,8686,5716,11280,6410,15322,9013,14787,5497,5269,6294,8330,10369,19659,3,0,391,579,1143,2391,1646,4117,2298,5978,3304,4982,2822,2862,4324,6180,9325,17735,76804,67883,11477,2187,48719,5,3,12,2
2021-03-26T23:59:59+01:00,6,1,2200,2725,5376,8647,5677,11230,6333,15252,8863,14637,5331,5119,6123,8148,10366,19650,3,0,387,571,1135,2378,1630,4088,2270,5942,3270,4928,2761,2798,4135,5920,8607,16536,76456,65200,10640,2149,48575,5,3,10,2
2021-03-25T23:59:59+01:00,6,0,2083,2645,5198,8432,5475,10953,6126,14947,8621,14348,5167,4966,6026,8026,10363,19642,3,0,378,556,1115,2352,1607,4058,2224,5884,3195,4849,2662,2691,3757,5424,7444,14762,75996,61024,9683,1929,47333,4,2,10,2
2021-03-24T23:59:59+01:00,6,0,1998,2597,5047,8271,5313,10760,5960,14708,8414,14117,5026,4807,5912,7908,10357,19631,3,0,374,544,1102,2324,1574,4003,2165,5818,3106,4749,2525,2577,3325,4804,6022,12507,75614,55936,8520,1578,46686,4,2,10,2
2021-03-23T23:59:59+01:00,6,0,1921,2545,4936,8148,5212,10619,5839,14517,8295,13948,4943,4723,5845,7848,10350,19612,3,0,363,518,1083,2289,1541,3945,2121,5728,3024,4657,2436,2483,2871,4159,4067,9218,75218,49070,7772,1429,46305,3,2,10,2
2021-03-22T23:59:59+01:00,6,0,1859,2481,4798,8013,5076,10442,5678,14284,8103,13735,4836,4608,5775,7740,10333,19572,2,0,336,501,1055,2251,1496,3871,2055,5618,2922,4505,2319,2330,2337,3459,1463,4948,74715,40275,6734,1188,45879,1,2,9,2
2021-03-21T23:59:59+01:00,6,0,1857,2475,4787,7999,5061,10431,5662,14267,8073,13710,4814,4593,5758,7728,10328,19571,2,0,335,501,1050,2237,1487,3842,2037,5580,2896,4455,2278,2281,2295,3418,1446,4902,74690,40133,6682,904,45737,1,2,9,2
2021-03-20T23:59:59+01:00,6,0,1857,2475,4785,7998,5060,10429,5661,14266,8065,13704,4813,4591,5750,7719,10328,19571,2,0,335,500,1050,2237,1487,3842,2037,5580,2894,4454,2277,2278,2295,3418,1445,4902,74675,40129,6682,899,45710,1,2,9,2
2021-03-19T23:59:59+01:00,6,0,1804,2230,4278,6717,4652,9448,5390,13706,7844,13301,4686,4491,5680,7652,10327,19571,2,0,334,500,1050,2237,1487,3841,2036,5579,2893,4454,2275,2277,2289,3411,1443,4900,74611,40111,6670,892,40491,1,2,9,2
2021-03-18T23:59:59+01:00,6,0,1749,1977,3862,5660,4123,8071,4574,11164,6483,9964,4318,4189,5474,7428,10306,19533,2,0,333,497,1043,2224,1479,3816,2009,5540,2868,4430,2254,2261,2264,3382,1438,4891,74173,39918,6606,808,28092,1,2,8,2
2021-03-17T23:59:59+01:00,6,0,1743,1968,3850,5634,4106,8041,4550,11098,6432,9889,4278,4142,5430,7382,10298,19505,1,0,330,496,1039,2216,1473,3807,2002,5525,2858,4403,2227,2232,2242,3367,1431,4875,73902,39760,6541,759,27899,1,2,8,2
2021-03-16T23:59:59+01:00,6,0,1718,1935,3790,5552,4036,7935,4422,10936,6224,9691,4053,3952,5287,7223,10291,19481,1,0,327,492,1038,2197,1468,3794,1993,5509,2849,4383,2217,2217,2229,3337,1422,4844,73588,39583,5262,729,27672,1,2,8,2
2021-03-15T23:59:59+01:00,6,0,1708,1915,3766,5515,4010,7897,4371,10867,6145,9605,3966,3885,5230,7161,10282,19454,1,0,324,488,1029,2181,1460,3788,1977,5473,2831,4355,2202,2185,2204,3272,1411,4805,73355,39362,4894,621,27526,1,0,8,2
2021-03-14T23:59:59+01:00,6,0,1702,1905,3757,5505,4005,7881,4362,10836,6136,9582,3958,3874,5224,7153,10281,19452,1,0,324,488,1027,2181,1455,3785,1974,5471,2813,4349,2196,2182,2193,3261,1406,4803,73319,39354,4876,552,27416,1,0,8,2
2021-03-13T23:59:59+01:00,6,0,1698,1899,3742,5482,3998,7871,4342,10825,6121,9566,3955,3871,5221,7150,10281,19452,1,0,324,488,1027,2181,1455,3785,1974,5470,2813,4348,2195,2181,2193,3259,1397,4797,73293,39333,4871,552,27308,1,0,8,2
2021-03-12T23:59:59+01:00,5,0,1660,1841,3233,5336,3482,7754,4208,10700,5895,9274,3785,3724,5077,7037,10255,19404,1,0,319,466,1023,2151,1447,3760,1954,5399,2760,4263,2015,2027,2133,3209,1390,4791,73070,38562,4136,544,25456,0,0,8,2
2021-03-11T23:59:59+01:00,5,0,1553,1702,2850,5076,3044,7497,3927,10285,5262,8380,3555,3549,4968,6916,10215,19348,1,0,318,465,1020,2138,1444,3740,1947,5380,2751,4246,2008,2019,2118,3192,1385,4771,72485,38437,3869,504,21772,0,0,6,2
2021-03-10T23:59:59+01:00,5,0,1521,1668,2811,5031,3006,7438,3870,10197,5152,8263,3429,3443,4850,6801,10167,19281,1,0,316,464,1019,2135,1440,3729,1943,5366,2739,4225,1989,2011,2091,3159,1375,4756,72065,38349,3536,407,21326,0,0,6,2
2021-03-09T23:59:59+01:00,5,0,1511,1652,2774,5003,2984,7394,3831,10137,5070,8184,3328,3355,4766,6712,10058,19069,1,0,313,463,1015,2127,1433,3716,1917,5344,2697,4195,1946,1986,2037,3130,1363,4746,71456,38317,3264,110,21107,0,0,6,2
2021-03-08T23:59:59+01:00,5,0,1495,1637,2745,4974,2955,7363,3807,10089,5046,8122,3286,3315,4689,6648,9877,18765,1,0,312,463,1013,2123,1425,3700,1900,5310,2678,4167,1927,1967,2010,3107,1356,4727,70649,38166,3255,18,20908,0,0,6,2
2021-03-07T23:59:59+01:00,5,0,1482,1626,2715,4931,2920,7315,3771,10028,5004,8063,3252,3281,4623,6546,9799,18619,1,0,312,462,1012,2122,1424,3694,1897,5300,2677,4162,1923,1964,2006,3103,1352,4718,70108,38111,3201,16,20666,0,0,5,2
2021-03-06T23:59:59+01:00,5,0,1481,1625,2710,4919,2917,7306,3763,10021,4986,8047,3242,3271,4600,6507,9708,18447,1,0,312,462,1010,2119,1424,3692,1891,5291,2675,4160,1918,1956,2000,3101,1351,4715,69712,38061,3201,16,20637,0,0,5,1
2021-03-05T23:59:59+01:00,5,0,1408,1549,2611,4758,2860,7147,3678,9814,4886,7851,3192,3211,4380,6217,8988,17237,1,0,312,462,1008,2117,1420,3687,1889,5290,2672,4154,1910,1952,1995,3098,1346,4711,67020,38007,3198,16,19569,0,0,5,1
2021-03-04T23:59:59+01:00,5,0,1236,1443,2445,4558,2691,6876,3510,9470,4628,7509,3075,3085,4015,5758,7794,15393,1,0,310,454,999,2093,1404,3647,1861,5237,2644,4106,1882,1927,1962,3043,1318,4665,62755,37536,3195,16,17536,0,0,5,1
2021-03-03T23:59:59+01:00,5,0,1202,1389,2369,4450,2630,6753,3424,9303,4530,7366,2988,3015,3632,5152,6374,13159,1,0,306,445,988,2070,1392,3619,1847,5187,2589,4051,1832,1891,1934,3010,1302,4635,57607,37082,3167,16,16963,0,0,4,1
2021-03-02T23:59:59+01:00,5,0,1169,1350,2308,4391,2581,6661,3342,9179,4393,7217,2873,2890,3143,4481,4324,9748,1,0,301,436,983,2043,1379,3577,1832,5132,2557,4024,1822,1875,1914,2981,1288,4607,50458,36735,2916,16,16678,0,0,3,1
2021-03-01T23:59:59+01:00,5,0,1109,1321,2246,4329,2508,6574,3247,9051,4251,7029,2739,2754,2567,3731,1543,5199,1,0,300,433,976,2031,1368,3559,1824,5117,2544,4008,1804,1864,1898,2961,1277,4578,41231,36526,2525,16,16444,0,0,3,1
2021-02-28T23:59:59+01:00,5,0,1073,1306,2205,4294,2478,6529,3199,8994,4189,6970,2674,2706,2518,3700,1535,5179,1,0,300,432,973,2024,1366,3546,1821,5103,2538,3999,1797,1853,1885,2949,1269,4563,41134,36402,2232,16,16185,0,0,3,1
2021-02-27T23:59:59+01:00,5,0,1032,1224,2137,4053,2420,6295,3136,8696,4099,6717,2619,2649,2498,3676,1532,5179,1,0,300,432,972,2024,1366,3546,1821,5102,2537,3999,1797,1852,1883,2948,1269,4563,41026,36395,2231,16,14707,0,0,3,1
2021-02-26T23:59:59+01:00,4,0,866,972,1939,3664,2260,5635,2920,7779,3789,5927,2571,2595,2479,3660,1528,5177,1,0,300,432,972,2021,1364,3544,1819,5101,2535,3998,1797,1849,1876,2947,1267,4556,41008,36362,2142,16,10612,0,0,3,1
2021-02-25T23:59:59+01:00,4,0,531,815,1662,3464,2081,5330,2724,7382,3562,5626,2489,2515,2438,3599,1524,5162,1,0,291,411,947,1969,1333,3473,1787,5020,2506,3934,1772,1821,1836,2901,1238,4516,40812,35742,1880,13,8214,0,0,2,1
2021-02-24T23:59:59+01:00,3,0,510,796,1627,3366,2019,5199,2664,7200,3495,5485,2421,2468,2401,3570,1514,5126,1,0,282,406,931,1938,1319,3419,1774,4959,2482,3889,1761,1803,1827,2882,1226,4485,40618,35379,1709,4,7535,0,0,2,1
2021-02-23T23:59:59+01:00,3,0,489,758,1567,3263,1964,5058,2586,7069,3410,5380,2360,2410,2362,3511,1499,5091,1,0,280,402,926,1922,1312,3389,1765,4927,2461,3856,1741,1783,1807,2846,1210,4429,40462,35053,1435,3,6881,0,0,2,1
2021-02-22T23:59:59+01:00,2,0,473,727,1513,3163,1924,4918,2527,6850,3349,5236,2349,2311,2346,3431,1493,5046,1,0,279,399,923,1910,1304,3362,1747,4891,2446,3825,1721,1764,1779,2815,1195,4380,40245,34739,1169,1,6242,0,0,2,1
2021-02-21T23:59:59+01:00,2,0,464,688,1455,3018,1876,4768,2474,6690,3266,5133,2313,2278,2318,3411,1483,5040,1,0,279,398,920,1902,1303,3353,1742,4880,2442,3816,1719,1762,1778,2813,1195,4379,40201,34680,936,1,5538,0,0,2,1
2021-02-20T23:59:59+01:00,2,0,458,682,1446,3014,1871,4768,2471,6687,3261,5129,2310,2277,2318,3410,1481,5040,1,0,279,398,920,1901,1303,3352,1742,4880,2440,3815,1718,1761,1775,2813,1194,4377,40196,34667,931,1,5496,0,0,2,1
2021-02-19T23:59:59+01:00,1,0,435,645,1417,2952,1843,4711,2430,6587,3174,5011,2129,2115,2254,3361,1476,5034,1,0,277,397,919,1899,1302,3351,1742,4875,2437,3814,1717,1760,1773,2812,1194,4376,39443,34644,911,1,5219,0,0,2,1
2021-02-18T23:59:59+01:00,1,0,408,588,1312,2712,1739,4469,2292,6325,3070,4829,2100,2099,2238,3344,1471,5023,1,0,277,391,911,1865,1293,3311,1724,4827,2418,3776,1706,1748,1756,2800,1182,4356,39365,34340,837,1,3816,0,0,2,1
2021-02-17T23:59:59+01:00,1,0,391,556,1274,2581,1682,4294,2223,6084,3010,4680,2081,2080,2214,3324,1457,5013,1,0,267,374,875,1779,1249,3182,1664,4668,2343,3641,1627,1678,1680,2688,1129,4234,39210,33078,786,0,2947,0,0,2,1
2021-02-16T23:59:59+01:00,1,0,373,526,1221,2461,1632,4160,2144,5899,2930,4544,2072,2075,2206,3317,1452,5001,1,0,259,357,854,1697,1194,3044,1601,4465,2271,3462,1576,1624,1616,2586,1097,4098,39149,31801,755,0,2108,0,0,2,1
2021-02-15T23:59:59+01:00,1,0,363,504,1149,2321,1587,4085,2112,5845,2902,4503,2053,2059,2181,3286,1444,4980,1,0,253,338,831,1652,1162,2968,1545,4326,2198,3342,1500,1559,1558,2473,1050,3909,39041,30664,640,0,1692,0,0,2,1
2021-02-14T23:59:59+01:00,1,0,354,498,1125,2265,1524,3924,2071,5752,2871,4464,2047,2056,2169,3276,1441,4973,1,0,247,333,813,1623,1146,2928,1503,4274,2160,3312,1484,1538,1533,2436,1033,3863,39022,30226,571,0,1216,0,0,2,1
2021-02-13T23:59:59+01:00,1,0,354,498,1124,2265,1524,3923,2069,5751,2871,4464,2046,2054,2168,3276,1440,4970,1,0,247,333,813,1623,1146,2928,1502,4272,2160,3312,1482,1535,1532,2435,1033,3862,39011,30215,571,0,1215,0,0,1,1
2021-02-12T23:59:59+01:00,1,0,346,495,1106,2257,1519,3910,2064,5743,2868,4458,2032,2044,2162,3263,1435,4967,1,0,245,332,807,1618,1140,2919,1486,4254,2142,3299,1469,1519,1517,2403,1026,3825,38945,30001,563,0,1161,0,0,1,1
2021-02-11T23:59:59+01:00,1,0,323,471,1043,2161,1466,3783,1970,5480,2783,4339,2001,2011,2122,3195,1405,4909,1,0,225,304,757,1513,1060,2695,1360,3897,1953,2993,1280,1305,1343,2123,912,3454,38546,27174,526,0,390,0,0,1,1
2021-02-10T23:59:59+01:00,1,0,317,462,1021,2121,1427,3705,1916,5318,2689,4159,1930,1961,2074,3153,1383,4883,1,0,200,261,664,1324,931,2307,1174,3294,1709,2572,1117,1127,1191,1872,793,3089,38131,23625,386,0,2,0,0,1,1
2021-02-09T23:59:59+01:00,1,0,311,451,1013,2090,1412,3653,1872,5252,2623,4104,1872,1921,2002,3098,1362,4861,1,0,167,201,563,1063,781,1860,967,2682,1439,2158,965,966,992,1581,669,2638,37830,19692,65,0,2,0,0,1,1
2021-02-08T23:59:59+01:00,1,0,309,449,1010,2083,1401,3637,1864,5229,2603,4087,1858,1910,1983,3080,1356,4836,1,0,117,166,462,848,617,1441,768,2034,1160,1671,772,790,791,1246,532,2154,37673,15569,20,0,2,0,0,1,1
2021-02-07T23:59:59+01:00,1,0,309,449,1008,2082,1400,3632,1861,5226,2596,4084,1852,1901,1967,3072,1352,4828,1,0,107,147,413,704,543,1266,688,1818,1063,1523,696,709,708,1122,455,1911,37602,13873,17,0,0,0,0,1,1
2021-02-06T23:59:59+01:00,1,0,309,449,1007,2081,1400,3629,1861,5224,2596,4081,1852,1900,1962,3070,1349,4826,1,0,106,146,408,701,538,1242,672,1799,1052,1501,693,705,703,1118,454,1907,37579,13746,17,0,0,0,0,1,0
2021-02-05T23:59:59+01:00,1,0,309,448,1005,2078,1396,3620,1857,5210,2590,4075,1851,1899,1954,3061,1339,4812,1,0,102,138,392,683,521,1212,640,1747,1002,1438,656,654,654,1044,427,1813,37487,13124,17,0,0,0,0,1,0
2021-02-04T23:59:59+01:00,1,0,301,431,994,2047,1377,3566,1837,5133,2575,4027,1835,1878,1927,3026,1319,4779,1,0,77,107,291,462,362,819,456,1185,690,979,510,478,507,825,340,1452,37035,9541,17,0,0,0,0,1,0
2021-02-03T23:59:59+01:00,1,0,297,422,975,2021,1361,3528,1823,5084,2541,3984,1815,1855,1912,3002,1305,4763,1,0,60,83,245,394,292,640,347,926,532,729,341,333,369,586,248,1065,36671,7191,17,0,0,0,0,1,0
2021-02-02T23:59:59+01:00,1,0,292,415,969,1992,1353,3495,1812,5037,2518,3949,1797,1839,1884,2960,1283,4712,0,0,40,64,188,311,244,487,265,741,384,560,237,216,235,391,168,701,36290,5232,17,0,0,0,0,1,0
2021-02-01T23:59:59+01:00,1,0,291,413,964,1984,1350,3480,1804,5016,2509,3930,1789,1828,1870,2945,1279,4697,0,0,20,40,139,225,168,312,169,492,240,323,119,109,102,189,78,313,36132,3038,17,0,0,0,0,1,0
2021-01-31T23:59:59+01:00,1,0,290,412,962,1976,1347,3471,1801,4997,2505,3916,1785,1820,1866,2937,1276,4687,0,0,19,35,121,197,151,271,152,412,203,278,100,95,94,161,70,274,36031,2633,17,0,0,0,0,1,0
2021-01-30T23:59:59+01:00,1,0,290,412,962,1976,1347,3471,1801,4997,2505,3916,1784,1820,1866,2936,1276,4686,0,0,19,35,120,197,151,268,149,409,202,278,99,94,94,161,70,274,36028,2620,17,0,0,0,0,1,0
2021-01-29T23:59:59+01:00,1,0,288,409,961,1974,1346,3463,1795,4988,2502,3913,1778,1813,1857,2924,1269,4664,0,0,17,33,118,187,142,260,137,381,170,251,72,70,84,139,63,238,35927,2362,17,0,0,0,0,1,0
2021-01-28T23:59:59+01:00,1,0,285,400,942,1919,1322,3399,1770,4926,2474,3850,1756,1791,1825,2893,1250,4628,0,0,1,0,12,20,8,20,11,45,8,22,6,4,7,10,3,15,35415,192,15,0,0,0,0,1,0
2021-01-27T23:59:59+01:00,1,0,279,382,909,1838,1286,3285,1709,4803,2414,3750,1699,1742,1780,2825,1211,4539,0,0,1,0,6,6,5,12,7,19,4,12,4,4,7,10,3,14,34440,114,11,0,0,0,0,1,0
2021-01-26T23:59:59+01:00,1,0,274,372,899,1823,1272,3245,1691,4747,2384,3683,1666,1710,1741,2753,1193,4448,0,0,1,0,6,6,5,12,7,19,4,12,4,4,7,10,3,14,33894,114,7,0,0,0,0,1,0
2021-01-25T23:59:59+01:00,1,0,263,348,857,1704,1202,3081,1600,4476,2278,3475,1605,1657,1684,2665,1143,4262,0,0,1,0,2,3,1,4,4,2,4,5,4,4,6,9,2,14,32297,65,3,0,0,0,0,1,0
2021-01-24T23:59:59+01:00,1,0,260,345,846,1684,1192,3058,1569,4443,2252,3454,1594,1648,1672,2653,1137,4254,0,0,1,0,2,2,1,4,4,2,4,5,4,4,6,9,2,14,32058,64,3,0,0,0,0,1,0
2021-01-23T23:59:59+01:00,1,0,260,345,846,1684,1191,3057,1569,4439,2251,3453,1593,1648,1671,2652,1136,4249,0,0,1,0,2,2,1,4,4,2,4,5,4,4,6,9,2,14,32041,64,3,0,0,0,0,1,0
2021-01-22T23:59:59+01:00,1,0,259,343,839,1681,1187,3052,1566,4432,2238,3448,1581,1636,1665,2633,1130,4227,0,0,1,0,2,2,1,4,4,2,4,5,4,4,6,9,2,14,31915,64,3,0,0,0,0,0,0
2021-01-21T23:59:59+01:00,1,0,248,332,812,1613,1162,2925,1510,4270,2158,3313,1482,1532,1528,2465,1046,4037,0,0,1,0,1,2,1,4,4,2,4,5,4,3,5,9,1,14,30431,60,3,0,0,0,0,0,0
2021-01-20T23:59:59+01:00,1,0,226,291,739,1457,1070,2608,1377,3811,1984,2958,1359,1384,1404,2267,968,3797,0,0,1,0,1,2,1,4,4,2,3,5,4,3,5,9,1,14,27699,59,2,0,0,0,0,0,0
2021-01-19T23:59:59+01:00,1,0,195,234,638,1209,925,2163,1154,3194,1695,2527,1174,1179,1169,1922,806,3225,0,0,1,0,1,1,1,2,4,1,2,5,4,3,5,9,1,14,23408,54,2,0,0,0,0,0,0
2021-01-18T23:59:59+01:00,1,0,138,186,505,949,713,1647,886,2326,1318,1915,911,947,934,1516,630,2573,0,0,0,0,0,0,0,0,0,0,1,2,2,1,0,0,0,0,18094,6,1,0,0,0,0,0,0
2021-01-17T23:59:59+01:00,1,0,124,161,446,777,628,1424,784,2073,1203,1724,845,868,850,1378,556,2353,0,0,0,0,0,0,0,0,0,0,0,1,0,0,0,0,0,0,16195,1,0,0,0,0,0,0,0
2021-01-16T23:59:59+01:00,1,0,123,160,442,776,626,1416,774,2069,1194,1718,843,863,845,1367,548,2337,0,0,0,0,0,0,0,0,0,0,0,0,0,0,0,0,0,0,16102,0,0,0,0,0,0,0,0
2021-01-15T23:59:59+01:00,1,0,112,153,429,755,599,1377,742,1991,1132,1636,799,809,798,1278,517,2212,0,0,0,0,0,0,0,0,0,0,0,0,0,0,0,0,0,0,15340,0,0,0,0,0,0,0,0
2021-01-14T23:59:59+01:00,1,0,78,114,308,489,398,891,512,1285,775,1074,584,560,580,943,400,1684,0,0,0,0,0,0,0,0,0,0,0,0,0,0,0,0,0,0,10676,0,0,0,0,0,0,0,0
2021-01-13T23:59:59+01:00,1,0,60,87,257,411,322,674,379,983,568,764,368,357,394,639,285,1175,0,0,0,0,0,0,0,0,0,0,0,0,0,0,0,0,0,0,7724,0,0,0,0,0,0,0,0
2021-01-12T23:59:59+01:00,0,0,49,71,209,351,258,547,279,809,413,599,248,228,245,427,192,787,0,0,0,0,0,0,0,0,0,0,0,0,0,0,0,0,0,0,5712,0,0,0,0,0,0,0,0
2021-01-11T23:59:59+01:00,0,0,33,52,181,301,211,444,220,649,303,422,151,131,140,259,106,451,0,0,0,0,0,0,0,0,0,0,0,0,0,0,0,0,0,0,4054,0,0,0,0,0,0,0,0
2021-01-10T23:59:59+01:00,0,0,25,43,159,252,182,366,179,538,254,361,130,110,125,214,94,362,0,0,0,0,0,0,0,0,0,0,0,0,0,0,0,0,0,0,3394,0,0,0,0,0,0,0,0
2021-01-09T23:59:59+01:00,0,0,25,43,158,250,181,363,177,532,253,360,129,109,125,214,94,362,0,0,0,0,0,0,0,0,0,0,0,0,0,0,0,0,0,0,3375,0,0,0,0,0,0,0,0
2021-01-08T23:59:59+01:00,0,0,23,40,155,240,173,353,164,501,223,334,105,93,119,198,87,335,0,0,0,0,0,0,0,0,0,0,0,0,0,0,0,0,0,0,3143,0,0,0,0,0,0,0,0
2021-01-07T23:59:59+01:00,0,0,2,0,6,10,8,15,10,7,18,11,10,11,14,21,3,35,0,0,0,0,0,0,0,0,0,0,0,0,0,0,0,0,0,0,181,0,0,0,0,0,0,0,0
2021-01-06T23:59:59+01:00,0,0,1,0,3,4,1,7,5,2,4,6,6,4,7,10,1,16,0,0,0,0,0,0,0,0,0,0,0,0,0,0,0,0,0,0,77,0,0,0,0,0,0,0,0
2021-01-05T23:59:59+01:00,0,0,1,0,3,3,1,6,5,2,4,5,6,4,6,10,1,15,0,0,0,0,0,0,0,0,0,0,0,0,0,0,0,0,0,0,72,0,0,0,0,0,0,0,0
2021-01-04T23:59:59+01:00,0,0,1,0,2,3,1,5,4,2,4,5,6,4,5,9,1,15,0,0,0,0,0,0,0,0,0,0,0,0,0,0,0,0,0,0,67,0,0,0,0,0,0,0,0
2021-01-03T23:59:59+01:00,0,0,1,0,2,2,1,5,4,2,4,5,5,4,5,9,1,15,0,0,0,0,0,0,0,0,0,0,0,0,0,0,0,0,0,0,65,0,0,0,0,0,0,0,0
2021-01-02T23:59:59+01:00,0,0,1,0,2,2,1,5,4,2,4,5,5,4,5,9,1,15,0,0,0,0,0,0,0,0,0,0,0,0,0,0,0,0,0,0,65,0,0,0,0,0,0,0,0
2021-01-01T23:59:59+01:00,0,0,1,0,2,2,1,4,4,2,4,5,5,4,5,9,1,15,0,0,0,0,0,0,0,0,0,0,0,0,0,0,0,0,0,0,64,0,0,0,0,0,0,0,0
2020-12-31T23:59:59+01:00,0,0,1,0,2,2,1,4,4,2,4,5,5,4,5,9,1,15,0,0,0,0,0,0,0,0,0,0,0,0,0,0,0,0,0,0,64,0,0,0,0,0,0,0,0
2020-12-30T23:59:59+01:00,0,0,1,0,2,2,1,4,4,2,3,5,5,4,5,9,1,15,0,0,0,0,0,0,0,0,0,0,0,0,0,0,0,0,0,0,63,0,0,0,0,0,0,0,0
2020-12-29T23:59:59+01:00,0,0,0,0,1,1,1,2,4,1,2,5,5,4,5,9,1,15,0,0,0,0,0,0,0,0,0,0,0,0,0,0,0,0,0,0,56,0,0,0,0,0,0,0,0
2020-12-28T23:59:59+01:00,0,0,0,0,1,1,1,1,2,0,1,5,4,1,1,0,0,2,0,0,0,0,0,0,0,0,0,0,0,0,0,0,0,0,0,0,20,0,0,0,0,0,0,0,0
2020-12-27T23:59:59+01:00,0,0,0,0,1,1,1,1,2,0,0,3,2,0,1,0,0,2,0,0,0,0,0,0,0,0,0,0,0,0,0,0,0,0,0,0,14,0,0,0,0,0,0,0,0
